4232 6220
380 367 444 432 668
543 463 545 469 1
1084 385 1186 438 etan
1200 387 1236 438 Χ.

346 536 472 592 cessum,
494 519 626 594 dicendo,
647 519 734 593 legem
748 518 852 591 gratiae
865 527 926 572 eoae
940 509 1141 585 perfectiorem,
1178 529 1227 584 per
1236 519 1340 588 septem
1351 525 1534 595 sacramente,
1543 519 1618 596 'quae
1629 530 1694 581 auat
1707 524 1790 581 veluti
1800 527 1907 596 septem
1918 537 1979 595 per·

345 614 411 686 quia
430 627 479 683 per
496 609 711 668 antonomasiam
730 607 866 680 significat
884 605 1008 676 spiritum
1027 602 1140 682 gratiae,
1177 617 1261 660 eones
1275 605 1361 663 iootes
1375 609 1479 681 gratiae
1493 611 1608 684 Christi,
1623 612 1656 669 da
1671 611 1771 685 quibus
1782 613 1864 670 lanias
1881 627 1909 668 c.
1935 615 1977 669 tt.

345 704 394 774 qui
405 701 553 772 perfectior
563 707 616 770 est,
628 714 711 772 param
723 699 765 754 lerr
777 705 809 755 ut
819 695 1002 769 praecipiens:
1017 689 1142 748 namhoc
1178 693 1309 764 predixit:
1325 701 1478 754 Haurietis
1492 715 1589 774 opums
1602 699 1780 773 defectibus
1798 699 1980 762 odoacris.-

345 790 426 848 modo
445 789 488 848 lex
502 790 605 864 gratiae
619 789 701 846 etiam
714 794 757 846 cst
770 785 917 860 perlectior
932 797 961 840 se
977 782 1045 855 ipsa,
1061 781 1084 836 si
1098 795 1144 837 su·
1178 782 1224 840 ubi
1238 790 1317 841 notat
1330 786 1524 864 Hieronymus,
1536 793 1655 862 positum
1665 807 1726 848 esse
1736 807 1836 848 nornen
1854 797 1933 855 Ιιειι,
1947 805 1980 846 soe

283 895 287 904 ·
344 886 436 938 matur
455 895 504 952 pro
521 879 619 951 spiritu
632 878 751 952 gratiae,
768 889 851 950 quem
866 873 987 940 confert,
1003 877 1032 927 et
1045 870 1079 926 ad
1093 885 1145 926 sua
1174 879 1338 948 poteretur
1352 875 1448 935 dium
1462 893 1523 936 esse
1532 883 1655 952 praeter
1668 897 1744 948 eum,
1759 897 1846 952 quem
1859 878 1982 939 Gabriel

343 977 488 1042 praecepta
505 968 723 1025 reldocumentn
741 971 934 1038 comparetur,
948 965 1143 1033 oportetergc,
1182 963 1297 1036 Vergini
1310 970 1549 1038 praenunciavit.
1566 970 1625 1040 lpse
1646 977 1739 1028 autem
1758 985 1807 1041 per
1820 969 1912 1026 sontes
1926 969 1982 1024 Sal·

227 1123 229 1126 ¹
345 1066 375 1116 ot
387 1058 459 1130 dixi,
478 1057 549 1115 duas
569 1057 628 1115 ilias
642 1062 733 1128 partes
753 1069 817 1112 cum
837 1050 1014 1124 proportione
1032 1063 1144 1120 compa·
1178 1053 1280 1110 rotonis
1301 1054 1454 1113 doctrinam
1474 1059 1657 1130 evangelicam
1676 1059 1811 1132 intelligit,
1827 1060 1854 1114 io
1868 1075 1927 1131 qua
1941 1059 1982 1116 lex

343 1162 414 1204 rnre.
1177 1142 1282 1215 gratiae
1299 1145 1475 1220 continetur3
1497 1150 1575 1205 etita
1590 1149 1615 1204 in
1629 1148 1699 1205 idem
1714 1149 1823 1218 recidit,
1840 1150 1910 1221 quia
1927 1164 1983 1204 ma·

386 1235 696 1311 2.1iicoergoprimo:
717 1235 771 1292 Lex
792 1231 894 1306 gratiae
912 1225 1004 1301 quoad
1017 1227 1144 1299 spiritum
1178 1245 1233 1303 gna
1252 1247 1314 1304 pars
1334 1232 1401 1306 legis
1420 1236 1591 1308 evangelicae
1611 1245 1655 1294 est
1674 1237 1708 1294 de
1728 1238 1924 1295 sacramentis.
1949 1239 1983 1294 lit

345 1325 448 1399 gratiae
469 1326 548 1397 longe
568 1324 696 1382 excelluit
715 1329 817 1381 statum
838 1319 905 1392 legis
926 1317 1044 1387 veteris,
1063 1317 1145 1373 etiam
1179 1319 1288 1391 quidem
1302 1320 1347 1379 illa
1361 1324 1428 1381 satis
1438 1324 1582 1382 commode
1594 1325 1727 1384 dicuntur
1737 1328 1827 1385 tontes
1837 1329 1943 1400 gratiae
1954 1333 1982 1384 et

344 1422 478 1488 quantum
499 1414 533 1471 ad
552 1414 685 1487 gratiam,
706 1427 777 1486 quae
798 1409 832 1467 ad
852 1407 923 1466 illam
938 1405 1102 1476 implendam
1116 1406 1145 1460 in
1179 1409 1341 1482 salvatoris,
1356 1411 1481 1484 quamvis
1494 1419 1552 1471 tota
1564 1415 1646 1472 otiam
1660 1415 1702 1473 les
1714 1423 1743 1473 et
1755 1416 1882 1473 doctrina
1901 1432 1982 1472 evan-

279 1555 287 1572 ,
344 1506 390 1562 illo
404 1504 607 1562 conserebatur.
625 1501 775 1560 Probatur:
788 1515 850 1556 nam
861 1501 888 1554 in
899 1495 987 1554 uibus
997 1494 1145 1566 praecipue
1179 1496 1268 1569 gelicn
1285 1499 1439 1576 possitldici
1452 1501 1512 1558 lons
1525 1505 1639 1576 gratiae,
1655 1513 1767 1576 propter
1787 1505 1982 1562 abundantiam

343 1595 386 1651 vel
401 1602 523 1667 quatuor
544 1592 652 1650 excedit
666 1587 788 1664 quodad
802 1588 872 1644 banc
887 1591 991 1658 partem
1007 1581 1049 1638 lex
1063 1598 1142 1639 nova.
1178 1587 1538 1664 gratiaaioeapromissam,
1548 1593 1854 1651 tortavarbumcbristi
1867 1596 1980 1651 toaml:

346 1683 454 1754 Primo,
471 1683 535 1758 quia
549 1698 581 1739 ex
596 1683 622 1737 vi
637 1681 679 1738 sui
694 1685 793 1748 status,
808 1684 836 1735 et
851 1677 893 1734 sui
907 1673 1023 1747 proximi
1038 1669 1145 1746 legisia·
1184 1678 1242 1751 Qut
1256 1676 1359 1734 biberit
1378 1676 1414 1735 de
1432 1695 1529 1753 opica,
1545 1697 1639 1754 pssum
1657 1698 1709 1756 epo
1727 1682 1806 1740 dubo
1824 1686 1865 1750 ei,
1927 1682 1983 1755 fiet

346 1775 415 1829 toris
432 1772 512 1830 babet
525 1771 599 1828 bunc
613 1771 715 1844 gratiae
729 1768 871 1841 spiritum,
886 1764 950 1838 quia
963 1762 1025 1820 data
1040 1770 1082 1819 est
1096 1777 1144 1834 per
1180 1767 1212 1820 trs
1225 1763 1338 1836 eoscos
1349 1784 1451 1841 oquae
1465 1759 1602 1828 solicolis
1615 1775 1649 1830 to
1661 1776 1756 1834 otium
1770 1778 1946 1834 minoem:
1959 1780 1984 1829 et

345 1863 503 1932 Christum,
523 1862 570 1935 qui
591 1859 673 1916 simul
693 1859 745 1916 luit
765 1855 920 1927 redemptor
939 1859 968 1908 et
993 1851 1142 1925 legistator,
1180 1855 1268 1926 capite
1287 1859 1317 1915 i:
1345 1861 1406 1933 Qut
1424 1858 1518 1916 credit
1535 1863 1567 1916 to
1580 1877 1641 1926 me,
1659 1864 1735 1919 sicut
1752 1861 1826 1918 dicit
1847 1863 1984 1934 Scripta-

345 1967 430 2025 quam
450 1951 667 2024 praerogativam
686 1964 739 2004 ιιοιι
763 1945 856 2003 babuit
876 1944 917 2000 lex
932 1942 995 1999 data
1009 1956 1057 2013 per
1071 1942 1145 2016 ttop-
1178 1957 1229 2008 rc,
1244 1943 1380 2016 flumina
1398 1945 1550 2005 desereire
1568 1953 1632 2006 etos
1649 1948 1751 2024 fluent
1770 1966 1870 2024 opace
1885 1955 1981 2008 cicae.

346 2057 414 2098 sem.
431 2043 528 2111 Dices,
546 2041 666 2114 moysem
684 2053 738 2094 oon
757 2037 841 2093 iuisae
859 2039 1003 2090 auctorem
1022 2030 1093 2087 illius
1108 2029 1145 2086 le·
1179 2037 1242 2088 Hoc
1255 2038 1356 2116 cutem
1370 2033 1450 2092 dimit
1463 2039 1470 2110 l
1481 2039 1592 2109 exponit
1605 2039 1700 2110 lona.)
1716 2037 1882 2114 despit-itas,
1896 2057 1984 2114 quem

345 2132 403 2206 gis,
425 2129 473 2186 sed
494 2131 595 2200 ileum,
616 2129 663 2200 qui
682 2133 725 2182 est
744 2123 901 2197 principalis
915 2128 1016 2178 auctor
1029 2121 1142 2192 gratiosa
1179 2127 1333 2196 acceptori
1351 2128 1438 2180 escol
1458 2125 1607 2184 credentes
1627 2130 1660 2184 tra
1673 2143 1752 2184 eum.
1768 2131 1796 2184 ln
1812 2129 1873 2202 lege
1888 2141 1982 2188 autem

345 2234 412 2293 ergo
426 2221 509 2276 etiam
523 2217 567 2274 illa
582 2216 623 2274 les
637 2215 690 2274 dici
703 2211 938 2287 potest,babuisse
949 2210 1064 2282 gratiam
1076 2223 1109 2265 ex
1119 2208 1145 2263 vi
1180 2212 1264 2268 veteri
1278 2212 1352 2269 nulla
1366 2215 1452 2285 gratia
1466 2214 1583 2273 dabatur
1596 2231 1629 2273 ex
1644 2231 1727 2289 opere
1742 2225 1873 2290 operato,
1891 2228 1923 2276 ut
1938 2237 1981 2276 so·

346 2309 388 2364 sui
403 2308 537 2378 auctoris,
549 2314 576 2364 et
587 2305 689 2363 ratione
699 2303 759 2361 talis
771 2310 869 2359 status.
883 2297 1085 2372 respondetur,
1098 2313 1145 2354 oe·
1179 2315 1229 2370 pra
1250 2300 1356 2358 dictum
1370 2309 1428 2375 est,
1442 2309 1470 2360 et
1482 2305 1506 2360 si
1518 2305 1609 2376 aliqua
1621 2304 1737 2363 dabatur
1750 2308 1784 2365 ad
1804 2307 1982 2365 imitationem

346 2397 436 2472 gando
456 2395 690 2468 consequentiam,
705 2395 770 2466 quin
784 2393 902 2449 bumana
917 2397 1015 2446 natura
1029 2402 1078 2459 per
1091 2386 1145 2443 ori·
1179 2389 1256 2459 eius,
1276 2389 1336 2446 eiat
1349 2391 1375 2446 in
1389 2407 1445 2449 uno
1459 2399 1565 2450 tantum
1578 2402 1767 2466 sacramento,
1783 2404 1813 2454 et
1825 2397 1920 2453 solum
1936 2415 1982 2469 pro

345 2486 435 2560 ginale
447 2492 595 2558 peccatum
605 2484 678 2542 iacta
688 2491 732 2540 cst
742 2481 848 2555 indigna
859 2479 1074 2552 omnigratia,et
1084 2477 1145 2534 ideo
1179 2479 1311 2551 parvulis,
1325 2486 1353 2537 et
1367 2483 1446 2554 quasi
1459 2480 1493 2538 ad
1507 2483 1723 2540 subveniendum
1735 2488 1844 2557 urgenti
1861 2489 1983 2543 necessi·

345 2576 479 2648 quamdiu
498 2573 698 2645 redemptorem
716 2577 887 2644 praesentem
902 2585 956 2627 ncn
971 2567 1075 2639 babuit,
1090 2582 1145 2623 non
1180 2568 1242 2641 tnti3
1266 2566 1380 2642 ideoque
1400 2586 1454 2627 non
1474 2585 1508 2627 ex
1528 2571 1637 2643 speciali
1652 2573 1792 2646 privilegio
1813 2573 1891 2630 illius
1904 2576 1981 2647 legis,

346 2665 463 2722 babebat
482 2662 634 2722 sectandum
653 2662 730 2718 illum
746 2666 864 2732 statum,
880 2659 952 2716 uode
965 2657 1081 2732 gratiam
1097 2655 1145 2712 ob·
1180 2656 1226 2712 red
1240 2672 1274 2714 ex
1287 2658 1407 2729 generali
1421 2659 1587 2730 providentia
1598 2661 1642 2718 liei
1652 2676 1717 2734 erga
1727 2677 1814 2735 genua
1828 2661 1981 2720 bumanum

347 2755 445 2811 tineret
462 2753 496 2810 ad
510 2765 715 2825 quamcumque
729 2750 818 2822 legem
834 2747 1007 2820 implendam.
1023 2746 1087 2814 Quia
1104 2744 1145 2800 iu·
1180 2760 1195 2801 a
1216 2747 1350 2820 principio
1369 2750 1412 2805 sui
1433 2748 1537 2821 lapsus.
1552 2752 1592 2807 Ac
1605 2749 1722 2823 denique
1736 2751 1818 2809 etiarn
1833 2751 1881 2808 illa
1894 2755 1983 2825 gratia

346 2851 387 2900 stc
402 2846 475 2901 Deus
490 2843 662 2910 decreverat,
678 2837 781 2896 nullam
794 2838 909 2910 gratiam
921 2829 1076 2892 bominibus
1087 2834 1144 2905 lap·
1180 2836 1269 2892 minus
1282 2837 1402 2908 perlecta
1416 2846 1486 2910 erat,
1501 2853 1585 2912 quam
1599 2855 1642 2912 en,
1658 2857 1729 2914 quae
1741 2856 1791 2912 pro
1803 2841 1882 2898 simili
1896 2857 1983 2899 reme·

347 2934 384 2988 sis
404 2931 484 3003 darc,
507 2931 556 2986 nisi
580 2935 692 3001 propter
706 2927 832 2984 meritum
846 2925 921 2990 eiua,
937 2926 985 2998 qui
999 2931 1084 2981 totam
1099 2939 1145 2980 na·
1179 2924 1223 2982 dio
1235 2927 1262 2981 in
1278 2925 1337 2998 lege
1351 2941 1420 2984 nora
1434 2927 1589 2986 confertur.

346 3029 438 3077 turam
452 3018 613 3090 redimeret3
630 3025 658 3075 et
670 3016 728 3073 ideo
743 3015 937 3086 omniagratia,
950 3014 1146 3085 quaedataest
1219 3018 1247 3072 t.
1267 3015 1397 3083 Quartam
1418 3016 1609 3075 excellentiam
1630 3016 1735 3076 addidit
1759 3019 1825 3075 Seto
1848 3034 1938 3090 supra
1956 3023 1981 3076 io

346 3118 408 3169 ante
430 3109 577 3167 adventum
599 3105 804 3179 Redemptoris,
827 3120 879 3160 noo
900 3109 961 3160 erat
980 3117 1012 3159 ex
1035 3104 1060 3158 vi
1073 3101 1144 3158 illiue
1181 3110 1270 3173 sexta,
1286 3110 1315 3160 et
1327 3105 1445 3186 septima
1458 3105 1620 3164 excellentia
1633 3106 1701 3180 legis
1715 3107 1828 3179 gratiae,
1842 3123 1916 3179 quas
1928 3109 1982 3179 ipsc

345 3207 452 3272 status,
467 3199 514 3257 sed
528 3215 560 3256 ex
574 3199 691 3271 benigna
705 3194 874 3269 providentia
888 3192 934 3249 liei
949 3208 996 3263 per
1011 3193 1144 3263 anticipa·
1179 3193 1270 3265 ponit,
1293 3194 1438 3263 nimirum,
1459 3193 1535 3266 quod
1555 3196 1581 3251 io
1596 3194 1646 3250 boc
1662 3195 1721 3267 iege
1735 3195 1820 3266 gratia
1835 3198 1983 3252 constituit

345 3298 401 3347 tam
422 3289 589 3348 solutionem
610 3287 699 3344 meriti
721 3284 820 3341 Christi
836 3281 961 3355 praevisi.
979 3281 1013 3338 Et
1026 3280 1060 3337 ob
1074 3279 1145 3336 banc
1179 3281 1305 3339 absolute
1325 3291 1354 3340 et
1367 3282 1528 3354 simpliciter
1548 3285 1596 3341 Dei
1617 3271 1687 3339 tiii'os
1701 3284 1862 3356 adoptivos,
1876 3293 1908 3340 et
1922 3285 1982 3340 ideo

345 3395 458 3437 causam
473 3395 526 3435 noo
541 3378 607 3435 satie
621 3381 673 3446 est,
689 3373 763 3447 quod
777 3376 849 3430 Deus
862 3376 936 3427 esset
949 3375 1050 3426 auctor
1064 3367 1142 3440 legis,
1179 3369 1340 3428 absolutum
1359 3379 1387 3428 et
1400 3372 1646 3444 completissimum
1662 3388 1758 3430 nomen
1772 3373 1879 3444 gratiae
1896 3389 1983 3430 mere·

344 3475 373 3524 et
386 3470 505 3542 gratiae,
521 3467 583 3540 quin
597 3465 629 3523 ad
644 3464 731 3537 legem
745 3461 863 3519 dandam
878 3474 929 3516 ooo
945 3465 1005 3514 erat
1018 3473 1143 3514 necessa·
1180 3465 1236 3532 tur;
1252 3459 1342 3532 quod,
1358 3462 1462 3532 inquit,
1478 3462 1582 3532 gratiae
1596 3459 1665 3534 logis
1679 3461 1805 3533 antiquae
1818 3463 1847 3518 io
1866 3463 1922 3518 bac
1937 3480 1982 3518 su-

344 3558 417 3614 rium
429 3557 557 3613 meritum
568 3552 768 3624 Redemptoris,
781 3551 854 3607 sicut
865 3563 972 3620 semper
983 3547 1031 3603 luit
1043 3547 1075 3604 ad
1087 3547 1144 3603 col·
1179 3547 1310 3605 blimitate
1331 3565 1385 3605 uon
1405 3549 1590 3621 competebat,
1607 3551 1672 3623 quie
1686 3565 1739 3606 noo
1755 3551 1834 3621 plene
1849 3560 1877 3609 et
1894 3553 1982 3624 perie-

345 3643 469 3701 latiooem
484 3647 597 3716 gratiae.
615 3645 670 3700 Lex
684 3648 776 3699 autem
790 3639 893 3712 gratiae
909 3638 963 3694 lata
977 3644 1020 3693 est
1030 3637 1063 3694 ab
1073 3637 1145 3708 ipso·
1179 3642 1225 3693 cte
1239 3637 1418 3694 merebantur
1433 3639 1496 3696 iusti
1510 3637 1585 3694 iilius
1600 3641 1731 3710 temporis
1746 3655 1846 3696 nornen
1861 3641 1982 3700 uirorum

344 3741 401 3790 met
415 3734 609 3805 Redemptore,
622 3733 669 3805 qui
680 3733 731 3787 iam
743 3731 861 3802 pretium
872 3726 960 3784 omnis
970 3729 1072 3798 gratiae
1083 3741 1143 3798 per·
1178 3727 1235 3782 uei.
1246 3727 1332 3792 Quam
1345 3729 1563 3802 praerogativam
1575 3727 1737 3803 legionorae
1748 3728 1888 3800 probatori
1898 3734 1982 3788 Paulo

344 3823 442 3894 solvit,
456 3830 484 3880 et
496 3823 555 3880 ideo
567 3823 633 3880 baec
646 3821 688 3879 lex
703 3819 812 3894 speciali
826 3816 906 3875 modo
919 3815 1001 3873 babet
1014 3815 1063 3872 sibi
1077 3831 1143 3871 coo·
1179 3814 1211 3872 ad
1223 3817 1339 3874 Roman.
1354 3821 1381 3873 8.
1393 3815 1511 3874 dicente:
1522 3822 1589 3875 Non
1600 3820 1757 3892 acceptatis
1766 3821 1914 3892 spiritum
1923 3837 1982 3878 ser-

342 3915 469 3970 iuocium
490 3913 615 3984 spiritum
631 3911 753 3984 gratiae,
769 3925 826 3982 quo
850 3906 971 3963 cultores
994 3905 1053 3960 cius
1067 3905 1145 3961 iusti·
1179 3907 1280 3962 uitatis
1291 3909 1326 3962 iro
1336 3909 1451 3973 timore,
1465 3902 1517 3963 sed
1527 3910 1684 3982 accepistis
1695 3911 1835 3981 spiritum
1845 3907 1983 3984 adoptio-

342 4001 472 4072 tieaotur,
487 4007 515 4058 et
528 4003 599 4057 vires
613 4000 754 4072 accipiunt
767 3997 801 4054 ad
818 3999 905 4068 ipsam
920 3993 1094 4066 implendam.
1109 3994 1145 4050 Et
1178 3998 1226 4052 reis
1238 3997 1311 4064 Dei;
1326 4001 1355 4051 et
1368 3995 1402 4052 ad
1416 3997 1504 4053 Galat.
1518 4002 1551 4055 t:
1567 3998 1644 4055 Cum
1655 4011 1785 4054 essemus
1790 3999 1921 4072 purvuli
1929 4000 1983 4056 sub

343 4089 413 4146 hanc
425 4088 603 4146 differentiam
614 4090 731 4145 maximo
742 4084 855 4143 intendit
865 4084 968 4142 Paulus
981 4083 1006 4138 in
1017 4084 1074 4139 suia
1085 4083 1141 4154 epi·
1178 4081 1330 4140 elementis
1342 4083 1450 4141 mundi
1463 4086 1552 4142 botua
1565 4101 1687 4143 eramus
1701 4089 1869 4152 emmanue,
1889 4094 1925 4145 at
1934 4089 1982 4146 ubi

343 4177 419 4235 stolis
436 4179 469 4234 ad
484 4181 633 4247 Romanos,
649 4177 682 4232 ad
695 4176 813 4246 Galatas,
829 4171 904 4230 etad
919 4171 1065 4228 Hebraeos.
1178 4171 1417 4246 oenitplcottodo
1428 4177 1577 4247 temporis,
1588 4177 1670 4232 oriali
1680 4177 1760 4231 Deus
1768 4173 1983 4234 Filiumsuum

383 4272 412 4325 3.
428 4270 463 4325 Ει
477 4268 540 4323 binc
560 4267 684 4338 sequitur
699 4263 818 4320 secunda
840 4261 997 4319 excellentia
1012 4259 1093 4316 buius
1107 4259 1144 4316 le·
1169 4259 1293 4332 socium
1307 4262 1361 4320 sub
1375 4261 1509 4328 muliere,
1518 4261 1642 4336 sactum
1651 4263 1705 4321 sub
1716 4261 1787 4336 lege,
1801 4269 1836 4320 ut
1844 4265 1982 4341 adoptio·

341 4361 392 4431 gis,
409 4360 472 4431 quin
487 4355 598 4428 spiritus
616 4356 720 4428 gratiae
734 4351 917 4409 abundantius
927 4359 955 4407 et
965 4349 1105 4420 copiosius
1116 4349 1144 4404 in
1178 4367 1245 4408 rtem
1256 4351 1396 4423 filiorum
1412 4355 1619 4426 reciperemus.
1636 4353 1665 4409 in
1680 4353 1781 4426 quibus
1795 4352 1864 4410 iocis
1880 4357 1981 4428 signifi·

343 4449 386 4504 ilia
401 4447 558 4516 conicetur,
574 4459 658 4518 quam
671 4442 784 4499 daretur
798 4447 860 4497 ante
873 4439 972 4495 Cbristi
985 4437 1144 4509 adventum,
1179 4449 1225 4498 cat
1236 4441 1351 4512 Paulus,
1364 4441 1538 4513 adoptionem
1549 4442 1665 4499 tiliorum
1677 4457 1736 4498 esse
1748 4444 1889 4514 propriam
1901 4461 1982 4516 prae-

344 4545 469 4607 utsupra
483 4534 629 4606 probatum
643 4538 671 4588 et
685 4531 855 4588 declaratum
871 4534 923 4599 est3
938 4526 1143 4600 intelligendum
1179 4531 1331 4604 rogativam
1352 4529 1418 4602 legis
1438 4545 1539 4601 norae3
1562 4531 1607 4586 cui
1621 4537 1757 4589 consonat
1769 4531 1837 4588 iliud
1850 4534 1929 4589 loau.
1951 4540 1978 4592 t:

340 4634 384 4684 est
397 4627 468 4683 enim
482 4641 514 4681 ex
529 4626 555 4680 ri
571 4628 670 4691 status,
683 4627 711 4678 et
724 4621 802 4694 quasi
813 4618 964 4676 ordinariae
976 4617 1053 4690 legis,
1065 4621 1092 4672 et
1103 4617 1142 4672 sic
1179 4618 1268 4677 Dedit
1281 4623 1324 4676 eia
1339 4617 1603 4694 polesloteoafilios
1617 4623 1674 4676 Dei
1683 4620 1768 4692 sieri,
1786 4623 1832 4688 iis,
1850 4626 1907 4694 qui
1920 4639 1983 4680 ers·
2085 4653 2086 4674 ι

340 4723 383 4773 est
400 4713 549 4771 dilierentia
567 4711 641 4768 clara
656 4711 681 4766 in
696 4710 863 4782 scripturis,
879 4713 956 4763 utcx
970 4721 1142 4779 consequen·
1177 4707 1252 4766 durat
1268 4713 1301 4766 iro
1320 4709 1439 4766 comice
1453 4713 1532 4776 eiua,
1549 4714 1629 4766 etam
1642 4713 1704 4766 Deo
1718 4713 1784 4766 anti
1798 4717 1887 4774 suot.-
1903 4713 1980 4785 quod
2085 4707 2086 4738 ³

340 4804 412 4862 tibus
429 4802 576 4860 constabit.
592 4802 650 4858 lloc
667 4814 731 4856 vero
746 4813 799 4853 non
816 4794 1084 4869 impediiquomious
1095 4794 1143 4851 ali·
1177 4807 1220 4854 est
1233 4800 1374 4870 proprium
1388 4797 1453 4871 legin
1468 4814 1570 4870 novae,
1585 4801 1612 4855 in
1628 4815 1683 4872 qua
1695 4805 1724 4856 et
1736 4799 1803 4856 tides
1818 4799 1921 4858 Christi
1936 4818 1980 4858 ex·

340 4893 441 4966 quibus
456 4890 610 4946 bominibus
621 4887 797 4960 singulariter
807 4886 902 4942 electis
914 4886 986 4940 Deus
997 4891 1064 4941 tunc
1075 4899 1142 4940 con·
1178 4888 1285 4959 plicita,
1301 4893 1329 4944 et
1342 4887 1466 4944 nativitas
1481 4887 1631 4959 spiritualis
1645 4903 1694 4960 per
1709 4889 1876 4961 baptismum
1893 4891 1980 4947 omoi-

341 4982 436 5040 tulerit
449 4977 641 5036 abundantiam
655 4977 778 5047 spiritus,
796 4980 827 5032 ut
840 4989 887 5046 per
902 4988 931 5028 se
945 4979 1067 5029 constat.
1077 4974 1141 5029 Ter·
1176 4976 1228 5034 bus
1244 4977 1402 5049 iniungitur.
1418 4976 1496 5034 Unde
1515 4979 1604 5034 sancti
1623 4985 1732 5048 potres,
1747 4977 1896 5053 chrysost.
1915 4984 1980 5036 Αιιι-

342 5074 376 5128 tin
391 5069 548 5127 excelientia
563 5073 615 5139 est,
630 5067 693 5137 quia
707 5067 732 5120 io
747 5064 800 5120 boc
816 5069 891 5120 statu
902 5061 1044 5118 confertur
1054 5065 1141 5134 gratia
1176 5067 1251 5123 bros.
1267 5065 1463 5140 theophylact.
1480 5074 1508 5122 et
1520 5069 1638 5139 bargust.
1651 5067 1692 5122 bis
1704 5067 1781 5136 loeis,
1795 5073 1823 5124 et
1834 5067 1891 5138 alii,
1908 5085 1979 5140 quos
2084 5139 2085 5160 ᾖ

341 5177 394 5217 nou
415 5164 521 5216 tautum
540 5171 572 5214 ea
587 5169 669 5228 opere
683 5153 836 5226 operantis,
853 5150 901 5207 sed
915 5152 996 5208 etiam
1010 5166 1044 5206 ex
1058 5167 1140 5224 opere
1175 5155 1260 5212 reiert
1277 5153 1409 5212 Barrndas
1425 5161 1491 5212 tom.
1511 5159 1536 5227 l,
1552 5154 1597 5213 lib.
1617 5157 1642 5229 t,
1658 5171 1719 5228 cap.
1739 5160 1766 5229 7,
1781 5164 1810 5214 et
1823 5159 1910 5215 Leon.
1929 5161 1979 5216 Ga-

341 5255 471 5323 operato·,
496 5245 577 5322 idque
590 5261 644 5302 non
658 5259 714 5302 uno
729 5248 835 5302 matrim
851 5239 943 5316 modo,
959 5240 1007 5298 sed
1021 5247 1137 5317 septem,
1175 5251 1234 5301 stro
1255 5244 1281 5301 in
1300 5243 1345 5301 illa
1360 5243 1443 5302 verba
1458 5245 1569 5304 lsai-l:
1588 5243 1681 5306 Filios
1694 5250 1834 5314 coornat,
1851 5251 1879 5305 et
1891 5247 1979 5306 mni·
