4284 6246
389 365 453 430 246
514 453 520 462 ι
1086 351 1250 431 omnam.

240 497 246 508 '
350 507 515 578 difficultas,
532 523 602 580 quae
617 506 663 564 illa
682 513 710 564 et
724 522 773 579 per
790 505 1005 563 taciturnitatem
1019 505 1150 575 evitatur,
1187 521 1242 578 qua
1265 505 1294 562 ia
1318 503 1388 562 libre
1414 506 1538 578 sequenti
1561 505 1662 563 dicturi
1686 521 1793 562 sumus.
1816 503 1906 562 Altera
1926 519 1994 562 vero

351 613 405 653 non
420 603 517 654 causet
530 596 756 667 involuntarium,
779 594 830 652 nisi
843 595 918 652 valde
930 594 1152 652 accidentarium
1189 596 1305 652 abiectio
1317 611 1367 652 seu
1381 609 1435 652 nen
1446 595 1573 652 admissio
1585 595 1651 668 legia
1662 611 1710 667 per
1727 594 1910 674 resistentiam
1921 595 1996 667 prio·

351 693 379 744 et
389 684 648 757 diminutum,quod
661 701 712 741 nen
724 684 837 757 impedit
847 683 965 740 valorem
978 683 1153 740 actus.ldem
1187 684 1254 756 cipis
1269 701 1322 741 non
1337 692 1381 741 ast
1395 684 1504 757 propria
1517 685 1632 743 mutatio
1646 685 1731 760 legis,
1746 687 1813 758 quia
1834 701 1887 741 nen
1904 693 1996 742 muta·

350 789 416 848 erge
430 780 473 830 est
483 776 510 831 in
526 773 771 846 irregularitslibus
782 781 810 831 et
822 774 882 830 aliis
897 774 1031 832 similibus
1044 773 1150 846 poenis.
1186 781 1231 830 tun
1246 777 1372 846 proprie,
1388 775 1439 831 nisi
1459 773 1532 847 qued
1552 775 1728 846 praeexistit,
1751 775 1807 831 imo
1822 789 1873 831 aee
1892 775 1994 831 irritari

392 865 418 921 l.
433 863 540 936 Regula
552 879 618 936 ergo
633 864 802 921 observanda
815 870 868 935 est,
883 869 923 936 ut,
934 879 983 937 par
994 879 1022 919 se
1036 863 1153 938 loquen-
1188 864 1295 936 proprie
1315 863 1433 935 dicitur,
1459 863 1512 920 nisi
1532 863 1606 935 qued
1625 867 1678 921 iam
1692 869 1752 921 erat
1766 869 1858 922 ratum
1882 871 1912 921 et
1931 864 1996 920 vali·

351 954 402 1026 do,
419 953 509 1010 valeat
530 954 697 1024 dispensatio
717 954 798 1010 unius
820 955 876 1010 sine
890 954 1066 1024 expressione
1086 953 1153 1010 alle·
1186 953 1272 1025 dum,
1289 955 1361 1010 sieut
1375 953 1439 1010 alias
1454 953 1488 1010 de
1502 959 1566 1011 reto
1585 953 1717 1025 diximus3
1746 960 1775 1011 et
1791 956 1828 1011 ita
1841 971 1895 1011 non
1915 969 1995 1010 acce·

351 1043 421 1114 rius,
435 1043 487 1100 nisi
502 1043 621 1115 gravitas
639 1043 719 1099 unius
730 1059 782 1099 neo
799 1043 884 1114 possit
894 1044 960 1098 satie
975 1045 1032 1098 sine
1044 1042 1094 1098 alla
1105 1056 1152 1098 ex·
1167 1044 1273 1115 ¹ptatie
1288 1043 1352 1115 legis
1367 1044 1393 1098 in
1409 1042 1455 1099 ille
1469 1058 1537 1099 casu
1552 1059 1605 1100 aon
1620 1041 1744 1116 est'legis
1759 1045 1893 1100 mutatio:
1918 1041 1995 1116 qued

352 1132 459 1206 plicari.
478 1131 519 1189 nd
537 1149 601 1190 eum
620 1131 751 1200 medum,
767 1148 824 1206 quo
839 1133 953 1188 Naxarr.
966 1146 1044 1187 cons.
1061 1133 1103 1188 l8.
1120 1129 1153 1186 de
1190 1135 1211 1188 si
1226 1133 1335 1189 dicatur
1350 1131 1464 1188 irritatio
1474 1133 1554 1204 quasi
1568 1131 1743 1202 antecedens,
1755 1149 1809 1191 aen
1820 1139 1863 1190 est
1877 1132 1912 1189 de
1926 1145 1996 1189 rece

352 1222 477 1294 rescript.
491 1221 568 1293 dixit,
581 1221 807 1293 dispensationem
824 1220 1029 1298 irregularitatis
1043 1226 1155 1276 contra·
1189 1221 1426 1293 contendendum,
1444 1236 1494 1277 nec
1508 1221 1580 1278 enim
1594 1229 1637 1279 est
1650 1223 1776 1280 inusitata
1791 1222 1835 1279 illa
1859 1223 1997 1297 signitica-

352 1317 413 1367 ctae
425 1309 576 1367 occidendo
588 1311 731 1382 clericum,
744 1327 798 1368 aon
812 1325 873 1366 esse
885 1309 1001 1366 validam
1016 1306 1154 1379 explicere
1189 1311 1226 1367 tie
1240 1310 1327 1380 vocis,
1343 1315 1374 1366 ut
1387 1315 1497 1368 constat
1512 1325 1545 1366 ex
1559 1310 1640 1367 dictis
1653 1310 1686 1369 de
1703 1312 1761 1385 lege
1776 1311 1908 1368 irritante.
1929 1312 1996 1369 Nul-

352 1399 518 1470 homicidie,
536 1401 588 1457 nisi
605 1401 761 1472 explicetur
774 1399 960 1471 sacrilegium.
977 1399 1012 1454 Et
1031 1396 1155 1453 similiter
1190 1398 1244 1456 lam
1260 1413 1325 1456 vere
1347 1399 1494 1472 specialem
1514 1399 1722 1470 eiplicationem
1743 1401 1769 1456 in
1798 1401 1933 1472 praesenti
1951 1415 1996 1457 re·

352 1490 518 1570 censeo,qui
530 1489 609 1561 plura
624 1489 768 1546 homicidia
779 1487 1034 1557 commisit,si,uoe
1046 1491 1152 1542 uotum
1188 1488 1286 1561 quirit,
1303 1489 1366 1562 quia
1381 1489 1470 1545 selum
1485 1494 1528 1544 est
1541 1488 1678 1561 quaedam
1692 1489 1798 1562 negatio
1819 1490 1998 1547 institutionis

353 1587 477 1651 narrato,
490 1580 556 1636 velit
580 1579 810 1651 dispensationem
835 1579 916 1634 unius
944 1575 1154 1648 irregularitatis
1190 1579 1266 1650 legis,
1280 1594 1350 1651 quae
1364 1579 1415 1636 enit
1429 1578 1528 1648 valida,
1541 1579 1566 1634 si
1576 1594 1610 1635 ex
1622 1579 1774 1636 sufficiente
1787 1585 1922 1651 potestate
1937 1580 1995 1650 ilat,

353 1670 486 1741 obtinere,
499 1669 564 1725 nihil
580 1669 669 1738 laoiet3
681 1669 743 1742 quia
757 1669 822 1725 licet
837 1667 896 1724 illae
911 1670 1075 1723 censeantur
1088 1667 1156 1720 inre·
1189 1675 1218 1725 et
1237 1669 1320 1741 iusta,
1338 1670 1360 1725 si
1381 1685 1493 1726 causam
1513 1668 1612 1725 babeat
1631 1669 1772 1726 honestam
1792 1676 1819 1726 et
1833 1669 1868 1725 ad
1891 1668 1997 1725 benum

352 1759 510 1832 gularitates
530 1774 644 1814 numere
669 1758 812 1828 diversae,
836 1757 973 1813 moraliter
993 1755 1072 1828 quasi
1097 1754 1155 1810 elli-
1191 1773 1338 1815 commune
1353 1758 1648 1830 pertinentemsolum
1663 1775 1729 1831 erge
1744 1773 1818 1816 nunc
1839 1761 1947 1832 agimus
1960 1757 1998 1815 de

353 1850 433 1906 ciunt
447 1863 528 1904 unam
543 1848 709 1920 graviorem,
724 1848 768 1904 vel
783 1854 857 1905 certe
871 1847 947 1903 nulla
962 1846 1072 1902 illarum
1087 1843 1153 1901 satis
1189 1847 1298 1918 propria
1318 1847 1384 1919 legis
1403 1847 1589 1920 abrogatione.
1605 1846 1779 1904 advertimus
1802 1854 1913 1918 autem,
1928 1846 1999 1905 lieet

354 1937 507 2008 explicatur
521 1936 576 1992 sine
590 1937 653 2008 alia,
670 1953 702 1993 ae
717 1937 833 2010 denique
849 1943 915 1993 tune
931 1935 986 1992 lere
1001 1934 1156 2009 procedunt
1191 1936 1333 2008 abrogatio
1349 1937 1458 2008 proprie
1473 1936 1580 1993 dicatur
1594 1935 1627 1993 de
1642 1937 1747 2009 integra
1767 1937 1834 2009 legis
1848 1935 1997 2008 ablatione,

355 2029 477 2084 rationes
491 2024 524 2083 de
540 2027 710 2083 matrimonio
725 2027 823 2084 laetae.
840 2028 924 2084 Extra
938 2025 987 2082 hos
1002 2039 1066 2081 vere
1079 2029 1108 2081 et
1121 2025 1156 2080 si·
1190 2028 1242 2084 sub
1255 2027 1297 2083 illa
1310 2032 1400 2084 tamen
1410 2042 1483 2083 nunc
1495 2026 1690 2098 comprehendi
1701 2026 1773 2082 illarn
1787 2025 1997 2084 diminutionem

355 2115 433 2171 miles
450 2130 532 2171 casus
546 2114 634 2172 valida
647 2123 689 2172 est
706 2115 870 2188 dispensatio
885 2117 967 2173 unius
982 2115 1100 2186 vinculi,
1115 2119 1157 2170 ta·
1190 2115 1273 2188 legis,
1290 2131 1339 2186 per
1358 2131 1441 2188 qoam
1456 2116 1482 2170 in
1502 2117 1666 2186 perpetuum
1680 2114 1723 2172 lex
1738 2114 1860 2188 tollitur,
1883 2122 1910 2173 et
1929 2114 1999 2172 lieet

355 2205 412 2260 cito
427 2201 479 2260 alio
495 2205 605 2260 omnino
619 2203 747 2276 diverso,
761 2206 869 2277 quoties
884 2221 932 2277 per
946 2220 974 2261 se
994 2203 1093 2262 babere
1107 2219 1155 2274 pe·
1190 2221 1243 2262 nen
1259 2205 1285 2260 in
1300 2209 1406 2275 telum,
1423 2204 1471 2261 sed
1485 2204 1576 2278 quoad
1590 2204 1707 2277 aliquam
1722 2211 1845 2277 partem;
1864 2204 1908 2261 illa
1920 2205 1997 2262 enim

357 2299 411 2349 test
425 2291 607 2350 sufficientem
623 2309 736 2351 causam
749 2301 776 2350 et
790 2295 936 2367 rationem,
953 2301 984 2352 ut
1001 2293 1154 2363 auleratur,
1192 2309 1245 2350 non
1260 2299 1304 2350 est
1323 2294 1430 2365 proprie
1444 2291 1628 2366 dispensatio,
1644 2300 1676 2350 ut
1690 2294 1716 2348 in
1733 2295 1920 2366 superioribus
1934 2293 1998 2350 teti-

356 2383 463 2437 etiamsi
476 2388 568 2440 cetera
582 2398 636 2440 nen
653 2383 794 2441 tollantur.
805 2385 841 2441 Et
854 2384 987 2444 hactenus
1001 2384 1034 2441 de
1048 2384 1156 2456 dispea·
1190 2382 1235 2453 gi,
1257 2380 1304 2438 sad
1326 2381 1381 2437 dici
1402 2381 1472 2438 selet
1491 2381 1861 2454 derogatiollerumtamen,
1888 2387 1998 2438 servata

357 2473 472 2530 satione.
605 2491 608 2498 ·
1191 2471 1384 2542 proportione,
1404 2465 1527 2528 eamdem
1543 2471 1623 2529 habet
1637 2473 1768 2528 rationem
1782 2479 1812 2529 et
1826 2472 1994 2540 doctrinam,

1191 2575 1273 2631 quam
1288 2561 1396 2631 integra
1409 2559 1475 2632 legis
1494 2560 1609 2629 ablatio,
1625 2567 1653 2617 et
1671 2560 1730 2616 idae
1746 2560 1797 2617 sub
1819 2560 1997 2634 abnegatione

618 2633 772 2705 CAPUT
793 2635 901 2704 XXV.
1191 2664 1267 2705 nunc
1281 2649 1537 2720 comprehenditur.

659 2757 663 2762 ·
1230 2743 1258 2796 2.
1275 2740 1316 2796 Ex
1330 2739 1411 2797 dictis
1424 2754 1490 2811 erge
1512 2737 1706 2810 concluditur,
1725 2738 1814 2811 legem
1829 2743 1896 2795 tunc
1914 2738 1996 2794 abne·

360 2812 493 2891 Quam
508 2819 535 2872 0⁸
549 2831 588 2873 00⁶
601 2815 707 2891 lilim
721 2821 822 2876 “liliis
828 2819 923 2894 P⁰⁸⁵l²
936 2815 987 2874 10³⁶
1002 2815 1154 2890 almari·
1192 2829 1260 2902 gani,
1274 2829 1385 2902 quande
1396 2831 1559 2900 supponitur
1572 2844 1632 2884 esse
1643 2844 1707 2885 vera
1720 2828 1775 2898 lex,
1789 2835 1818 2884 et
1831 2843 1995 2899 permanens

1192 2924 1249 2975 tete
1266 2923 1405 2990 tempore,
1421 2918 1581 2990 priusquam
1597 2917 1763 2989 abnegetur,
1779 2924 1806 2973 et
1822 2931 1995 2989 consequen·
2088 2969 2090 2975 .
2140 2975 2141 2982 ,

642 2995 884 3060 summarium
1082 2991 1088 3001 ⁶
1193 3014 1235 3064 ten
1247 3006 1328 3064 debet
1343 3007 1423 3062 etiam
1438 3006 1555 3078 supponi
1569 3006 1651 3079 iusta,
1667 3005 1847 3076 rationabilis,
1862 3010 1891 3061 et
1907 3005 1991 3062 utilis:

1192 3110 1255 3152 nam
1270 3096 1292 3151 si
1306 3098 1381 3167 prius
1397 3097 1443 3152 liat
1455 3096 1574 3167 iniusta,
1590 3096 1706 3168 nociva,
1721 3103 1770 3152 aut
1784 3094 1899 3164 inutilis,
1915 3096 1994 3167 prius

359 3183 529 3236 l.llistinctio
542 3183 610 3234 inter
623 3182 813 3245 abrogationem
823 3190 849 3232 et
863 3181 1036 3233 irritationem
1047 3180 1158 3243 legis-
1192 3201 1241 3257 per
1255 3201 1284 3240 se
1298 3185 1487 3256 declamasse,
1505 3200 1588 3257 quam
1602 3185 1760 3259 abrogetur,
1776 3193 1805 3242 et
1818 3186 1855 3241 ila
1870 3185 1922 3240 lam
1937 3199 1994 3241 non

390 3253 417 3372 g·
434 3255 496 3334 Vm
511 3253 641 3332 ¹0³.d⁰b⁰.²
653 3264 710 3332 ⁰⁵⁵9
722 3252 800 3306 Μ’
812 3251 980 3313 ‘³¹i⁰¹¹³bi¹³⁵’
993 3256 1019 3300 ⁰²
1033 3251 1157 3342 ”mist-
1191 3274 1299 3332 babebit
1312 3273 1404 3331 lecum
1419 3274 1579 3347 abnegatio,
1595 3275 1659 3348 quia
1679 3274 1794 3331 cessatio
1808 3273 1876 3346 legis
1897 3275 1994 3331 distin-

411 3331 488 3386 puma
500 3321 635 3371 dubitandi
648 3320 966 3371 rat10.-3.Lexhumana
979 3326 1063 3384 potest
1075 3319 1158 3370 aalide

389 3399 416 3442 et
429 3392 497 3442 itaste
509 3391 637 3452 abrogari.
647 3415 680 3426 -
690 3391 715 3439 l.
731 3390 762 3439 llt
773 3391 840 3441 iusta
853 3390 886 3440 sit
898 3397 925 3439 et
939 3391 1010 3441 licita
1024 3389 1157 3451 abnegatio
1191 3371 1254 3423 ⁰¹⁰⁵
1270 3365 1368 3421 ffl⁰d¹¹⁸
1389 3363 1527 3419 (Ῑθθῑῑῑθῡῗθ
1547 3370 1606 3433 ⁰³¹2
1628 3368 1665 3420 ut
1679 3378 1763 3435 will
1783 3363 1908 3420 Vldifflffl·
1924 3364 1993 3421 fflflss

392 3462 467 3524 legis,
485 3461 553 3510 iusta
566 3471 642 3509 musa
654 3460 797 3510 necessaria
810 3467 850 3510 est
863 3467 969 3523 prepter
981 3461 1076 3510 bonum
1089 3471 1157 3510 com·
1191 3468 1257 3525 ergo
1272 3453 1342 3509 sirmi
1357 3457 1450 3524 petest
1464 3452 1534 3507 natio
1548 3451 1689 3508 dubitandi
1702 3495 1709 3522 ,
1725 3452 1865 3525 quemodo
1881 3453 1916 3508 sit
1929 3468 1995 3524 pos·

389 3529 554 3580 mune-*⁵-
568 3527 767 3592 btrplexmodus
780 3528 895 3579 mutandi
910 3528 1156 3593 legem-⁶2¹¹&
1191 3541 1273 3598 sibilis
1295 3541 1382 3598 ralida
1402 3547 1430 3596 et
1450 3541 1521 3597 iusta
1542 3540 1679 3612 abnegatio
1700 3540 1784 3614 legis,
1807 3557 1870 3597 nam
1891 3543 1915 3598 si
1936 3543 1991 3612 lex,

389 3598 988 3731 ¹32¹ffssssstseffiff{²13,fflgxsasffllbffigffl'sss
999 3597 1157 3728 [¹³3oessssss
1189 3645 1260 3703 quae
1278 3629 1456 3702 supponitur,
1472 3646 1525 3685 non
1544 3637 1586 3685 est
1607 3629 1692 3701 iuste,
1708 3644 1760 3686 nec
1782 3629 1875 3700 utilis,
1891 3630 1993 3687 ablatio

391 3739 440 3789 „es
453 3739 522 3788 iusta
535 3737 646 3788 hahetur
658 3750 745 3800 cam,
760 3740 828 3789 pus„
840 3738 892 3788 enit
906 3738 1024 3788 mutatio.
1190 3721 1249 3774 eius
1265 3734 1316 3774 nen
1329 3718 1381 3775 erit
1396 3718 1537 3790 abnegatio
1548 3719 1629 3790 iuris,
1642 3718 1690 3775 sed
1701 3717 1775 3789 lacti,
1788 3718 1829 3775 vel
1840 3720 1931 3790 potius
1945 3720 1994 3776 de-

1072 3871 1076 3880 ,
1191 3807 1304 3864 claratio
1318 3807 1450 3864 nullitatis
1466 3807 1551 3880 lagis3
1568 3809 1591 3863 si
1612 3821 1676 3864 vere
1690 3807 1727 3864 sit
1746 3808 1834 3879 iusta,
1850 3807 1992 3882 abnegatio

398 3897 422 3952 l.
436 3893 640 3951 Declararimus
656 3894 849 3952 relaxationem
863 3895 941 3967 legis,
954 3909 1025 3968 quae
1040 3909 1089 3966 per
1100 3894 1157 3952 dis·
1191 3899 1243 3955 erit
1256 3897 1357 3969 iniqua.
1373 3896 1444 3964 Quid
1457 3897 1527 3953 enim
1542 3897 1630 3968 magis
1645 3897 1784 3969 iniquum,
1800 3913 1883 3970 quam
1904 3897 1993 3972 legem

356 3984 542 4056 pausationem
557 3979 591 4040 ex
610 3989 688 4054 parta
704 3983 747 4056 lit,
763 3983 853 4040 selum
868 3991 992 4055 superest
1010 3983 1156 4041 dicendum
1191 3987 1290 4044 iustam
1308 3992 1337 4043 et
1352 3986 1446 4043 ratilem
1462 3985 1588 4042 abolere?
1601 3987 1675 4060 Ergo
1689 3993 1892 4059 consequenter
1910 3989 1995 4045 etiam

356 4074 391 4131 de
406 4074 577 4142 mutatione,
593 4087 662 4144 quae
677 4086 725 4144 per
746 4072 950 4144 abrogationem
965 4073 1010 4143 dt3
1027 4075 1066 4129 sic
1085 4073 1156 4130 enim
1191 4077 1244 4132 erit
1257 4075 1387 4147 invalida,
1406 4090 1467 4131 nam
1483 4075 1557 4131 sient
1571 4075 1614 4131 lex
1635 4075 1735 4132 iniusta
1749 4089 1802 4131 nen
1823 4083 1865 4132 est
1879 4076 1940 4148 lex,
1955 4078 1994 4134 ita

293 4184 297 4192 ·
357 4161 486 4236 appellari
501 4161 606 4217 seletiu
620 4161 679 4219 iure
694 4161 778 4219 totius
789 4163 860 4235 legis
874 4161 984 4233 ablatio,
999 4163 1017 4218 l.
1031 4163 1156 4236 derepe-
1191 4165 1332 4237 abrogatio
1347 4165 1444 4222 iniusta
1465 4178 1563 4221 nocere
1577 4177 1631 4220 aea
1652 4163 1733 4221 debet
1746 4165 1887 4222 communi
1907 4166 1991 4236 bene,
2044 4189 2048 4194 ·

357 4257 416 4320 tur,
436 4253 463 4308 u.
480 4251 514 4307 de
524 4250 634 4306 verbor.
648 4251 763 4324 signitic.
777 4252 952 4324 Distinguunt
966 4258 1056 4310 autem
1072 4253 1156 4326 aliqui
1191 4267 1255 4311 cum
1270 4255 1304 4311 sit
1318 4269 1353 4311 ex
1369 4260 1502 4326 potestate
1517 4252 1579 4310 data
1594 4253 1628 4310 ad
1642 4246 1870 4327 aedificationem,
1889 4270 1943 4311 nen
1957 4255 1993 4312 ad

357 4345 426 4401 inter
446 4340 652 4414 abrogationem
665 4347 693 4397 et
706 4341 885 4398 irritationem
901 4342 982 4414 legis,
999 4351 1030 4399 ut
1042 4343 1155 4401 irritatio
1190 4343 1414 4401 destructionem.
1431 4343 1487 4400 Ilici
1510 4357 1576 4398 rere
1591 4348 1679 4414 petest
1692 4357 1725 4398 ex
1745 4341 1809 4399 divo
1829 4343 1949 4416 Tberaa,
1965 4350 1996 4401 et

358 4435 403 4504 sit,
414 4430 523 4506 quande
540 4436 597 4487 tota
608 4429 651 4487 lex
665 4428 822 4501 impeditur,
835 4447 867 4488 ne
881 4433 951 4488 vires
963 4432 1098 4506 obligandi
1110 4449 1156 4490 ac·
1191 4434 1249 4490 aliis
1264 4434 1355 4490 statim
1371 4430 1530 4502 referendis,
1542 4428 1629 4503 le'gem
1644 4434 1744 4488 iustam
1759 4434 1786 4488 in
1802 4448 1856 4488 une
1871 4440 1995 4504 tempore

357 4523 455 4596 cipiat,
472 4521 633 4592 priusquam
648 4519 888 4590 plene-constituta
901 4521 949 4594 sit,
967 4528 996 4578 ut
1010 4523 1031 4578 si
1051 4522 1092 4578 lex
1108 4539 1156 4595 po·
1191 4539 1271 4595 posse
1285 4537 1332 4594 par
1354 4528 1509 4594 temporum
1530 4522 1709 4579 mutationem
1724 4522 1782 4579 lieri
1805 4523 1952 4595 iniustam,
1967 4529 1995 4580 et

358 4613 465 4670 stulans
479 4608 711 4668 confirmationem
727 4609 867 4682 principis,
880 4615 911 4666 ut
924 4611 1043 4683 obligare
1058 4612 1156 4683 possit,
1190 4613 1334 4670 idee'illius
1349 4609 1552 4683 abrogationem
1567 4625 1646 4683 pesse
1656 4625 1717 4667 esse
1732 4612 1912 4668 iustam.Scd
1925 4628 1993 4670 oon·

358 4703 439 4759 abeo
454 4716 506 4756 nen
522 4700 714 4770 confirmetur,
730 4697 774 4754 vel
788 4698 810 4753 si
828 4698 871 4756 lex
886 4700 969 4756 latae
988 4701 1156 4774 principe,a
1191 4710 1233 4761 tra
1254 4703 1305 4760 bac
1325 4707 1383 4772 est,
1405 4699 1468 4773 quia
1489 4701 1510 4757 si
1530 4701 1642 4758 mutatio
1667 4701 1796 4772 temperis
1816 4700 1884 4759 lecit
1903 4703 1992 4777 legem

358 4791 460 4865 populo
474 4806 527 4847 nen
542 4795 723 4861 acceptetur,
744 4787 819 4844 iuxta
833 4788 984 4859 opinionem
1000 4791 1154 4848 existiman·
1190 4794 1326 4864 iniustam,
1341 4785 1395 4848 iam
1411 4807 1465 4848 nan
1480 4790 1591 4848 babebit
1603 4788 1697 4848 lecum
1711 4790 1865 4864 abnegatio,
1882 4792 1930 4849 sed
1945 4808 1994 4864 per

358 4881 646 4952 tem,acceptatienem
661 4893 720 4934 asse
735 4878 987 4936 necessariamsed
999 4879 1051 4938 boe
1066 4887 1156 4953 peste-
1192 4897 1220 4940 ss
1233 4882 1339 4964 desinet
1352 4879 1411 4954 lex,
1427 4888 1456 4938 et
1475 4881 1512 4937 ita
1526 4895 1666 4953 nunquam
1680 4879 1732 4938 erit
1751 4882 1923 4955 necessaria,
1939 4883 1993 4940 ime

357 4972 414 5029 rius
435 4969 590 5042 exemplum
607 4969 702 5026 laisum
725 4969 871 5041 supponit,
888 4985 950 5026 nam
966 4969 1006 5027 lex
1028 4971 1156 5045 principis
1191 4987 1241 5030 nec
1257 4971 1402 5044 possibilis.

358 5068 422 5119 aute
436 5061 650 5133 acceptationem
669 5058 761 5131 pepuli
777 5065 820 5116 est
833 5074 898 5116 vera
911 5058 971 5130 lex,
989 5067 1018 5118 et
1038 5060 1082 5118 ilia
1097 5078 1157 5118 mu·
1231 5067 1258 5120 3.
1273 5060 1454 5118 Nihilominus
1467 5059 1613 5118 dicendum
1624 5065 1666 5118 est
1679 5061 1779 5134 prime,
1794 5058 1941 5120 humanam
1956 5062 1993 5120 le·

359 5151 425 5208 tatio
445 5165 493 5222 per
513 5148 692 5217 resistentiam
710 5137 885 5207 subditorum
904 5151 1022 5222 pertinet
1041 5151 1075 5210 ad
1095 5167 1156 5209 mu·
1191 5169 1253 5228 gem
1267 5150 1405 5209 interdum
1420 5150 1547 5225 abrogari
1562 5166 1642 5224 pesse
1655 5158 1684 5209 et
1697 5149 1785 5209 relide
1798 5157 1827 5210 et
1843 5152 1927 5210 iuste.
1944 5153 1994 5210 Est

360 5241 502 5314 tationem,
517 5253 566 5296 seu
580 5238 783 5312 abrogationem
799 5255 847 5312 per
862 5240 1105 5315 consuetudinem,
1122 5243 1156 5302 de
1193 5249 1269 5301 centa
1287 5250 1317 5300 et
1335 5241 1489 5299 communis
1510 5241 1653 5312 sedentia,
1672 5256 1755 5314 quam
1775 5241 1857 5302 tradit
1877 5242 1905 5301 d.
1922 5241 1992 5300 Tbe-
