4290 6222
381 280 445 345 378
1082 299 1273 350 rmcuvrrr.

351 431 404 480 test
418 423 525 480 facilius
539 421 571 478 ad
587 437 720 496 personas
735 439 787 481 con
804 423 879 483 clare
893 439 1038 499 expressas
1054 425 1079 481 in
1095 425 1148 496 pri·
1184 422 1239 479 tius
1253 428 1316 494 est,
1339 423 1360 478 si
1375 416 1547 496 piivile'gium
1562 421 1819 495 concedatursillls
1837 419 1995 489 murcelle·

349 513 456 585 vilegio.
475 513 543 580 Quia
557 527 621 569 vcro
636 519 693 570 tola
707 515 851 572 concessio
869 521 897 572 et
910 517 1033 572 extensio
1048 513 1149 586 pendet
1182 511 1257 568 nullo
1275 513 1347 567 enim
1365 510 1445 567 modo
1458 509 1614 568 extenditur
1628 510 1660 568 ad
1677 510 1801 582 seminas,
1820 511 1929 568 etiamsi
1940 527 1996 567 ma·

348 619 382 659 ex
402 601 547 659 intentione
572 602 770 673 concedentis,
796 617 866 675 quoe
890 619 921 662 cx
939 605 1031 660 verbis
1045 617 1148 676 eogno-
1182 601 1252 656 xime
1274 599 1421 657 revocabile
1439 602 1486 656 sit.
1503 599 1620 658 Etratio
1634 605 1694 672 est,
1708 602 1773 674 quie
1786 599 1838 657 bae
1859 613 1945 656 voces
1958 601 1995 656 ite

349 692 389 749 sei
409 689 509 764 debetg
533 691 594 748 ideo
614 705 726 748 necesse
740 697 797 760 est,
823 699 855 750 ut
868 693 909 750 vel
925 693 1097 766 privilegium
1109 694 1148 746 in·
1182 689 1334 761 significent
1358 704 1468 762 mares,
1490 695 1524 746 ut
1540 689 1710 761 distinguant
1723 689 1814 746 illese
1832 688 1954 759 feminis,
1968 697 1997 744 et

347 780 485 854 telligatur
506 795 671 837 concessum
697 781 749 837 soli
772 797 902 854 personae
924 783 948 838 in
974 782 1019 839 illo
1033 795 1144 852 expres·
1180 775 1242 834 ideo
1264 783 1375 836 constat
1393 793 1425 834 ex
1442 781 1521 849 iure,
1541 777 1653 851 quando
1667 777 1863 849 instituuntur,
1878 793 1930 835 seu
1947 794 1996 835 vo·

340 887 411 943 sec,
435 871 478 928 vel
500 871 523 927 si
547 869 636 943 aliqua
650 871 773 927 extensio
797 877 841 927 est
864 870 1003 932 iacienda.
1025 873 1145 941 oportet,
1182 873 1282 924 cantur
1300 867 1437 932 ntuscull,
1452 866 1504 924 sub
1518 865 1570 924 bec
1583 882 1651 924 voce
1665 873 1773 924 mutum
1794 866 1906 924 excludi
1919 865 1997 924 lemi-

348 967 381 1018 ut
401 961 435 1017 sit
459 975 508 1032 per
528 959 648 1032 aliquem
670 959 851 1016 necessariam
866 961 1063 1018 connexionem
1082 975 1148 1016 cum
1183 971 1242 1028 aas,
1261 964 1292 1013 ut
1307 955 1360 1014 lale
1375 970 1459 1028 supra
1474 957 1556 1014 tradit
1569 956 1700 1014 Rebulius
1715 955 1789 1014 dicte
1802 957 1822 1013 l.
1846 961 1872 1026 l,
1885 957 1921 1014 ad
1935 973 1996 1014 rer·

349 1051 404 1108 illa.
423 1052 497 1107 Haec
521 1055 613 1106 atatem
633 1049 767 1106 connexio
792 1048 899 1107 videtur
923 1049 1080 1107 necessario
1100 1063 1146 1104 su·
1182 1043 1247 1102 bum
1269 1043 1432 1102 masculos.
1449 1044 1608 1103 Additvero
1622 1046 1795 1103 limitationes
1817 1061 1993 1110 communes,

348 1139 444 1197 menda
464 1139 507 1196 vei
528 1154 561 1195 er
586 1139 782 1212 significatione
801 1139 894 1210 vocis,
919 1138 982 1212 qnia
1004 1151 1068 1193 cum
1083 1151 1147 1207 pro·
1181 1133 1232 1189 nisi
1259 1137 1410 1192 necessitas
1430 1141 1513 1208 cogat
1532 1135 1609 1192 aliter
1627 1135 1811 1206 interpretari.
1828 1133 1881 1192 Sed
1906 1135 1994 1192 crede

348 1232 462 1302 prietate
487 1228 592 1300 patitur
621 1226 695 1284 illam
727 1227 949 1300 ampliationem,
976 1227 1041 1283 licet
1065 1225 1149 1282 alium
1182 1221 1210 1278 id
1235 1222 1335 1282 babere
1356 1223 1452 1281 iocum
1471 1224 1497 1280 ia
1519 1226 1705 1296 testamentis,
1726 1225 1790 1298 quia
1804 1238 1887 1296 saepe
1908 1230 1993 1281 testa·

347 1319 426 1375 etiarn
449 1333 529 1374 usum
552 1316 651 1376 babere
670 1318 772 1388 possit,
798 1315 839 1373 vel
859 1330 891 1372 ex
913 1316 1075 1372 necessitate
1091 1328 1147 1370 ma·
1182 1319 1254 1370 tores
1277 1313 1321 1372 vel
1342 1320 1453 1386 propter
1470 1314 1648 1385 imperitiam,
1677 1312 1719 1370 vel
1733 1320 1847 1387 propter
1862 1313 1994 1371 lurbatio·

349 1407 447 1476 tcriec,
464 1405 506 1463 rel
527 1407 659 1470 eodonis,
679 1405 822 1478 quiasine
843 1404 888 1460 tuli
909 1404 1070 1460 extensione
1091 1403 1147 1475 pri·
1182 1415 1264 1476 nem,
1289 1409 1318 1459 et
1341 1403 1490 1460 memoriae
1508 1402 1646 1460 delectum
1664 1403 1821 1460 nominibus
1843 1405 1993 1475 improprie

349 1496 474 1569 vilegium
495 1495 655 1553 redderetur
683 1494 793 1565 inutile,
819 1500 870 1550 nul
893 1493 1078 1556 inurbanum,
1100 1498 1148 1548 aut
1184 1497 1311 1564 utuntur3
1325 1507 1388 1574 raro
1403 1507 1469 1549 vero
1483 1491 1610 1550 accidere
1623 1491 1650 1548 in
1665 1493 1823 1566 privilegiis,
1841 1508 1994 1566 quaecum

243 1645 246 1654 Δ
349 1584 474 1643 moribus
496 1585 635 1641 bominum
659 1598 713 1639 non
734 1581 992 1654 accommodatum,
1015 1579 1090 1654 qnod
1112 1581 1145 1638 dc
1182 1581 1277 1637 melori
1304 1581 1460 1639 maturitate
1477 1580 1680 1639 conceduntur.
1696 1583 1764 1639 item
1782 1583 1891 1640 iacitius
1904 1581 1931 1638 id
1945 1583 1994 1638 ad-

348 1676 470 1748 principc
481 1670 711 1746 praesumendum
722 1687 775 1727 non
789 1679 842 1728 est.
852 1673 944 1744 Neque
957 1677 1065 1742 praeter
1078 1671 1145 1727 baec
1186 1671 1324 1727 mitterem
1340 1670 1366 1725 ιιι
1380 1671 1489 1728 comice
1502 1673 1569 1740 ciri,
1582 1687 1665 1745 quam
1678 1670 1703 1727 io
1718 1672 1828 1729 nomine
1846 1671 1991 1735 masenii,

348 1764 404 1822 duo
419 1765 508 1834 capita
522 1761 635 1818 uidetur
649 1775 728 1832 posse
749 1759 898 1832 excogitari
912 1758 1002 1830 aliud,
1018 1757 1095 1831 quod
1114 1774 1147 1816 ex
1183 1764 1234 1816 aut
1248 1761 1353 1816 moris.
1368 1760 1436 1818 Nem
1458 1763 1505 1816 etr
1522 1759 1659 1817 interdum
1680 1759 1787 1818 ridetur
1811 1760 1993 1832 comprehen-

348 1856 466 1926 lpsnmet
482 1851 622 1925 privilegio
638 1851 710 1906 sumi
728 1851 831 1922 possit,
847 1848 881 1905 ad
895 1843 1096 1905 extendendum
1116 1847 1146 1905 il·
1181 1846 1247 1905 dere
1265 1848 1378 1904 lemiuas
1391 1849 1473 1906 etiam
1486 1850 1515 1906 in
1529 1851 1668 1906 communi
1682 1856 1709 1906 et
1725 1849 1832 1923 vulgari
1854 1865 1992 1918 sermone,

349 1940 572 2000 ludaddidimus
583 1953 648 1995 vero
662 1941 772 1994 tertium
785 1945 870 2010 caput
882 1938 907 1993 in
923 1939 1085 2008 assertione,
1095 1937 1148 1993 sci·
1182 1935 1292 2009 quando
1312 1937 1425 1994 materie
1444 1936 1470 1994 id
1485 1938 1615 2011 requirit,
1635 1945 1666 1995 ut
1686 1946 1729 1995 est
1750 1939 1887 2011 optimum
1900 1953 1994 1995 exem·

350 2032 412 2088 licet
425 2031 491 2087 iuris
505 2028 725 2100 dispositionem,
745 2028 809 2098 qnia
823 2027 866 2082 ius
876 2024 963 2083 babet
976 2027 1029 2082 vim
1047 2033 1076 2082 et
1099 2041 1148 2082 au·
1182 2025 1258 2097 plum
1282 2025 1309 2082 iu
1329 2041 1390 2097 cap.
1411 2029 1435 2084 l.
1457 2026 1491 2083 de
1511 2041 1668 2098 praesump.
1686 2027 1759 2095 quod
1777 2029 1905 2085 concoct
1919 2027 1994 2085 illam

350 2121 505 2177 cleritatem
519 2117 552 2174 ad
568 2116 719 2188 amplianda
733 2116 887 2189 privilegia,
901 2121 930 2172 ct
944 2114 979 2171 ad
994 2113 1147 2188 privilegio·
1184 2115 1348 2172 sententium
1362 2115 1496 2188 Sapientis
1510 2116 1640 2172 Prorerb.
1650 2120 1697 2174 ie:
1710 2119 1795 2174 Sicut
1810 2117 1919 2174 nescius
1932 2120 1990 2180 cst,

351 2226 412 2266 rum
424 2209 507 2264 rerba
520 2205 695 2276 declarando,
708 2204 750 2260 vei
764 2203 889 2276 augendo
900 2203 992 2277 quood
1003 2219 1099 2260 eorum
1114 2205 1149 2260 si·
1183 2206 1236 2276 pul
1251 2205 1344 2260 millii
1358 2207 1488 2276 capillos
1501 2208 1529 2259 et
1542 2202 1666 2262 lanceas
1678 2207 1710 2261 iu
1722 2209 1867 2273 moriem·
1876 2207 1923 2260 iia
1936 2207 1991 2269 ιιι,

349 2299 556 2372 gnificalionem.
578 2292 691 2362 Quando
711 2307 777 2366 crgo
802 2291 941 2364 praedicta
961 2292 1095 2350 connexio
1115 2307 1148 2350 ex
1182 2293 1234 2363 pul
1243 2289 1461 2362 srcseduieuter
1473 2296 1557 2349 crocet
1569 2297 1667 2350 amico
1680 2309 1744 2350 saco.
1760 2294 1834 2362 Quae
1857 2279 2000 2350 sententia

350 2389 442 2459 aliquo
460 2386 549 2458 cepite
571 2385 686 2441 istorum
706 2383 771 2438 salis
793 2386 857 2438 nole
876 2379 967 2452 luerit,
984 2387 1051 2436 tunc
1073 2386 1149 2438 certe
1182 2380 1261 2436 etiarn
1285 2382 1312 2435 in
1334 2381 1447 2436 leminas
1467 2383 1604 2442 convenit.
1620 2381 1657 2438 Et
1669 2389 1712 2438 est
1724 2382 1854 2456 frequens
1869 2384 1897 2438 in
1917 2384 1995 2440 Scri·

350 2483 393 2535 est
407 2476 477 2532 illius
492 2473 627 2546 ampliatio
641 2470 676 2528 ad
690 2487 822 2544 personas
835 2485 990 2541 connexas,
1006 2475 1035 2526 el
1048 2471 1074 2526 in
1094 2470 1148 2542 pri·
1183 2475 1276 2541 ptura,
1293 2476 1322 2526 ut
1336 2470 1404 2542 psal.
1418 2477 1440 2528 l:
1455 2475 1564 2528 Beatus
1575 2472 1630 2538 cir,
1644 2473 1694 2544 qui
1707 2487 1767 2526 coc
1780 2471 1858 2529 abitt
1871 2474 1906 2528 tas
1924 2487 1993 2527 core·

350 2565 452 2638 vilegiis
466 2563 548 2620 buius
569 2563 642 2619 tertii
656 2564 775 2635 generis:
792 2561 863 2617 idem
885 2559 988 2616 serutari
1003 2561 1102 2631 poterit
1122 2561 1148 2614 in
1183 2557 1251 2614 silio
1273 2560 1455 2632 implorum,
1476 2565 1504 2615 ct
1518 2558 1587 2631 psal.
1609 2564 1671 2618 lll:
1688 2563 1801 2616 Beatus
1814 2563 1872 2627 cic,
1890 2563 1942 2634 pul
1953 2564 1991 2616 ti·

351 2671 419 2712 casu
432 2654 532 2725 dubio,
547 2651 678 2725 quiahoc
693 2651 864 2723 privilegium
880 2654 991 2704 nonest
1005 2649 1091 2704 stricti
1107 2647 1149 2704 iu·
1183 2651 1243 2702 titel
1258 2650 1433 2704 Dominum.
1441 2647 1545 2716 Quibus
1556 2647 1625 2705 iocis
1650 2647 1757 2705 videtur
1768 2665 1817 2720 pro
1828 2649 1937 2706 bomine
1946 2665 1994 2722 ge·

351 2746 401 2814 ris,
413 2749 441 2799 et
456 2743 491 2798 ita
505 2727 690 2812 retorquendo
705 2740 811 2797 tertiam
826 2741 959 2794 rollonem
974 2737 1000 2793 in
1014 2737 1148 2807 principio
1184 2738 1300 2794 neratim
1318 2739 1405 2810 sunai3
1427 2737 1567 2811 quomedo
1581 2738 1663 2797 etiarn
1676 2737 1785 2795 ridetur
1797 2738 1912 2813 intelligi
1927 2755 1990 2812 cap.

352 2833 452 2889 lactem
463 2837 555 2886 manet
569 2829 709 2912 declarato
720 2834 749 2884 et
763 2827 879 2899 probata
894 2833 951 2882 lota
965 2827 1090 2895 assertl03
1103 2825 1150 2882 dc·
1184 2827 1266 2884 Licet
1285 2829 1451 2898 conlacrsts,
1470 2825 1505 2883 dc
1519 2827 1610 2884 testib.
1628 2826 1680 2884 sed
1694 2826 1738 2885 bic
1754 2843 1823 2884 usus
1836 2842 1919 2886 rarus
1939 2837 1993 2900 est,

351 2921 605 2978 clarabilurlamen
622 2917 738 2988 emplius
750 2915 941 2988 respondendo
953 2915 986 2970 ad
997 2915 1150 2986 posteriora
1185 2917 1212 2969 et
1230 2915 1282 2971 nisi
1303 2915 1414 2972 evidens
1429 2914 1464 2972 sit
1477 2917 1644 2987 necessitas,
1665 2916 1699 2973 ad
1719 2917 1860 2992 privilegia
1873 2934 1930 2974 non
1951 2924 1994 2976 est

353 3009 493 3082 exempla,
507 3023 569 3064 unm
592 3008 698 3080 priores
711 3007 832 3061 rationes
846 3021 899 3060 non
921 3004 1061 3076 postulant
1075 3001 1149 3059 solu·
1186 3003 1446 3061 accommodandos.
1463 3003 1547 3061 blulto
1570 3019 1634 3062 vcro
1654 3007 1739 3080 magis
1759 3007 1891 3065 vitandus
1904 3013 1948 3066 est
1965 3011 1992 3064 ia

354 3101 466 3156 tionem.
478 3099 514 3155 Et
526 3097 624 3153 rationi
639 3097 663 3152 in
678 3093 849 3151 contrarium
863 3091 984 3150 obiectes
998 3089 1094 3148 damus
1110 3097 1150 3148 to·
1185 3093 1292 3148 nomine
1314 3091 1458 3155 maseuli,
1483 3093 1525 3150 vel
1546 3093 1750 3166 aequipollenti,
1764 3096 1830 3168 quia
1848 3111 1994 3170 utinquam

352 3195 423 3258 tum,
436 3187 510 3260 quod
526 3184 648 3256 intendit,
662 3188 773 3256 propter
786 3181 857 3238 illam
869 3181 940 3237 enim
952 3181 1149 3254 assignavimus
1185 3181 1296 3252 proprie
1318 3181 1452 3252 accipitur
1472 3182 1499 3237 lc
1514 3184 1655 3238 communi
1669 3183 1868 3256 significatione
1887 3185 1994 3242 abstra-

351 3277 474 3351 cegulam
490 3291 554 3333 cum
569 3273 709 3347 praedicta
723 3271 919 3344 moderatione,
937 3285 1008 3342 qnae
1024 3270 1101 3325 nobis
1112 3271 1151 3326 vi·
1186 3267 1266 3325 hente
1284 3268 1318 3325 ab
1332 3275 1450 3342 utroque
1464 3285 1542 3327 sexu.
1564 3281 1569 3288 ·

352 3367 431 3424 delur
445 3365 619 3437 exccplioncs
633 3377 745 3434 omnes,
760 3375 832 3433 quae
847 3357 902 3415 lieri
919 3364 1055 3431 possunt,
1072 3373 1148 3415 com·
1226 3360 1253 3415 l.
1269 3360 1304 3414 et
1318 3373 1383 3414 vero
1397 3357 1507 3431 quando
1525 3373 1624 3416 nomen
1638 3365 1681 3416 est
1694 3375 1842 3419 commune
1855 3357 1990 3432 duorum,

351 3456 534 3529 prehendere,
554 3452 628 3527 qxaod
644 3449 832 3524 respondendo
847 3449 880 3506 ad
894 3448 1017 3521 exempla
1032 3445 1152 3505 adducta
1186 3454 1253 3505 tunc
1268 3445 1350 3504 babet
1370 3447 1463 3504 locum
1477 3447 1553 3506 dicta
1567 3451 1712 3520 sententia,
1727 3449 1802 3522 quod
1817 3450 1990 3524 privilegium

351 3546 463 3619 palebit,
483 3559 545 3600 nam
560 3543 656 3599 cadem
670 3543 722 3598 crit
735 3541 805 3597 ratic
819 3540 946 3597 aliorum.
1186 3535 1346 3610 praesertim
1360 3536 1517 3609 favorabile,
1526 3551 1691 3595 concessum
1705 3539 1757 3596 sub
1771 3539 1928 3598 masculine
1943 3556 1993 3597 nc·

389 3635 431 3691 Ad
451 3632 568 3706 primunr
588 3645 654 3702 ergo
677 3631 832 3701 exemplum
850 3625 1017 3700 respondeo,
1038 3627 1149 3685 duobus
1186 3624 1483 3697 mine,comprebeudit
1496 3640 1592 3684 sexum
1606 3626 1778 3702 remulcum,
1790 3635 1819 3685 ct
1832 3629 1870 3685 ita
1883 3629 1994 3702 privile·

354 3723 441 3781 modis
466 3735 547 3793 posse
570 3719 741 3792 privilegium
765 3715 879 3774 concedi
900 3718 982 3772 viris:
1000 3731 1055 3774 une
1070 3717 1150 3775 modo
1186 3715 1231 3790 gia
1244 3714 1375 3789 religiosis
1392 3715 1507 3772 alicuius
1521 3716 1630 3774 Ordinis
1642 3730 1787 3788 concessa,
1799 3717 1991 3793 intelliguntur

353 3828 401 3884 per
420 3825 518 3866 nomeu
541 3807 650 3863 definite
664 3807 817 3878 significans
832 3807 920 3876 viros,
935 3819 984 3862 seu
1000 3807 1148 3880 masculos,
1187 3806 1268 3862 ctiam
1288 3803 1401 3860 concedi
1416 3803 1521 3861 leminis
1533 3805 1559 3861 in
1574 3804 1705 3879 bis,quae
1716 3813 1833 3878 possunt
1843 3807 1911 3880 ipsis
1928 3808 1993 3865 ada·

353 3908 385 3957 ut
399 3901 423 3954 si
437 3899 565 3970 loquatur
579 3893 750 3967 privilegium
761 3908 809 3966 per
820 3893 887 3949 baec
899 3895 957 3964 ipsa
968 3894 1050 3950 verbo
1061 3898 1149 3963 uiros,
1187 3893 1268 3966 plari,
1286 3901 1319 3950 ut
1333 3892 1400 3950 bene
1411 3893 1494 3950 tradit
1504 3894 1710 3964 Eman.iloder.
1719 3901 1739 3950 ι.
1753 3898 1812 3968 lul.
1825 3897 1934 3968 li,art.
1943 3902 1993 3961 ιι.

352 3995 402 4046 aut
424 3984 592 4050 uocseulos;
617 3983 668 4040 alio
687 3981 768 4038 modo
787 3981 860 4054 loqui
876 3989 967 4053 potest
981 3984 1152 4060 privilegium
1187 3986 1231 4042 sio
1252 3984 1333 4041 eliam
1354 3983 1524 4056 privilegium
1541 3983 1666 4041 absolute
1680 3999 1847 4042 concessum
1861 3986 1935 4056 litiis,
1954 3995 1996 4044 et-

352 4091 403 4149 per
416 4089 514 4132 nomen
529 4071 702 4142 communis,
717 4085 766 4126 seu
780 4070 921 4143 ambiguae
936 4071 1150 4146 significationis,
1186 4072 1238 4128 iam
1261 4071 1366 4128 tiliabns
1389 4077 1431 4127 est
1454 4085 1622 4143 commune,
1646 4073 1697 4128 nisi
1718 4087 1751 4130 ex
1772 4073 1824 4130 alio
1847 4077 1939 4147 capite
1960 4091 1992 4132 es

353 4172 386 4222 ul
400 4169 442 4222 est
456 4163 508 4221 boc
524 4175 623 4218 nomen
637 4157 741 4225 bomo,
755 4156 855 4232 filius,
878 4166 906 4216 et
920 4160 987 4232 alia,
1002 4176 1072 4234 quae
1087 4179 1153 4220 cnm
1188 4175 1271 4232 supra
1293 4160 1373 4217 dictis
1395 4159 1563 4217 liniuaoon
1583 4161 1633 4232 sit,
1652 4163 1718 4234 quie
1735 4175 1770 4219 ex
1794 4165 1820 4220 ιι
1840 4166 1918 4220 vocis
1928 4163 1994 4236 filit

353 4253 404 4310 illis
418 4252 569 4325 adaequate
583 4248 624 4305 vel
639 4247 772 4304 adiective
786 4247 915 4322 coniungi
926 4258 1094 4321 possunt,ut
1107 4265 1152 4307 re·
1187 4263 1286 4306 nomen
1306 4261 1453 4305 commune
1466 4253 1509 4304 cst
1525 4247 1592 4304 filias
1607 4251 1808 4322 complectens,
1824 4259 1857 4309 ut
1877 4252 1995 4310 babetur

354 4342 487 4416 ltpioscs.
504 4337 619 4406 nobilis,
639 4343 667 4395 ct
681 4337 787 4411 similia,
804 4336 866 4395 talin
881 4339 963 4395 etiam
980 4344 1045 4395 sunt
1059 4340 1103 4397 illo
1117 4341 1152 4396 sl·
1187 4337 1213 4394 in
1227 4337 1245 4394 Ι.
1262 4339 1357 4406 iustu,
1376 4341 1444 4409 201,
1460 4333 1488 4394 cl.
1504 4334 1537 4392 de
1552 4338 1629 4394 verb.
1651 4339 1795 4412 significet.
1818 4346 1847 4397 et
1871 4344 1993 4400 sumitur

353 4447 407 4506 gna
421 4429 540 4496 nullus,
558 4429 668 4494 ononis,
685 4429 765 4500 puis,
781 4429 842 4500 pul,
861 4433 889 4484 ct
903 4427 1009 4484 similia.
1026 4429 1091 4485 bico
1104 4431 1153 4502 igi·
1187 4442 1219 4484 ex
1241 4427 1259 4482 l.
1276 4425 1354 4500 filit,
1377 4433 1405 4483 el
1419 4426 1438 4484 ι.
1455 4441 1646 4500 cognoscere,
1670 4427 1778 4500 eodem,
1802 4435 1943 4503 queleaus
1967 4433 1992 4488 in

355 4529 412 4590 tur,
424 4520 534 4592 quoties
548 4517 721 4590 privilegium
735 4515 798 4572 viris
812 4515 973 4572 conceditur
988 4517 1040 4573 sub
1054 4518 1153 4589 priori·
1187 4515 1273 4586 priori
1291 4514 1409 4589 dicitur,
1431 4515 1499 4572 filies
1517 4517 1610 4573 vocari
1635 4532 1730 4575 omnes
1750 4517 1867 4592 liberos,
1892 4521 1918 4576 in
1941 4521 1993 4578 alia

353 4611 407 4667 bus
428 4607 604 4677 nominibus,
625 4620 678 4662 non
699 4603 933 4677 comprehendere
953 4606 1084 4680 lemicae,
1102 4619 1152 4664 nec
1188 4618 1252 4662 vero
1265 4603 1377 4677 dicitur,
1396 4603 1546 4663 liberorum
1561 4607 1669 4663 comice
1682 4607 1818 4665 contineri
1836 4616 1866 4666 et
1879 4611 1953 4668 viros
1966 4616 1995 4668 et

352 4699 405 4756 illis
418 4696 544 4756 concedi.
561 4697 602 4753 lte
616 4695 734 4751 sumitur
747 4709 780 4750 ex
801 4694 916 4751 flebello
931 4710 1016 4767 supra
1032 4696 1151 4770 dicente,
1187 4693 1317 4768 leminas3
1331 4700 1360 4752 el
1377 4709 1426 4767 per
1445 4709 1473 4751 se
1493 4700 1619 4766 constat,
1640 4697 1703 4769 quia
1721 4697 1875 4756 liberorum
1892 4715 1993 4757 nomeu

352 4791 376 4846 si
396 4787 568 4860 privilegium
592 4781 762 4841 concedatur
786 4782 920 4856 religiosis
939 4784 992 4840 sub
1012 4784 1064 4842 bac
1079 4785 1153 4843 addi·
1188 4789 1294 4840 tanturn
1314 4783 1396 4840 babet
1415 4783 1559 4841 masculini
1574 4783 1706 4856 sormam,
1722 4792 1817 4844 steten
1838 4787 1993 4846 femininam

354 4881 425 4935 tione
441 4878 514 4932 eicis
527 4871 672 4946 religiosis
684 4870 784 4946 (quatis
798 4870 915 4929 babetur
927 4873 955 4929 io
967 4887 994 4929 c.
1006 4875 1152 4932 Pastore·
1185 4876 1214 4930 in
1232 4873 1284 4930 bac
1304 4873 1511 4946 significatione.
1525 4873 1599 4946 Ergo
1612 4874 1691 4932 etiarn
1706 4876 1733 4931 ia
1747 4877 1861 4934 materia
1878 4880 1992 4950 privile·

352 4969 398 5035 ils,
410 4968 443 5025 de
458 4963 665 5039 privileg.l,nou
682 4959 790 5018 extendi
805 4960 838 5017 sd
853 4961 992 5017 moniales.
1004 4963 1152 5020 confirma·
1185 4961 1387 5036 giorunr,quod
1399 4962 1458 5019 liliis
1470 4961 1595 5020 absolute
1605 4961 1777 5034 conceditur,
1785 4963 1894 5024 filiabus
1911 4967 1993 5023 etiam

352 5060 428 5131 rique
449 5057 500 5114 boc
522 5058 622 5126 potest,
638 5067 670 5107 ex
685 5049 737 5122 bis,
753 5063 823 5122 quac
833 5049 867 5106 de
881 5050 992 5108 nomine
1004 5051 1052 5108 riri
1067 5051 1149 5108 tradit
1186 5051 1266 5109 datur
1280 5065 1313 5109 ex
1327 5053 1353 5108 ιι
1367 5050 1485 5124 vecis,si
1495 5050 1585 5108 etillis
1597 5049 1718 5124 adaptari
1729 5052 1867 5124 possit,et
1883 5053 1991 5112 aliunde

355 5149 427 5203 Birt.
441 5147 468 5201 io
483 5145 502 5200 l.
518 5144 585 5216 t,c.
600 5139 633 5198 de
645 5139 772 5213 dignitat.
786 5137 831 5195 lib.
850 5143 894 5210 ll,
908 5155 934 5195 a.
949 5143 995 5199 ll.
1005 5138 1079 5198 idem
1091 5153 1152 5198 cer·
1185 5155 1239 5198 non
1259 5146 1369 5198 constet
1390 5139 1527 5198 demente
1542 5139 1628 5213 megis
1642 5139 1780 5200 restricta.
1795 5140 1869 5201 idem
1887 5157 1989 5202 censeo
