4260 6222
418 309 480 372 tat
1113 315 1303 369 areanum.

377 467 446 526 ceps
462 448 620 517 carcedat;
635 464 702 522 ergo
716 447 791 504 nulla
805 451 933 518 superest
946 445 1098 502 necessitas
1113 445 1179 500 noti·
1217 447 1250 502 lis
1265 459 1394 518 expresse
1409 445 1483 504 illam
1498 446 1629 504 indicavit
1641 447 1760 524 sylvest.
1777 465 1873 522 supra,
1886 451 1928 508 ubi
1940 469 1993 510 cun

378 541 670 598 liaeconcessionisin
687 532 1180 611 privilegiarioadelleclumprivila·
1215 535 1347 606 dixisset,
1370 536 1544 612 privilegium
1563 540 1996 611 motuproprioooncessnmaon
2092 597 2093 600 ,

300 681 304 690 .
376 631 429 703 gii,
450 629 513 702 quia
533 629 622 686 solum
644 633 755 699 propter
774 627 992 699 acceptationem
1008 621 1177 695 postulatur,
1215 626 1315 683 habere
1336 627 1465 684 ellectum
1488 633 1550 684 ante
1571 630 1614 686 sui
1635 629 1773 699 notitiam,
1796 628 1869 687 addit
1882 630 1998 688 limitatio

376 733 443 790 ergo
457 718 522 775 nihil
537 717 611 775 aliud
626 725 679 788 est,
695 714 769 788 quad
784 730 817 772 ex
831 723 908 787 parte
923 711 1096 784 privilegiarii
1107 710 1178 768 desi·
1215 732 1292 772 nem:
1313 719 1383 773 Nisi
1398 721 1550 790 appareat
1564 715 1600 773 de
1613 717 1765 776 voluntate
1779 722 1931 777 contraria
1942 737 1998 777 coa·
2092 721 2093 744 ¹

377 807 504 873 deretur3
518 822 584 878 0t80
596 821 660 862 cum
673 804 801 862 voluntas
812 801 944 875 principis
955 803 990 858 sit
1000 801 1110 872 silicas,
1125 806 1180 856 sia·
1217 805 1366 874 cedentis;
1388 807 1519 879 supponit
1531 821 1598 879 argo
1612 823 1666 863 non
1681 806 1776 863 deesse
1789 806 1826 862 illi
1841 815 1996 880 potestatem,

377 897 426 952 tim
442 901 581 966 operatur.
599 895 633 951 Ei
647 894 716 950 hano
733 891 893 950 sententiam
908 889 993 948 tradit
1006 889 1081 966 sylv.
1096 889 1179 946 verbo
1217 904 1246 952 rt
1260 893 1357 952 eodem
1373 895 1453 952 modo
1470 895 1555 952 locuti
1570 902 1634 952 rurrt
1648 895 1779 969 Augetur,
1791 903 1818 952 et
1832 897 1917 952 floret,
1930 904 2000 954 0121.

372 983 579 1060 privilepiam,
599 1000 628 1057 q.
642 983 693 1040 ult.
706 982 1034 1040 elrerboreaunoialio.
1048 995 1076 1053 q.
1090 984 1117 1050 l,
1130 980 1180 1035 Ta·
1219 1001 1312 1057 presse
1334 984 1419 1041 Felin.
1442 985 1466 1040 in
1487 985 1562 1041 dicta
1583 983 1689 1042 limitet.
1708 987 1734 1041 3.
1759 984 1834 1041 Unde
1852 984 1905 1040 lere
1918 985 2000 1056 reliqui
2091 1055 2093 1066 Ι

377 1074 450 1130 lrien.
472 1075 557 1130 rerlro
572 1071 769 1146 indalpeatia,
788 1087 815 1144 q.
834 1076 881 1144 20,
895 1069 987 1128 Rosci.
1000 1087 1028 1124 n·
1044 1075 1074 1126 8:
1091 1068 1181 1141 sequi·
1217 1081 1348 1132 auctores
1368 1080 1498 1146 negantes
1512 1073 1546 1130 de
1561 1073 1633 1130 laeto
1649 1073 1724 1129 hunc
1738 1073 1883 1143 ellectum,
1901 1080 2000 1130 utuntur

377 1169 424 1220 tur
449 1165 565 1221 Sanolns
584 1163 705 1219 reserens
724 1161 816 1233 plures
836 1160 881 1216 lib.
903 1167 927 1218 t.
945 1159 977 1215 de
993 1157 1110 1213 matrim.
1127 1155 1181 1212 dis·
1216 1162 1754 1222 coniecturisindlcantilrusvoluntatem
1771 1162 2001 1232 concedentis,non

377 1259 439 1324 put.
461 1257 493 1318 6,
510 1269 536 1308 ιι,
553 1255 599 1310 29.
616 1253 652 1308 Et
671 1252 738 1307 haee
757 1251 889 1305 sententia
904 1247 973 1304 loric
988 1263 1043 1302 nou
1057 1252 1100 1301 est
1114 1260 1181 1300 00¹1·
1222 1268 1286 1308 vero
1301 1254 1427 1309 nituntur
1441 1254 1467 1308 in
1482 1252 1592 1309 deiectu
1604 1253 1759 1323 potestatis.
1773 1254 1808 1308 Et
1819 1259 2001 1324 consequenter
2092 1261 2093 1268 ’

378 1342 464 1399 traria
478 1343 598 1414 primae;
615 1356 678 1396 nam
692 1340 801 1397 eosdem
817 1338 873 1395 lere
884 1337 965 1394 habet
976 1341 1120 1400 stratorest
1134 1333 1181 1390 sed
1219 1356 1272 1397 nort
1294 1344 1430 1411 sentiunt,
1454 1342 1505 1398 troo
1526 1356 1680 1414 repugnare
1699 1341 1851 1414 privilegio,
1868 1348 1898 1396 ιιι
1910 1342 2001 1412 prtrttr.
2091 1359 2093 1390 ι

378 1438 421 1488 osi
435 1432 493 1488 eills
507 1431 669 1500 declaratio,
684 1435 714 1486 oi
728 1427 890 1499 moderatio,
904 1428 1081 1497 proximoque
1091 1421 1124 1480 ati
1136 1437 1181 1477 t’a·
1220 1432 1294 1504 giutn
1309 1439 1362 1488 est,
1379 1431 1457 1489 Ratio
1472 1446 1538 1503 ergo
1552 1437 1604 1500 est,
1617 1431 1680 1503 quia
1690 1446 1723 1486 eq
1735 1438 1813 1502 parte
1826 1429 1950 1504 privilegii
1958 1447 2000 1486 pop

377 1521 489 1577 ritatem
510 1518 629 1591 accedlt3
649 1518 739 1590 aliqua
758 1523 849 1574 tamen
868 1515 962 1574 maiori
979 1511 1082 1587 indiget
1096 1513 1180 1583 expli·
1221 1524 1312 1590 potest
1333 1518 1464 1592 assignari
1486 1517 1683 1591 repugnantia3
1704 1533 1772 1590 ergo
1791 1531 1881 1588 neque
1893 1533 1924 1573 ex
1938 1525 2001 1588 parte

379 1613 499 1681 catione,
518 1625 589 1683 quae
604 1609 701 1681 parlim
718 1606 914 1665 restrictionem
927 1605 1070 1674 maiorem,
1083 1603 1182 1674 partim
1219 1609 1350 1679 principis
1369 1613 1460 1678 potest
1478 1607 1611 1679 assignari
1632 1607 1716 1676 ratio,
1737 1603 1876 1662 cordesit
1888 1613 2000 1678 poteras.

377 1699 499 1774 aliquam
517 1698 717 1770 flffllliilliffleffl
732 1696 880 1753 θθΰῑῑθθθῑ·
894 1695 979 1767 lelius
995 1693 1019 1748 5¹¹
1031 1692 1123 1764 primis
1135 1690 1183 1747 id·
1221 1696 1383 1756 Declaratur
1398 1694 1578 1762 antecedens,
1595 1695 1675 1751 simul
1695 1695 1835 1766 probando
1850 1711 2002 1768 consequen·

376 1798 475 1857 serto,
492 1789 678 1861 quaestionem
694 1785 764 1842 hanc
780 1801 860 1857 posse
875 1784 987 1840 tractari
1002 1781 1035 1839 de
1050 1780 1181 1854 possibili,
1219 1787 1297 1857 tiam,
1314 1788 1379 1861 quir
1393 1787 1436 1842 ret
1451 1786 1495 1842 ιιι,
1510 1783 1690 1858 repugnrrrttr
1704 1791 1747 1840 ert
1760 1793 1859 1841 contra
1872 1786 1951 1858 tegam
1965 1801 2001 1841 nr.

377 1880 421 1937 vei
433 1881 466 1937 de
477 1879 560 1946 secio,
570 1877 597 1934 id
608 1883 662 1949 est,
672 1890 705 1931 tlu
716 1874 784 1932 dans
796 1874 966 1946 privilegium
978 1873 1000 1929 si
1011 1870 1184 1942 salisparsa
1218 1876 1352 1948 tutelam,
1370 1882 1399 1944 et
1412 1875 1479 1932 haec
1495 1875 1569 1930 nulla
1583 1879 1640 1946 est,
1657 1879 1689 1930 ut
1708 1875 1797 1930 statim
1813 1873 1948 1931 ostendant
1960 1875 2002 1930 dir-

378 1970 446 2027 illud
457 1970 493 2026 ita
504 1966 641 2038 conterre,
652 1973 684 2022 ut
695 1971 755 2021 ante
767 1964 889 2020 notitiam
901 1961 1075 2035 privilegiarii
1086 1958 1183 2015 habeat
1220 1966 1358 2023 currendo
1376 1979 1425 2037 per
1439 1980 1533 2020 omnes
1552 1962 1649 2020 modos
1661 2003 1668 2032 ,
1680 1978 1731 2020 seu
1745 1963 1861 2020 allectus
1873 1963 2002 2035 privilegio·

378 2075 461 2116 suum
476 2059 607 2115 effectum
622 2057 647 2112 in
666 2054 760 2126 illum,
775 2052 817 2109 rel
836 2069 887 2125 aa,
907 2051 973 2108 licet
988 2053 1114 2122 princeps
1128 2048 1181 2104 hoe
1219 2071 1293 2122 rum,
1308 2056 1355 2129 qni
1370 2055 1403 2110 ab
1418 2053 1543 2110 omnibus
1558 2051 1732 2124 opinionibus
1745 2051 1842 2109 relatis
1858 2059 2000 2126 tanguntur

377 2151 477 2222 possit,
493 2145 667 2202 nihilominus
680 2143 714 2200 de
725 2143 815 2214 lacto,
828 2148 856 2197 et
869 2139 1023 2198 sacrandum
1038 2137 1124 2212 legem
1138 2153 1184 2193 or·
1222 2145 1265 2201 rel
1280 2150 1322 2201 est
1336 2151 1433 2217 contre
1444 2143 1531 2216 legem
1543 2144 1699 2213 positivam,
1710 2147 1739 2198 et
1753 2140 1819 2198 huic
1832 2141 1956 2214 derogare
1965 2157 2002 2214 po·

377 2237 510 2294 dinarium
527 2249 668 2307 nonquam
683 2232 750 2289 illud
764 2233 801 2288 ita
814 2227 958 2286 concedat.
975 2226 1075 2286 Deinde
1090 2227 1182 2283 eonsi-
1220 2239 1276 2291 test
1295 2235 1423 2306 princeps
1444 2247 1592 2305 supremus
1605 2247 1654 2304 per
1668 2248 1745 2289 suam
1760 2237 1924 2302 potestatem
1938 2234 2003 2305 legit.

379 2327 456 2396 dero,
472 2323 617 2397 aliquando
633 2321 714 2379 talem
728 2336 789 2378 esse
802 2320 930 2377 ellectum
945 2317 1091 2390 privilegii,
1104 2322 1134 2372 ut
1148 2313 1182 2371 ad
1222 2321 1342 2392 intirim,
1358 2323 1400 2380 ret
1415 2319 1599 2394 dispensando
1614 2336 1710 2378 secum
1723 2322 1750 2376 in
1766 2317 1813 2377 lali
1829 2323 1902 2391 ture,
1917 2321 1953 2378 ret
1966 2338 2003 2393 prr

379 2415 458 2473 illum
474 2413 612 2470 moraliter
622 2427 677 2468 non
688 2411 844 2484 requiratur
860 2424 1029 2478 cousensus,
1044 2406 1087 2462 rel
1102 2420 1182 2461 acce·
1218 2413 1492 2484 interpretationem,
1512 2417 1561 2467 rut
1578 2409 1630 2466 rito
1652 2409 1732 2466 modo
1748 2425 1778 2464 rr,
1797 2411 1834 2466 rt)
1847 2410 1892 2468 itti
1904 2413 2004 2466 eximet.

378 2505 465 2578 plutio
484 2502 666 2575 privilegiato·
681 2507 712 2556 ul
722 2507 764 2556 etl
776 2517 802 2554 t·
815 2515 843 2572 8·
856 2497 993 2570 exemptio
1008 2494 1138 2566 alicuius,
1153 2500 1184 2550 ul
1218 2503 1270 2570 do,
1293 2509 1321 2558 et
1339 2503 1378 2558 sic
1394 2500 1483 2558 ablata
1498 2500 1691 2573 repugnantia,
1706 2515 1759 2555 non
1774 2499 1864 2557 deerit
1876 2503 1903 2556 in
1915 2499 1954 2556 illo
1966 2515 2003 2571 po

379 2593 612 2652 excommunicari
631 2605 685 2648 aaa
701 2592 802 2662 possit,
816 2587 880 2661 quia
895 2587 938 2644 hic
952 2586 1066 2643 effectus
1080 2600 1133 2642 non
1149 2584 1184 2641 sit
1220 2597 1303 2647 testas
1327 2590 1360 2647 ad
1375 2588 1584 2652 concedendum
1599 2588 1645 2644 illo
1659 2588 1740 2644 modo
1755 2589 1939 2662 privilegium
1954 2603 2002 2644 nan

381 2684 468 2741 inille
483 2682 601 2755 dilecte,
616 2680 663 2736 sed
679 2681 794 2736 residiat
807 2680 834 2734 in
849 2677 909 2749 ilio,
925 2673 1072 2732 auferendo
1085 2675 1117 2730 ab
1129 2674 1181 2730 alio
1218 2680 1286 2738 haec
1302 2695 1388 2753 atque
1402 2695 1530 2751 suprema
1543 2687 1586 2735 est
1599 2694 1632 2734 ao
1647 2683 1767 2750 potestas
1783 2678 1937 2752 iegisiaiita.

380 2780 545 2847 poleslalem
565 2767 819 2828 excommunicandi
832 2767 920 2824 illum.
937 2766 1049 2837 Saepius
1066 2780 1131 2820 vero
1145 2763 1183 2820 ei·
1264 2774 1306 2828 to.
1325 2769 1485 2827 Declaratur
1501 2775 1592 2825 autem
1605 2766 1673 2824 haec
1686 2769 1767 2836 ratio,
1778 2775 1807 2825 at
1819 2767 1958 2826 roboratur
1969 2782 2003 2822 as·

381 2863 471 2920 seclus
488 2861 616 2932 trrivilegii
636 2857 695 2914 lulis
712 2865 770 2929 esi,
787 2865 817 2913 ut
830 2857 953 2929 requirat
966 2854 1182 2924 acceptationem
1218 2861 1321 2931 sertin,
1343 2855 1525 2915 discurrendo
1547 2871 1595 2928 per
1616 2871 1710 2912 omnes
1729 2855 1916 2914 distinctiones
1931 2863 2003 2912 tactas

381 2951 547 3023 recipientis,
566 2955 597 3005 ut
611 2954 654 3004 cst
667 2948 810 3003 concessio
826 2946 970 3017 potestatis
983 2943 1017 3000 ad
1027 2941 1182 3016 eligendum
1219 2949 1328 3008 aperilis
1343 2947 1514 3028 auctoribus.
1528 2947 1563 3002 Et
1577 2947 1603 3000 in
1617 2933 1721 3018 p'rimis,
1737 2947 1762 3000 in
1779 2948 1932 3022 privilegiis,
1947 2961 2003 3019 qnae

383 3036 629 3109 consessorem,rel
639 3035 671 3093 nd
681 3035 827 3093 audiendas
836 3033 1103 3106 contessionesqnam
1116 3031 1196 3096 haec,
1219 3039 1379 3097 consistunt
1390 3043 1497 3092 tanturn
1508 3035 1533 3090 in
1547 3034 1682 3092 aptatione
1693 3037 1783 3091 operta
1793 3037 1911 3109 impositi
1923 3052 1936 3091 r
1946 3036 2004 3106 prin.

381 3129 522 3203 privilegia
536 3128 694 3185 renaanciari
709 3133 835 3198 possunt,
849 3131 876 3181 et
890 3140 939 3197 per
950 3123 1183 3180 renunciationem
1219 3130 1291 3201 cipe,
1308 3128 1351 3184 rel
1366 3125 1519 3198 republica,
1533 3129 1581 3180 aut
1591 3139 1607 3180 a
1617 3124 1687 3197 lege,
1702 3123 1809 3182 videtur
1821 3142 1866 3182 res
1876 3124 2003 3196 clarapro

382 3221 552 3294 perduntur,
569 3225 600 3275 ut
614 3218 682 3274 intra
697 3215 872 3286 ostendetur3
889 3229 956 3287 ergo
971 3213 1065 3271 maiori
1078 3214 1183 3269 ratione
1221 3226 1282 3291 pter
1303 3217 1436 3274 rationem
1458 3215 1559 3271 laetam
1581 3213 1606 3269 in
1627 3221 1726 3287 quarta
1741 3217 1891 3287 scatentia,
1905 3216 2003 3284 scilicet,

382 3327 433 3384 per
446 3309 656 3376 refutationem,
675 3313 706 3363 ut
719 3305 757 3362 sic
773 3304 874 3376 dicam,
891 3303 933 3360 rel
947 3317 1002 3360 non
1017 3304 1183 3374 acceptatio·
1219 3311 1283 3381 quia
1302 3304 1369 3364 illud
1393 3320 1463 3362 onus
1484 3303 1654 3360 aroluntate
1673 3303 1803 3376 principis
1819 3305 1948 3373 manarit,
1960 3317 2002 3357 noo

383 3416 446 3456 rtem
462 3415 515 3456 non
528 3399 710 3470 recipientur,
722 3409 789 3466 ergo
800 3394 908 3467 signum
920 3399 974 3462 est,
988 3393 1127 3464 requirere
1138 3407 1184 3448 ac·
1219 3402 1344 3470 spectato
1358 3409 1509 3466 consensu,
1526 3392 1568 3448 rel
1582 3392 1696 3449 scientia
1710 3393 1781 3464 eins,
1796 3394 1845 3450 cui
1862 3395 2001 3465 imponitur,

383 3492 577 3562 captationem.
597 3485 715 3556 Denique
731 3483 856 3554 adverto,
868 3483 939 3538 inter
950 3481 1184 3554 privilegioquae-
1219 3495 1247 3544 et
1257 3487 1291 3543 ab
1305 3486 1350 3542 illa
1366 3483 1481 3558 pendett
1494 3497 1560 3555 ergo
1572 3498 1620 3554 per
1633 3481 1756 3538 eamdem
1771 3483 1858 3540 solam
1874 3489 1955 3558 potest
1965 3496 2003 3536 au·

384 3581 446 3638 dam
467 3595 546 3649 esse,
568 3591 686 3650 quorum
707 3573 823 3630 eiieolus
843 3578 935 3643 potest
953 3569 1052 3627 habere
1065 3571 1183 3643 aliquem
1220 3578 1296 3648 terri,
1312 3591 1364 3631 non
1381 3579 1526 3645 expectata
1537 3571 1644 3643 aeolia,
1657 3571 1699 3629 rel
1710 3574 1899 3643 acceptatione
1909 3571 2000 3628 subditi.

386 3687 483 3738 usum,
496 3667 538 3723 rel
549 3667 670 3722 trucium
686 3664 712 3718 in
728 3660 917 3733 privilegiario,
933 3665 1077 3732 antequam
1089 3658 1185 3714 habeti
1219 3666 1313 3724 Dicas:
1337 3663 1501 3735 dispensatio
1522 3661 1549 3716 ia
1569 3660 1628 3734 lege
1648 3667 1691 3717 est
1711 3661 1811 3718 ablatio
1832 3663 1921 3718 oneris
1933 3677 1947 3716 a
1959 3659 2003 3728 lege

386 3759 509 3813 notitiam
530 3755 618 3823 illitos
639 3749 928 3821 U10⁸2lliiliieai⁰fflr
943 3747 1185 3821 lifqlwdfflimt'·
1221 3755 1362 3828 impositi,
1384 3759 1412 3810 et
1430 3760 1520 3808 umas
1542 3749 1659 3822 requirit
1672 3765 1841 3808 consensum
1860 3749 2002 3822 recipientis,

387 3855 434 3902 tur
449 3846 483 3902 ab
497 3845 588 3916 aliquo
602 3856 683 3897 onere
698 3839 815 3912 poenali,
832 3846 863 3895 ut
873 3845 915 3894 est
925 3840 1083 3895 immunitas
1094 3853 1109 3894 a
1120 3853 1184 3894 oen·
1221 3851 1253 3902 ut
1270 3841 1455 3900 communiter
1469 3839 1583 3896 dicitur.
1599 3838 1778 3911 Respondes,
1793 3839 1925 3914 quidquid
1939 3835 2003 3893 sitde

387 3951 469 4005 sura,
485 3933 527 3990 rel
547 3949 562 3988 a
584 3930 705 4000 tributo,
721 3936 775 3986 eto.
796 3927 854 3984 alia
875 3944 940 3985 vero
955 3935 1019 3984 sunt
1032 3927 1182 4000 privilegia,
1219 3935 1308 4006 tecto,
1329 3932 1362 3989 de
1376 3929 1497 4004 potentia
1510 3928 1637 3985 absoluta
1651 3928 1862 4001 dispensantisJ
1870 3927 1960 3986 laisum
1971 3931 2004 3982 eat

385 4041 504 4097 quorum
520 4023 637 4078 allectus
651 4019 757 4076 etiamsi
772 4019 816 4074 liat
827 4023 888 4073 ante
899 4017 1185 4090 notitiampririlegia·
1220 4029 1406 4095 resumptum.
1420 4022 1515 4077 Potest
1527 4019 1599 4076 enim
1610 4020 1684 4091 Papa
1695 4018 1831 4080 clericum
1841 4022 1868 4076 in
1880 4015 2002 4075 sacrista·

348 4171 354 4182 ,
387 4115 431 4185 rii,
447 4130 499 4170 non
517 4118 607 4184 potest
621 4111 645 4166 in
661 4109 705 4166 illo
720 4107 819 4164 habere
830 4123 923 4176 usum,
937 4107 978 4164 vel
993 4107 1115 4163 fructum
1126 4123 1184 4163 mo·
1219 4114 1324 4171 bilitare
1335 4112 1369 4169 ad
1381 4111 1597 4180 matrimonium,
1609 4111 1691 4165 etiam
1701 4110 1832 4179 inritum,
1842 4107 2002 4178 irnsilliprae·

386 4195 1185 4272 ralemslnepericulopeccati,utestdispensaticinolrli·
1219 4204 1327 4274 cipere,
1348 4206 1381 4257 ut
1401 4198 1544 4256 contrahat
1564 4198 1648 4268 illud,
1668 4200 1691 4254 si
1710 4197 1745 4254 ad
1759 4213 1906 4255 commune
1918 4197 2001 4252 bonan
2091 4231 2092 4256 ,

385 4293 494 4363 Sillim
511 4289 589 4362 'edila
605 4289 646 4344 Vel
662 4287 687 4343 ¹⁰
702 4285 896 4357 lffliedifflessffl
910 4285 1089 4356 miilifflfflffii
1105 4300 1184 4342 ¹10ss1⁰
1218 4292 1371 4359 Ecclesiae,
1387 4288 1429 4344 rel
1445 4286 1562 4344 alieuius
1576 4289 1652 4360 regni
1667 4287 1767 4345 viderit
1779 4287 1915 4360 expediret
1931 4289 2002 4356 potest

386 4382 459 4437 enim
482 4383 574 4451 polest
596 4377 668 4434 licite
689 4377 729 4432 uti
750 4374 795 4431 tali
809 4373 1010 4446 dispensatione
1031 4381 1093 4432 ante
1115 4375 1185 4432 noti·
1218 4382 1301 4438 etiarn
1322 4378 1462 4453 praelatus
1481 4377 1616 4450 religionis
1631 4375 1830 4449 dispensarem
1843 4375 1937 4434 ieiunio
1950 4385 2000 4428 eran

300 4469 304 4475 ⁷
386 4470 450 4526 iiim
464 4467 532 4524 ⁸³⁰⁸·
1219 4469 1327 4528 subdito
1347 4485 1401 4525 non
1423 4471 1545 4540 petente,
1568 4468 1623 4523 imo
1642 4465 1675 4522 de
1695 4482 1725 4523 se
1740 4457 2000 4539 repugnante,etilli

425 4563 452 4616 9.
470 4559 536 4614 Dico
555 4571 621 4628 ergo
642 4556 745 4626 primo:
763 4555 790 4608 lu
807 4551 927 4624 principe
942 4553 1070 4623 supremo
1085 4568 1198 4637 conce-y
1219 4559 1392 4634 praecipere,
1414 4565 1444 4621 ut
1459 4574 1512 4613 noa
1527 4557 1638 4613 ieiunat.
1655 4557 1714 4612 Non
1729 4562 1772 4613 est
1785 4573 1853 4630 ergo
1868 4552 2001 4613 necessaria

384 4647 465 4703 alente
485 4645 675 4718 privilegium,
696 4658 749 4698 non
770 4641 846 4698 deest
861 4649 982 4714 potestas
995 4640 1028 4698 ad
1043 4643 1186 4700 conieren-
1219 4650 1382 4721 simpliciter
1397 4646 1551 4719 acceptatio
1563 4645 1648 4717 partis
1659 4645 1693 4702 ad
1704 4646 1936 4718 dispensationem
1947 4653 2000 4712 ergo

386 4735 452 4792 dum
466 4732 532 4791 illud
548 4749 612 4790 cnm
624 4738 698 4788 lanta
710 4731 888 4801 amplitudine
901 4739 928 4788 et
938 4731 1073 4803 efficacia,
1086 4741 1117 4790 ut
1128 4741 1183 4791 sta·
1218 4754 1308 4813 neque
1321 4745 1364 4796 est
1377 4737 1532 4794 necessaria
1547 4734 1581 4791 ad
1592 4735 1719 4792 ellectum
1732 4736 1867 4809 privilegii
1879 4730 2000 4790 includen-

386 4827 434 4884 tim
449 4831 579 4897 operetur
594 4837 677 4878 tuum
690 4819 818 4887 allecium
830 4823 855 4875 in
869 4821 1050 4893 privilegiato>
1063 4821 1184 4878 nondum
1220 4831 1256 4886 tis
1272 4827 1513 4902 dispensationem,
1531 4825 1612 4899 quale
1625 4833 1668 4882 est
1682 4841 1762 4882 omne
1773 4823 1852 4895 illud,
1863 4822 1931 4898 quod
1943 4833 1999 4875 auus

386 4916 502 4972 habente
526 4913 647 4990 notitiam
668 4910 807 4983 privilegii.
828 4912 903 4966 lianc
926 4912 1104 4967 assertionem
1119 4928 1184 4984 sup·
1219 4925 1327 4976 trrtrrm
1347 4917 1449 4975 aufert,
1471 4917 1626 4972 Ertrrrtrrrr
1642 4914 1694 4971 troo
1709 4915 1860 4972 evidentius
1873 4915 1897 4969 tr
1910 4906 1999 4983 privile-

386 5013 493 5078 ponunt
512 5008 641 5060 auctores
660 4999 797 5055 secundae
816 4989 1077 5072 sententiae,‘quana
1091 5001 1116 5056 in
1132 5002 1183 5059 hoo
1217 5011 1263 5081 gio
1277 5007 1419 5072 auferente
1432 5021 1503 5064 onus
1515 5010 1620 5061 lantum
1632 5004 1755 5076 poenale,
1767 5003 1842 5078 quod
1853 5007 1998 5075 potestess-

386 5092 470 5151 actisu
486 5093 608 5162 admitto,
624 5095 653 5144 et
664 5103 718 5144 non
733 5089 759 5143 in
771 5089 831 5145 alio.
845 5090 911 5145 llem
922 5105 954 5144 ex
966 5097 1043 5160 parte
1055 5089 1126 5149 illam
1138 5091 1184 5146 ad·
1218 5097 1290 5154 terra
1310 5097 1435 5153 intactum
1451 5097 1508 5151 sine
1522 5093 1645 5166 periculo
1659 5094 1859 5166 conscientiae,
1873 5091 1931 5164 quia
1944 5093 1996 5141 tunc

386 5187 501 5244 mittunt
514 5191 643 5240 arrclores
659 5181 753 5266 tertiae
767 5186 794 5236 at
806 5187 920 5254 quartae
932 5181 1091 5254 sententiae,
1103 5187 1131 5237 et
1141 5197 1186 5236 sa·
1218 5201 1271 5243 non
1280 5186 1370 5244 solum
1380 5185 1568 5259 repugnantia,
1577 5198 1672 5241 aeruna
1681 5182 1760 5241 etiam
1770 5182 1914 5240 indecentia
1922 5183 1996 5234 ostes·
