4232 6220
840 329 1062 386 corceatur.
1655 287 1716 384 o'or

120 459 219 522 eadem
240 461 448 536 decimaquarta
467 460 550 534 luna,
576 462 601 518 in
620 477 675 535 qua
689 460 847 518 celebratur
862 477 877 517 a
891 461 930 517 iu·
967 465 1084 520 tririsece
1106 461 1194 519 molus
1217 477 1285 518 risus
1306 461 1416 518 illorum
1437 463 1639 519 sacrificiorum
1655 461 1708 519 sub
1723 476 1767 519 ra·

118 553 211 623 dacis,
231 552 452 611 ecclesiasticum
471 565 546 624 esse,
562 551 738 608 nihilominus
756 567 810 608 non
824 552 931 608 aulerc-
967 555 1041 610 tione
1056 550 1238 624 sacrificandi,
1250 558 1276 608 et
1290 551 1396 608 colendi
1410 555 1496 608 ιιιιιι
1508 567 1557 624 per
1571 552 1628 624 illa,
1638 554 1703 625 quia
1716 552 1768 610 iem

121 652 170 702 tur
184 643 219 699 ab
240 643 298 715 ipsa
312 641 448 710 Ecclesia,
465 656 516 698 nec
531 641 630 698 aulerri
645 647 754 712 potest,
771 642 833 714 quia
848 641 931 712 Spiri·
966 657 995 699 re
1011 659 1074 699 rere
1089 659 1143 699 non
1158 649 1236 699 erant
1251 641 1383 698 sacrificia
1396 641 1496 714 divina,
1513 658 1563 698 neo
1582 658 1630 714 per
1645 642 1767 699 homines

122 743 170 790 tus
192 740 306 788 sanctus
325 737 416 788 rector
435 731 575 816 Ecclesiae
591 731 617 788 id
631 747 683 788 non
699 732 852 802 permittet,
868 730 932 802 quia
965 737 1117 803 potuerunt
1132 731 1238 788 restitui
1253 732 1279 786 in
1294 729 1370 786 illum
1385 731 1585 800 staturn.Quo'd
1601 737 1688 802 petet,
1704 732 1769 804 quia

123 823 308 894 perniciosum
328 827 403 878 esset
420 831 449 876 et
461 819 675 890 scandalosum,
692 820 795 893 absque
810 819 866 877 ulla
880 819 933 876 uti·
964 820 992 877 id
1012 837 1065 877 non
1087 827 1181 892 potest
1193 821 1249 876 lreri
1264 821 1429 878 arrctoritate
1444 822 1559 892 privata,
1576 821 1707 894 quiahoc
1726 837 1769 878 re·

123 913 210 968 litate.
226 911 263 967 Et
275 909 369 967 cedem
387 911 493 967 ratione
509 913 619 983 proprie
633 910 771 985 loquendo
791 925 930 983 nunquam
966 916 1070 982 pugnat
1084 910 1180 965 rationi
1194 909 1427 982 sessionemque
1441 911 1521 967 etiam
1541 911 1704 967 auctoritate
1719 926 1768 983 pu·

123 1000 251 1058 Ecclesia
278 1001 303 1056 in
330 999 382 1056 hoc
406 1009 556 1072 praecepto
580 1000 760 1073 dispensavit:
780 1000 930 1072 eademque
966 990 1037 1054 blica
1052 999 1275 1071 Ecclesiae,quio
1290 1006 1363 1054 esset
1374 999 1579 1056 contracbrlsti
1589 1000 1768 1056 intentionem

124 1091 195 1146 ratio
214 1096 256 1146 est
275 1088 309 1146 de
322 1104 501 1162 quocumque
518 1097 640 1162 tempore
655 1091 760 1156 tuturo,
777 1091 841 1162 quia
857 1089 930 1145 nulla
966 1087 1131 1144 instituentis
1151 1089 1177 1143 in
1199 1087 1323 1144 Ecclesia
1344 1102 1430 1144 unum
1450 1089 1709 1146 excellentissimum
1725 1103 1768 1145 ea·

124 1179 196 1235 ratio
211 1179 337 1235 utilitatis
351 1177 394 1235 rel
407 1178 605 1235 aedificationis
616 1187 710 1251 potest
720 1180 746 1235 in
763 1179 809 1234 tali
821 1175 930 1249 dispen-
964 1177 1100 1233 criticlum
1116 1177 1176 1233 loco
1191 1177 1323 1249 omnium,
1336 1177 1482 1235 etidcirco
1497 1179 1621 1247 unicum,
1641 1181 1705 1251 quia
1720 1194 1768 1251 per

127 1269 235 1325 satione
246 1266 545 1340 inveniri.ldeoque,ut
555 1284 639 1340 supra
651 1269 931 1341 notari,quotlesEc·
965 1282 994 1321 se
1009 1267 1099 1323 solum
1114 1266 1379 1324 sufficientissimum
1393 1274 1447 1338 est,
1457 1275 1488 1324 ut
1504 1269 1556 1324 late
1570 1271 1686 1324 tractari
1699 1270 1726 1324 in
1739 1272 1766 1325 3.

128 1356 213 1414 cleaia
234 1358 319 1414 utitur
340 1355 430 1428 aliqua
449 1358 621 1413 caeremonia
639 1357 672 1414 ad
688 1358 867 1414 imitationem
884 1373 931 1413 en·
965 1362 1020 1427 tp.
1036 1356 1139 1428 3.disp.
1153 1356 1449 1426 tt‚seot.utr.ahlsrts
1460 1365 1553 1415 arrtem
1565 1358 1616 1415 boc
1629 1357 1710 1414 modo
1725 1374 1768 1413 sa·
1787 1429 1790 1439 ἱ

127 1448 221 1519 tiquae
235 1446 314 1520 legis,
327 1461 434 1517 semper
449 1445 475 1502 ld
489 1453 532 1503 est
546 1447 699 1504 secundum
713 1447 834 1520 aliquam
849 1462 930 1518 gone·
965 1447 1283 1517 orificiis,necessarlum
1294 1445 1672 1520 consequenterluit‚codem
1686 1445 1768 1503 modo

126 1536 213 1592 ratem
234 1536 367 1593 rationem
388 1534 483 1592 cultus
505 1534 538 1592 de
559 1552 588 1591 se
607 1543 819 1593 consentaneam
834 1536 930 1592 rationi
966 1551 1077 1594 cessare
1093 1534 1360 1608 sacerdotiumque
1375 1535 1560 1592 sacerdotium
1577 1551 1624 1608 per
1638 1552 1666 1592 se
1682 1537 1768 1607 primo

124 1625 256 1694 naturali,
270 1640 324 1681 non
340 1639 403 1680 rero
418 1624 573 1681 secundum
587 1625 752 1697 peculiarem
765 1624 877 1680 modum
893 1624 931 1679 in·
966 1624 1176 1682 adsacrificium
1188 1623 1340 1696 ordinatur,
1350 1628 1423 1682 iusta
1435 1624 1502 1681 illud
1514 1626 1588 1683 l’auli
1600 1625 1632 1682 ad
1645 1626 1765 1682 llebr.8:

124 1718 256 1773 stitutum
271 1723 298 1771 et
312 1715 488 1790 observatum
503 1716 531 1770 in
546 1717 658 1788 antiqua
674 1714 791 1788 lege,ne
805 1714 931 1772 videatur
967 1715 1072 1773 Omnis
1089 1710 1226 1788 pontifex
1251 1713 1293 1770 od
1319 1711 1506 1786 offerendum
1521 1730 1649 1772 munere
1669 1717 1698 1770 ct
1718 1714 1770 1770 lto·
1856 1739 1862 1748 ¹

124 1803 184 1861 ullo
199 1803 280 1861 modo
295 1802 414 1877 aliquam
429 1818 461 1859 cr
478 1802 529 1859 illis
542 1805 722 1861 caeremoniis
736 1805 865 1880 retinere,
882 1803 930 1860 sed
965 1807 1039 1862 stica
1057 1805 1256 1860 constituitur.
1272 1802 1348 1860 Unde
1362 1806 1444 1860 etiam
1460 1804 1485 1860 in
1500 1803 1559 1876 lege
1572 1805 1676 1878 gratiae
1692 1802 1769 1860 Chri·

124 1891 160 1949 ab
175 1894 248 1950 omni
263 1893 326 1950 mall
341 1895 433 1965 specie
447 1892 594 1951 abstineat.
966 1901 1027 1950 stus
1047 1891 1122 1950 aliud
1143 1893 1329 1949 sacerdotium
1349 1895 1478 1966 institult,
1495 1893 1689 1968 praeterquod
1708 1893 1770 1950 nul·

166 1983 192 2040 i.
209 1984 330 2056 lienique
345 1997 494 2054 possumus
511 1983 606 2040 ultimo
620 1981 736 2060 addere,
753 1983 823 2040 benc
839 1983 930 2056 probi·
966 1983 1024 2040 lum
1039 1983 1174 2040 introduci
1188 1989 1277 2054 potest
1291 1998 1339 2054 per
1353 1981 1436 2039 ullam
1451 1984 1641 2041 auctoritatem
1654 1982 1769 2040 homini·

125 2059 256 2129 hittonem
271 2073 664 2146 caeremoniarum,quatenus
679 2072 781 2147 legales
795 2079 885 2142 erant,
896 2089 930 2131 ex
965 2073 1019 2129 bus
1039 2073 1140 2129 datam.
1158 2070 1231 2128 ldem
1252 2071 1385 2128 iudicium
1406 2071 1548 2129 terendum
1567 2080 1610 2129 est
1623 2071 1657 2129 de
1674 2087 1769 2128 sacra·

124 2164 186 2218 iure
208 2162 298 2219 divino
317 2163 435 2234 positivo
450 2165 572 2233 proxime
586 2163 667 2236 oriri,
685 2169 713 2220 et
726 2163 770 2220 illo
786 2164 930 2236 supposito
966 2163 1076 2232 mentis,
1086 2176 1157 2235 quoe
1172 2159 1328 2216 secundum
1343 2161 1436 2218 locum
1451 2169 1544 2219 tenere
1563 2162 1769 2219 ridenturinter

126 2267 188 2308 esse
203 2251 373 2322 mortiferas,
390 2252 412 2307 si
426 2251 491 2308 dant
503 2266 537 2307 ea
551 2251 652 2310 affectu
666 2253 759 2310 cultus
774 2269 806 2310 er
822 2253 846 2309 ri
861 2254 930 2310 iuris
966 2251 1169 2322 caeremonias,
1185 2266 1255 2324 quae
1270 2251 1375 2306 institui
1390 2252 1479 2308 solent
1491 2251 1525 2308 etl
1539 2251 1648 2309 cultum
1664 2253 1726 2324 Ilei,
1742 2257 1770 2308 et

126 2342 209 2401 divini
223 2341 365 2399 naturalis.
377 2341 538 2398 Declaratur
552 2343 626 2413 prior
641 2358 717 2414 pars,
733 2343 797 2416 qula
811 2343 931 2416 duplici·
967 2338 1553 2411 ordinenturadaliquamsanctiticationem
1565 2340 1767 2413 recipientium.
1802 2329 1805 2337 ’

128 2425 171 2490 t'er
189 2438 309 2504 possunt
329 2431 389 2489 illae
411 2434 599 2490 caeremoniae
614 2433 668 2490 dici
683 2434 800 2506 legales,
826 2435 933 2492 scilicet
966 2432 1041 2497 Quae
1061 2428 1173 2502 quidem
1194 2430 1374 2485 sanctificatio
1396 2431 1421 2485 lo
1443 2429 1503 2504 lege
1521 2445 1594 2486 nora
1610 2431 1771 2487 internecet
1830 2431 1835 2440 '

128 2523 195 2596 quia
209 2527 372 2594 praeceptae
387 2535 436 2593 per
452 2520 547 2594 legem,
565 2523 607 2579 rel
622 2529 727 2580 tantum
743 2525 807 2597 quia
820 2525 931 2581 institu-
966 2519 1177 2601 etperlecta,et
1190 2533 1206 2575 a
1221 2517 1278 2574 solo
1290 2521 1344 2575 lieo
1359 2519 1478 2576 conlerri
1492 2527 1593 2591 potest,
1604 2526 1632 2577 et
1647 2519 1770 2579 ideoEc·

127 2619 188 2682 tae,
210 2612 263 2667 hoc
282 2611 354 2666 enirn
374 2610 530 2667 secundum
548 2611 631 2668 latius
650 2619 739 2685 patet3
760 2630 821 2670 nam
839 2618 932 2686 potest
966 2610 1049 2666 clesia
1064 2625 1120 2665 non
1133 2614 1225 2680 potest
1237 2607 1301 2664 talia
1316 2617 1489 2666 sacramenta
1505 2611 1656 2666 instituere.
1673 2611 1769 2683 Neque

127 2702 221 2775 aliqua
235 2701 407 2758 caeremonia
420 2700 524 2757 institui
537 2703 593 2757 sine
604 2709 751 2775 praecepto
764 2702 857 2759 utendi
873 2702 930 2774 illo,
965 2698 1048 2754 ctiam
1065 2703 1154 2770 potest
1164 2703 1256 2754 vetera
1269 2711 1470 2769 revocare,seu
1482 2708 1640 2770 acceptare,
1651 2702 1715 2772 qula
1726 2700 1770 2756 rel

129 2799 161 2849 ut
175 2806 224 2862 per
248 2805 277 2846 se
296 2796 414 2847 constat.
430 2792 484 2846 Len
499 2799 591 2847 autem
606 2799 686 2849 vetus
700 2792 725 2846 in
742 2799 862 2864 utroque
880 2792 932 2850 luit
967 2789 993 2846 id
1009 2789 1112 2846 laceret
1125 2802 1157 2844 er
1177 2789 1203 2842 sl
1224 2787 1320 2859 prioris
1335 2788 1511 2845 institutionis
1524 2788 1649 2854 divinae,
1665 2789 1706 2846 rel
1721 2803 1770 2862 per

129 2881 307 2954 temporalis,
321 2887 350 2936 et
363 2879 537 2953 abroganda,
553 2889 585 2937 ut
599 2895 631 2938 er
647 2881 827 2954 supradictis
842 2889 930 2956 patet,
966 2895 1065 2936 noram
1079 2877 1276 2949 impositionem
1293 2875 1441 2934 humanam
1456 2877 1501 2934 illa
1514 2878 1694 2937 instituendo:
1712 2893 1768 2936 non

128 2971 246 3043 ideoque
267 2977 415 3043 postquam
430 2970 509 3041 plene
523 2971 654 3044 abrogata
667 2979 727 3046 est,
742 2974 862 3030 cessarit
878 2989 931 3030 non
967 2970 1098 3040 primum,
1115 2967 1180 3040 quia
1193 2967 1284 3028 divina
1299 2969 1433 3025 institutio
1442 2968 1501 3026 lem
1516 2970 1645 3042 cessarit,
1661 2975 1693 3027 ut
1706 2985 1771 3042 sup-

129 3069 239 3120 tantum
253 3060 393 3133 obligatio,
407 3059 454 3116 sed
467 3061 548 3117 etlam
563 3064 701 3120 institutio
716 3061 819 3137 legalis.
832 3065 866 3120 Et
878 3065 930 3120 hoc
966 3059 1088 3131 poniturs
1104 3073 1154 3114 nec
1169 3057 1336 3130 secundum,
1352 3065 1410 3115 tum
1424 3059 1488 3132 qula
1503 3059 1579 3115 nulla
1593 3067 1636 3116 est
1650 3066 1770 3132 potestas

128 3149 241 3224 quidem
258 3157 350 3206 ortum
362 3149 458 3206 hahuit
470 3151 505 3206 ab
518 3149 614 3208 eodem
627 3153 687 3209 iure
698 3151 790 3210 dirlno
804 3154 930 3226 positivo,
968 3151 994 3205 io
1016 3147 1141 3204 Ecclesia
1166 3145 1201 3203 ad
1226 3147 1394 3204 instituenda
1407 3156 1595 3220 sacramenta,
1615 3157 1674 3206 tum
1688 3149 1769 3206 etiam

128 3239 243 3313 quoles
259 3237 628 3310 illaconditaluit,idesta
643 3241 785 3300 liberalici
807 3242 932 3299 volunta·
967 3239 1034 3311 quia
1054 3237 1111 3292 linis
1133 3236 1259 3308 proprius
1281 3237 1376 3293 talium
1395 3245 1634 3294 sacramentorum
1652 3240 1771 3296 cessarit

129 3337 174 3397 te,
190 3345 260 3402 quae
279 3330 427 3388 terminum
440 3329 592 3387 durationis
607 3330 644 3388 illi
661 3330 712 3405 legi
726 3332 866 3404 praefixit,
884 3333 933 3404 qui
966 3328 992 3382 in
1009 3325 1068 3398 lege
1084 3341 1168 3395 nora3
1185 3325 1213 3381 in
1228 3340 1283 3399 qua
1302 3325 1375 3382 sicut
1389 3341 1441 3383 non
1457 3336 1520 3383 sunt
1537 3327 1636 3399 legales
1653 3329 1771 3386 immun·

129 3419 265 3477 terminus
278 3418 329 3475 luit
338 3416 476 3490 Christus,
486 3425 519 3475 ut
531 3435 620 3476 novus
634 3419 821 3493 legislator,et
831 3434 931 3476 conse·
966 3414 1056 3487 ditiac,
1069 3415 1207 3496 itaxneque
1221 3421 1263 3469 est
1276 3415 1429 3486 purificatio
1443 3414 1548 3488 legalis,
1560 3431 1609 3472 seu
1628 3419 1771 3490 carnis,ut

129 3517 247 3583 quanter
257 3508 302 3566 lex
311 3507 546 3564 olusculllcienter
558 3507 826 3581 promulgata.Unde
840 3509 931 3582 quoad
966 3505 1039 3562 illam
1054 3500 1165 3562 Paulus
1185 3503 1363 3576 appellandi
1382 3502 1436 3561 hoc
1455 3507 1539 3562 ctiam
1560 3506 1706 3578 confirmat
1723 3505 1770 3567 llla

129 3597 185 3654 boc
199 3595 277 3654 valde
295 3594 435 3668 probabile
449 3602 509 3664 est,
529 3596 669 3668 apostolos
684 3613 739 3654 non
756 3613 805 3670 per
818 3598 931 3655 modum
966 3595 1035 3651 ratio
1049 3593 1077 3650 d.
1090 3591 1303 3666 Thomoe,quod
1316 3593 1376 3650 illae
1390 3595 1593 3666 purificationes
1608 3603 1636 3653 et
1655 3596 1771 3654 oblatio·
1874 3659 1877 3665 ,

131 3701 217 3746 norae
232 3685 407 3744 institutionis
421 3692 470 3743 aut
485 3685 634 3758 praecepti,
647 3687 694 3744 sed
705 3702 755 3759 per
766 3688 879 3745 modum
893 3688 933 3744 in·
966 3701 1016 3742 nos
1034 3691 1114 3741 erant
1132 3682 1244 3741 umbrae
1264 3682 1422 3741 futurorum
1436 3691 1463 3742 et
1477 3685 1599 3743 internae
1616 3686 1770 3744 sanctitica-

132 3775 336 3850 terpretationls
352 3774 436 3831 dirini
451 3777 518 3832 iuris
531 3774 702 3847 declarasse,
722 3776 796 3851 quod
811 3785 933 3850 tempore
968 3775 1046 3832 tionis
1059 3772 1165 3831 dandae
1179 3788 1227 3845 per
1237 3771 1469 3846 Christum,unde
1481 3773 1656 3846 impertinens
1673 3775 1772 3835 luisset

131 3871 341 3926 consummatus
353 3864 405 3921 luit
416 3865 602 3936 terminus,es
613 3879 669 3938 quo
680 3865 778 3924 lexilla
789 3874 934 3924 cessatura
965 3869 1085 3936 potestas
1103 3861 1272 3920 instaurandi
1289 3863 1317 3918 in
1332 3862 1458 3921 Ecclesia
1471 3863 1569 3922 Christi
1587 3864 1651 3923 talia
1666 3871 1695 3923 et
1713 3872 1771 3924 tam

131 3961 192 4014 erat
204 3955 316 4012 omnino
335 3951 428 4028 quoad
448 3963 557 4010 omnem
571 3969 651 4010 suem
672 3955 881 4013 institutionem.
899 3958 933 4014 Et
968 3953 1129 4026 imperfecta
1143 3957 1327 4009 sacramenta.

132 4044 187 4104 boc
201 4045 362 4119 significarit
376 4043 547 4116 Augustinus
562 4041 609 4100 lib.
627 4041 662 4100 de
675 4042 811 4102 haeresib.
827 4047 854 4102 in
869 4045 933 4104 hoe·
1006 4051 1034 4104 9.
1051 4047 1088 4103 lte
1102 4043 1161 4101 allis
1175 4058 1240 4100 vero
1254 4044 1432 4101 caeremoniis
1447 4044 1646 4116 pertinentibus
1666 4045 1700 4104 ad
1711 4047 1772 4105 cul·

133 4135 188 4192 resi
201 4138 229 4204 s,
244 4131 351 4202 dicens,
368 4131 534 4189 christianos
550 4146 597 4204 per
618 4133 797 4204 apostolicam
811 4135 934 4193 traditio-
968 4142 1027 4192 tum
1044 4135 1103 4205 bel,
1115 4149 1186 4207 quae
1199 4133 1285 4205 magis
1299 4133 1497 4192 accidentariae
1508 4142 1584 4206 sunt,
1594 4136 1691 4210 quales
1705 4144 1772 4195 sunt

132 4239 196 4282 oeno
215 4222 313 4298 legalia
327 4237 381 4280 non
396 4221 541 4280 ohservare
558 4221 719 4295 carnaliter,
741 4223 789 4282 scd
803 4224 933 4283 didicisse
967 4233 1073 4294 restes,
1098 4239 1178 4296 rasa,
1199 4230 1226 4280 et
1244 4221 1295 4280 alia
1309 4239 1405 4296 sacra,
1423 4231 1452 4282 et
1465 4225 1654 4284 observantiae
1672 4229 1771 4285 veteris

131 4329 166 4370 ea
186 4311 366 4385 spiritualiter
386 4309 550 4384 intelligere.
565 4313 651 4370 Facta
669 4315 764 4372 ruteni
774 4314 934 4374 huiusmodi
967 4317 1046 4390 legis,
1064 4314 1193 4372 dixerunt
1207 4312 1301 4387 aliqui,
1311 4314 1386 4387 quod
1397 4315 1462 4372 licet
1475 4333 1529 4373 non
1544 4318 1652 4391 possint
1666 4319 1768 4375 serrari

132 4403 332 4473 declaratione,
341 4417 375 4458 ex
389 4400 449 4458 iure
463 4399 553 4458 diuino
564 4402 682 4460 naturali
697 4411 827 4462 secutum
841 4414 895 4478 est,
903 4412 934 4463 ut
967 4409 994 4464 ln
1008 4405 1067 4479 lege
1086 4419 1156 4461 nora
1169 4419 1202 4460 ιι
1216 4403 1241 4458 ri
1255 4404 1357 4477 primae
1373 4405 1561 4478 institutionis,
1572 4407 1637 4479 quia
1650 4405 1697 4464 llla
1711 4423 1772 4466 ces·

133 4493 320 4552 caeremoniae
335 4491 395 4549 illae
409 4493 503 4549 statim
516 4499 611 4550 essent
624 4494 933 4568 mertilerae,quatenos
967 4496 1050 4568 sarit,
1062 4501 1090 4551 et
1102 4493 1162 4550 ideo
1174 4491 1233 4550 talis
1248 4508 1316 4549 usus
1330 4501 1405 4551 essct
1418 4497 1679 4569 superstitiosus,'et
1693 4513 1771 4556 erro·

133 4581 235 4656 legales
255 4588 352 4653 erant,
373 4581 438 4654 quia
458 4581 510 4637 iam
525 4597 579 4637 non
594 4580 629 4638 ad
642 4583 819 4656 religionem,
836 4585 884 4643 sed
899 4584 933 4642 od
967 4602 1026 4644 rem
1049 4585 1216 4653 involveret,
1242 4581 1417 4640 nibilominus
1440 4586 1605 4642 auctoritato
1632 4587 1772 4644 Ecclesiae

135 4673 364 4744 superstitionem
379 4671 470 4742 potius
485 4672 621 4742 pertinere
636 4681 799 4744 coeperunt.
967 4690 1050 4750 posse
1063 4674 1226 4744 instaurari,
1241 4674 1279 4730 ita
1294 4679 1326 4729 ut
1341 4681 1485 4731 serventur
1495 4689 1529 4732 ex
1541 4676 1709 4733 institutione
1721 4677 1772 4736 hu·

175 4767 202 4820 8.
217 4763 307 4833 Atque
329 4759 383 4816 hoo
401 4761 516 4815 maxime
531 4767 606 4832 patet
620 4763 647 4818 in
661 4764 826 4835 quibusdam
841 4780 934 4822 caere·
968 4782 1060 4838 mana,
1075 4780 1129 4820 oon
1144 4778 1178 4820 ex
1192 4761 1293 4832 divina,
1308 4761 1343 4818 nd
1356 4779 1420 4820 eum
1437 4764 1560 4836 modum,
1574 4781 1632 4838 quo
1651 4767 1772 4841 theologi

133 4851 323 4923 moniis,quae
338 4849 477 4922 publicam
491 4857 519 4905 et
534 4851 719 4910 authenticam
735 4855 934 4912 institutionem
968 4856 1120 4931 loquuntur
1140 4853 1174 4910 de
1192 4851 1366 4910 iudicialibus
1387 4855 1550 4926 praeceptis.
1568 4855 1609 4911 lta
1624 4859 1708 4913 sentit
1721 4859 1773 4915 Co·

134 4941 374 5015 requirunt.lnter
389 4955 464 5012 «paras¹
474 4939 593 5011 primum
608 4941 700 5000 locum
715 4944 836 5001 obtinent
849 4948 935 5004 sacri·
970 4961 1043 5003 sarr.
1061 4945 1106 5002 lib.
1128 4949 1151 5003 l.
1164 4942 1270 5000 Varias.
1283 4959 1345 5015 cap.
1362 4946 1407 5015 li,
1419 4961 1446 5000 n.
1465 4951 1489 5003 l.
1502 4945 1552 5012 Qui
1568 4956 1774 5020 consequenter

134 5031 207 5096 fiola,
221 5031 285 5104 quia
297 5032 327 5086 in
341 5030 392 5087 illis
407 5032 533 5087 consistit
547 5032 633 5090 reluti
647 5035 801 5108 principalis
814 5043 842 5094 et
856 5037 934 5110 quasi
969 5035 1015 5108 ait,
1032 5034 1224 5100 dlllerentiana,
1241 5047 1324 5105 quam
1340 5033 1525 5090 communiter
1540 5034 1683 5107 assignent
1697 5037 1773 5097 theo·

135 5119 328 5180 substantialis
342 5118 437 5176 cultus
451 5121 514 5192 liei,
527 5128 556 5178 ct
569 5122 630 5180 ideo
641 5133 767 5182 cessante
783 5127 936 5183 institutio·
969 5125 1022 5198 logi
1041 5121 1262 5182 iuter'iudiclella
1279 5129 1308 5179 et
1324 5123 1531 5180 caeremonialia
1552 5135 1718 5201 praecepta,
1734 5130 1774 5186 ln·

135 5228 182 5286 nc,
197 5219 224 5269 et
239 5209 407 5284 impositione
422 5210 480 5282 liei,
495 5225 527 5266 eo
541 5210 600 5282 ipso
614 5227 648 5270 aa
662 5219 759 5273 natura
773 5217 812 5272 rei
828 5214 879 5274 tuit
893 5217 934 5274 in·
972 5214 1144 5290 telligeodam
1158 5229 1220 5272 esse
1233 5213 1267 5272 de
1281 5210 1334 5271 illis
1347 5213 1606 5288 caeremonialibus,
1615 5230 1686 5292 quae
1698 5221 1772 5296 prin·
