<?xml version="1.0" encoding="UTF-8"?>
<!DOCTYPE html PUBLIC "-//W3C//DTD XHTML 1.0 Transitional//EN"
    "http://www.w3.org/TR/xhtml1/DTD/xhtml1-transitional.dtd">
<html xmlns="http://www.w3.org/1999/xhtml" xml:lang="en" lang="en">
 <head>
  <title>
</title>
<meta http-equiv="Content-Type" content="text/html;charset=utf-8" />
  <meta name='ocr-system' content='tesseract 3.04.00' />
  <meta name='ocr-capabilities' content='ocr_page ocr_carea ocr_par ocr_line ocrx_word'/>
</head>
<body>
  <div class='ocr_page' id='page_1' title='image "./tractatusdelegi00sugoog_0136.png"; bbox 0 0 4278 6242; ppageno 0'>
   <div class='ocr_carea' id='block_1_1' title="bbox 869 419 1753 492">
    <p class='ocr_par' dir='ltr' id='par_1_1' title="bbox 869 419 1753 492">
     <span class='ocr_line' id='line_1_1' title="bbox 869 419 1753 492; baseline -0.007 -3"><span class='ocrx_word' id='word_1_1' title='bbox 869 440 974 489; x_wconf 82' lang='lat' dir='ltr'><strong>aanor</strong></span> <span class='ocrx_word' id='word_1_2' title='bbox 987 438 1100 489; x_wconf 84' lang='lat' dir='ltr'><strong>xxmr.</strong></span> <span class='ocrx_word' id='word_1_3' title='bbox 1503 472 1507 476; x_wconf 93' lang='lat'><strong>.</strong></span> <span class='ocrx_word' id='word_1_4' title='bbox 1695 419 1753 492; x_wconf 77' lang='lat' dir='ltr'><strong>lli</strong></span> 
     </span>
    </p>
   </div>
   <div class='ocr_carea' id='block_1_2' title="bbox 144 562 1867 4692">
    <p class='ocr_par' dir='ltr' id='par_1_2' title="bbox 150 562 1799 1086">
     <span class='ocr_line' id='line_1_2' title="bbox 150 562 1799 640; baseline -0.002 -18"><span class='ocrx_word' id='word_1_5' title='bbox 150 567 288 640; x_wconf 78' lang='lat' dir='ltr'><strong>supponit</strong></span> <span class='ocrx_word' id='word_1_6' title='bbox 301 567 394 624; x_wconf 87' lang='lat' dir='ltr'><strong>bfofin.</strong></span> <span class='ocrx_word' id='word_1_7' title='bbox 407 568 435 622; x_wconf 92' lang='lat' dir='ltr'><strong>in</strong></span> <span class='ocrx_word' id='word_1_8' title='bbox 449 565 520 638; x_wconf 88' lang='lat' dir='ltr'><strong>disp.</strong></span> <span class='ocrx_word' id='word_1_9' title='bbox 536 572 583 638; x_wconf 88' lang='lat'><strong>88,</strong></span> <span class='ocrx_word' id='word_1_10' title='bbox 600 572 681 624; x_wconf 90' lang='lat' dir='ltr'><strong>tract.</strong></span> <span class='ocrx_word' id='word_1_11' title='bbox 697 571 724 624; x_wconf 80' lang='lat'><strong>2.</strong></span> <span class='ocrx_word' id='word_1_12' title='bbox 738 563 774 623; x_wconf 84' lang='lat' dir='ltr'><strong>tle</strong></span> <span class='ocrx_word' id='word_1_13' title='bbox 788 569 859 623; x_wconf 81' lang='lat' dir='ltr'><strong>itast.</strong></span> <span class='ocrx_word' id='word_1_14' title='bbox 872 573 900 622; x_wconf 89' lang='lat' dir='ltr'><strong>el</strong></span> <span class='ocrx_word' id='word_1_15' title='bbox 916 581 963 621; x_wconf 89' lang='lat' dir='ltr'><strong>su·</strong></span> <span class='ocrx_word' id='word_1_16' title='bbox 998 565 1088 621; x_wconf 89' lang='lat' dir='ltr'><strong>solum</strong></span> <span class='ocrx_word' id='word_1_17' title='bbox 1104 564 1252 630; x_wconf 85' lang='lat' dir='ltr'><strong>canonico,</strong></span> <span class='ocrx_word' id='word_1_18' title='bbox 1274 562 1321 618; x_wconf 88' lang='lat' dir='ltr'><strong>sed</strong></span> <span class='ocrx_word' id='word_1_19' title='bbox 1343 565 1423 619; x_wconf 90' lang='lat' dir='ltr'><strong>etiam</strong></span> <span class='ocrx_word' id='word_1_20' title='bbox 1444 563 1516 620; x_wconf 86' lang='lat' dir='ltr'><strong>civili</strong></span> <span class='ocrx_word' id='word_1_21' title='bbox 1537 562 1665 636; x_wconf 79' lang='lat' dir='ltr'><strong>explicari</strong></span> <span class='ocrx_word' id='word_1_22' title='bbox 1685 562 1799 634; x_wconf 91' lang='lat' dir='ltr'><strong>impedi·</strong></span> 
     </span>
     <span class='ocr_line' id='line_1_3' title="bbox 151 653 1798 730; baseline -0.005 -15"><span class='ocrx_word' id='word_1_23' title='bbox 151 659 237 715; x_wconf 91' lang='lat' dir='ltr'><strong>mitur</strong></span> <span class='ocrx_word' id='word_1_24' title='bbox 255 673 290 714; x_wconf 84' lang='grc' dir='ltr'>ει</span> <span class='ocrx_word' id='word_1_25' title='bbox 311 656 407 730; x_wconf 88' lang='lat' dir='ltr'><strong>regula</strong></span> <span class='ocrx_word' id='word_1_26' title='bbox 422 656 541 728; x_wconf 89' lang='lat' dir='ltr'><strong>generali</strong></span> <span class='ocrx_word' id='word_1_27' title='bbox 556 657 620 712; x_wconf 89' lang='lat' dir='ltr'><strong>salis</strong></span> <span class='ocrx_word' id='word_1_28' title='bbox 634 663 760 728; x_wconf 89' lang='lat' dir='ltr'><strong>recepta,</strong></span> <span class='ocrx_word' id='word_1_29' title='bbox 777 655 851 728; x_wconf 92' lang='lat' dir='ltr'><strong>quod</strong></span> <span class='ocrx_word' id='word_1_30' title='bbox 871 655 960 710; x_wconf 91' lang='lat' dir='ltr'><strong>omnis</strong></span> <span class='ocrx_word' id='word_1_31' title='bbox 999 661 1091 710; x_wconf 90' lang='lat' dir='ltr'><strong>tneuta</strong></span> <span class='ocrx_word' id='word_1_32' title='bbox 1102 654 1229 711; x_wconf 82' lang='lat' dir='ltr'><strong>inritantia</strong></span> <span class='ocrx_word' id='word_1_33' title='bbox 1240 653 1494 724; x_wconf 91' lang='lat' dir='ltr'><strong>matrimonium,ut</strong></span> <span class='ocrx_word' id='word_1_34' title='bbox 1505 659 1621 724; x_wconf 86' lang='lat' dir='ltr'><strong>patetert</strong></span> <span class='ocrx_word' id='word_1_35' title='bbox 1633 654 1798 725; x_wconf 82' lang='lat' dir='ltr'><strong>cap.Super</strong></span> 
     </span>
     <span class='ocr_line' id='line_1_4' title="bbox 151 741 1796 824; baseline -0.002 -22"><span class='ocrx_word' id='word_1_36' title='bbox 151 763 240 819; x_wconf 91' lang='lat' dir='ltr'><strong>poena</strong></span> <span class='ocrx_word' id='word_1_37' title='bbox 255 749 316 818; x_wconf 89' lang='lat' dir='ltr'><strong>ipso</strong></span> <span class='ocrx_word' id='word_1_38' title='bbox 329 747 388 803; x_wconf 89' lang='lat' dir='ltr'><strong>iure</strong></span> <span class='ocrx_word' id='word_1_39' title='bbox 403 746 540 818; x_wconf 91' lang='lat' dir='ltr'><strong>imposita,</strong></span> <span class='ocrx_word' id='word_1_40' title='bbox 552 746 711 819; x_wconf 77' lang='lat' dir='ltr'><strong>intelligitur</strong></span> <span class='ocrx_word' id='word_1_41' title='bbox 726 747 890 818; x_wconf 77' lang='lat' dir='ltr'><strong>regulariter</strong></span> <span class='ocrx_word' id='word_1_42' title='bbox 905 762 962 802; x_wconf 89' lang='lat' dir='ltr'><strong>me·</strong></span> <span class='ocrx_word' id='word_1_43' title='bbox 996 745 1059 809; x_wconf 86' lang='lat' dir='ltr'><strong>boc,</strong></span> <span class='ocrx_word' id='word_1_44' title='bbox 1079 743 1112 800; x_wconf 90' lang='lat' dir='ltr'><strong>de</strong></span> <span class='ocrx_word' id='word_1_45' title='bbox 1126 759 1170 815; x_wconf 90' lang='lat' dir='ltr'><strong>eo,</strong></span> <span class='ocrx_word' id='word_1_46' title='bbox 1184 746 1234 816; x_wconf 86' lang='lat' dir='ltr'><strong>¹qui</strong></span> <span class='ocrx_word' id='word_1_47' title='bbox 1247 743 1335 815; x_wconf 81' lang='lat' dir='ltr'><strong>duxit,</strong></span> <span class='ocrx_word' id='word_1_48' title='bbox 1351 750 1406 824; x_wconf 88' lang='lat' dir='ltr'><strong>etc.</strong></span> <span class='ocrx_word' id='word_1_49' title='bbox 1422 742 1562 800; x_wconf 85' lang='lat' dir='ltr'><strong>cum-eliis</strong></span> <span class='ocrx_word' id='word_1_50' title='bbox 1577 743 1701 799; x_wconf 89' lang='lat' dir='ltr'><strong>ciusdem</strong></span> <span class='ocrx_word' id='word_1_51' title='bbox 1715 741 1796 813; x_wconf 90' lang='lat' dir='ltr'><strong>tituli,</strong></span> 
     </span>
     <span class='ocr_line' id='line_1_5' title="bbox 152 832 1175 907; baseline -0.005 -14"><span class='ocrx_word' id='word_1_52' title='bbox 152 837 197 893; x_wconf 88' lang='lat' dir='ltr'><strong>dit</strong></span> <span class='ocrx_word' id='word_1_53' title='bbox 214 836 350 892; x_wconf 87' lang='lat' dir='ltr'><strong>sententia</strong></span> <span class='ocrx_word' id='word_1_54' title='bbox 365 835 547 892; x_wconf 89' lang='lat' dir='ltr'><strong>declaratoria</strong></span> <span class='ocrx_word' id='word_1_55' title='bbox 563 837 699 904; x_wconf 90' lang='lat' dir='ltr'><strong>criminis,</strong></span> <span class='ocrx_word' id='word_1_56' title='bbox 716 851 786 907; x_wconf 90' lang='lat' dir='ltr'><strong>quae</strong></span> <span class='ocrx_word' id='word_1_57' title='bbox 802 850 886 906; x_wconf 89' lang='lat' dir='ltr'><strong>supra</strong></span> <span class='ocrx_word' id='word_1_58' title='bbox 907 841 961 891; x_wconf 89' lang='lat' dir='ltr'><strong>tra·</strong></span> <span class='ocrx_word' id='word_1_59' title='bbox 996 839 1023 890; x_wconf 92' lang='lat' dir='ltr'><strong>et</strong></span> <span class='ocrx_word' id='word_1_60' title='bbox 1037 832 1175 889; x_wconf 77' lang='lat' dir='ltr'>similibus.</span> 
     </span>
     <span class='ocr_line' id='line_1_6' title="bbox 152 919 1797 998; baseline -0.003 -16"><span class='ocrx_word' id='word_1_61' title='bbox 152 933 230 982; x_wconf 90' lang='lat' dir='ltr'><strong>ctata</strong></span> <span class='ocrx_word' id='word_1_62' title='bbox 243 932 297 996; x_wconf 86' lang='lat' dir='ltr'><strong>est,</strong></span> <span class='ocrx_word' id='word_1_63' title='bbox 306 930 334 981; x_wconf 90' lang='grc' dir='ltr'>ει</span> <span class='ocrx_word' id='word_1_64' title='bbox 343 924 494 996; x_wconf 90' lang='lat' dir='ltr'><strong>declarata,</strong></span> <span class='ocrx_word' id='word_1_65' title='bbox 505 940 620 996; x_wconf 90' lang='lat' dir='ltr'><strong>eamque</strong></span> <span class='ocrx_word' id='word_1_66' title='bbox 633 924 776 998; x_wconf 89' lang='lat' dir='ltr'><strong>allegando</strong></span> <span class='ocrx_word' id='word_1_67' title='bbox 787 924 885 996; x_wconf 88' lang='lat' dir='ltr'><strong>multa,</strong></span> <span class='ocrx_word' id='word_1_68' title='bbox 895 940 962 981; x_wconf 91' lang='lat' dir='ltr'><strong>con·</strong></span> <span class='ocrx_word' id='word_1_69' title='bbox 1038 926 1065 977; x_wconf 83' lang='lat'><strong>3.</strong></span> <span class='ocrx_word' id='word_1_70' title='bbox 1082 924 1118 978; x_wconf 89' lang='lat' dir='ltr'><strong>lie</strong></span> <span class='ocrx_word' id='word_1_71' title='bbox 1133 921 1283 978; x_wconf 78' lang='lat' dir='ltr'><strong>irritatione</strong></span> <span class='ocrx_word' id='word_1_72' title='bbox 1298 927 1455 977; x_wconf 90' lang='lat' dir='ltr'><strong>autemnon</strong></span> <span class='ocrx_word' id='word_1_73' title='bbox 1471 919 1732 992; x_wconf 89' lang='lat' dir='ltr'><strong>poenalidicendum</strong></span> <span class='ocrx_word' id='word_1_74' title='bbox 1743 926 1797 992; x_wconf 89' lang='lat' dir='ltr'><strong>est,</strong></span> 
     </span>
     <span class='ocr_line' id='line_1_7' title="bbox 153 1011 1798 1086; baseline -0.003 -15"><span class='ocrx_word' id='word_1_75' title='bbox 153 1016 246 1071; x_wconf 88' lang='lat' dir='ltr'><strong>firmat</strong></span> <span class='ocrx_word' id='word_1_76' title='bbox 261 1013 344 1072; x_wconf 84' lang='lat' dir='ltr'><strong>Feiin.</strong></span> <span class='ocrx_word' id='word_1_77' title='bbox 357 1015 383 1070; x_wconf 90' lang='lat' dir='ltr'><strong>in</strong></span> <span class='ocrx_word' id='word_1_78' title='bbox 398 1029 461 1086; x_wconf 90' lang='lat' dir='ltr'><strong>cap.</strong></span> <span class='ocrx_word' id='word_1_79' title='bbox 476 1013 528 1069; x_wconf 91' lang='lat' dir='ltr'><strong>ult.</strong></span> <span class='ocrx_word' id='word_1_80' title='bbox 540 1012 574 1070; x_wconf 89' lang='lat' dir='ltr'><strong>de</strong></span> <span class='ocrx_word' id='word_1_81' title='bbox 589 1016 715 1086; x_wconf 86' lang='lat' dir='ltr'><strong>rescript.</strong></span> <span class='ocrx_word' id='word_1_82' title='bbox 728 1030 804 1071; x_wconf 89' lang='lat' dir='ltr'><strong>num.</strong></span> <span class='ocrx_word' id='word_1_83' title='bbox 820 1021 865 1074; x_wconf 83' lang='lat'><strong>35.</strong></span> <span class='ocrx_word' id='word_1_84' title='bbox 996 1011 1089 1069; x_wconf 91' lang='lat' dir='ltr'><strong>induci</strong></span> <span class='ocrx_word' id='word_1_85' title='bbox 1104 1011 1263 1082; x_wconf 86' lang='lat' dir='ltr'><strong>efficaciter,</strong></span> <span class='ocrx_word' id='word_1_86' title='bbox 1276 1019 1305 1067; x_wconf 89' lang='lat' dir='ltr'><strong>et</strong></span> <span class='ocrx_word' id='word_1_87' title='bbox 1319 1013 1422 1082; x_wconf 87' lang='lat' dir='ltr'><strong>statim,</strong></span> <span class='ocrx_word' id='word_1_88' title='bbox 1435 1011 1564 1083; x_wconf 90' lang='lat' dir='ltr'><strong>nullaque</strong></span> <span class='ocrx_word' id='word_1_89' title='bbox 1577 1017 1725 1082; x_wconf 78' lang='lat' dir='ltr'><strong>expectata</strong></span> <span class='ocrx_word' id='word_1_90' title='bbox 1737 1026 1798 1066; x_wconf 90' lang='lat' dir='ltr'><strong>sen-</strong></span> 
     </span>
    </p>

    <p class='ocr_par' dir='ltr' id='par_1_3' title="bbox 144 1098 1867 3858">
     <span class='ocr_line' id='line_1_8' title="bbox 195 1098 1798 1176; baseline -0.004 -14"><span class='ocrx_word' id='word_1_91' title='bbox 195 1103 377 1171; x_wconf 65' lang='lat' dir='ltr'><strong>adnectier</strong></span> <span class='ocrx_word' id='word_1_92' title='bbox 399 1101 433 1160; x_wconf 91' lang='lat' dir='ltr'><strong>ad</strong></span> <span class='ocrx_word' id='word_1_93' title='bbox 453 1103 681 1176; x_wconf 86' lang='lat' dir='ltr'><strong>cognoscendum</strong></span> <span class='ocrx_word' id='word_1_94' title='bbox 703 1105 814 1161; x_wconf 92' lang='lat' dir='ltr'><strong>modum</strong></span> <span class='ocrx_word' id='word_1_95' title='bbox 841 1103 961 1176; x_wconf 88' lang='lat' dir='ltr'><strong>poenalis</strong></span> <span class='ocrx_word' id='word_1_96' title='bbox 998 1101 1143 1173; x_wconf 88' lang='lat' dir='ltr'><strong>tentia,vel</strong></span> <span class='ocrx_word' id='word_1_97' title='bbox 1158 1100 1340 1158; x_wconf 80' lang='lat' dir='ltr'><strong>declaratione</strong></span> <span class='ocrx_word' id='word_1_98' title='bbox 1352 1101 1574 1173; x_wconf 91' lang='lat' dir='ltr'><strong>iudicis,quotics</strong></span> <span class='ocrx_word' id='word_1_99' title='bbox 1586 1099 1627 1156; x_wconf 85' lang='lat' dir='ltr'><strong>lex</strong></span> <span class='ocrx_word' id='word_1_100' title='bbox 1638 1101 1696 1172; x_wconf 89' lang='lat' dir='ltr'><strong>ipsa</strong></span> <span class='ocrx_word' id='word_1_101' title='bbox 1710 1098 1798 1156; x_wconf 89' lang='lat' dir='ltr'><strong>decla-</strong></span> 
     </span>
     <span class='ocr_line' id='line_1_9' title="bbox 154 1188 1798 1276; baseline -0.002 -28"><span class='ocrx_word' id='word_1_102' title='bbox 154 1193 332 1264; x_wconf 89' lang='lat' dir='ltr'><strong>irritationis,</strong></span> <span class='ocrx_word' id='word_1_103' title='bbox 347 1207 402 1248; x_wconf 90' lang='lat' dir='ltr'><strong>non</strong></span> <span class='ocrx_word' id='word_1_104' title='bbox 421 1198 533 1263; x_wconf 87' lang='lat' dir='ltr'><strong>oportet</strong></span> <span class='ocrx_word' id='word_1_105' title='bbox 552 1208 638 1249; x_wconf 83' lang='lat' dir='ltr'><strong>novas</strong></span> <span class='ocrx_word' id='word_1_106' title='bbox 660 1191 769 1264; x_wconf 88' lang='lat' dir='ltr'><strong>regulae</strong></span> <span class='ocrx_word' id='word_1_107' title='bbox 779 1192 843 1276; x_wconf 72' lang='lat' dir='ltr'><strong>„pel</strong></span> <span class='ocrx_word' id='word_1_108' title='bbox 859 1191 960 1250; x_wconf 91' lang='lat' dir='ltr'><strong>indicia</strong></span> <span class='ocrx_word' id='word_1_109' title='bbox 999 1196 1042 1247; x_wconf 91' lang='lat' dir='ltr'><strong>rat</strong></span> <span class='ocrx_word' id='word_1_110' title='bbox 1056 1191 1233 1247; x_wconf 81' lang='lat' dir='ltr'><strong>irritationem</strong></span> <span class='ocrx_word' id='word_1_111' title='bbox 1248 1192 1306 1261; x_wconf 88' lang='lat' dir='ltr'><strong>ipso</strong></span> <span class='ocrx_word' id='word_1_112' title='bbox 1321 1189 1453 1263; x_wconf 87' lang='lat' dir='ltr'><strong>lacto,vel</strong></span> <span class='ocrx_word' id='word_1_113' title='bbox 1469 1189 1542 1262; x_wconf 92' lang='lat' dir='ltr'><strong>quod</strong></span> <span class='ocrx_word' id='word_1_114' title='bbox 1555 1207 1607 1248; x_wconf 90' lang='lat' dir='ltr'><strong>non</strong></span> <span class='ocrx_word' id='word_1_115' title='bbox 1621 1188 1708 1246; x_wconf 81' lang='lat' dir='ltr'><strong>valeat</strong></span> <span class='ocrx_word' id='word_1_116' title='bbox 1719 1196 1798 1246; x_wconf 89' lang='lat' dir='ltr'><strong>actus</strong></span> 
     </span>
     <span class='ocr_line' id='line_1_10' title="bbox 153 1279 1798 1355; baseline -0.001 -17"><span class='ocrx_word' id='word_1_117' title='bbox 153 1279 281 1354; x_wconf 88' lang='lat' dir='ltr'><strong>tradere,</strong></span> <span class='ocrx_word' id='word_1_118' title='bbox 296 1280 344 1338; x_wconf 90' lang='lat' dir='ltr'><strong>scd</strong></span> <span class='ocrx_word' id='word_1_119' title='bbox 365 1281 494 1353; x_wconf 90' lang='lat' dir='ltr'><strong>applicari</strong></span> <span class='ocrx_word' id='word_1_120' title='bbox 513 1280 629 1354; x_wconf 88' lang='lat' dir='ltr'><strong>debent,</strong></span> <span class='ocrx_word' id='word_1_121' title='bbox 644 1296 715 1355; x_wconf 89' lang='lat' dir='ltr'><strong>quae</strong></span> <span class='ocrx_word' id='word_1_122' title='bbox 728 1281 762 1338; x_wconf 90' lang='lat' dir='ltr'><strong>de</strong></span> <span class='ocrx_word' id='word_1_123' title='bbox 784 1283 842 1354; x_wconf 88' lang='lat' dir='ltr'><strong>lege</strong></span> <span class='ocrx_word' id='word_1_124' title='bbox 856 1281 962 1354; x_wconf 81' lang='lat' dir='ltr'><strong>poenali</strong></span> <span class='ocrx_word' id='word_1_125' title='bbox 1000 1297 1032 1337; x_wconf 85' lang='lat' dir='ltr'><strong>cr</strong></span> <span class='ocrx_word' id='word_1_126' title='bbox 1045 1281 1173 1350; x_wconf 88' lang='lat' dir='ltr'><strong>tunc,vel</strong></span> <span class='ocrx_word' id='word_1_127' title='bbox 1185 1279 1251 1354; x_wconf 91' lang='lat' dir='ltr'><strong>quid</strong></span> <span class='ocrx_word' id='word_1_128' title='bbox 1264 1280 1419 1336; x_wconf 84' lang='lat' dir='ltr'><strong>similelloo</strong></span> <span class='ocrx_word' id='word_1_129' title='bbox 1432 1282 1590 1352; x_wconf 90' lang='lat' dir='ltr'><strong>patet,qttia</strong></span> <span class='ocrx_word' id='word_1_130' title='bbox 1604 1280 1670 1336; x_wconf 89' lang='lat' dir='ltr'><strong>haec</strong></span> <span class='ocrx_word' id='word_1_131' title='bbox 1686 1281 1798 1337; x_wconf 87' lang='lat' dir='ltr'><strong>irritatio</strong></span> 
     </span>
     <span class='ocr_line' id='line_1_11' title="bbox 154 1365 1799 1445; baseline -0.002 -16"><span class='ocrx_word' id='word_1_132' title='bbox 154 1371 293 1436; x_wconf 70' lang='lat' dir='ltr'><strong>diximusa</strong></span> <span class='ocrx_word' id='word_1_133' title='bbox 311 1385 375 1428; x_wconf 86' lang='lat' dir='ltr'><strong>nam</strong></span> <span class='ocrx_word' id='word_1_134' title='bbox 389 1369 484 1427; x_wconf 89' lang='lat' dir='ltr'><strong>eadem</strong></span> <span class='ocrx_word' id='word_1_135' title='bbox 498 1376 542 1428; x_wconf 90' lang='lat' dir='ltr'><strong>est</strong></span> <span class='ocrx_word' id='word_1_136' title='bbox 564 1373 634 1428; x_wconf 91' lang='lat' dir='ltr'><strong>ratio</strong></span> <span class='ocrx_word' id='word_1_137' title='bbox 648 1370 681 1428; x_wconf 92' lang='lat' dir='ltr'><strong>de</strong></span> <span class='ocrx_word' id='word_1_138' title='bbox 702 1372 753 1428; x_wconf 90' lang='lat' dir='ltr'><strong>hac</strong></span> <span class='ocrx_word' id='word_1_139' title='bbox 768 1387 872 1444; x_wconf 90' lang='lat' dir='ltr'><strong>poena,</strong></span> <span class='ocrx_word' id='word_1_140' title='bbox 888 1387 958 1445; x_wconf 90' lang='lat' dir='ltr'><strong>quae</strong></span> <span class='ocrx_word' id='word_1_141' title='bbox 999 1386 1053 1427; x_wconf 93' lang='lat' dir='ltr'><strong>non</strong></span> <span class='ocrx_word' id='word_1_142' title='bbox 1070 1375 1113 1426; x_wconf 90' lang='lat' dir='ltr'><strong>est</strong></span> <span class='ocrx_word' id='word_1_143' title='bbox 1123 1365 1219 1441; x_wconf 83' lang='lat' dir='ltr'><strong>pdena,</strong></span> <span class='ocrx_word' id='word_1_144' title='bbox 1238 1377 1364 1440; x_wconf 90' lang='lat' dir='ltr'><strong>utsupra</strong></span> <span class='ocrx_word' id='word_1_145' title='bbox 1379 1375 1520 1426; x_wconf 87' lang='lat' dir='ltr'><strong>ostensum</strong></span> <span class='ocrx_word' id='word_1_146' title='bbox 1536 1375 1592 1442; x_wconf 77' lang='lat' dir='ltr'><strong>est,</strong></span> <span class='ocrx_word' id='word_1_147' title='bbox 1608 1385 1672 1442; x_wconf 88' lang='lat' dir='ltr'><strong>ergo</strong></span> <span class='ocrx_word' id='word_1_148' title='bbox 1687 1386 1740 1426; x_wconf 92' lang='lat' dir='ltr'><strong>non</strong></span> <span class='ocrx_word' id='word_1_149' title='bbox 1755 1376 1799 1427; x_wconf 92' lang='lat' dir='ltr'><strong>est</strong></span> 
     </span>
     <span class='ocr_line' id='line_1_12' title="bbox 153 1458 1799 1535; baseline 0 -18"><span class='ocrx_word' id='word_1_150' title='bbox 153 1460 189 1517; x_wconf 92' lang='lat' dir='ltr'><strong>de</strong></span> <span class='ocrx_word' id='word_1_151' title='bbox 208 1461 280 1517; x_wconf 91' lang='lat' dir='ltr'><strong>aliis.</strong></span> <span class='ocrx_word' id='word_1_152' title='bbox 296 1462 390 1534; x_wconf 91' lang='lat' dir='ltr'><strong>ltaque</strong></span> <span class='ocrx_word' id='word_1_153' title='bbox 411 1462 433 1516; x_wconf 90' lang='lat' dir='ltr'><strong>si</strong></span> <span class='ocrx_word' id='word_1_154' title='bbox 452 1477 507 1516; x_wconf 92' lang='lat' dir='ltr'><strong>non</strong></span> <span class='ocrx_word' id='word_1_155' title='bbox 525 1460 679 1532; x_wconf 88' lang='lat' dir='ltr'><strong>explicatur</strong></span> <span class='ocrx_word' id='word_1_156' title='bbox 704 1460 873 1518; x_wconf 86' lang='lat' dir='ltr'><strong>sufficienter</strong></span> <span class='ocrx_word' id='word_1_157' title='bbox 897 1465 962 1535; x_wconf 82' lang='lat' dir='ltr'><strong>ipso</strong></span> <span class='ocrx_word' id='word_1_158' title='bbox 997 1460 1152 1516; x_wconf 87' lang='lat' dir='ltr'><strong>necessaria</strong></span> <span class='ocrx_word' id='word_1_159' title='bbox 1167 1459 1298 1515; x_wconf 86' lang='lat' dir='ltr'><strong>sententia</strong></span> <span class='ocrx_word' id='word_1_160' title='bbox 1311 1458 1711 1532; x_wconf 83' lang='lat' dir='ltr'><strong>iudicis,utincurratur3crgo</strong></span> <span class='ocrx_word' id='word_1_161' title='bbox 1724 1461 1745 1515; x_wconf 90' lang='lat' dir='ltr'><strong>si</strong></span> <span class='ocrx_word' id='word_1_162' title='bbox 1758 1460 1799 1517; x_wconf 86' lang='lat' dir='ltr'><strong>fex</strong></span> 
     </span>
     <span class='ocr_line' id='line_1_13' title="bbox 144 1547 1798 1625; baseline -0.001 -18"><span class='ocrx_word' id='word_1_163' title='bbox 144 1547 248 1622; x_wconf 84' lang='lat' dir='ltr'><strong>scoto.</strong></span> <span class='ocrx_word' id='word_1_164' title='bbox 272 1550 315 1605; x_wconf 87' lang='lat' dir='ltr'><strong>vel</strong></span> <span class='ocrx_word' id='word_1_165' title='bbox 338 1553 402 1624; x_wconf 85' lang='lat' dir='ltr'><strong>ipso</strong></span> <span class='ocrx_word' id='word_1_166' title='bbox 423 1552 503 1611; x_wconf 83' lang='lat' dir='ltr'><strong>iure,</strong></span> <span class='ocrx_word' id='word_1_167' title='bbox 526 1550 693 1618; x_wconf 78' lang='lat' dir='ltr'><strong>formaliter,</strong></span> <span class='ocrx_word' id='word_1_168' title='bbox 717 1557 766 1608; x_wconf 91' lang='lat' dir='ltr'><strong>aut</strong></span> <span class='ocrx_word' id='word_1_169' title='bbox 789 1550 962 1625; x_wconf 84' lang='lat' dir='ltr'><strong>aequivalen·</strong></span> <span class='ocrx_word' id='word_1_170' title='bbox 997 1549 1120 1606; x_wconf 82' lang='lat' dir='ltr'><strong>declarat</strong></span> <span class='ocrx_word' id='word_1_171' title='bbox 1134 1549 1311 1606; x_wconf 87' lang='lat' dir='ltr'><strong>irritationem</strong></span> <span class='ocrx_word' id='word_1_172' title='bbox 1323 1549 1380 1621; x_wconf 93' lang='lat' dir='ltr'><strong>ipso</strong></span> <span class='ocrx_word' id='word_1_173' title='bbox 1392 1548 1475 1620; x_wconf 90' lang='lat' dir='ltr'><strong>facto,</strong></span> <span class='ocrx_word' id='word_1_174' title='bbox 1488 1564 1540 1604; x_wconf 93' lang='lat' dir='ltr'><strong>non</strong></span> <span class='ocrx_word' id='word_1_175' title='bbox 1551 1555 1594 1604; x_wconf 91' lang='lat' dir='ltr'><strong>est</strong></span> <span class='ocrx_word' id='word_1_176' title='bbox 1603 1549 1668 1621; x_wconf 91' lang='lat' dir='ltr'><strong>quid</strong></span> <span class='ocrx_word' id='word_1_177' title='bbox 1681 1549 1798 1620; x_wconf 89' lang='lat' dir='ltr'><strong>amplius</strong></span> 
     </span>
     <span class='ocr_line' id='line_1_14' title="bbox 154 1637 1798 1713; baseline -0.002 -15"><span class='ocrx_word' id='word_1_178' title='bbox 154 1646 215 1713; x_wconf 91' lang='lat' dir='ltr'><strong>ter,</strong></span> <span class='ocrx_word' id='word_1_179' title='bbox 232 1646 312 1696; x_wconf 86' lang='lat' dir='ltr'><strong>actus</strong></span> <span class='ocrx_word' id='word_1_180' title='bbox 327 1639 488 1711; x_wconf 87' lang='lat' dir='ltr'><strong>simpliciter</strong></span> <span class='ocrx_word' id='word_1_181' title='bbox 502 1639 591 1711; x_wconf 84' lang='lat' dir='ltr'><strong>valet,</strong></span> <span class='ocrx_word' id='word_1_182' title='bbox 608 1647 636 1696; x_wconf 85' lang='lat' dir='ltr'><strong>et</strong></span> <span class='ocrx_word' id='word_1_183' title='bbox 649 1640 765 1698; x_wconf 88' lang='lat' dir='ltr'><strong>irritatio</strong></span> <span class='ocrx_word' id='word_1_184' title='bbox 779 1648 821 1698; x_wconf 86' lang='lat' dir='ltr'><strong>est</strong></span> <span class='ocrx_word' id='word_1_185' title='bbox 840 1641 960 1698; x_wconf 90' lang='lat' dir='ltr'><strong>ferenda.</strong></span> <span class='ocrx_word' id='word_1_186' title='bbox 997 1644 1151 1709; x_wconf 88' lang='lat' dir='ltr'><strong>spectetur.</strong></span> <span class='ocrx_word' id='word_1_187' title='bbox 1167 1640 1233 1695; x_wconf 90' lang='lat' dir='ltr'><strong>item</strong></span> <span class='ocrx_word' id='word_1_188' title='bbox 1250 1637 1291 1693; x_wconf 81' lang='lat' dir='ltr'><strong>lea</strong></span> <span class='ocrx_word' id='word_1_189' title='bbox 1313 1637 1443 1694; x_wconf 88' lang='lat' dir='ltr'><strong>direcliva</strong></span> <span class='ocrx_word' id='word_1_190' title='bbox 1458 1637 1549 1694; x_wconf 91' lang='lat' dir='ltr'><strong>statim</strong></span> <span class='ocrx_word' id='word_1_191' title='bbox 1571 1637 1712 1710; x_wconf 88' lang='lat' dir='ltr'><strong>obligatio</strong></span> <span class='ocrx_word' id='word_1_192' title='bbox 1732 1656 1798 1695; x_wconf 89' lang='lat' dir='ltr'><strong>oon·</strong></span> 
     </span>
     <span class='ocr_line' id='line_1_15' title="bbox 155 1727 1796 1805; baseline -0.002 -17"><span class='ocrx_word' id='word_1_193' title='bbox 155 1731 183 1788; x_wconf 87' lang='lat' dir='ltr'><strong>Si</strong></span> <span class='ocrx_word' id='word_1_194' title='bbox 198 1746 265 1787; x_wconf 87' lang='lat' dir='ltr'><strong>aero</strong></span> <span class='ocrx_word' id='word_1_195' title='bbox 280 1730 389 1786; x_wconf 90' lang='lat' dir='ltr'><strong>additur</strong></span> <span class='ocrx_word' id='word_1_196' title='bbox 403 1727 571 1805; x_wconf 78' lang='lat' dir='ltr'><strong>ipsosaclo</strong></span> <span class='ocrx_word' id='word_1_197' title='bbox 587 1737 636 1786; x_wconf 92' lang='lat' dir='ltr'><strong>aut</strong></span> <span class='ocrx_word' id='word_1_198' title='bbox 649 1733 724 1790; x_wconf 81' lang='lat' dir='ltr'><strong>lure,</strong></span> <span class='ocrx_word' id='word_1_199' title='bbox 742 1737 790 1788; x_wconf 87' lang='lat' dir='ltr'><strong>aut</strong></span> <span class='ocrx_word' id='word_1_200' title='bbox 803 1730 903 1804; x_wconf 91' lang='lat' dir='ltr'><strong>aliquid</strong></span> <span class='ocrx_word' id='word_1_201' title='bbox 919 1747 963 1787; x_wconf 92' lang='lat' dir='ltr'><strong>ae·</strong></span> <span class='ocrx_word' id='word_1_202' title='bbox 998 1729 1112 1785; x_wconf 90' lang='lat' dir='ltr'><strong>scientia</strong></span> <span class='ocrx_word' id='word_1_203' title='bbox 1123 1728 1226 1800; x_wconf 89' lang='lat' dir='ltr'><strong>absque</strong></span> <span class='ocrx_word' id='word_1_204' title='bbox 1242 1729 1396 1784; x_wconf 81' lang='lat' dir='ltr'><strong>interventu</strong></span> <span class='ocrx_word' id='word_1_205' title='bbox 1411 1727 1523 1784; x_wconf 89' lang='lat' dir='ltr'><strong>alterius</strong></span> <span class='ocrx_word' id='word_1_206' title='bbox 1535 1730 1673 1800; x_wconf 82' lang='lat' dir='ltr'><strong>praecepti</strong></span> <span class='ocrx_word' id='word_1_207' title='bbox 1688 1728 1796 1802; x_wconf 90' lang='lat' dir='ltr'><strong>iudicis,</strong></span> 
     </span>
     <span class='ocr_line' id='line_1_16' title="bbox 156 1815 1835 1893; baseline -0.001 -16"><span class='ocrx_word' id='word_1_208' title='bbox 156 1819 314 1893; x_wconf 74' lang='lat' dir='ltr'><strong>quieuere,</strong></span> <span class='ocrx_word' id='word_1_209' title='bbox 324 1827 369 1890; x_wconf 94' lang='lat' dir='ltr'><strong>ut,</strong></span> <span class='ocrx_word' id='word_1_210' title='bbox 379 1836 438 1876; x_wconf 80' lang='lat' dir='ltr'><strong>cort</strong></span> <span class='ocrx_word' id='word_1_211' title='bbox 448 1818 673 1887; x_wconf 86' lang='lat' dir='ltr'><strong>oclecl‚corect</strong></span> <span class='ocrx_word' id='word_1_212' title='bbox 683 1819 959 1890; x_wconf 80' lang='lat' dir='ltr'><strong>roborejirmitotis,</strong></span> <span class='ocrx_word' id='word_1_213' title='bbox 996 1817 1039 1874; x_wconf 87' lang='lat' dir='ltr'><strong>vel</strong></span> <span class='ocrx_word' id='word_1_214' title='bbox 1054 1818 1153 1887; x_wconf 75' lang='lat' dir='ltr'><strong>simile,</strong></span> <span class='ocrx_word' id='word_1_215' title='bbox 1170 1815 1217 1874; x_wconf 85' lang='lat' dir='ltr'><strong>sed</strong></span> <span class='ocrx_word' id='word_1_216' title='bbox 1233 1815 1294 1872; x_wconf 90' lang='lat' dir='ltr'><strong>talis</strong></span> <span class='ocrx_word' id='word_1_217' title='bbox 1308 1817 1350 1873; x_wconf 84' lang='lat' dir='ltr'><strong>lex</strong></span> <span class='ocrx_word' id='word_1_218' title='bbox 1364 1817 1443 1873; x_wconf 88' lang='lat' dir='ltr'><strong>eiiam</strong></span> <span class='ocrx_word' id='word_1_219' title='bbox 1459 1823 1489 1874; x_wconf 91' lang='lat' dir='ltr'><strong>ut</strong></span> <span class='ocrx_word' id='word_1_220' title='bbox 1502 1817 1611 1873; x_wconf 88' lang='lat' dir='ltr'><strong>irritans</strong></span> <span class='ocrx_word' id='word_1_221' title='bbox 1625 1824 1668 1875; x_wconf 91' lang='lat' dir='ltr'><strong>est</strong></span> <span class='ocrx_word' id='word_1_222' title='bbox 1686 1817 1799 1878; x_wconf 91' lang='lat' dir='ltr'><strong>directi·</strong></span> <span class='ocrx_word' id='word_1_223' title='bbox 1822 1823 1835 1846; x_wconf 57' lang='lat'><strong>⁸</strong></span> 
     </span>
     <span class='ocr_line' id='line_1_17' title="bbox 156 1897 1793 1985; baseline 0 -19"><span class='ocrx_word' id='word_1_224' title='bbox 156 1912 328 1982; x_wconf 84' lang='lat' dir='ltr'><strong>capDecet,</strong></span> <span class='ocrx_word' id='word_1_225' title='bbox 342 1907 522 1975; x_wconf 73' lang='lat' dir='ltr'><strong>lordicarfi,</strong></span> <span class='ocrx_word' id='word_1_226' title='bbox 534 1908 568 1965; x_wconf 90' lang='lat' dir='ltr'><strong>de</strong></span> <span class='ocrx_word' id='word_1_227' title='bbox 584 1910 721 1966; x_wconf 88' lang='lat' dir='ltr'><strong>immunit.</strong></span> <span class='ocrx_word' id='word_1_228' title='bbox 738 1910 919 1968; x_wconf 58' lang='lat' dir='ltr'><strong>ecclesiasta*</strong></span> <span class='ocrx_word' id='word_1_229' title='bbox 933 1916 959 1970; x_wconf 79' lang='grc'><strong>6,</strong></span> <span class='ocrx_word' id='word_1_230' title='bbox 996 1899 1040 1978; x_wconf 82' lang='lat' dir='ltr'><strong>aa,</strong></span> <span class='ocrx_word' id='word_1_231' title='bbox 1055 1897 1083 1964; x_wconf 80' lang='lat' dir='ltr'><strong>et</strong></span> <span class='ocrx_word' id='word_1_232' title='bbox 1097 1922 1144 1978; x_wconf 92' lang='lat' dir='ltr'><strong>per</strong></span> <span class='ocrx_word' id='word_1_233' title='bbox 1159 1923 1186 1962; x_wconf 91' lang='lat' dir='ltr'><strong>se</strong></span> <span class='ocrx_word' id='word_1_234' title='bbox 1201 1909 1356 1963; x_wconf 88' lang='lat' dir='ltr'><strong>necessaria</strong></span> <span class='ocrx_word' id='word_1_235' title='bbox 1371 1907 1404 1963; x_wconf 91' lang='lat' dir='ltr'><strong>ad</strong></span> <span class='ocrx_word' id='word_1_236' title='bbox 1420 1922 1566 1964; x_wconf 90' lang='lat' dir='ltr'><strong>commune</strong></span> <span class='ocrx_word' id='word_1_237' title='bbox 1580 1907 1700 1982; x_wconf 76' lang='lat' dir='ltr'><strong>bonum,</strong></span> <span class='ocrx_word' id='word_1_238' title='bbox 1716 1925 1793 1985; x_wconf 90' lang='lat' dir='ltr'><strong>ergo.</strong></span> 
     </span>
     <span class='ocr_line' id='line_1_18' title="bbox 154 1996 1797 2072; baseline 0.001 -18"><span class='ocrx_word' id='word_1_239' title='bbox 154 2005 185 2055; x_wconf 91' lang='grc' dir='ltr'>ει</span> <span class='ocrx_word' id='word_1_240' title='bbox 198 1997 264 2054; x_wconf 90' lang='lat' dir='ltr'><strong>nihil</strong></span> <span class='ocrx_word' id='word_1_241' title='bbox 285 1997 463 2071; x_wconf 89' lang='lat' dir='ltr'><strong>adiungitur,</strong></span> <span class='ocrx_word' id='word_1_242' title='bbox 479 1999 595 2054; x_wconf 88' lang='lat' dir='ltr'><strong>irritatio</strong></span> <span class='ocrx_word' id='word_1_243' title='bbox 613 1998 722 2072; x_wconf 91' lang='lat' dir='ltr'><strong>quidem</strong></span> <span class='ocrx_word' id='word_1_244' title='bbox 735 2007 778 2056; x_wconf 89' lang='lat' dir='ltr'><strong>est</strong></span> <span class='ocrx_word' id='word_1_245' title='bbox 796 2002 855 2071; x_wconf 91' lang='lat' dir='ltr'><strong>ipso</strong></span> <span class='ocrx_word' id='word_1_246' title='bbox 876 2001 961 2072; x_wconf 89' lang='lat' dir='ltr'><strong>facto,</strong></span> <span class='ocrx_word' id='word_1_247' title='bbox 997 1997 1114 2055; x_wconf 87' lang='lat' dir='ltr'><strong>Tandem</strong></span> <span class='ocrx_word' id='word_1_248' title='bbox 1131 2003 1223 2069; x_wconf 90' lang='lat' dir='ltr'><strong>posset</strong></span> <span class='ocrx_word' id='word_1_249' title='bbox 1241 1996 1265 2052; x_wconf 94' lang='lat' dir='ltr'><strong>id</strong></span> <span class='ocrx_word' id='word_1_250' title='bbox 1287 1997 1442 2054; x_wconf 78' lang='lat' dir='ltr'><strong>confirmari</strong></span> <span class='ocrx_word' id='word_1_251' title='bbox 1456 1997 1613 2055; x_wconf 88' lang='lat' dir='ltr'><strong>inductione</strong></span> <span class='ocrx_word' id='word_1_252' title='bbox 1632 1998 1723 2071; x_wconf 90' lang='lat' dir='ltr'><strong>legum</strong></span> <span class='ocrx_word' id='word_1_253' title='bbox 1737 2001 1797 2056; x_wconf 91' lang='lat' dir='ltr'><strong>irri-</strong></span> 
     </span>
     <span class='ocr_line' id='line_1_19' title="bbox 155 2085 1796 2162; baseline 0.001 -17"><span class='ocrx_word' id='word_1_254' title='bbox 155 2105 211 2146; x_wconf 94' lang='lat' dir='ltr'><strong>non</strong></span> <span class='ocrx_word' id='word_1_255' title='bbox 228 2089 427 2162; x_wconf 86' lang='lat' dir='ltr'><strong>tamonobligat</strong></span> <span class='ocrx_word' id='word_1_256' title='bbox 439 2104 527 2162; x_wconf 89' lang='lat' dir='ltr'><strong>usque</strong></span> <span class='ocrx_word' id='word_1_257' title='bbox 539 2087 573 2146; x_wconf 90' lang='lat' dir='ltr'><strong>ad</strong></span> <span class='ocrx_word' id='word_1_258' title='bbox 588 2092 749 2146; x_wconf 89' lang='lat' dir='ltr'><strong>sententiam</strong></span> <span class='ocrx_word' id='word_1_259' title='bbox 764 2089 874 2160; x_wconf 76' lang='lat' dir='ltr'><strong>iudicis3</strong></span> <span class='ocrx_word' id='word_1_260' title='bbox 888 2097 916 2148; x_wconf 91' lang='lat' dir='ltr'><strong>et</strong></span> <span class='ocrx_word' id='word_1_261' title='bbox 926 2091 962 2147; x_wconf 90' lang='lat' dir='ltr'><strong>ita</strong></span> <span class='ocrx_word' id='word_1_262' title='bbox 997 2088 1112 2145; x_wconf 85' lang='lat' dir='ltr'><strong>lentium</strong></span> <span class='ocrx_word' id='word_1_263' title='bbox 1129 2087 1313 2157; x_wconf 90' lang='lat' dir='ltr'><strong>matrimonia,</strong></span> <span class='ocrx_word' id='word_1_264' title='bbox 1330 2087 1523 2161; x_wconf 80' lang='lat' dir='ltr'><strong>professiones,</strong></span> <span class='ocrx_word' id='word_1_265' title='bbox 1538 2094 1593 2144; x_wconf 90' lang='lat' dir='ltr'><strong>etc.</strong></span> <span class='ocrx_word' id='word_1_266' title='bbox 1609 2085 1659 2144; x_wconf 90' lang='lat' dir='ltr'><strong>Sed</strong></span> <span class='ocrx_word' id='word_1_267' title='bbox 1674 2089 1796 2162; x_wconf 86' lang='lat' dir='ltr'><strong>quiores</strong></span> 
     </span>
     <span class='ocr_line' id='line_1_20' title="bbox 154 2177 1801 2252; baseline 0.001 -15"><span class='ocrx_word' id='word_1_268' title='bbox 154 2195 211 2237; x_wconf 96' lang='lat' dir='ltr'><strong>non</strong></span> <span class='ocrx_word' id='word_1_269' title='bbox 226 2180 320 2236; x_wconf 89' lang='lat' dir='ltr'><strong>statim</strong></span> <span class='ocrx_word' id='word_1_270' title='bbox 341 2178 466 2235; x_wconf 90' lang='lat' dir='ltr'><strong>annullat</strong></span> <span class='ocrx_word' id='word_1_271' title='bbox 485 2185 581 2236; x_wconf 90' lang='lat' dir='ltr'><strong>actum</strong></span> <span class='ocrx_word' id='word_1_272' title='bbox 603 2178 694 2252; x_wconf 92' lang='lat' dir='ltr'><strong>quoad</strong></span> <span class='ocrx_word' id='word_1_273' title='bbox 715 2180 844 2237; x_wconf 75' lang='lat' dir='ltr'><strong>effectum</strong></span> <span class='ocrx_word' id='word_1_274' title='bbox 866 2197 966 2250; x_wconf 82' lang='lat' dir='ltr'><strong>suum,</strong></span> <span class='ocrx_word' id='word_1_275' title='bbox 997 2177 1177 2235; x_wconf 89' lang='lat' dir='ltr'><strong>videturesse</strong></span> <span class='ocrx_word' id='word_1_276' title='bbox 1196 2184 1290 2248; x_wconf 91' lang='lat' dir='ltr'><strong>certa,</strong></span> <span class='ocrx_word' id='word_1_277' title='bbox 1306 2183 1334 2235; x_wconf 93' lang='lat' dir='ltr'><strong>et</strong></span> <span class='ocrx_word' id='word_1_278' title='bbox 1346 2183 1424 2235; x_wconf 80' lang='lat' dir='ltr'><strong>entra</strong></span> <span class='ocrx_word' id='word_1_279' title='bbox 1439 2179 1668 2251; x_wconf 84' lang='lat' dir='ltr'><strong>controversiam,</strong></span> <span class='ocrx_word' id='word_1_280' title='bbox 1684 2196 1736 2236; x_wconf 95' lang='lat' dir='ltr'><strong>non</strong></span> <span class='ocrx_word' id='word_1_281' title='bbox 1750 2181 1801 2238; x_wconf 93' lang='lat' dir='ltr'><strong>im·</strong></span> 
     </span>
     <span class='ocr_line' id='line_1_21' title="bbox 154 2265 1802 2342; baseline 0.001 -17"><span class='ocrx_word' id='word_1_282' title='bbox 154 2285 208 2326; x_wconf 89' lang='lat' dir='ltr'><strong>nec</strong></span> <span class='ocrx_word' id='word_1_283' title='bbox 223 2267 315 2342; x_wconf 86' lang='lat' dir='ltr'><strong>quoad</strong></span> <span class='ocrx_word' id='word_1_284' title='bbox 330 2268 525 2342; x_wconf 81' lang='lat' dir='ltr'><strong>obligationem</strong></span> <span class='ocrx_word' id='word_1_285' title='bbox 540 2268 705 2340; x_wconf 82' lang='lat' dir='ltr'><strong>naturalem,</strong></span> <span class='ocrx_word' id='word_1_286' title='bbox 721 2268 811 2326; x_wconf 88' lang='lat' dir='ltr'><strong>donec</strong></span> <span class='ocrx_word' id='word_1_287' title='bbox 826 2265 960 2327; x_wconf 84' lang='lat' dir='ltr'><strong>sehtentt&#39;a</strong></span> <span class='ocrx_word' id='word_1_288' title='bbox 998 2283 1102 2325; x_wconf 90' lang='lat' dir='ltr'><strong>moror.</strong></span> <span class='ocrx_word' id='word_1_289' title='bbox 1114 2268 1188 2336; x_wconf 84' lang='lat' dir='ltr'><strong>Quae</strong></span> <span class='ocrx_word' id='word_1_290' title='bbox 1203 2275 1294 2325; x_wconf 90' lang='lat' dir='ltr'><strong>aulem</strong></span> <span class='ocrx_word' id='word_1_291' title='bbox 1310 2269 1393 2325; x_wconf 87' lang='lat' dir='ltr'><strong>rerba</strong></span> <span class='ocrx_word' id='word_1_292' title='bbox 1407 2267 1439 2326; x_wconf 90' lang='lat' dir='ltr'><strong>ad</strong></span> <span class='ocrx_word' id='word_1_293' title='bbox 1456 2269 1508 2326; x_wconf 94' lang='lat' dir='ltr'><strong>hoc</strong></span> <span class='ocrx_word' id='word_1_294' title='bbox 1523 2268 1668 2342; x_wconf 87' lang='lat' dir='ltr'><strong>sufficiant,</strong></span> <span class='ocrx_word' id='word_1_295' title='bbox 1684 2270 1748 2327; x_wconf 90' lang='lat' dir='ltr'><strong>satia</strong></span> <span class='ocrx_word' id='word_1_296' title='bbox 1762 2273 1802 2328; x_wconf 91' lang='lat' dir='ltr'><strong>in·</strong></span> 
     </span>
     <span class='ocr_line' id='line_1_22' title="bbox 154 2357 1801 2436; baseline 0.001 -20"><span class='ocrx_word' id='word_1_297' title='bbox 154 2359 272 2431; x_wconf 92' lang='lat' dir='ltr'><strong>feratur,</strong></span> <span class='ocrx_word' id='word_1_298' title='bbox 287 2364 315 2415; x_wconf 90' lang='lat' dir='ltr'><strong>el</strong></span> <span class='ocrx_word' id='word_1_299' title='bbox 330 2357 544 2431; x_wconf 87' lang='lat' dir='ltr'><strong>retrotrahatur,</strong></span> <span class='ocrx_word' id='word_1_300' title='bbox 560 2365 591 2416; x_wconf 93' lang='lat' dir='ltr'><strong>ut</strong></span> <span class='ocrx_word' id='word_1_301' title='bbox 603 2359 770 2431; x_wconf 81' lang='lat' dir='ltr'><strong>explicatum</strong></span> <span class='ocrx_word' id='word_1_302' title='bbox 784 2367 835 2418; x_wconf 89' lang='lat' dir='ltr'><strong>est.</strong></span> <span class='ocrx_word' id='word_1_303' title='bbox 845 2363 881 2419; x_wconf 92' lang='lat' dir='ltr'><strong>Ut</strong></span> <span class='ocrx_word' id='word_1_304' title='bbox 895 2377 962 2436; x_wconf 91' lang='lat' dir='ltr'><strong>ergo</strong></span> <span class='ocrx_word' id='word_1_305' title='bbox 998 2358 1082 2431; x_wconf 90' lang='lat' dir='ltr'><strong>telligi</strong></span> <span class='ocrx_word' id='word_1_306' title='bbox 1095 2363 1227 2431; x_wconf 86' lang='lat' dir='ltr'><strong>potestert</strong></span> <span class='ocrx_word' id='word_1_307' title='bbox 1243 2360 1364 2430; x_wconf 82' lang='lat' dir='ltr'><strong>proxime</strong></span> <span class='ocrx_word' id='word_1_308' title='bbox 1378 2357 1471 2432; x_wconf 90' lang='lat' dir='ltr'><strong>dictis,</strong></span> <span class='ocrx_word' id='word_1_309' title='bbox 1482 2366 1510 2416; x_wconf 91' lang='grc' dir='ltr'>ει</span> <span class='ocrx_word' id='word_1_310' title='bbox 1524 2376 1606 2432; x_wconf 87' lang='lat' dir='ltr'><strong>supra</strong></span> <span class='ocrx_word' id='word_1_311' title='bbox 1620 2359 1653 2417; x_wconf 90' lang='lat' dir='ltr'><strong>de</strong></span> <span class='ocrx_word' id='word_1_312' title='bbox 1668 2360 1725 2433; x_wconf 89' lang='lat' dir='ltr'><strong>lege</strong></span> <span class='ocrx_word' id='word_1_313' title='bbox 1738 2377 1801 2433; x_wconf 92' lang='lat' dir='ltr'><strong>poe·</strong></span> 
     </span>
     <span class='ocr_line' id='line_1_23' title="bbox 155 2446 1838 2522; baseline 0.001 -17"><span class='ocrx_word' id='word_1_314' title='bbox 155 2449 268 2505; x_wconf 93' lang='lat' dir='ltr'><strong>omnino</strong></span> <span class='ocrx_word' id='word_1_315' title='bbox 287 2449 448 2506; x_wconf 89' lang='lat' dir='ltr'><strong>annulletur</strong></span> <span class='ocrx_word' id='word_1_316' title='bbox 467 2455 564 2520; x_wconf 91' lang='lat' dir='ltr'><strong>actus,</strong></span> <span class='ocrx_word' id='word_1_317' title='bbox 580 2449 682 2522; x_wconf 87' lang='lat' dir='ltr'><strong>aliquid</strong></span> <span class='ocrx_word' id='word_1_318' title='bbox 702 2449 775 2507; x_wconf 90' lang='lat' dir='ltr'><strong>ultra</strong></span> <span class='ocrx_word' id='word_1_319' title='bbox 796 2451 896 2508; x_wconf 88' lang='lat' dir='ltr'><strong>addere</strong></span> <span class='ocrx_word' id='word_1_320' title='bbox 916 2467 963 2508; x_wconf 90' lang='lat' dir='ltr'><strong>ne·</strong></span> <span class='ocrx_word' id='word_1_321' title='bbox 998 2447 1061 2504; x_wconf 89' lang='lat' dir='ltr'><strong>nali.</strong></span> <span class='ocrx_word' id='word_1_322' title='bbox 1074 2449 1109 2504; x_wconf 85' lang='lat' dir='ltr'><strong>Et</strong></span> <span class='ocrx_word' id='word_1_323' title='bbox 1123 2446 1208 2504; x_wconf 86' lang='lat' dir='ltr'><strong>videri</strong></span> <span class='ocrx_word' id='word_1_324' title='bbox 1223 2454 1313 2519; x_wconf 88' lang='lat' dir='ltr'><strong>potest</strong></span> <span class='ocrx_word' id='word_1_325' title='bbox 1327 2448 1380 2506; x_wconf 89' lang='lat' dir='ltr'><strong>late</strong></span> <span class='ocrx_word' id='word_1_326' title='bbox 1395 2449 1479 2505; x_wconf 84' lang='lat' dir='ltr'><strong>Felin.</strong></span> <span class='ocrx_word' id='word_1_327' title='bbox 1494 2450 1541 2522; x_wconf 90' lang='lat' dir='ltr'><strong>qui</strong></span> <span class='ocrx_word' id='word_1_328' title='bbox 1552 2450 1603 2506; x_wconf 90' lang='lat' dir='ltr'><strong>alia</strong></span> <span class='ocrx_word' id='word_1_329' title='bbox 1618 2448 1704 2506; x_wconf 91' lang='lat' dir='ltr'><strong>multa</strong></span> <span class='ocrx_word' id='word_1_330' title='bbox 1718 2451 1802 2508; x_wconf 82' lang='lat' dir='ltr'><strong>refert</strong></span> <span class='ocrx_word' id='word_1_331' title='bbox 1836 2480 1838 2484; x_wconf 83' lang='lat'><strong>.</strong></span> 
     </span>
     <span class='ocr_line' id='line_1_24' title="bbox 155 2537 1800 2614; baseline 0.001 -18"><span class='ocrx_word' id='word_1_332' title='bbox 155 2555 237 2596; x_wconf 89' lang='lat' dir='ltr'><strong>cesse</strong></span> <span class='ocrx_word' id='word_1_333' title='bbox 248 2539 379 2608; x_wconf 86' lang='lat' dir='ltr'><strong>est.Quid</strong></span> <span class='ocrx_word' id='word_1_334' title='bbox 391 2547 485 2596; x_wconf 88' lang='lat' dir='ltr'><strong>autem</strong></span> <span class='ocrx_word' id='word_1_335' title='bbox 496 2539 564 2596; x_wconf 92' lang='lat' dir='ltr'><strong>illud</strong></span> <span class='ocrx_word' id='word_1_336' title='bbox 579 2541 626 2611; x_wconf 91' lang='lat' dir='ltr'><strong>sit,</strong></span> <span class='ocrx_word' id='word_1_337' title='bbox 637 2541 680 2597; x_wconf 83' lang='lat' dir='ltr'><strong>ria</strong></span> <span class='ocrx_word' id='word_1_338' title='bbox 692 2548 769 2597; x_wconf 88' lang='lat' dir='ltr'><strong>certa</strong></span> <span class='ocrx_word' id='word_1_339' title='bbox 782 2541 877 2614; x_wconf 88' lang='lat' dir='ltr'><strong>regula</strong></span> <span class='ocrx_word' id='word_1_340' title='bbox 888 2557 963 2598; x_wconf 90' lang='lat' dir='ltr'><strong>com·</strong></span> <span class='ocrx_word' id='word_1_341' title='bbox 997 2539 1022 2594; x_wconf 91' lang='lat' dir='ltr'><strong>itt</strong></span> <span class='ocrx_word' id='word_1_342' title='bbox 1039 2537 1159 2609; x_wconf 87' lang='lat' dir='ltr'><strong>capuit.</strong></span> <span class='ocrx_word' id='word_1_343' title='bbox 1172 2537 1205 2594; x_wconf 93' lang='lat' dir='ltr'><strong>de</strong></span> <span class='ocrx_word' id='word_1_344' title='bbox 1217 2540 1348 2609; x_wconf 84' lang='lat' dir='ltr'><strong>rescript.</strong></span> <span class='ocrx_word' id='word_1_345' title='bbox 1357 2555 1384 2593; x_wconf 91' lang='lat' dir='ltr'><strong>o.</strong></span> <span class='ocrx_word' id='word_1_346' title='bbox 1394 2543 1440 2596; x_wconf 82' lang='lat'><strong>23.</strong></span> <span class='ocrx_word' id='word_1_347' title='bbox 1455 2544 1482 2596; x_wconf 89' lang='lat' dir='ltr'><strong>et</strong></span> <span class='ocrx_word' id='word_1_348' title='bbox 1497 2539 1650 2612; x_wconf 86' lang='lat' dir='ltr'><strong>sequentib.</strong></span> <span class='ocrx_word' id='word_1_349' title='bbox 1663 2540 1800 2613; x_wconf 86' lang='lat' dir='ltr'><strong>Tiraquel.</strong></span> 
     </span>
     <span class='ocr_line' id='line_1_25' title="bbox 156 2627 1801 2706; baseline 0.001 -20"><span class='ocrx_word' id='word_1_350' title='bbox 156 2629 290 2702; x_wconf 88' lang='lat' dir='ltr'><strong>prehendi</strong></span> <span class='ocrx_word' id='word_1_351' title='bbox 305 2629 542 2702; x_wconf 70' lang='lat' dir='ltr'><strong>potestqmaxime</strong></span> <span class='ocrx_word' id='word_1_352' title='bbox 557 2636 648 2687; x_wconf 89' lang='lat' dir='ltr'><strong>autem</strong></span> <span class='ocrx_word' id='word_1_353' title='bbox 664 2629 717 2687; x_wconf 96' lang='lat' dir='ltr'><strong>boc</strong></span> <span class='ocrx_word' id='word_1_354' title='bbox 732 2631 879 2704; x_wconf 87' lang='lat' dir='ltr'><strong>significari</strong></span> <span class='ocrx_word' id='word_1_355' title='bbox 894 2631 964 2688; x_wconf 89' lang='lat' dir='ltr'><strong>solet</strong></span> <span class='ocrx_word' id='word_1_356' title='bbox 998 2629 1024 2684; x_wconf 93' lang='lat' dir='ltr'><strong>in</strong></span> <span class='ocrx_word' id='word_1_357' title='bbox 1035 2627 1053 2683; x_wconf 88' lang='lat' dir='ltr'><strong>i.</strong></span> <span class='ocrx_word' id='word_1_358' title='bbox 1066 2627 1116 2684; x_wconf 91' lang='lat' dir='ltr'><strong>uit.</strong></span> <span class='ocrx_word' id='word_1_359' title='bbox 1127 2627 1642 2700; x_wconf 67' lang='lat' dir='ltr'><strong>connubdlosatnprinc.Covar.in</strong></span> <span class='ocrx_word' id='word_1_360' title='bbox 1653 2633 1801 2706; x_wconf 85' lang='lat' dir='ltr'><strong>c.Qatom·</strong></span> 
     </span>
     <span class='ocr_line' id='line_1_26' title="bbox 155 2717 1799 2796; baseline 0.004 -21"><span class='ocrx_word' id='word_1_361' title='bbox 155 2734 207 2793; x_wconf 89' lang='lat' dir='ltr'><strong>per</strong></span> <span class='ocrx_word' id='word_1_362' title='bbox 226 2720 328 2790; x_wconf 84' lang='lat' dir='ltr'><strong>rerba,</strong></span> <span class='ocrx_word' id='word_1_363' title='bbox 348 2735 418 2792; x_wconf 89' lang='lat' dir='ltr'><strong>quae</strong></span> <span class='ocrx_word' id='word_1_364' title='bbox 440 2717 589 2790; x_wconf 90' lang='lat' dir='ltr'><strong>impediunt</strong></span> <span class='ocrx_word' id='word_1_365' title='bbox 609 2719 820 2792; x_wconf 88' lang='lat' dir='ltr'><strong>acquisitionem</strong></span> <span class='ocrx_word' id='word_1_366' title='bbox 839 2719 962 2792; x_wconf 90' lang='lat' dir='ltr'><strong>dominii,</strong></span> <span class='ocrx_word' id='word_1_367' title='bbox 999 2722 1044 2776; x_wconf 87' lang='lat' dir='ltr'><strong>ols</strong></span> <span class='ocrx_word' id='word_1_368' title='bbox 1053 2725 1191 2792; x_wconf 83' lang='lat' dir='ltr'><strong>poclum,</strong></span> <span class='ocrx_word' id='word_1_369' title='bbox 1206 2725 1234 2776; x_wconf 84' lang='lat'><strong>2.</strong></span> <span class='ocrx_word' id='word_1_370' title='bbox 1248 2737 1274 2792; x_wconf 92' lang='lat' dir='ltr'><strong>p.</strong></span> <span class='ocrx_word' id='word_1_371' title='bbox 1288 2717 1338 2785; x_wconf 73' lang='lat' dir='ltr'><strong>if.</strong></span> <span class='ocrx_word' id='word_1_372' title='bbox 1352 2721 1463 2778; x_wconf 87' lang='lat' dir='ltr'><strong>Certum</strong></span> <span class='ocrx_word' id='word_1_373' title='bbox 1476 2728 1565 2779; x_wconf 92' lang='lat' dir='ltr'><strong>autem</strong></span> <span class='ocrx_word' id='word_1_374' title='bbox 1578 2723 1602 2778; x_wconf 92' lang='lat' dir='ltr'><strong>in</strong></span> <span class='ocrx_word' id='word_1_375' title='bbox 1617 2723 1738 2795; x_wconf 89' lang='lat' dir='ltr'><strong>generali</strong></span> <span class='ocrx_word' id='word_1_376' title='bbox 1746 2731 1799 2796; x_wconf 89' lang='lat' dir='ltr'><strong>est,</strong></span> 
     </span>
     <span class='ocr_line' id='line_1_27' title="bbox 156 2806 1850 2884; baseline 0.004 -20"><span class='ocrx_word' id='word_1_377' title='bbox 156 2808 200 2865; x_wconf 87' lang='lat' dir='ltr'><strong>ref</strong></span> <span class='ocrx_word' id='word_1_378' title='bbox 215 2807 408 2881; x_wconf 73' lang='lat' dir='ltr'><strong>obligationem</strong></span> <span class='ocrx_word' id='word_1_379' title='bbox 419 2806 453 2863; x_wconf 91' lang='lat' dir='ltr'><strong>ad</strong></span> <span class='ocrx_word' id='word_1_380' title='bbox 467 2807 668 2866; x_wconf 80' lang='lat' dir='ltr'><strong>restituendum</strong></span> <span class='ocrx_word' id='word_1_381' title='bbox 682 2810 786 2881; x_wconf 90' lang='lat' dir='ltr'><strong>atatim,</strong></span> <span class='ocrx_word' id='word_1_382' title='bbox 800 2815 831 2866; x_wconf 90' lang='lat' dir='ltr'><strong>ut</strong></span> <span class='ocrx_word' id='word_1_383' title='bbox 845 2807 964 2881; x_wconf 82' lang='lat' dir='ltr'><strong>nansc-</strong></span> <span class='ocrx_word' id='word_1_384' title='bbox 998 2807 1081 2865; x_wconf 86' lang='lat' dir='ltr'><strong>verba</strong></span> <span class='ocrx_word' id='word_1_385' title='bbox 1092 2808 1264 2881; x_wconf 90' lang='lat' dir='ltr'><strong>prohibentia</strong></span> <span class='ocrx_word' id='word_1_386' title='bbox 1276 2826 1328 2866; x_wconf 90' lang='lat' dir='ltr'><strong>non</strong></span> <span class='ocrx_word' id='word_1_387' title='bbox 1342 2809 1481 2883; x_wconf 86' lang='lat' dir='ltr'><strong>sufficere,</strong></span> <span class='ocrx_word' id='word_1_388' title='bbox 1492 2819 1523 2868; x_wconf 92' lang='lat' dir='ltr'><strong>ut</strong></span> <span class='ocrx_word' id='word_1_389' title='bbox 1534 2827 1615 2884; x_wconf 91' lang='lat' dir='ltr'><strong>saepe</strong></span> <span class='ocrx_word' id='word_1_390' title='bbox 1626 2811 1730 2870; x_wconf 91' lang='lat' dir='ltr'><strong>dictum</strong></span> <span class='ocrx_word' id='word_1_391' title='bbox 1745 2822 1798 2884; x_wconf 88' lang='lat' dir='ltr'><strong>est,</strong></span> <span class='ocrx_word' id='word_1_392' title='bbox 1844 2813 1850 2826; x_wconf 86' lang='lat'>&#39;</span> 
     </span>
     <span class='ocr_line' id='line_1_28' title="bbox 158 2893 1867 2975; baseline 0.002 -19"><span class='ocrx_word' id='word_1_393' title='bbox 158 2902 225 2956; x_wconf 84' lang='lat' dir='ltr'><strong>citet</strong></span> <span class='ocrx_word' id='word_1_394' title='bbox 244 2915 349 2964; x_wconf 86' lang='lat' dir='ltr'><strong>suum,</strong></span> <span class='ocrx_word' id='word_1_395' title='bbox 374 2901 512 2955; x_wconf 82' lang='grc' dir='ltr'>ιεηεηιεεν</span> <span class='ocrx_word' id='word_1_396' title='bbox 531 2901 635 2955; x_wconf 85' lang='lat' dir='ltr'><strong>statim</strong></span> <span class='ocrx_word' id='word_1_397' title='bbox 655 2903 809 2956; x_wconf 84' lang='lat' dir='ltr'><strong>restituere</strong></span> <span class='ocrx_word' id='word_1_398' title='bbox 815 2919 825 2967; x_wconf 91' lang='lat'><strong>,·</strong></span> <span class='ocrx_word' id='word_1_399' title='bbox 846 2915 909 2956; x_wconf 89' lang='lat' dir='ltr'><strong>nam</strong></span> <span class='ocrx_word' id='word_1_400' title='bbox 930 2897 964 2955; x_wconf 90' lang='lat' dir='ltr'><strong>nd</strong></span> <span class='ocrx_word' id='word_1_401' title='bbox 998 2900 1046 2957; x_wconf 87' lang='lat' dir='ltr'><strong>sed</strong></span> <span class='ocrx_word' id='word_1_402' title='bbox 1062 2901 1248 2958; x_wconf 88' lang='lat' dir='ltr'><strong>necessarium</strong></span> <span class='ocrx_word' id='word_1_403' title='bbox 1263 2893 1336 2972; x_wconf 88' lang='lat' dir='ltr'><strong>esse&#39;,</strong></span> <span class='ocrx_word' id='word_1_404' title='bbox 1349 2908 1380 2957; x_wconf 90' lang='lat' dir='ltr'><strong>ut</strong></span> <span class='ocrx_word' id='word_1_405' title='bbox 1394 2901 1435 2957; x_wconf 83' lang='lat' dir='ltr'><strong>aei</strong></span> <span class='ocrx_word' id='word_1_406' title='bbox 1451 2917 1498 2972; x_wconf 89' lang='lat' dir='ltr'><strong>per</strong></span> <span class='ocrx_word' id='word_1_407' title='bbox 1511 2918 1639 2974; x_wconf 82' lang='lat' dir='ltr'><strong>expressa</strong></span> <span class='ocrx_word' id='word_1_408' title='bbox 1651 2905 1745 2975; x_wconf 81' lang='lat' dir='ltr'><strong>acrba,</strong></span> <span class='ocrx_word' id='word_1_409' title='bbox 1758 2902 1800 2960; x_wconf 88' lang='lat' dir='ltr'><strong>vel</strong></span> <span class='ocrx_word' id='word_1_410' title='bbox 1864 2913 1867 2919; x_wconf 82' lang='lat'>&#39;</span> 
     </span>
     <span class='ocr_line' id='line_1_29' title="bbox 157 2986 1800 3065; baseline 0.003 -20"><span class='ocrx_word' id='word_1_411' title='bbox 157 2986 318 3046; x_wconf 88' lang='lat' dir='ltr'><strong>huiusmodi</strong></span> <span class='ocrx_word' id='word_1_412' title='bbox 337 2987 470 3060; x_wconf 86' lang='lat' dir='ltr'><strong>effectus,</strong></span> <span class='ocrx_word' id='word_1_413' title='bbox 485 3003 597 3045; x_wconf 88' lang='lat' dir='ltr'><strong>necesse</strong></span> <span class='ocrx_word' id='word_1_414' title='bbox 612 2993 655 3046; x_wconf 91' lang='lat' dir='ltr'><strong>est</strong></span> <span class='ocrx_word' id='word_1_415' title='bbox 667 2989 798 3061; x_wconf 88' lang='lat' dir='ltr'><strong>impedire</strong></span> <span class='ocrx_word' id='word_1_416' title='bbox 812 2991 904 3046; x_wconf 90' lang='lat' dir='ltr'><strong>statim</strong></span> <span class='ocrx_word' id='word_1_417' title='bbox 918 3004 964 3047; x_wconf 89' lang='lat' dir='ltr'><strong>va·</strong></span> <span class='ocrx_word' id='word_1_418' title='bbox 998 3005 1047 3062; x_wconf 93' lang='lat' dir='ltr'><strong>per</strong></span> <span class='ocrx_word' id='word_1_419' title='bbox 1061 2989 1191 3060; x_wconf 78' lang='lat' dir='ltr'><strong>effectus,</strong></span> <span class='ocrx_word' id='word_1_420' title='bbox 1208 2989 1249 3045; x_wconf 89' lang='lat' dir='ltr'><strong>vel</strong></span> <span class='ocrx_word' id='word_1_421' title='bbox 1265 2992 1413 3062; x_wconf 89' lang='lat' dir='ltr'><strong>peripsam</strong></span> <span class='ocrx_word' id='word_1_422' title='bbox 1429 2991 1563 3047; x_wconf 89' lang='lat' dir='ltr'><strong>rationem</strong></span> <span class='ocrx_word' id='word_1_423' title='bbox 1578 2991 1647 3065; x_wconf 87' lang='lat' dir='ltr'><strong>legis</strong></span> <span class='ocrx_word' id='word_1_424' title='bbox 1661 2992 1800 3050; x_wconf 87' lang='lat' dir='ltr'><strong>sufficien-</strong></span> 
     </span>
     <span class='ocr_line' id='line_1_30' title="bbox 156 3076 1799 3157; baseline 0.002 -19"><span class='ocrx_word' id='word_1_425' title='bbox 156 3079 245 3138; x_wconf 90' lang='lat' dir='ltr'><strong>lorem</strong></span> <span class='ocrx_word' id='word_1_426' title='bbox 262 3083 436 3134; x_wconf 88' lang='lat' dir='ltr'><strong>contractus.</strong></span> <span class='ocrx_word' id='word_1_427' title='bbox 448 3076 578 3151; x_wconf 84' lang='lat' dir='ltr'><strong>idemque</strong></span> <span class='ocrx_word' id='word_1_428' title='bbox 593 3093 704 3150; x_wconf 90' lang='lat' dir='ltr'><strong>censeo,</strong></span> <span class='ocrx_word' id='word_1_429' title='bbox 718 3081 740 3135; x_wconf 91' lang='lat' dir='ltr'><strong>si</strong></span> <span class='ocrx_word' id='word_1_430' title='bbox 755 3095 788 3136; x_wconf 84' lang='lat' dir='ltr'><strong>ex</strong></span> <span class='ocrx_word' id='word_1_431' title='bbox 803 3079 961 3152; x_wconf 88' lang='lat' dir='ltr'><strong>parleeius,</strong></span> <span class='ocrx_word' id='word_1_432' title='bbox 998 3085 1040 3136; x_wconf 91' lang='lat' dir='ltr'><strong>ter</strong></span> <span class='ocrx_word' id='word_1_433' title='bbox 1059 3078 1257 3136; x_wconf 90' lang='lat' dir='ltr'><strong>declararetur.</strong></span> <span class='ocrx_word' id='word_1_434' title='bbox 1273 3079 1307 3137; x_wconf 86' lang='lat' dir='ltr'><strong>Et</strong></span> <span class='ocrx_word' id='word_1_435' title='bbox 1327 3082 1365 3137; x_wconf 92' lang='lat' dir='ltr'><strong>ita</strong></span> <span class='ocrx_word' id='word_1_436' title='bbox 1380 3087 1489 3137; x_wconf 86' lang='lat' dir='ltr'><strong>cessant</strong></span> <span class='ocrx_word' id='word_1_437' title='bbox 1509 3081 1666 3148; x_wconf 85' lang='lat' dir='ltr'><strong>instantiae,</strong></span> <span class='ocrx_word' id='word_1_438' title='bbox 1682 3098 1751 3157; x_wconf 90' lang='lat' dir='ltr'><strong>quae</strong></span> <span class='ocrx_word' id='word_1_439' title='bbox 1773 3086 1799 3141; x_wconf 93' lang='lat' dir='ltr'><strong>in</strong></span> 
     </span>
     <span class='ocr_line' id='line_1_31' title="bbox 157 3166 1864 3246; baseline 0.004 -22"><span class='ocrx_word' id='word_1_440' title='bbox 157 3169 205 3241; x_wconf 90' lang='lat' dir='ltr'><strong>qui</strong></span> <span class='ocrx_word' id='word_1_441' title='bbox 220 3167 367 3241; x_wconf 87' lang='lat' dir='ltr'><strong>obligatur,</strong></span> <span class='ocrx_word' id='word_1_442' title='bbox 378 3167 420 3224; x_wconf 82' lang='lat' dir='ltr'><strong>lex</strong></span> <span class='ocrx_word' id='word_1_443' title='bbox 434 3166 665 3239; x_wconf 82' lang='lat' dir='ltr'><strong>dicat,otlttibil</strong></span> <span class='ocrx_word' id='word_1_444' title='bbox 678 3173 823 3238; x_wconf 82' lang='lat' dir='ltr'><strong>teneatur,</strong></span> <span class='ocrx_word' id='word_1_445' title='bbox 841 3168 883 3226; x_wconf 85' lang='lat' dir='ltr'><strong>rel</strong></span> <span class='ocrx_word' id='word_1_446' title='bbox 898 3169 964 3243; x_wconf 88' lang='lat' dir='ltr'><strong>quid</strong></span> <span class='ocrx_word' id='word_1_447' title='bbox 998 3170 1129 3243; x_wconf 91' lang='lat' dir='ltr'><strong>principio</strong></span> <span class='ocrx_word' id='word_1_448' title='bbox 1149 3185 1176 3226; x_wconf 90' lang='lat' dir='ltr'><strong>c.</strong></span> <span class='ocrx_word' id='word_1_449' title='bbox 1191 3169 1269 3226; x_wconf 83' lang='lat' dir='ltr'><strong>XXV.</strong></span> <span class='ocrx_word' id='word_1_450' title='bbox 1286 3169 1496 3242; x_wconf 85' lang='lat' dir='ltr'><strong>asserebantur,</strong></span> <span class='ocrx_word' id='word_1_451' title='bbox 1512 3171 1545 3228; x_wconf 90' lang='lat' dir='ltr'><strong>de</strong></span> <span class='ocrx_word' id='word_1_452' title='bbox 1560 3173 1800 3246; x_wconf 75' lang='lat' dir='ltr'><strong>,matrimonio,et</strong></span> <span class='ocrx_word' id='word_1_453' title='bbox 1854 3225 1864 3240; x_wconf 78' lang='lat'><strong>.</strong></span> 
     </span>
     <span class='ocr_line' id='line_1_32' title="bbox 158 3257 1801 3334; baseline 0.004 -21"><span class='ocrx_word' id='word_1_454' title='bbox 158 3258 261 3330; x_wconf 83' lang='lat' dir='ltr'><strong>simile3</strong></span> <span class='ocrx_word' id='word_1_455' title='bbox 276 3265 487 3330; x_wconf 83' lang='lat' dir='ltr'><strong>namrespectu</strong></span> <span class='ocrx_word' id='word_1_456' title='bbox 503 3257 574 3314; x_wconf 90' lang='lat' dir='ltr'><strong>illius</strong></span> <span class='ocrx_word' id='word_1_457' title='bbox 586 3274 638 3314; x_wconf 92' lang='lat' dir='ltr'><strong>non</strong></span> <span class='ocrx_word' id='word_1_458' title='bbox 653 3265 694 3315; x_wconf 88' lang='lat' dir='ltr'><strong>est</strong></span> <span class='ocrx_word' id='word_1_459' title='bbox 706 3274 803 3330; x_wconf 88' lang='lat' dir='ltr'><strong>poena,</strong></span> <span class='ocrx_word' id='word_1_460' title='bbox 816 3258 863 3316; x_wconf 88' lang='lat' dir='ltr'><strong>aed</strong></span> <span class='ocrx_word' id='word_1_461' title='bbox 878 3259 964 3334; x_wconf 89' lang='lat' dir='ltr'><strong>favor,</strong></span> <span class='ocrx_word' id='word_1_462' title='bbox 999 3259 1254 3332; x_wconf 81' lang='lat' dir='ltr'><strong>professioneNam</strong></span> <span class='ocrx_word' id='word_1_463' title='bbox 1270 3261 1359 3331; x_wconf 90' lang='lat' dir='ltr'><strong>potius</strong></span> <span class='ocrx_word' id='word_1_464' title='bbox 1370 3261 1395 3316; x_wconf 93' lang='lat' dir='ltr'><strong>in</strong></span> <span class='ocrx_word' id='word_1_465' title='bbox 1410 3260 1451 3316; x_wconf 91' lang='lat' dir='ltr'><strong>his</strong></span> <span class='ocrx_word' id='word_1_466' title='bbox 1465 3264 1582 3318; x_wconf 77' lang='lat' dir='ltr'><strong>maxime</strong></span> <span class='ocrx_word' id='word_1_467' title='bbox 1594 3263 1745 3319; x_wconf 85' lang='lat' dir='ltr'><strong>neccssaria</strong></span> <span class='ocrx_word' id='word_1_468' title='bbox 1759 3269 1801 3320; x_wconf 88' lang='lat' dir='ltr'><strong>est</strong></span> 
     </span>
     <span class='ocr_line' id='line_1_33' title="bbox 157 3341 1801 3430; baseline 0.004 -28"><span class='ocrx_word' id='word_1_469' title='bbox 157 3353 186 3403; x_wconf 87' lang='lat' dir='ltr'><strong>ct</strong></span> <span class='ocrx_word' id='word_1_470' title='bbox 200 3347 237 3402; x_wconf 86' lang='lat' dir='ltr'><strong>ila</strong></span> <span class='ocrx_word' id='word_1_471' title='bbox 251 3351 344 3403; x_wconf 88' lang='lat' dir='ltr'><strong>atatim</strong></span> <span class='ocrx_word' id='word_1_472' title='bbox 359 3352 450 3419; x_wconf 89' lang='lat' dir='ltr'><strong>potest</strong></span> <span class='ocrx_word' id='word_1_473' title='bbox 462 3346 507 3403; x_wconf 90' lang='lat' dir='ltr'><strong>ilio</strong></span> <span class='ocrx_word' id='word_1_474' title='bbox 522 3346 586 3418; x_wconf 88' lang='lat' dir='ltr'><strong>frui,</strong></span> <span class='ocrx_word' id='word_1_475' title='bbox 599 3348 649 3404; x_wconf 86' lang='lat' dir='ltr'><strong>nisi</strong></span> <span class='ocrx_word' id='word_1_476' title='bbox 662 3347 774 3404; x_wconf 89' lang='lat' dir='ltr'><strong>veiitilli</strong></span> <span class='ocrx_word' id='word_1_477' title='bbox 789 3351 963 3419; x_wconf 90' lang='lat' dir='ltr'><strong>renunciare,</strong></span> <span class='ocrx_word' id='word_1_478' title='bbox 999 3348 1146 3407; x_wconf 90' lang='lat' dir='ltr'><strong>declaratio</strong></span> <span class='ocrx_word' id='word_1_479' title='bbox 1162 3341 1318 3407; x_wconf 88' lang='lat' dir='ltr'><strong>irritationis</strong></span> <span class='ocrx_word' id='word_1_480' title='bbox 1330 3357 1440 3422; x_wconf 89' lang='lat' dir='ltr'><strong>propter</strong></span> <span class='ocrx_word' id='word_1_481' title='bbox 1455 3352 1583 3408; x_wconf 89' lang='lat' dir='ltr'><strong>materiae</strong></span> <span class='ocrx_word' id='word_1_482' title='bbox 1598 3353 1757 3430; x_wconf 68' lang='lat' dir='ltr'><strong>grauitatem</strong></span> <span class='ocrx_word' id='word_1_483' title='bbox 1772 3358 1801 3410; x_wconf 92' lang='grc' dir='ltr'>ει</span> 
     </span>
     <span class='ocr_line' id='line_1_34' title="bbox 158 3433 1798 3513; baseline 0.005 -21"><span class='ocrx_word' id='word_1_484' title='bbox 158 3444 187 3493; x_wconf 82' lang='grc' dir='ltr'>ει</span> <span class='ocrx_word' id='word_1_485' title='bbox 198 3437 237 3494; x_wconf 91' lang='lat' dir='ltr'><strong>ita</strong></span> <span class='ocrx_word' id='word_1_486' title='bbox 250 3443 318 3492; x_wconf 90' lang='lat' dir='ltr'><strong>tunc</strong></span> <span class='ocrx_word' id='word_1_487' title='bbox 328 3438 356 3493; x_wconf 92' lang='lat' dir='ltr'><strong>in</strong></span> <span class='ocrx_word' id='word_1_488' title='bbox 370 3437 462 3510; x_wconf 89' lang='lat' dir='ltr'><strong>rigore</strong></span> <span class='ocrx_word' id='word_1_489' title='bbox 477 3436 627 3508; x_wconf 88' lang='lat' dir='ltr'><strong>impeditur</strong></span> <span class='ocrx_word' id='word_1_490' title='bbox 640 3437 776 3494; x_wconf 87' lang='lat' dir='ltr'><strong>naturalis</strong></span> <span class='ocrx_word' id='word_1_491' title='bbox 786 3433 931 3513; x_wconf 87' lang='lat' dir='ltr'><strong>obligatio,</strong></span> <span class='ocrx_word' id='word_1_492' title='bbox 940 3447 969 3498; x_wconf 93' lang='lat' dir='ltr'><strong>et</strong></span> <span class='ocrx_word' id='word_1_493' title='bbox 999 3437 1164 3510; x_wconf 89' lang='lat' dir='ltr'><strong>periculum,</strong></span> <span class='ocrx_word' id='word_1_494' title='bbox 1177 3444 1207 3494; x_wconf 94' lang='lat' dir='ltr'><strong>ut</strong></span> <span class='ocrx_word' id='word_1_495' title='bbox 1216 3439 1286 3496; x_wconf 91' lang='lat' dir='ltr'><strong>bene</strong></span> <span class='ocrx_word' id='word_1_496' title='bbox 1299 3445 1402 3496; x_wconf 90' lang='lat' dir='ltr'><strong>tractat</strong></span> <span class='ocrx_word' id='word_1_497' title='bbox 1411 3441 1527 3498; x_wconf 85' lang='lat' dir='ltr'><strong>Saucius</strong></span> <span class='ocrx_word' id='word_1_498' title='bbox 1540 3440 1586 3498; x_wconf 92' lang='lat' dir='ltr'><strong>lib.</strong></span> <span class='ocrx_word' id='word_1_499' title='bbox 1599 3443 1667 3499; x_wconf 89' lang='lat' dir='ltr'><strong>l.dc</strong></span> <span class='ocrx_word' id='word_1_500' title='bbox 1678 3444 1798 3500; x_wconf 89' lang='lat' dir='ltr'><strong>matrim.</strong></span> 
     </span>
     <span class='ocr_line' id='line_1_35' title="bbox 158 3527 1799 3604; baseline 0.005 -22"><span class='ocrx_word' id='word_1_501' title='bbox 158 3531 365 3598; x_wconf 89' lang='lat' dir='ltr'><strong>consequenter</strong></span> <span class='ocrx_word' id='word_1_502' title='bbox 386 3533 466 3583; x_wconf 91' lang='lat' dir='ltr'><strong>actus</strong></span> <span class='ocrx_word' id='word_1_503' title='bbox 486 3536 528 3583; x_wconf 98' lang='grc' dir='ltr'><strong>εει</strong></span> <span class='ocrx_word' id='word_1_504' title='bbox 547 3527 640 3584; x_wconf 89' lang='lat' dir='ltr'><strong>statim</strong></span> <span class='ocrx_word' id='word_1_505' title='bbox 661 3527 764 3584; x_wconf 87' lang='lat' dir='ltr'><strong>nuilus.</strong></span> <span class='ocrx_word' id='word_1_506' title='bbox 788 3530 876 3586; x_wconf 87' lang='lat' dir='ltr'><strong>Secue</strong></span> <span class='ocrx_word' id='word_1_507' title='bbox 901 3545 966 3586; x_wconf 83' lang='lat' dir='ltr'><strong>vero</strong></span> <span class='ocrx_word' id='word_1_508' title='bbox 998 3527 1214 3600; x_wconf 72' lang='lat' dir='ltr'><strong>dispalatam</strong></span> <span class='ocrx_word' id='word_1_509' title='bbox 1226 3535 1316 3585; x_wconf 88' lang='lat' dir='ltr'><strong>tamen</strong></span> <span class='ocrx_word' id='word_1_510' title='bbox 1329 3536 1383 3599; x_wconf 88' lang='lat' dir='ltr'><strong>eat,</strong></span> <span class='ocrx_word' id='word_1_511' title='bbox 1396 3532 1507 3603; x_wconf 91' lang='lat' dir='ltr'><strong>antiqua</strong></span> <span class='ocrx_word' id='word_1_512' title='bbox 1523 3531 1634 3588; x_wconf 89' lang='lat' dir='ltr'><strong>decreta</strong></span> <span class='ocrx_word' id='word_1_513' title='bbox 1649 3547 1730 3604; x_wconf 86' lang='lat' dir='ltr'><strong>saepe</strong></span> <span class='ocrx_word' id='word_1_514' title='bbox 1746 3532 1799 3590; x_wconf 90' lang='lat' dir='ltr'><strong>hoc</strong></span> 
     </span>
     <span class='ocr_line' id='line_1_36' title="bbox 159 3614 1803 3694; baseline 0.004 -22"><span class='ocrx_word' id='word_1_515' title='bbox 159 3621 214 3684; x_wconf 91' lang='lat' dir='ltr'><strong>eat,</strong></span> <span class='ocrx_word' id='word_1_516' title='bbox 225 3617 247 3671; x_wconf 89' lang='lat' dir='ltr'><strong>si</strong></span> <span class='ocrx_word' id='word_1_517' title='bbox 264 3616 306 3672; x_wconf 85' lang='lat' dir='ltr'><strong>lex</strong></span> <span class='ocrx_word' id='word_1_518' title='bbox 317 3614 402 3687; x_wconf 87' lang='lat' dir='ltr'><strong>dicat,</strong></span> <span class='ocrx_word' id='word_1_519' title='bbox 413 3633 473 3673; x_wconf 83' lang='lat' dir='ltr'><strong>non</strong></span> <span class='ocrx_word' id='word_1_520' title='bbox 488 3615 742 3691; x_wconf 80' lang='lat' dir='ltr'><strong>copotorsoloere,</strong></span> <span class='ocrx_word' id='word_1_521' title='bbox 759 3618 801 3675; x_wconf 86' lang='lat' dir='ltr'><strong>vel</strong></span> <span class='ocrx_word' id='word_1_522' title='bbox 812 3624 896 3676; x_wconf 87' lang='lat' dir='ltr'><strong>actor</strong></span> <span class='ocrx_word' id='word_1_523' title='bbox 907 3637 968 3677; x_wconf 83' lang='lat' dir='ltr'><strong>noc</strong></span> <span class='ocrx_word' id='word_1_524' title='bbox 998 3619 1134 3691; x_wconf 79' lang='lat' dir='ltr'><strong>explicare</strong></span> <span class='ocrx_word' id='word_1_525' title='bbox 1148 3634 1196 3691; x_wconf 90' lang='lat' dir='ltr'><strong>per</strong></span> <span class='ocrx_word' id='word_1_526' title='bbox 1216 3618 1331 3676; x_wconf 87' lang='lat' dir='ltr'><strong>effectus</strong></span> <span class='ocrx_word' id='word_1_527' title='bbox 1351 3619 1516 3692; x_wconf 89' lang='lat' dir='ltr'><strong>irritationis,</strong></span> <span class='ocrx_word' id='word_1_528' title='bbox 1532 3627 1564 3677; x_wconf 95' lang='lat' dir='ltr'><strong>ut</strong></span> <span class='ocrx_word' id='word_1_529' title='bbox 1586 3627 1651 3678; x_wconf 90' lang='lat' dir='ltr'><strong>sunt</strong></span> <span class='ocrx_word' id='word_1_530' title='bbox 1670 3627 1803 3694; x_wconf 90' lang='lat' dir='ltr'><strong>perpetua</strong></span> 
     </span>
     <span class='ocr_line' id='line_1_37' title="bbox 160 3695 1803 3786; baseline 0.004 -23"><span class='ocrx_word' id='word_1_531' title='bbox 160 3703 321 3768; x_wconf 78' lang='lat' dir='ltr'><strong>audiatur.</strong></span> <span class='ocrx_word' id='word_1_532' title='bbox 339 3705 382 3762; x_wconf 88' lang='lat' dir='ltr'><strong>vel</strong></span> <span class='ocrx_word' id='word_1_533' title='bbox 395 3705 462 3779; x_wconf 92' lang='lat' dir='ltr'><strong>quid</strong></span> <span class='ocrx_word' id='word_1_534' title='bbox 476 3707 577 3782; x_wconf 88' lang='lat' dir='ltr'><strong>simile,</strong></span> <span class='ocrx_word' id='word_1_535' title='bbox 588 3707 652 3780; x_wconf 90' lang='lat' dir='ltr'><strong>quia</strong></span> <span class='ocrx_word' id='word_1_536' title='bbox 666 3713 733 3765; x_wconf 91' lang='lat' dir='ltr'><strong>tunc</strong></span> <span class='ocrx_word' id='word_1_537' title='bbox 749 3695 792 3766; x_wconf 76' lang='lat' dir='ltr'><strong>lea</strong></span> <span class='ocrx_word' id='word_1_538' title='bbox 806 3725 860 3766; x_wconf 92' lang='lat' dir='ltr'><strong>non</strong></span> <span class='ocrx_word' id='word_1_539' title='bbox 874 3711 966 3767; x_wconf 90' lang='lat' dir='ltr'><strong>statim</strong></span> <span class='ocrx_word' id='word_1_540' title='bbox 1001 3709 1148 3781; x_wconf 89' lang='lat' dir='ltr'><strong>separatio,</strong></span> <span class='ocrx_word' id='word_1_541' title='bbox 1164 3708 1278 3766; x_wconf 88' lang='lat' dir='ltr'><strong>illicitus</strong></span> <span class='ocrx_word' id='word_1_542' title='bbox 1294 3708 1472 3781; x_wconf 90' lang='lat' dir='ltr'><strong>concubitus,</strong></span> <span class='ocrx_word' id='word_1_543' title='bbox 1487 3716 1515 3767; x_wconf 90' lang='lat' dir='ltr'><strong>et</strong></span> <span class='ocrx_word' id='word_1_544' title='bbox 1528 3712 1640 3785; x_wconf 89' lang='lat' dir='ltr'><strong>similes,</strong></span> <span class='ocrx_word' id='word_1_545' title='bbox 1655 3710 1803 3786; x_wconf 86' lang='lat' dir='ltr'><strong>dequibus</strong></span> 
     </span>
     <span class='ocr_line' id='line_1_38' title="bbox 160 3794 1463 3858; baseline 0.003 -5"><span class='ocrx_word' id='word_1_546' title='bbox 160 3797 268 3853; x_wconf 88' lang='lat' dir='ltr'><strong>resistit</strong></span> <span class='ocrx_word' id='word_1_547' title='bbox 280 3794 364 3853; x_wconf 87' lang='lat' dir='ltr'><strong>valori</strong></span> <span class='ocrx_word' id='word_1_548' title='bbox 379 3801 471 3853; x_wconf 89' lang='lat' dir='ltr'><strong>actus.</strong></span> <span class='ocrx_word' id='word_1_549' title='bbox 1002 3799 1028 3856; x_wconf 93' lang='lat' dir='ltr'><strong>in</strong></span> <span class='ocrx_word' id='word_1_550' title='bbox 1043 3801 1102 3857; x_wconf 88' lang='lat' dir='ltr'><strong>tuis</strong></span> <span class='ocrx_word' id='word_1_551' title='bbox 1116 3799 1236 3858; x_wconf 87' lang='lat' dir='ltr'><strong>materiis</strong></span> <span class='ocrx_word' id='word_1_552' title='bbox 1250 3798 1396 3856; x_wconf 89' lang='lat' dir='ltr'><strong>dicendum</strong></span> <span class='ocrx_word' id='word_1_553' title='bbox 1410 3807 1463 3858; x_wconf 88' lang='lat' dir='ltr'><strong>est.</strong></span> 
     </span>
    </p>

    <p class='ocr_par' dir='ltr' id='par_1_4' title="bbox 160 3877 1550 4692">
     <span class='ocr_line' id='line_1_39' title="bbox 200 3877 967 3959; baseline 0.007 -17"><span class='ocrx_word' id='word_1_554' title='bbox 200 3877 345 3942; x_wconf 85' lang='lat' dir='ltr'><strong>Praeterea</strong></span> <span class='ocrx_word' id='word_1_555' title='bbox 363 3892 406 3942; x_wconf 89' lang='grc' dir='ltr'><strong>εει</strong></span> <span class='ocrx_word' id='word_1_556' title='bbox 425 3884 624 3943; x_wconf 89' lang='lat' dir='ltr'><strong>consideranda</strong></span> <span class='ocrx_word' id='word_1_557' title='bbox 645 3888 771 3959; x_wconf 77' lang='lat' dir='ltr'><strong>materia3</strong></span> <span class='ocrx_word' id='word_1_558' title='bbox 784 3903 857 3945; x_wconf 79' lang='lat' dir='ltr'><strong>‚nam</strong></span> <span class='ocrx_word' id='word_1_559' title='bbox 878 3890 901 3945; x_wconf 88' lang='lat' dir='ltr'><strong>si</strong></span> <span class='ocrx_word' id='word_1_560' title='bbox 923 3887 967 3947; x_wconf 82' lang='lat' dir='ltr'><strong>let</strong></span> 
     </span>
     <span class='ocr_line' id='line_1_40' title="bbox 160 3971 1550 4062; baseline 0.005 -34"><span class='ocrx_word' id='word_1_561' title='bbox 160 3971 246 4045; x_wconf 88' lang='lat' dir='ltr'><strong>dicat,</strong></span> <span class='ocrx_word' id='word_1_562' title='bbox 265 3973 365 4032; x_wconf 88' lang='lat' dir='ltr'><strong>irritari</strong></span> <span class='ocrx_word' id='word_1_563' title='bbox 380 3981 474 4031; x_wconf 87' lang='lat' dir='ltr'><strong>actum</strong></span> <span class='ocrx_word' id='word_1_564' title='bbox 489 3975 547 4046; x_wconf 87' lang='lat' dir='ltr'><strong>ipso</strong></span> <span class='ocrx_word' id='word_1_565' title='bbox 561 3975 651 4047; x_wconf 87' lang='lat' dir='ltr'><strong>facto,</strong></span> <span class='ocrx_word' id='word_1_566' title='bbox 667 3983 693 4034; x_wconf 92' lang='lat' dir='ltr'><strong>et</strong></span> <span class='ocrx_word' id='word_1_567' title='bbox 708 3982 789 4033; x_wconf 90' lang='lat' dir='ltr'><strong>actus</strong></span> <span class='ocrx_word' id='word_1_568' title='bbox 803 3979 839 4034; x_wconf 90' lang='lat' dir='ltr'><strong>sit</strong></span> <span class='ocrx_word' id='word_1_569' title='bbox 851 3977 967 4035; x_wconf 91' lang='lat' dir='ltr'><strong>irritabi·</strong></span> <span class='ocrx_word' id='word_1_570' title='bbox 1258 3990 1397 4061; x_wconf 71' lang='lat' dir='ltr'><strong>CAPUT</strong></span> <span class='ocrx_word' id='word_1_571' title='bbox 1412 3988 1550 4062; x_wconf 47' lang='lat' dir='ltr'><strong>XXVII·</strong></span> 
     </span>
     <span class='ocr_line' id='line_1_41' title="bbox 161 4063 968 4139; baseline 0.007 -19"><span class='ocrx_word' id='word_1_572' title='bbox 161 4063 195 4120; x_wconf 87' lang='lat' dir='ltr'><strong>iia</strong></span> <span class='ocrx_word' id='word_1_573' title='bbox 208 4063 416 4138; x_wconf 76' lang='lat' dir='ltr'><strong>anteoedenter,</strong></span> <span class='ocrx_word' id='word_1_574' title='bbox 434 4080 484 4121; x_wconf 91' lang='lat' dir='ltr'><strong>seu</strong></span> <span class='ocrx_word' id='word_1_575' title='bbox 500 4066 662 4139; x_wconf 89' lang='lat' dir='ltr'><strong>priusquam</strong></span> <span class='ocrx_word' id='word_1_576' title='bbox 677 4067 738 4139; x_wconf 88' lang='lat' dir='ltr'><strong>fiat,</strong></span> <span class='ocrx_word' id='word_1_577' title='bbox 761 4073 788 4124; x_wconf 90' lang='grc' dir='ltr'>ει</span> <span class='ocrx_word' id='word_1_578' title='bbox 801 4083 855 4125; x_wconf 90' lang='lat' dir='ltr'><strong>non</strong></span> <span class='ocrx_word' id='word_1_579' title='bbox 870 4084 968 4126; x_wconf 90' lang='lat' dir='ltr'><strong>conse·</strong></span> 
     </span>
     <span class='ocr_line' id='line_1_42' title="bbox 162 4155 807 4229; baseline 0.006 -19"><span class='ocrx_word' id='word_1_580' title='bbox 162 4161 296 4228; x_wconf 82' lang='lat' dir='ltr'><strong>quanter,</strong></span> <span class='ocrx_word' id='word_1_581' title='bbox 320 4170 369 4210; x_wconf 87' lang='lat' dir='ltr'><strong>sau</strong></span> <span class='ocrx_word' id='word_1_582' title='bbox 385 4162 531 4227; x_wconf 87' lang='lat' dir='ltr'><strong>postquam</strong></span> <span class='ocrx_word' id='word_1_583' title='bbox 544 4155 652 4212; x_wconf 83' lang='lat' dir='ltr'><strong>validus</strong></span> <span class='ocrx_word' id='word_1_584' title='bbox 665 4162 724 4229; x_wconf 72' lang='lat' dir='ltr'><strong>eat,</strong></span> <span class='ocrx_word' id='word_1_585' title='bbox 740 4163 807 4214; x_wconf 90' lang='lat' dir='ltr'><strong>tunc</strong></span> 
     </span>
     <span class='ocr_line' id='line_1_43' title="bbox 161 4244 1358 4334; baseline 0.003 -33"><span class='ocrx_word' id='word_1_586' title='bbox 161 4244 252 4301; x_wconf 89' lang='lat' dir='ltr'><strong>irritat</strong></span> <span class='ocrx_word' id='word_1_587' title='bbox 270 4251 378 4316; x_wconf 88' lang='lat' dir='ltr'><strong>actum,</strong></span> <span class='ocrx_word' id='word_1_588' title='bbox 397 4251 427 4302; x_wconf 93' lang='lat' dir='ltr'><strong>ut</strong></span> <span class='ocrx_word' id='word_1_589' title='bbox 446 4244 540 4302; x_wconf 80' lang='lat' dir='ltr'><strong>ridere</strong></span> <span class='ocrx_word' id='word_1_590' title='bbox 556 4245 621 4304; x_wconf 91' lang='lat' dir='ltr'><strong>licet</strong></span> <span class='ocrx_word' id='word_1_591' title='bbox 633 4246 658 4303; x_wconf 94' lang='lat' dir='ltr'><strong>in</strong></span> <span class='ocrx_word' id='word_1_592' title='bbox 681 4246 786 4321; x_wconf 80' lang='lat' dir='ltr'><strong>legibus</strong></span> <span class='ocrx_word' id='word_1_593' title='bbox 800 4248 968 4306; x_wconf 89' lang='lat' dir='ltr'><strong>irritantibus</strong></span> <span class='ocrx_word' id='word_1_594' title='bbox 1041 4257 1139 4332; x_wconf 55' lang='lat' dir='ltr'><strong>„rim</strong></span> <span class='ocrx_word' id='word_1_595' title='bbox 1157 4281 1260 4333; x_wconf 61' lang='lat' dir='ltr'><strong>acm„</strong></span> <span class='ocrx_word' id='word_1_596' title='bbox 1295 4273 1358 4334; x_wconf 57' lang='lat' dir='ltr'><strong>„m</strong></span> 
     </span>
     <span class='ocr_line' id='line_1_44' title="bbox 169 4317 1274 4425; baseline 0.007 -37"><span class='ocrx_word' id='word_1_597' title='bbox 169 4335 360 4404; x_wconf 91' lang='lat' dir='ltr'><strong>matrimonia,</strong></span> <span class='ocrx_word' id='word_1_598' title='bbox 374 4334 417 4391; x_wconf 89' lang='lat' dir='ltr'><strong>rei</strong></span> <span class='ocrx_word' id='word_1_599' title='bbox 433 4334 623 4407; x_wconf 85' lang='lat' dir='ltr'><strong>professiones.</strong></span> <span class='ocrx_word' id='word_1_600' title='bbox 639 4335 666 4392; x_wconf 91' lang='lat' dir='ltr'><strong>Si</strong></span> <span class='ocrx_word' id='word_1_601' title='bbox 686 4351 751 4393; x_wconf 84' lang='lat' dir='ltr'><strong>vero</strong></span> <span class='ocrx_word' id='word_1_602' title='bbox 766 4344 847 4394; x_wconf 88' lang='lat' dir='ltr'><strong>actus</strong></span> <span class='ocrx_word' id='word_1_603' title='bbox 861 4354 914 4394; x_wconf 92' lang='lat' dir='ltr'><strong>non</strong></span> <span class='ocrx_word' id='word_1_604' title='bbox 929 4339 965 4398; x_wconf 88' lang='lat' dir='ltr'><strong>eit</strong></span> <span class='ocrx_word' id='word_1_605' title='bbox 1041 4367 1205 4425; x_wconf 62' lang='lat' dir='ltr'><strong>,mam</strong></span> <span class='ocrx_word' id='word_1_606' title='bbox 1266 4317 1274 4340; x_wconf 72' lang='grc'><strong>’</strong></span> 
     </span>
     <span class='ocr_line' id='line_1_45' title="bbox 167 4421 1070 4506; baseline 0.009 -29"><span class='ocrx_word' id='word_1_607' title='bbox 167 4421 324 4495; x_wconf 84' lang='lat' dir='ltr'><strong>irritabilis,</strong></span> <span class='ocrx_word' id='word_1_608' title='bbox 341 4439 391 4480; x_wconf 90' lang='lat' dir='ltr'><strong>nec</strong></span> <span class='ocrx_word' id='word_1_609' title='bbox 404 4425 432 4480; x_wconf 94' lang='lat' dir='ltr'><strong>in</strong></span> <span class='ocrx_word' id='word_1_610' title='bbox 447 4424 518 4494; x_wconf 87' lang='lat' dir='ltr'><strong>fiori,</strong></span> <span class='ocrx_word' id='word_1_611' title='bbox 535 4440 584 4482; x_wconf 92' lang='lat' dir='ltr'><strong>nee</strong></span> <span class='ocrx_word' id='word_1_612' title='bbox 600 4433 746 4500; x_wconf 90' lang='lat' dir='ltr'><strong>postquam</strong></span> <span class='ocrx_word' id='word_1_613' title='bbox 760 4427 850 4484; x_wconf 89' lang='lat' dir='ltr'><strong>facins</strong></span> <span class='ocrx_word' id='word_1_614' title='bbox 865 4435 924 4498; x_wconf 89' lang='lat' dir='ltr'><strong>ast,</strong></span> <span class='ocrx_word' id='word_1_615' title='bbox 940 4433 968 4485; x_wconf 89' lang='lat' dir='ltr'><strong>et</strong></span> <span class='ocrx_word' id='word_1_616' title='bbox 1067 4499 1070 4506; x_wconf 20' lang='grc' dir='ltr'>Ι</span> 
     </span>
     <span class='ocr_line' id='line_1_46' title="bbox 166 4512 1525 4598; baseline 0.006 -31"><span class='ocrx_word' id='word_1_617' title='bbox 166 4512 344 4569; x_wconf 89' lang='lat' dir='ltr'><strong>nibilominus</strong></span> <span class='ocrx_word' id='word_1_618' title='bbox 359 4512 512 4586; x_wconf 77' lang='lat' dir='ltr'><strong>lordicat,</strong></span> <span class='ocrx_word' id='word_1_619' title='bbox 531 4514 631 4572; x_wconf 89' lang='lat' dir='ltr'><strong>irritari</strong></span> <span class='ocrx_word' id='word_1_620' title='bbox 650 4515 732 4573; x_wconf 90' lang='lat' dir='ltr'><strong>talem</strong></span> <span class='ocrx_word' id='word_1_621' title='bbox 747 4521 857 4590; x_wconf 77' lang='lat' dir='ltr'><strong>actum3</strong></span> <span class='ocrx_word' id='word_1_622' title='bbox 873 4517 971 4576; x_wconf 91' lang='lat' dir='ltr'><strong>intelli·</strong></span> <span class='ocrx_word' id='word_1_623' title='bbox 1281 4531 1525 4598; x_wconf 53' lang='lat' dir='ltr'><strong>summarium</strong></span> 
     </span>
     <span class='ocr_line' id='line_1_47' title="bbox 167 4601 969 4692; baseline 0.014 -36"><span class='ocrx_word' id='word_1_624' title='bbox 167 4601 244 4674; x_wconf 83' lang='lat' dir='ltr'><strong>gitur</strong></span> <span class='ocrx_word' id='word_1_625' title='bbox 257 4601 349 4675; x_wconf 90' lang='lat' dir='ltr'><strong>quoad</strong></span> <span class='ocrx_word' id='word_1_626' title='bbox 371 4617 467 4674; x_wconf 91' lang='lat' dir='ltr'><strong>usum,</strong></span> <span class='ocrx_word' id='word_1_627' title='bbox 484 4603 525 4660; x_wconf 85' lang='lat' dir='ltr'><strong>vel</strong></span> <span class='ocrx_word' id='word_1_628' title='bbox 543 4603 648 4678; x_wconf 87' lang='lat' dir='ltr'><strong>aliquos</strong></span> <span class='ocrx_word' id='word_1_629' title='bbox 667 4605 783 4662; x_wconf 89' lang='lat' dir='ltr'><strong>effectus</strong></span> <span class='ocrx_word' id='word_1_630' title='bbox 803 4608 883 4682; x_wconf 90' lang='lat' dir='ltr'><strong>eius,</strong></span> <span class='ocrx_word' id='word_1_631' title='bbox 899 4624 969 4692; x_wconf 86' lang='lat' dir='ltr'><strong>quo·</strong></span> 
     </span>
    </p>
   </div>
   <div class='ocr_carea' id='block_1_3' title="bbox 168 4691 1806 4862">
    <p class='ocr_par' dir='ltr' id='par_1_5' title="bbox 168 4691 1806 4862">
     <span class='ocr_line' id='line_1_48' title="bbox 168 4691 1806 4785; baseline 0.007 -36"><span class='ocrx_word' id='word_1_632' title='bbox 168 4691 251 4749; x_wconf 93' lang='lat' dir='ltr'><strong>modo</strong></span> <span class='ocrx_word' id='word_1_633' title='bbox 272 4691 404 4749; x_wconf 87' lang='lat' dir='ltr'><strong>dicuntur</strong></span> <span class='ocrx_word' id='word_1_634' title='bbox 424 4691 571 4765; x_wconf 91' lang='lat' dir='ltr'><strong>aliquando</strong></span> <span class='ocrx_word' id='word_1_635' title='bbox 592 4695 618 4750; x_wconf 92' lang='lat' dir='ltr'><strong>in</strong></span> <span class='ocrx_word' id='word_1_636' title='bbox 638 4694 696 4751; x_wconf 90' lang='lat' dir='ltr'><strong>iure</strong></span> <span class='ocrx_word' id='word_1_637' title='bbox 716 4696 849 4754; x_wconf 91' lang='lat' dir='ltr'><strong>canonico</strong></span> <span class='ocrx_word' id='word_1_638' title='bbox 870 4697 970 4756; x_wconf 86' lang='lat' dir='ltr'><strong>irritari</strong></span> <span class='ocrx_word' id='word_1_639' title='bbox 1005 4721 1031 4772; x_wconf 65' lang='lat' dir='ltr'><strong>q,</strong></span> <span class='ocrx_word' id='word_1_640' title='bbox 1045 4718 1129 4771; x_wconf 78' lang='lat' dir='ltr'><strong>Prima</strong></span> <span class='ocrx_word' id='word_1_641' title='bbox 1142 4719 1231 4784; x_wconf 60' lang='lat' dir='ltr'><strong>regg,</strong></span> <span class='ocrx_word' id='word_1_642' title='bbox 1244 4718 1389 4770; x_wconf 87' lang='lat' dir='ltr'><strong>huiusmodi</strong></span> <span class='ocrx_word' id='word_1_643' title='bbox 1402 4719 1556 4771; x_wconf 86' lang='lat' dir='ltr'><strong>irritationis</strong></span> <span class='ocrx_word' id='word_1_644' title='bbox 1568 4733 1582 4770; x_wconf 63' lang='lat' dir='ltr'><strong>a</strong></span> <span class='ocrx_word' id='word_1_645' title='bbox 1595 4719 1711 4785; x_wconf 56' lang='lat' dir='ltr'><strong>pasqua</strong></span> <span class='ocrx_word' id='word_1_646' title='bbox 1725 4719 1806 4772; x_wconf 87' lang='lat' dir='ltr'><strong>tradi·</strong></span> 
     </span>
     <span class='ocr_line' id='line_1_49' title="bbox 169 4780 1806 4862; baseline 0.007 -25"><span class='ocrx_word' id='word_1_647' title='bbox 169 4780 351 4838; x_wconf 87' lang='lat' dir='ltr'><strong>ordinationes</strong></span> <span class='ocrx_word' id='word_1_648' title='bbox 371 4788 469 4839; x_wconf 91' lang='lat' dir='ltr'><strong>contra</strong></span> <span class='ocrx_word' id='word_1_649' title='bbox 490 4783 851 4854; x_wconf 78' lang='lat' dir='ltr'><strong>prohibitionemlicciesiae</strong></span> <span class='ocrx_word' id='word_1_650' title='bbox 871 4787 970 4862; x_wconf 91' lang='lat' dir='ltr'><strong>factas,</strong></span> <span class='ocrx_word' id='word_1_651' title='bbox 1041 4796 1078 4840; x_wconf 88' lang='lat' dir='ltr'><strong>ta.</strong></span> <span class='ocrx_word' id='word_1_652' title='bbox 1091 4788 1162 4840; x_wconf 72' lang='grc'><strong>-2,</strong></span> <span class='ocrx_word' id='word_1_653' title='bbox 1173 4789 1287 4839; x_wconf 65' lang='lat' dir='ltr'><strong>&amp;cunda</strong></span> <span class='ocrx_word' id='word_1_654' title='bbox 1302 4789 1416 4840; x_wconf 86' lang='lat' dir='ltr'><strong>eiusdem</strong></span> <span class='ocrx_word' id='word_1_655' title='bbox 1426 4790 1525 4851; x_wconf 77' lang='lat' dir='ltr'><strong>regula.</strong></span> <span class='ocrx_word' id='word_1_656' title='bbox 1539 4818 1571 4827; x_wconf 91' lang='lat'>-</span> <span class='ocrx_word' id='word_1_657' title='bbox 1584 4790 1610 4841; x_wconf 84' lang='lat'><strong>3.</strong></span> <span class='ocrx_word' id='word_1_658' title='bbox 1627 4791 1806 4854; x_wconf 75' lang='lat' dir='ltr'><strong>ltegtrtallen-</strong></span> 
     </span>
    </p>
   </div>
   <div class='ocr_carea' id='block_1_4' title="bbox 169 4859 1807 5213">
    <p class='ocr_par' dir='ltr' id='par_1_6' title="bbox 169 4859 1807 5130">
     <span class='ocr_line' id='line_1_50' title="bbox 170 4859 1807 4979; baseline 0.011 -53"><span class='ocrx_word' id='word_1_659' title='bbox 170 4877 202 4927; x_wconf 92' lang='lat' dir='ltr'><strong>ut</strong></span> <span class='ocrx_word' id='word_1_660' title='bbox 212 4870 273 4926; x_wconf 89' lang='lat' dir='ltr'><strong>aiibi</strong></span> <span class='ocrx_word' id='word_1_661' title='bbox 283 4869 366 4930; x_wconf 85' lang='lat' dir='ltr'><strong>latius</strong></span> <span class='ocrx_word' id='word_1_662' title='bbox 379 4871 545 4942; x_wconf 79' lang='lat' dir='ltr'><strong>explicatum</strong></span> <span class='ocrx_word' id='word_1_663' title='bbox 560 4875 761 4931; x_wconf 70' lang='lat' dir='ltr'><strong>contrectatae</strong></span> <span class='ocrx_word' id='word_1_664' title='bbox 773 4877 843 4933; x_wconf 90' lang='lat' dir='ltr'><strong>solet</strong></span> <span class='ocrx_word' id='word_1_665' title='bbox 854 4878 920 4936; x_wconf 89' lang='lat' dir='ltr'><strong>baec</strong></span> <span class='ocrx_word' id='word_1_666' title='bbox 935 4881 971 4935; x_wconf 89' lang='lat' dir='ltr'><strong>ir·</strong></span> <span class='ocrx_word' id='word_1_667' title='bbox 1040 4859 1180 4979; x_wconf 35' lang='lat' dir='ltr'><strong>fimas?</strong></span> <span class='ocrx_word' id='word_1_668' title='bbox 1193 4859 1307 4977; x_wconf 55' lang='lat' dir='ltr'><strong>⁴·dilens</strong></span> <span class='ocrx_word' id='word_1_669' title='bbox 1325 4860 1449 4910; x_wconf 70' lang='lat'><strong>²⁰⁰²⁰‘¹⁵·</strong></span> <span class='ocrx_word' id='word_1_670' title='bbox 1463 4859 1534 4913; x_wconf 70' lang='lat'><strong>‘⁵&#39;</strong></span> <span class='ocrx_word' id='word_1_671' title='bbox 1549 4859 1601 4941; x_wconf 53' lang='lat'><strong>¹12¹</strong></span> <span class='ocrx_word' id='word_1_672' title='bbox 1614 4863 1727 4944; x_wconf 59' lang='lat'><strong>.¹&#39;⁰⁵.¹“*&#39;³</strong></span> <span class='ocrx_word' id='word_1_673' title='bbox 1756 4863 1807 4911; x_wconf 80' lang='lat' dir='ltr'><strong>tim</strong></span> 
     </span>
     <span class='ocr_line' id='line_1_51' title="bbox 169 4930 1806 5041; baseline 0.01 -23"><span class='ocrx_word' id='word_1_674' title='bbox 169 4961 260 5019; x_wconf 90' lang='lat' dir='ltr'><strong>ritatio</strong></span> <span class='ocrx_word' id='word_1_675' title='bbox 275 4967 354 5017; x_wconf 87' lang='lat' dir='ltr'><strong>actus</strong></span> <span class='ocrx_word' id='word_1_676' title='bbox 369 4962 395 5016; x_wconf 92' lang='lat' dir='ltr'><strong>in</strong></span> <span class='ocrx_word' id='word_1_677' title='bbox 410 4976 454 5033; x_wconf 92' lang='lat' dir='ltr'><strong>se,</strong></span> <span class='ocrx_word' id='word_1_678' title='bbox 470 4967 497 5018; x_wconf 93' lang='grc' dir='ltr'>ει</span> <span class='ocrx_word' id='word_1_679' title='bbox 516 4967 577 5018; x_wconf 88' lang='grc' dir='ltr'><strong>ηηιε</strong></span> <span class='ocrx_word' id='word_1_680' title='bbox 592 4978 699 5020; x_wconf 88' lang='lat' dir='ltr'><strong>omnam</strong></span> <span class='ocrx_word' id='word_1_681' title='bbox 715 4966 874 5024; x_wconf 89' lang='lat' dir='ltr'><strong>sententiam</strong></span> <span class='ocrx_word' id='word_1_682' title='bbox 888 4968 972 5041; x_wconf 87' lang='lat' dir='ltr'><strong>expli·</strong></span> <span class='ocrx_word' id='word_1_683' title='bbox 1059 4931 1118 4980; x_wconf 83' lang='lat' dir='ltr'><strong>abet</strong></span> <span class='ocrx_word' id='word_1_684' title='bbox 1140 4934 1221 4979; x_wconf 56' lang='grc' dir='ltr'><strong>ΠΜ</strong></span> <span class='ocrx_word' id='word_1_685' title='bbox 1242 4935 1359 4992; x_wconf 85' lang='lat' dir='ltr'><strong>tactum,</strong></span> <span class='ocrx_word' id='word_1_686' title='bbox 1376 4930 1644 4993; x_wconf 57' lang='lat' dir='ltr'><strong>q¹¹³⁰d⁰⁰⁰¹¹suoer¹²’</strong></span> <span class='ocrx_word' id='word_1_687' title='bbox 1660 4944 1738 4996; x_wconf 76' lang='lat' dir='ltr'><strong>ipson</strong></span> <span class='ocrx_word' id='word_1_688' title='bbox 1748 4944 1806 4994; x_wconf 70' lang='lat' dir='ltr'><strong>pro</strong></span> 
     </span>
     <span class='ocr_line' id='line_1_52' title="bbox 171 5050 1279 5130; baseline 0.012 -23"><span class='ocrx_word' id='word_1_689' title='bbox 171 5051 229 5107; x_wconf 88' lang='lat' dir='ltr'><strong>cari</strong></span> <span class='ocrx_word' id='word_1_690' title='bbox 250 5065 299 5122; x_wconf 92' lang='lat' dir='ltr'><strong>per</strong></span> <span class='ocrx_word' id='word_1_691' title='bbox 318 5050 451 5119; x_wconf 90' lang='lat' dir='ltr'><strong>effectus,</strong></span> <span class='ocrx_word' id='word_1_692' title='bbox 474 5057 506 5107; x_wconf 95' lang='lat' dir='ltr'><strong>ut</strong></span> <span class='ocrx_word' id='word_1_693' title='bbox 525 5067 589 5108; x_wconf 93' lang='lat' dir='ltr'><strong>cum</strong></span> <span class='ocrx_word' id='word_1_694' title='bbox 610 5051 643 5108; x_wconf 90' lang='lat' dir='ltr'><strong>de</strong></span> <span class='ocrx_word' id='word_1_695' title='bbox 665 5054 836 5111; x_wconf 89' lang='lat' dir='ltr'><strong>matrimonio</strong></span> <span class='ocrx_word' id='word_1_696' title='bbox 855 5055 970 5130; x_wconf 87' lang='lat' dir='ltr'><strong>dicitur,</strong></span> <span class='ocrx_word' id='word_1_697' title='bbox 1041 5071 1087 5120; x_wconf 85' lang='lat' dir='ltr'><strong>illo</strong></span> <span class='ocrx_word' id='word_1_698' title='bbox 1100 5070 1279 5120; x_wconf 80' lang='lat' dir='ltr'><strong>resultantem.</strong></span> 
     </span>
    </p>

    <p class='ocr_par' dir='ltr' id='par_1_7' title="bbox 170 5139 972 5213">
     <span class='ocr_line' id='line_1_53' title="bbox 170 5139 972 5213; baseline 0.014 -20"><span class='ocrx_word' id='word_1_699' title='bbox 170 5153 253 5211; x_wconf 90' lang='lat' dir='ltr'><strong>posse</strong></span> <span class='ocrx_word' id='word_1_700' title='bbox 264 5139 395 5213; x_wconf 86' lang='lat' dir='ltr'><strong>coniuges</strong></span> <span class='ocrx_word' id='word_1_701' title='bbox 407 5139 439 5196; x_wconf 90' lang='lat' dir='ltr'><strong>ad</strong></span> <span class='ocrx_word' id='word_1_702' title='bbox 455 5139 506 5196; x_wconf 91' lang='lat' dir='ltr'><strong>alia</strong></span> <span class='ocrx_word' id='word_1_703' title='bbox 516 5147 580 5197; x_wconf 82' lang='lat' dir='ltr'><strong>tota</strong></span> <span class='ocrx_word' id='word_1_704' title='bbox 591 5143 719 5212; x_wconf 88' lang='lat' dir='ltr'><strong>transire,</strong></span> <span class='ocrx_word' id='word_1_705' title='bbox 730 5143 772 5199; x_wconf 85' lang='lat' dir='ltr'><strong>tel</strong></span> <span class='ocrx_word' id='word_1_706' title='bbox 783 5160 837 5201; x_wconf 90' lang='lat' dir='ltr'><strong>non</strong></span> <span class='ocrx_word' id='word_1_707' title='bbox 848 5145 972 5204; x_wconf 89' lang='lat' dir='ltr'><strong>obstante</strong></span> 
     </span>
    </p>
   </div>
   <div class='ocr_carea' id='block_1_5' title="bbox 171 5206 1808 5406">
    <p class='ocr_par' dir='ltr' id='par_1_8' title="bbox 171 5206 1808 5406">
     <span class='ocr_line' id='line_1_54' title="bbox 171 5206 1807 5314; baseline 0.009 -30"><span class='ocrx_word' id='word_1_708' title='bbox 171 5227 217 5284; x_wconf 86' lang='lat' dir='ltr'><strong>tali</strong></span> <span class='ocrx_word' id='word_1_709' title='bbox 232 5235 397 5302; x_wconf 88' lang='lat' dir='ltr'><strong>contractu,</strong></span> <span class='ocrx_word' id='word_1_710' title='bbox 417 5229 521 5302; x_wconf 88' lang='lat' dir='ltr'><strong>prolem</strong></span> <span class='ocrx_word' id='word_1_711' title='bbox 537 5245 597 5287; x_wconf 89' lang='lat' dir='ltr'><strong>esse</strong></span> <span class='ocrx_word' id='word_1_712' title='bbox 617 5230 802 5303; x_wconf 88' lang='lat' dir='ltr'><strong>illegitimam,</strong></span> <span class='ocrx_word' id='word_1_713' title='bbox 816 5233 859 5291; x_wconf 84' lang='lat' dir='ltr'><strong>tel</strong></span> <span class='ocrx_word' id='word_1_714' title='bbox 873 5234 972 5295; x_wconf 90' lang='lat' dir='ltr'><strong>debere</strong></span> <span class='ocrx_word' id='word_1_715' title='bbox 1048 5241 1230 5300; x_wconf 67' lang='lat' dir='ltr'><strong>illactenus</strong></span> <span class='ocrx_word' id='word_1_716' title='bbox 1248 5238 1337 5298; x_wconf 91' lang='lat' dir='ltr'><strong>solum</strong></span> <span class='ocrx_word' id='word_1_717' title='bbox 1354 5239 1491 5313; x_wconf 82' lang='lat' dir='ltr'><strong>diximus,</strong></span> <span class='ocrx_word' id='word_1_718' title='bbox 1512 5240 1599 5314; x_wconf 85' lang='lat' dir='ltr'><strong>legem</strong></span> <span class='ocrx_word' id='word_1_719' title='bbox 1618 5206 1807 5313; x_wconf 83' lang='lat' dir='ltr'><strong>prohibentem</strong></span> 
     </span>
     <span class='ocr_line' id='line_1_55' title="bbox 171 5319 1808 5406; baseline 0.009 -32"><span class='ocrx_word' id='word_1_720' title='bbox 171 5325 306 5392; x_wconf 89' lang='lat' dir='ltr'><strong>perpetuo</strong></span> <span class='ocrx_word' id='word_1_721' title='bbox 318 5320 449 5394; x_wconf 75' lang='lat' dir='ltr'><strong>separari,</strong></span> <span class='ocrx_word' id='word_1_722' title='bbox 462 5319 503 5376; x_wconf 87' lang='lat' dir='ltr'><strong>bis</strong></span> <span class='ocrx_word' id='word_1_723' title='bbox 513 5322 586 5377; x_wconf 89' lang='lat' dir='ltr'><strong>enim</strong></span> <span class='ocrx_word' id='word_1_724' title='bbox 598 5319 686 5377; x_wconf 88' lang='lat' dir='ltr'><strong>modis</strong></span> <span class='ocrx_word' id='word_1_725' title='bbox 698 5320 788 5380; x_wconf 92' lang='lat' dir='ltr'><strong>solent</strong></span> <span class='ocrx_word' id='word_1_726' title='bbox 798 5323 824 5380; x_wconf 91' lang='lat' dir='ltr'><strong>in</strong></span> <span class='ocrx_word' id='word_1_727' title='bbox 837 5324 907 5399; x_wconf 89' lang='lat' dir='ltr'><strong>iure,</strong></span> <span class='ocrx_word' id='word_1_728' title='bbox 919 5342 971 5383; x_wconf 95' lang='lat' dir='ltr'><strong>non</strong></span> <span class='ocrx_word' id='word_1_729' title='bbox 1005 5343 1061 5387; x_wconf 93' lang='lat' dir='ltr'><strong>non</strong></span> <span class='ocrx_word' id='word_1_730' title='bbox 1082 5329 1187 5386; x_wconf 88' lang='lat' dir='ltr'><strong>irritare</strong></span> <span class='ocrx_word' id='word_1_731' title='bbox 1209 5335 1301 5387; x_wconf 89' lang='lat' dir='ltr'><strong>actum</strong></span> <span class='ocrx_word' id='word_1_732' title='bbox 1316 5331 1341 5386; x_wconf 89' lang='lat' dir='ltr'><strong>ri</strong></span> <span class='ocrx_word' id='word_1_733' title='bbox 1363 5345 1429 5406; x_wconf 88' lang='lat' dir='ltr'><strong>atta,</strong></span> <span class='ocrx_word' id='word_1_734' title='bbox 1444 5336 1472 5388; x_wconf 91' lang='lat' dir='ltr'><strong>et</strong></span> <span class='ocrx_word' id='word_1_735' title='bbox 1486 5331 1564 5404; x_wconf 89' lang='lat' dir='ltr'><strong>quasi</strong></span> <span class='ocrx_word' id='word_1_736' title='bbox 1579 5329 1637 5388; x_wconf 87' lang='lat' dir='ltr'><strong>sola</strong></span> <span class='ocrx_word' id='word_1_737' title='bbox 1651 5333 1690 5388; x_wconf 89' lang='lat' dir='ltr'><strong>rui</strong></span> <span class='ocrx_word' id='word_1_738' title='bbox 1711 5337 1808 5390; x_wconf 90' lang='lat' dir='ltr'><strong>natura</strong></span> 
     </span>
    </p>
   </div>
   <div class='ocr_carea' id='block_1_6' title="bbox 808 4149 1806 4262">
    <p class='ocr_par' dir='ltr' id='par_1_9' title="bbox 808 4149 1806 4262">
     <span class='ocr_line' id='line_1_56' title="bbox 808 4149 1806 4262; baseline 0.007 -23"><span class='ocrx_word' id='word_1_739' title='bbox 808 4149 864 4215; x_wconf 35' lang='lat'><strong>&#39;¹⁶²‘</strong></span> <span class='ocrx_word' id='word_1_740' title='bbox 878 4159 967 4216; x_wconf 56' lang='grc' dir='ltr'><strong>ΜΠ]</strong></span> <span class='ocrx_word' id='word_1_741' title='bbox 1007 4187 1114 4246; x_wconf 85' lang='lat' dir='ltr'><strong>Utrum</strong></span> <span class='ocrx_word' id='word_1_742' title='bbox 1125 4183 1290 4260; x_wconf 83' lang='lat' dir='ltr'><strong>aliquando</strong></span> <span class='ocrx_word' id='word_1_743' title='bbox 1301 4185 1368 4244; x_wconf 83' lang='lat' dir='ltr'><strong>solo</strong></span> <span class='ocrx_word' id='word_1_744' title='bbox 1376 4187 1537 4262; x_wconf 80' lang='lat' dir='ltr'><strong>probibitio</strong></span> <span class='ocrx_word' id='word_1_745' title='bbox 1546 4188 1576 4245; x_wconf 87' lang='lat' dir='ltr'><strong>oi</strong></span> <span class='ocrx_word' id='word_1_746' title='bbox 1587 4190 1615 4245; x_wconf 84' lang='lat' dir='ltr'><strong>el</strong></span> <span class='ocrx_word' id='word_1_747' title='bbox 1624 4190 1739 4246; x_wconf 78' lang='lat' dir='ltr'><strong>cotum</strong></span> <span class='ocrx_word' id='word_1_748' title='bbox 1749 4204 1806 4246; x_wconf 87' lang='lat' dir='ltr'><strong>suc</strong></span> 
     </span>
    </p>
   </div>
   <div class='ocr_carea' id='block_1_7' title="bbox 1379 4275 1805 4351">
    <p class='ocr_par' dir='ltr' id='par_1_10' title="bbox 1379 4275 1805 4351">
     <span class='ocr_line' id='line_1_57' title="bbox 1379 4275 1805 4351; baseline 0.005 -17"><span class='ocrx_word' id='word_1_749' title='bbox 1379 4275 1564 4335; x_wconf 83' lang='lat' dir='ltr'><strong>adminiculo</strong></span> <span class='ocrx_word' id='word_1_750' title='bbox 1584 4276 1710 4336; x_wconf 64' lang='lat' dir='ltr'><strong>olarios</strong></span> <span class='ocrx_word' id='word_1_751' title='bbox 1730 4277 1805 4351; x_wconf 81' lang='lat' dir='ltr'><strong>lepis</strong></span> 
     </span>
    </p>
   </div>
   <div class='ocr_carea' id='block_1_8' title="bbox 0 0 2161 6242">
    <p class='ocr_par' dir='ltr' id='par_1_11' title="bbox 0 0 2161 6242">
     <span class='ocr_line' id='line_1_58' title="bbox 0 0 2161 6242; baseline 0 0"><span class='ocrx_word' id='word_1_752' title='bbox 0 0 2161 6242; x_wconf 95' lang='lat' dir='ltr'><strong> </strong></span> 
     </span>
    </p>
   </div>
   <div class='ocr_carea' id='block_1_9' title="bbox 1041 4999 1892 5064">
    <p class='ocr_par' dir='ltr' id='par_1_12' title="bbox 1041 4999 1892 5064">
     <span class='ocr_line' id='line_1_59' title="bbox 1041 4999 1892 5064; baseline 0.001 -15"><span class='ocrx_word' id='word_1_753' title='bbox 1041 4999 1133 5049; x_wconf 85' lang='lat' dir='ltr'><strong>bibere</strong></span> <span class='ocrx_word' id='word_1_754' title='bbox 1153 5012 1202 5048; x_wconf 92' lang='lat' dir='ltr'><strong>non</strong></span> <span class='ocrx_word' id='word_1_755' title='bbox 1217 4999 1299 5049; x_wconf 81' lang='lat' dir='ltr'><strong>solum</strong></span> <span class='ocrx_word' id='word_1_756' title='bbox 1311 5007 1412 5062; x_wconf 87' lang='lat' dir='ltr'><strong>actum,</strong></span> <span class='ocrx_word' id='word_1_757' title='bbox 1432 4999 1477 5050; x_wconf 88' lang='lat' dir='ltr'><strong>sed</strong></span> <span class='ocrx_word' id='word_1_758' title='bbox 1490 5002 1568 5052; x_wconf 87' lang='lat' dir='ltr'><strong>etiam</strong></span> <span class='ocrx_word' id='word_1_759' title='bbox 1579 5001 1763 5064; x_wconf 84' lang='lat' dir='ltr'><strong>obligationem</strong></span> <span class='ocrx_word' id='word_1_760' title='bbox 1776 5013 1808 5052; x_wconf 87' lang='lat' dir='ltr'><strong>ert</strong></span> <span class='ocrx_word' id='word_1_761' title='bbox 1886 5045 1892 5060; x_wconf 89' lang='grc'><em>,</em></span> 
     </span>
    </p>
   </div>
  </div>
 </body>
</html>
