4290 6222
422 341 485 407 360
1111 347 1213 402 arsen
1226 351 1302 402 rttr.

380 491 422 542 set
442 483 532 556 quoad
553 497 636 541 usum
656 495 835 554 consurgere.
855 477 892 538 Et
911 479 947 537 ito
970 476 1120 535 formaliter
1142 475 1181 533 lo·
1217 482 1321 548 potest,
1338 483 1365 535 et
1379 474 1460 534 debet
1472 476 1504 535 ad
1520 492 1665 536 commune
1680 477 1782 536 bonum
1799 485 1929 552 tanquam
1943 477 2018 534 adti-

380 574 505 647 quendo,
523 581 555 630 ut
575 575 616 629 sie
635 571 742 640 dicam,
757 585 854 627 rerum
875 575 936 636 est,
953 568 1022 625 hacc
1041 565 1182 639 privilegis
1216 581 1295 638 nem,
1312 573 1342 623 ut
1356 581 1437 640 saepe
1452 567 1477 622 in
1493 567 1679 639 superioribus
1693 567 1797 625 dictum
1811 575 1868 638 est,
1885 566 2016 639 quiahoc

379 669 529 736 perpetua,
545 676 593 718 seu
610 660 691 717 realia
706 666 818 716 eatenus
828 659 941 729 durare,
951 665 1088 731 quatenus
1099 655 1181 713 durat
1216 654 1371 725 spectarat
1385 655 1515 712 iustitiam
1529 657 1604 731 eius,
1619 656 1690 714 bono
1704 661 1775 714 enim
1788 658 1925 715 communi
1936 673 2020 729 espe-

351 811 356 822 ,
378 768 474 810 eorum
495 751 723 820 fundumentum,
739 748 782 806 vel
803 749 856 806 hoc
878 748 1040 817 destructo,
1056 761 1179 813 cessare,
1215 742 1269 816 dit,
1284 750 1316 801 ut
1330 746 1435 815 privnta
1448 745 1591 818 privilegis
1602 746 1689 818 dignis
1699 747 1742 804 rel
1754 746 1934 821 indigentibus
1952 762 2019 804 con·

379 849 427 899 sut
446 842 584 915 extingui,
605 840 627 896 si
647 837 714 896 illud
729 839 838 894 omnino
854 839 1004 895 extinctum
1019 840 1179 906 censentur3
1215 832 1348 890 terantur.
1365 835 1431 891 ltern
1446 835 1510 906 quie
1524 834 1713 909 privilegium,
1729 836 1793 894 licet
1808 837 1852 892 uui
1865 879 1871 906 ,
1883 837 1924 893 rel
1943 836 2020 893 elteri

379 946 520 1005 nunquam
541 935 634 987 autem
649 934 781 986 censetur
795 929 832 984 ite
846 928 1014 994 extinctum,
1028 923 1079 981 nisi
1093 931 1181 996 quun·
1215 921 1396 994 concedatur,
1412 928 1443 980 ut
1457 923 1579 980 inrorero
1593 925 1732 996 continet,
1745 931 1835 982 tamen
1850 932 1882 983 ut
1896 925 2020 982 eontinet

379 1022 414 1080 do
436 1020 600 1077 auctoritate
621 1017 708 1091 illius,
729 1019 777 1092 qui
797 1023 962 1090 potestatem
981 1014 1080 1085 hebet,
1092 1014 1181 1070 'exin
1215 1017 1413 1083 praeceptum,
1435 1020 1465 1069 et
1485 1012 1567 1070 habet
1580 1015 1713 1071 rationem
1728 1014 1810 1088 legis,
1825 1013 1927 1086 obligat
1942 1030 2018 1071 com·

379 1118 457 1170 crum
472 1117 524 1168 pst.
1215 1100 1378 1159 munitatem
1399 1110 1528 1174 respectu
1550 1103 1728 1178 privilegiati,
1743 1106 1839 1176 utique
1858 1103 1891 1160 ad
1907 1119 2020 1160 servan-

421 1203 510 1272 dique
525 1197 587 1254 hinc
602 1197 683 1254 etiam
695 1199 735 1267 iit,
747 1203 779 1254 ut
790 1198 811 1252 si
822 1194 939 1253 ecclesia
954 1195 978 1250 in
995 1209 1049 1251 uno
1061 1193 1123 1250 loco
1134 1191 1181 1249 de·
1215 1187 1282 1245 dum
1296 1189 1332 1246 illi
1347 1191 1530 1265 privilegium,
1546 1200 1681 1266 quatenus
1694 1191 1748 1250 lroc
1762 1193 1796 1250 nd
1810 1194 1880 1250 aiios
1894 1200 2018 1265 spectare

379 1296 518 1358 struatur,
538 1303 591 1344 nou
612 1295 645 1343 ut
662 1285 804 1344 destructe
819 1285 980 1357 simpliciter
994 1289 1116 1352 maneat,
1132 1279 1180 1338 scd
1215 1284 1322 1352 potcst3
1339 1293 1406 1352 ergo
1420 1280 1472 1337 sub
1486 1281 1538 1339 hnc
1559 1282 1662 1338 ratione
1676 1284 1814 1354 respicere
1827 1282 1920 1355 aliquo
1937 1282 2017 1340 modo

379 1379 450 1436 utin
468 1377 551 1435 aliurn
567 1375 659 1432 locum
674 1374 868 1446 transferatur,
884 1390 938 1430 uon
954 1374 1060 1429 emittat
1073 1371 1179 1444 privile·
1213 1365 1294 1425 debet
1307 1383 1454 1427 commune
1468 1370 1580 1428 bonum.
1596 1372 1694 1429 lamen
1714 1375 1742 1428 in
1758 1374 1869 1429 materia
1884 1371 2017 1444 prtrttegti

379 1471 441 1543 gia,
457 1466 504 1524 sed
525 1481 589 1523 oum
609 1464 653 1522 illa
674 1464 894 1530 transferentur,
916 1461 1025 1537 quando
1045 1476 1099 1516 uon
1114 1465 1181 1516 sunt
1217 1462 1249 1513 ut
1268 1455 1389 1514 levorem
1410 1459 1553 1528 concedit,
1578 1465 1748 1532 potestesse
1768 1459 1931 1518 differentia.
1950 1463 2017 1517 Nem

378 1572 513 1615 concessa
536 1557 640 1613 ratione
660 1554 743 1622 situs,
761 1553 807 1609 sed
829 1552 933 1609 directe
953 1551 1005 1623 ipsi
1021 1550 1138 1620 templo,
1152 1553 1181 1604 ct
1216 1548 1329 1603 materis
1343 1547 1471 1621 privilegii
1484 1564 1532 1605 seu
1544 1550 1603 1606 linis
1615 1550 1754 1621 proximus
1765 1551 1824 1606 eius
1836 1558 1879 1606 est
1892 1565 2018 1608 commo·

380 1647 432 1705 sub
446 1662 496 1703 suo
513 1649 630 1702 nomine.
642 1645 719 1699 Tunc
729 1643 801 1699 enirn
815 1648 946 1698 censetur
958 1639 1091 1712 templum
1104 1653 1179 1695 eom·
1213 1635 1280 1692 dum
1295 1635 1377 1706 illud,
1388 1637 1464 1709 quod
1479 1638 1591 1710 praebet
1603 1639 1778 1712 privilegiato.
1790 1641 1849 1697 Hoc
1859 1655 1928 1713 ergo
1942 1655 2019 1696 com·

307 1736 315 1744 “
379 1736 468 1810 pareri
486 1749 628 1808 personae,
641 1749 712 1806 quae
728 1748 823 1789 secum
835 1731 923 1788 deleri
937 1729 1107 1803 priuilegium
1119 1743 1180 1800 per·
1215 1723 1328 1781 modum
1343 1725 1482 1784 interdum
1502 1735 1545 1785 est
1565 1729 1686 1800 priratee
1707 1735 1735 1786 et
1754 1728 1903 1802 singularis
1923 1744 2018 1802 perso·

380 1825 490 1896 renale,
510 1835 573 1880 nem
594 1822 639 1879 ille
658 1823 738 1879 etism
756 1821 876 1878 ecclesia
889 1835 945 1877 uns
959 1833 1072 1875 numero
1085 1832 1181 1874 conse·
1215 1829 1279 1888 nae,
1298 1814 1339 1872 rel
1355 1815 1376 1870 ri
1391 1815 1530 1887 sdplures
1545 1817 1715 1884 extenditur,
1729 1832 1954 1890 unamquamque
1972 1832 2018 1889 per

380 1922 443 1984 tur,
469 1922 500 1972 ut
518 1912 700 1972 communiter
719 1910 822 1968 docent
840 1909 908 1966 iuris
927 1909 1091 1979 interpretes
1114 1920 1179 1962 cum
1217 1919 1246 1960 se
1260 1905 1372 1976 respicit
1387 1911 1417 1961 ut
1432 1905 1563 1976 privatam
1579 1921 1740 1979 personam,
1755 1915 1783 1964 ct
1795 1923 1849 1963 non
1861 1912 1970 1963 tanturn
1989 1913 2018 1964 ut

378 2003 467 2062 Gloss.
487 2003 513 2060 in
528 1985 601 2060 dictu
615 2017 673 2074 reg.
686 1999 889 2075 mulleolum,
907 1997 981 2055 Alex.
999 1995 1073 2053 Bald.
1089 2001 1117 2052 et
1129 1997 1180 2053 Fe·
1215 1998 1319 2064 portem
1342 1993 1459 2051 alicuius
1474 1994 1696 2066 communitatis,
1711 2003 1738 2054 ct
1752 2004 1819 2054 tunc
1834 1994 1942 2053 dicitur
1957 1994 2015 2052 deri

380 2095 426 2152 lin.
444 2091 491 2150 ubi
508 2107 604 2164 supra,
617 2098 644 2149 et
659 2093 757 2147 dnton.
774 2093 797 2146 t.
812 2105 838 2162 p.
851 2089 893 2145 tit.
911 2092 954 2158 ts,
967 2104 994 2144 c.
1011 2091 1035 2158 t,
1047 2092 1060 2161 p
1071 2090 1098 2144 2.
1110 2084 1179 2154 Quid
1216 2088 1330 2156 propter
1341 2085 1477 2155 privatum
1490 2083 1593 2140 bonum
1610 2084 1792 2157 singulorum.
1805 2083 1959 2156 Aliquando
1976 2098 2017 2140 re-

379 2190 469 2241 autem
487 2181 634 2238 dicendum
650 2179 700 2250 sit,
716 2178 826 2253 qnando
843 2193 916 2234 unus
931 2176 1022 2248 locus,
1035 2174 1075 2233 rel
1090 2175 1180 2233 eccle·
1216 2187 1247 2228 ro
1263 2173 1434 2246 privilegium
1450 2187 1498 2244 per
1513 2187 1542 2229 se
1566 2176 1653 2245 primo
1673 2173 1786 2245 respicit
1803 2173 1909 2229 bonurn
1932 2173 2017 2229 elicu-

380 2274 419 2329 sin
438 2272 515 2329 elteri
535 2272 650 2335 unitur,
666 2269 727 2326 ride
748 2258 821 2340 apud
833 2268 923 2325 Gloss.
938 2269 1073 2325 ilostiens.
1088 2273 1116 2326 et
1130 2269 1180 2324 Pa·
1215 2260 1257 2318 iun
1272 2261 1487 2332 communitatis,
1503 2267 1531 2318 et
1541 2261 1601 2318 itleo
1612 2260 1711 2319 dicitur
1722 2277 1770 2336 per
1783 2277 1813 2319 ss
1826 2263 1917 2335 primo
1936 2265 2016 2333 respi-

379 2375 469 2418 norm.
491 2361 516 2418 in
531 2374 593 2432 cap.
616 2365 638 2418 t.
654 2375 687 2416 ne
701 2357 758 2415 sed.
776 2373 873 2416 racan.
1214 2364 1278 2406 cero
1292 2365 1438 2407 commune
1451 2350 1566 2408 bonum.
1582 2352 1677 2424 Neque
1691 2351 1744 2408 hoo
1765 2351 1873 2409 excedit
1893 2359 2016 2408 neturus

1214 2438 1361 2512 privilegii,
1374 2433 1445 2512 quae
1457 2439 1499 2497 lex
1512 2439 1615 2511 privetu
1625 2447 1677 2510 est3
1690 2456 1753 2497 nem
1764 2454 1871 2512 semper
1886 2439 1935 2496 illa
1946 2455 2017 2496 com-

676 2533 817 2604 CAPUT
839 2531 897 2601 Vl,
1216 2528 1348 2601 munitas,
1363 2521 1409 2586 ct‘ri
1423 2528 1505 2586 datur
1519 2529 1571 2586 tsle
1583 2529 1770 2603 privilegium,
1785 2528 1977 2588 consideratur
1987 2535 2016 2586 nt

1029 2651 1034 2660 ·
1216 2633 1280 2690 pars
1295 2618 1428 2692 queedsrn
1452 2620 1536 2676 totius
1555 2619 1736 2691 reipubiicee,
1751 2626 1779 2676 et
1791 2619 1834 2676 ius
1851 2618 1889 2676 itti
1905 2633 2015 2676 conces·

411 2735 456 2790 De
469 2733 602 2806 quotuor
615 2725 686 2788 aliis
695 2725 921 2804 privilcpiorum
935 2723 1140 2784 asertionibus,
1215 2723 1277 2764 eum
1292 2714 1422 2765 censetur
1439 2707 1556 2780 speciale
1567 2715 1595 2766 et
1604 2725 1658 2764 non
1672 2724 1830 2780 commune,
1842 2707 1959 2783 ideoque
1972 2725 2015 2781 per

467 2845 470 2850 .
1214 2795 1384 2870 privilegium
1402 2797 1516 2853 concedi
1530 2803 1630 2868 potest.

665 2907 743 2970 gum
752 2904 907 2970 muium
1237 2886 1300 2942 ·Sic
1314 2901 1381 2958 ergo
1394 2885 1530 2957 explicata
1543 2885 1639 2942 divisio
1653 2893 1729 2942 recte
1745 2885 1938 2944 constituitur.
1954 2887 2013 2944 Nun

1216 2988 1280 3030 rere
1298 2973 1400 3032 dantur
1419 2973 1466 3032 ille
1480 2974 1535 3030 duo
1551 2974 1686 3045 membru,
1702 2975 1808 3046 prireta
1822 2977 1896 3032 enim
1915 2976 2014 3049 privile·

381 3085 406 3135 l.
420 3081 589 3146 Privilegium
601 3078 670 3132 aliud
688 3086 728 3132 est
745 3078 779 3130 ob
795 3079 888 3130 bouum
906 3079 1050 3142 priostum,
1063 3077 1133 3129 aliud
1147 3079 1181 3130 ob
1215 3062 1492 3137 8181101111011118811118
1507 3070 1587 3136 sunt,
1603 3070 1631 3121 el
1645 3063 1803 3122 communit
1817 3067 1903 3124 ellum
1916 3071 1978 3122 iuni
1989 3067 2012 3122 in

414 3145 1181 3216 communoranusrnscopum.—².ttonporesrquisrenuo·
1216 3167 1285 3222 uru3
1301 3168 1364 3209 nam
1386 3154 1542 3216 immunitas
1562 3152 1729 3211 clericorum
1744 3167 1892 3212 comoutne
1914 3154 2013 3226 privile·

414 3218 1180 3356 fflgrfflffifn?fflssssfghabgssffiffl?’Qffiffiffi
1212 3243 1291 3315 giuru
1301 3247 1359 3313 est,
1373 3244 1435 3299 item
1448 3241 1617 3314 privttegtum
1632 3243 1744 3299 cenonis
1755 3248 1783 3299 ct
1794 3242 1855 3316 lori,
1868 3250 1900 3301 et
1910 3243 2010 3312 sinilia,

414 3361 492 3412 hm„
506 3363 590 3411 tocurn
604 3359 764 3409 „nummio
775 3357 905 3422 privilegii
916 3357 949 3408 01,
962 3357 1055 3408 boum„
1065 3356 1180 3420 particu-
1213 3336 1242 3387 et
1253 3345 1286 3385 cx
1301 3331 1441 3402 praedicte
1455 3329 1611 3388 diversitate
1625 3339 1777 3389 nascuntur
1788 3331 1890 3389 diversi
1905 3333 2012 3389 edoctus
2113 3359 2114 3390 i

414 3430 468 3480 lere
482 3429 679 3481 concessi-l.
695 3426 877 3490 privilegium,
890 3424 961 3476 eliud
973 3433 1013 3476 est
1026 3426 1178 3488 iarorabile,
1214 3418 1349 3490 morales,
1362 3426 1391 3477 ei
1403 3417 1464 3476 ideo
1478 3421 1575 3476 merito
1589 3419 1670 3478 detur
1685 3419 1835 3479 distinctio.
1852 3421 1942 3489 Quam
1959 3423 2013 3477 atil·

332 3561 334 3567 .
413 3496 937 3550 1111101101111·-11·1111111111118--6·
952 3495 1120 3558 privilegium
1138 3502 1179 3546 0⁸¹
1213 3508 1354 3581 gitGloss.
1370 3509 1470 3580 incap.
1487 3507 2012 3584 Sideltrtum,dclorocompet.etin

413 3564 1178 3702 ζξᾙζξᾚᾛξιυζίᾒζιζιὼῗωζ,,7,,ζξξὲζᾞῗοζζᾞ
1213 3599 1272 3697 lege
1282 3596 1501 3702 impeditorem,
1516 3597 1543 3655 ti.
1556 3597 1589 3655 de
1600 3599 1705 3670 puetis,
1721 3606 1750 3657 et
1761 3601 1789 3655 in
1801 3598 1974 3672 Anthentics,
1985 3603 2012 3655 ut

403 3713 443 3770 ‚ut
455 3707 530 3758 multi
544 3707 670 3757 sentiunt.
681 3731 715 3743 —
724 3705 751 3756 8.
765 3704 932 3767 Privitegium
946 3717 992 3768 pro
1004 3702 1060 3755 loro
1072 3711 1179 3755 externo
1213 3701 1271 3743 ⁸¹⁰⁰
1284 3686 1463 3767 1101111110119
1478 3694 1596 3758 millib
1611 3694 1667 3746 1110·
1682 3689 1766 3745 111110
1780 3687 2011 3747 Wlmfflwd·

412 3783 440 3827 er
453 3789 499 3840 pro
519 3775 575 3827 l⁰r⁰
591 3777 704 3826 interno.
714 3801 750 3812 -
760 3774 787 3824 9-
800 3773 892 3824 Forum
905 3774 1035 3823 internum
1047 3774 1179 3824 cooscien-
1213 3778 1294 3832 tumr
1313 3782 1411 3848 estque
1428 3774 1547 3833 solemne
1567 3776 1714 3834 discrimen
1730 3778 1799 3836 inter
1819 3777 1872 3835 illa.
1887 3778 2009 3847 membre,
2110 3833 2111 3850 ,

413 3847 467 3964 {1135
470 3921 479 3964 t
483 3845 713 3975 et-ttffiflffiffi
715 3842 993 3976 otffiffilffisssffi
995 3917 1005 3962 t
1011 3843 1179 3976 ffgssuffffi·
1212 3863 1288 3938 quod
1302 3866 1386 3936 priori
1400 3865 1510 3936 speciali
1525 3865 1664 3940 priuilegio
1679 3872 1769 3939 potest
1786 3868 1951 3926 mnuociare
1965 3869 2009 3942 pri

413 3983 548 4034 „flemme
561 3979 1111 4042 “contentiosum-1„ommim„
1124 3983 1177 4045 pr„
1213 3960 1275 4011 rata
1290 3970 1422 4026 persona,
1438 3955 1465 4011 in
1482 3955 1562 4012 cuins
1574 3957 1692 4028 gratiam
1705 3970 1871 4013 concessum
1890 3963 1948 4026 est,
1962 3971 2007 4012 non

414 4053 503 4116 atterit
522 4053 661 4116 loquantur
679 4050 711 4100 dc
729 4050 785 4101 toro
800 4050 989 4114 poenitentiae,
1002 4062 1052 4102 non
1070 4057 1131 4102 sunt
1145 4053 1178 4103 u·
1212 4049 1304 4100 autem
1324 4044 1479 4114 posteriori.
1495 4045 1572 4102 Prior
1591 4060 1654 4115 pars
1671 4059 1801 4116 expressa
1814 4052 1857 4103 est
1880 4046 1907 4104 in
1929 4045 2008 4102 rnultir

413 4121 524 4174 mirande
548 4122 580 4172 ad
602 4120 728 4172 iudicium
748 4120 933 4170 sacramentale
949 4121 1178 4184 poenitentiae-
1212 4131 1332 4204 juribus,
1344 4147 1407 4205 cap.
1419 4131 1466 4188 Ad
1480 4131 1684 4207 apostolicam,
1699 4133 1733 4192 de
1746 4134 1896 4208 tegulariis.
1914 4133 2009 4206 etp-Sl

413 4189 1179 4325 tet:ttrtuutuuuttutttttttt‚rtur
1212 4221 2008 4326 ...cumulim...,.....1...

414 4331 543 4396 rerrtptrua
555 4341 602 4396 per
614 4329 668 4395 ipsa
681 4329 769 4380 verm,
1212 4317 1365 4368 moretum
1379 4311 1512 4384 probatur
1524 4328 1552 4369 rn
1566 4312 1595 4370 d.
1611 4328 1672 4386 csp.
1687 4316 1721 4372 Si
1734 4310 1879 4387 diltperrtt,
1892 4320 1921 4371 et
1931 4315 2007 4384 orpus

1215 4401 1387 4472 oenotrios,
1406 4399 1441 4458 de
1460 4407 1530 4458 sent.
1546 4417 1656 4459 excom.
1675 4409 1705 4459 et
1718 4401 1745 4458 in
1758 4403 1777 4458 l.
1792 4405 1841 4460 tus
1853 4400 2004 4477 pubiicum,

341 4561 346 4572 ·
422 4496 447 4550 t.
463 4489 541 4548 Ultra
556 4489 712 4560 partitiones
727 4485 878 4558 praedictus
892 4494 958 4545 sunt
970 4487 1049 4560 alius,
1061 4503 1133 4562 quae
1146 4489 1178 4546 li·
1212 4487 1241 4544 tl.
1256 4487 1291 4546 de
1305 4489 1412 4559 pactis,
1427 4489 1473 4546 ubi
1488 4491 1567 4548 loson
1582 4489 1634 4548 letc
1653 4506 1711 4549 reru
1728 4491 1860 4563 explicat,
1876 4499 1906 4550 et
1923 4491 2007 4548 limita·

379 4583 425 4639 cei
439 4577 548 4635 brevius
561 4575 679 4648 expediri
693 4576 809 4650 possint,
825 4577 1007 4634 necessariam
1021 4575 1176 4636 doctrinam
1212 4579 1302 4636 tiones
1323 4578 1447 4637 adducit.
1462 4580 1542 4637 ilatio
1561 4595 1626 4637 rerc
1639 4588 1700 4654 est,
1722 4582 1786 4654 quie
1810 4581 1944 4652 privatum
1956 4581 2005 4648 tus,

378 4670 529 4726 continent.
546 4667 645 4734 Quinta
664 4680 730 4737 ergo
749 4666 844 4723 divisio
865 4666 995 4739 privilegii
1008 4681 1070 4722 esse
1084 4675 1177 4738 potest
1212 4674 1241 4725 et
1261 4667 1437 4725 commodum
1459 4675 1503 4726 est
1522 4669 1574 4726 sub
1593 4668 1713 4726 dominio
1741 4671 1967 4744 uniuscuiusque,
1984 4671 2008 4722 et

377 4762 403 4815 iu
418 4757 500 4830 illud,
515 4755 590 4832 quod
609 4771 657 4828 per
671 4771 700 4812 se
714 4756 802 4828 primo
815 4754 900 4813 datur
914 4761 1027 4828 propter
1040 4756 1175 4827 priostum
1213 4755 1274 4813 ideo
1286 4763 1378 4828 potest
1392 4757 1427 4813 illi
1442 4757 1557 4830 cedere,
1570 4773 1618 4831 per
1632 4774 1662 4814 se
1682 4759 1835 4832 loquendo:
1852 4759 1952 4817 bonum
1965 4771 2006 4812 au·

377 4848 498 4919 bonum,
514 4846 635 4917 scilicet,
651 4843 766 4901 nlicuiuo
779 4859 922 4916 personas,
940 4833 1101 4902 rel'iutuitu
1113 4845 1176 4902 boni
1213 4853 1268 4904 teru
1282 4861 1430 4904 commune
1444 4862 1496 4904 non
1514 4848 1549 4904 ita
1564 4847 1664 4920 pendet
1683 4863 1716 4904 ex
1733 4850 1949 4922 uniuscuiusque
1964 4862 2004 4900 ro·

377 4936 544 4996 communis.
554 4933 888 5007 circaquamdirisionem
900 4923 1190 5006 anteomniaoportet'
1211 4933 1423 5010 lentatedtque
1433 4939 1470 4993 ita
1483 4935 1551 4994 haec
1562 4935 1688 4995 doctrina
1702 4941 1920 5011 communisset,
1933 4949 2004 5010 quan

376 5025 506 5084 terminos
519 5023 673 5097 explicare,
689 5021 883 5097 distinguendo
894 5025 1034 5081 materiam
1045 5024 1176 5099 privilegii
1210 5023 1381 5096 locupletant
1394 5028 1522 5082 Panorm.
1538 5026 1653 5083 indicto
1666 5025 1925 5100 cap..5idiitpeuti,
1940 5042 1964 5081 n.
1980 5025 2002 5082 ir

377 5115 458 5172 aine
472 5114 615 5189 privilegii,
630 5120 658 5171 ct
670 5112 843 5187 intelligendo
856 5113 1055 5170 distinctionem
1069 5112 1103 5171 de
1117 5129 1175 5171 ma·
1209 5121 1239 5171 et
1250 5112 1331 5171 latius
1345 5114 1381 5171 ibi
1395 5114 1478 5172 Feliu.
1499 5129 1548 5186 per
1569 5121 1675 5187 torum,
1689 5122 1718 5173 et
1730 5115 1767 5170 ibi
1781 5115 1841 5186 alii,
1856 5123 1885 5172 et
1897 5117 1924 5172 tn
1939 5111 2003 5169 dicto

377 5207 460 5282 teria,
475 5219 528 5262 non
542 5205 576 5264 de
589 5205 652 5264 tine.
671 5201 756 5264 Omne
774 5203 845 5261 enim
864 5201 1036 5279 privilegium
1056 5200 1175 5261 ordinari
1211 5203 1273 5281 lege
1285 5207 1391 5280 sipoto,
1410 5203 1456 5263 ubi
1472 5204 1633 5279 praesertim
1646 5205 1719 5264 Bart.
1734 5202 1809 5263 Beld.
1824 5211 1854 5264 et
1873 5205 1957 5262 loson.
