4190 6234
842 389 999 444 444444.
1649 368 1691 432 45

106 515 236 590 4444444444,
255 515 325 574 alias
341 518 460 576 daretem
477 517 578 588 bellum
592 517 699 576 iustum
719 531 754 575 ex
774 523 893 591 utraque
930 532 1013 590 cara,
1026 533 1082 575 non
1097 516 1276 592 contrahere,
1290 524 1319 577 et
1331 516 1442 576 similes.
1457 517 1515 574 lloc
1530 516 1611 573 etism
1625 517 1669 570 est
1683 523 1732 583 per
1752 490 1759 510 '

107 617 174 684 parte.
181 610 287 681 loquor
309 613 404 665 444444
417 607 453 666 44
466 608 579 681 propris
593 607 745 666 resistentia
758 609 890 682 positira3
930 623 959 665 se
975 607 1094 682 clarum,
1103 611 1168 683 quia
1184 607 1276 682 quoad
1291 608 1359 666 baec
1371 623 1458 682 poena
1470 606 1515 664 illa
1528 603 1644 662 includit
1653 614 1731 674 pree·

108 716 154 757 444
177 697 303 770 inpedire
322 712 441 770 poenam
457 696 626 772 perfugam,
641 713 695 755 444
709 704 753 755 444
767 696 890 770 prohibi·
928 705 1039 770 ceptum
1054 699 1136 773 legis,
1153 699 1196 755 vel
1210 698 1318 769 iudicia,
1334 701 1361 756 in
1382 699 1462 757 cuius
1477 695 1732 754 observantiecon·

109 799 154 848 444
165 790 190 846 44
204 787 383 861 couscientia,
399 785 510 861 quando
525 803 612 860 poena
625 786 776 860 corporalis
792 793 819 845 et
832 801 896 861 gra·
929 790 1001 846 sistit
1012 789 1139 846 executio
1156 788 1219 847 talis
1234 804 1353 862 4444444
1367 788 1413 846 444
1428 794 1538 846 4444444
1549 787 1610 859 4444
1621 782 1731 840 obedire

108 882 140 936 sis
154 888 201 937 est
217 877 274 936 uixi
292 885 387 936 autem
405 882 475 953 post
488 874 685 951 sussicteatem
698 879 885 943 emunctam,
929 885 1078 952 praecepto
1092 881 1177 952 iusto;
1194 885 1261 952 ergo
1275 887 1302 938 et
1315 881 1413 952 exequi
1427 893 1542 952 poenam
1553 874 1644 950 quoad
1657 872 1730 930 banc

109 972 161 1044 quia
178 968 256 1026 debet
272 983 335 1024 esse
350 967 424 1025 iusta
438 974 469 1025 et
481 966 636 1025 secundum
652 967 727 1042 leges
741 966 811 1041 late,
826 965 893 1024 alias
929 975 1048 1042 partem:
1071 973 1101 1026 et
1121 966 1175 1026 boe
1197 971 1265 1028 setis
1283 975 1392 1028 constat
1406 985 1439 1026 ex
1453 968 1534 1025 dictis
1548 967 1638 1039 eapite
1652 977 1731 1037 prae-

108 1077 152 1116 444
164 1064 248 1132 potest
260 1057 390 1115 44444444
403 1058 448 1114 444
464 1057 498 1115 ad
512 1057 556 1116 sui
570 1059 771 1116 executionem.
929 1057 1045 1116 cedenti.

139 1156 162 1208 3.
169 1149 214 1207 Ubi
226 1148 317 1205 statim
334 1147 504 1206 occurrebat
514 1149 654 1222 quaestio,
665 1145 731 1220 quid
745 1145 893 1204 dicendum
970 1153 998 1208 4.
1014 1150 1106 1206 Tertio
1127 1163 1192 1222 ergo
1213 1153 1339 1221 superest
1351 1148 1490 1222 quaestio,
1513 1144 1622 1220 quando
1641 1158 1730 1217 poena

108 1242 146 1312 sit,
159 1241 180 1296 si
193 1239 324 1295 sententia
338 1239 374 1295 444
387 1225 464 1295 44444
474 1239 503 1294 44
516 1238 646 1296 exteriori
661 1237 721 1294 loto
737 1235 893 1296 secundum
931 1237 975 1294 vel
991 1239 1106 1312 requirit
1120 1239 1268 1311 actionem,
1281 1245 1331 1296 aut
1343 1239 1567 1310 cooperationem
1578 1236 1664 1308 ipsius
1677 1235 1728 1306 rei,

106 1325 389 1403 slegstaetprobata,
402 1343 431 1386 re
445 1335 537 1386 444444
549 1343 616 1385 4444
629 1343 683 1384 444
699 1325 817 1385 habebat
829 1327 891 1384 iun·
932 1327 975 1385 rel
995 1328 1092 1386 saltens
1113 1344 1162 1402 per
1180 1328 1254 1388 illam
1275 1329 1330 1384 lieri
1346 1334 1447 1400 potest,
1463 1343 1496 1383 44
1514 1333 1580 1383 4444
1594 1324 1730 1398 obligetur

105 1420 249 1477 dementum
263 1417 397 1475 veritatis.
413 1415 467 1475 Sed
481 1417 549 1474 haec
567 1416 694 1490 quaestio
708 1417 795 1490 magis
809 1416 894 1488 44444·
929 1433 997 1475 4444
1012 1416 1046 1473 44
1061 1416 1247 1490 operandum,
1264 1418 1306 1474 444
1322 1416 1541 1489 cooperandum,
1557 1414 1652 1472 saltem
1668 1418 1731 1485 post

103 1517 141 1567 net
152 1509 184 1566 sd
198 1514 363 1580 potestatem
376 1507 488 1580 iudicis,
500 1523 584 1582 quarn
595 1507 672 1580 legis,
681 1505 817 1578 habetque
828 1521 895 1578 pro·
932 1507 1094 1564 sententiam
1107 1506 1216 1563 iudicis.
1232 1507 1306 1564 ltulti
1321 1508 1392 1564 enim
1407 1505 1554 1577 affirmant,
1569 1509 1634 1577 post
1647 1503 1729 1560 latam

102 1600 181 1671 prium
193 1597 292 1666 locum
310 1599 339 1654 in
356 1601 385 1654 2.
403 1603 435 1670 2,
449 1613 478 1671 4.
492 1601 528 1655 66
541 1637 549 1669 ,
560 1602 613 1654 444.
628 1601 659 1667 6,
674 1604 703 1653 44
722 1601 829 1668 quaest.
846 1597 893 1666 61,
929 1597 1091 1654 sententiam
1107 1599 1194 1654 teneri
1212 1612 1291 1654 444444
1304 1596 1336 1653 44
1348 1594 1535 1669 4444444444
1547 1609 1662 1667 poenam
1673 1593 1731 1665 lege

101 1697 146 1746 art.
160 1694 187 1760 4,
200 1694 229 1745 44
240 1703 269 1761 4.
285 1689 335 1759 96,
350 1694 405 1744 444.
423 1691 452 1745 4.
465 1686 514 1745 Ubi
528 1701 544 1742 a
558 1685 822 1743 commentatoribus
839 1691 892 1741 tra·
932 1693 1076 1758 statutam,
1099 1688 1121 1742 44
1137 1689 1210 1743 44444
1224 1686 1269 1743 4444
1283 1702 1337 1743 444
1355 1685 1471 1743 44444444
1487 1685 1659 1742 intrinsecam
1674 1698 1731 1739 ma·

30 1774 35 1865 4
98 1787 199 1849 otetur,
214 1785 243 1835 et
255 1778 324 1834 Sota
337 1775 385 1834 lib.
402 1781 430 1834 3.
446 1774 588 1833 delectit.
603 1791 634 1848 q.
649 1778 679 1846 4,
694 1781 748 1830 444.
767 1777 793 1829 6.
811 1774 846 1830 Ε4
860 1773 894 1831 44
934 1777 1027 1850 litiam,
1041 1775 1083 1834 444
1098 1776 1148 1832 4444
1162 1775 1215 1833 boe
1231 1776 1313 1834 modo
1327 1792 1415 1848 poena
1427 1775 1560 1835 reddetur
1574 1777 1686 1840 iniusta,
1701 1779 1732 1830 ut

27 1880 31 1941 ,¹
97 1869 214 1928 censuris
233 1872 356 1924 tractata
372 1865 614 1931 estanobislste,
630 1871 765 1938 quantum
780 1863 894 1921 materia
931 1873 1015 1938 esset,
1031 1867 1211 1939 seoecidere,
1227 1861 1731 1924 44444444444.Τ44444444414444444-

25 1958 27 1983 4
96 1960 138 2017 4444
154 1955 330 2031 postulabat,
344 1961 413 2012 tom.
431 1961 459 2028 6,
474 1954 578 2028 444444.
596 1958 625 2026 4,
641 1969 711 2010 4444.
729 1956 757 2023 1,
774 1969 801 2008 4.
821 1959 847 2011 8.
865 1959 894 2010 44
930 1972 991 2014 mae
1004 1961 1032 2016 2.
1047 1961 1077 2026 2,
1092 1973 1120 2030 q·
1139 1959 1186 2028 62,
1202 1963 1254 2013 art.
1272 1961 1300 2031 3,
1316 1957 1363 2014 ubi
1384 1963 1484 2031 negat,
1504 1957 1589 2013 teneri
1602 1971 1684 2012 reum
1697 1953 1732 2011 ad

96 2043 381 2122 sequentibus.Vidari
394 2045 475 2103 etiam
489 2051 625 2118 possunt,
639 2058 711 2117 quae
725 2057 810 2114 supra
823 2041 894 2099 dixi·
932 2060 1047 2120 poenam
1065 2055 1127 2102 ante
1141 2047 1316 2119 sententiam,
1333 2053 1396 2119 post
1410 2047 1571 2104 sententious
1582 2061 1648 2103 4444
1664 2044 1731 2102 iudi·

97 2155 154 2196 nnus
167 2138 199 2196 ds
213 2138 275 2211 lege
288 2138 404 2206 iniusta,
415 2141 443 2192 at
456 2134 490 2191 de
499 2137 537 2206 ri,
549 2149 633 2208 quana
648 2133 747 2191 habere
759 2138 849 2205 potest
859 2130 895 2190 ad
931 2138 973 2193 cis
994 2135 1202 2193 condemnantis
1221 2134 1254 2192 44
1271 2150 1386 2209 poenam
1400 2133 1467 2192 dicit
1482 2136 1577 2193 teneri:
1594 2141 1622 2192 et
1635 2133 1732 2192 eodem

96 2227 275 2302 obligandum.
285 2225 429 2284 Resolutio
442 2240 508 2299 ergo
518 2225 609 2282 444444
622 2230 676 2297 444,
688 2220 763 2297 4444
774 2221 839 2279 44444
849 2222 895 2279 4144
933 2228 989 2284 4444
1004 2225 1086 2284 modo
1100 2224 1229 2300 loquendi
1243 2226 1330 2284 Celet.
1345 2227 1378 2284 ibi
1394 2226 1498 2283 clarius
1513 2224 1538 2283 id
1553 2226 1645 2298 docet,
1658 2230 1686 2283 2.
1699 2231 1729 2296 2,

97 2319 223 2377 44444444
245 2331 297 2390 444
315 2331 347 2372 aa
367 2331 423 2373 non
443 2315 546 2389 obliget
561 2329 640 2371 44444
654 2313 688 2370 ad
702 2313 894 2370 executionem
932 2332 961 2390 q.
976 2319 1023 2388 69,
1039 2322 1093 2371 444.
1110 2319 1138 2386 4,
1153 2322 1181 2371 44
1195 2316 1261 2373 8444
1276 2316 1321 2373 lib.
1340 2320 1364 2374 l.
1377 2314 1414 2373 de
1427 2318 1554 2378 44444444,
1568 2331 1595 2388 4.
1606 2320 1692 2388 6,444.
1703 2318 1731 2388 6,

97 2423 211 2482 444444,
233 2405 348 2482 quando
369 2405 443 2462 illam
464 2405 610 2462 commode
625 2404 720 2470 vitare,
737 2409 787 2460 aut
799 2402 894 2474 lugere
932 2405 1060 2463 conclus.
1077 2410 1107 2476 6,
1122 2405 1219 2462 Castro
1234 2403 1282 2461 tib.
1295 2411 1322 2464 2.
1339 2403 1375 2463 de
1389 2404 1581 2482 1444444441.
1597 2420 1623 2462 c.
1641 2409 1669 2476 3,
1680 2406 1732 2461 Nn·

96 2507 180 2572 potest
197 2498 256 2554 sine
277 2496 394 2569 publica
410 2495 565 2564 resistentis
579 2494 622 2552 vel
638 2492 781 2564 seandalo;
797 2491 896 2549 nibilo-
931 2511 1006 2552 4444.
1022 2497 1051 2551 44
1066 2496 1177 2553 Summa
1194 2511 1256 2567 444.
1273 2500 1465 2568 23,4444.66,
1480 2495 1607 2554 lederna.
1619 2499 1646 2553 in
1661 2500 1689 2564 4,
1702 2501 1730 2554 2.

96 2593 181 2647 444444
199 2588 323 2662 obligare
341 2586 377 2644 ad
391 2587 543 2660 parendum
557 2585 712 2642 executioni
724 2582 835 2653 iudicis,
851 2581 894 2639 vel
930 2603 957 2658 p.
971 2601 999 2660 q.
1013 2589 1058 2657 46,
1073 2593 1125 2644 444.
1139 2590 1168 2659 2,
1187 2571 1379 2645 Artemitam.
1397 2592 1423 2645 3.
1440 2587 1537 2644 variar.
1555 2601 1583 2644 c.
1603 2589 1647 2657 44,
1660 2603 1688 2642 4.
1700 2589 1728 2653 3,

97 2677 292 2752 legis,quandn
306 2677 367 2734 sine
381 2677 536 2734 resistentia
549 2673 721 2733 44414444444
732 2672 895 2730 4444444444
930 2675 1057 2733 Corduba
1070 2676 1145 2733 44444
1162 2689 1190 2748 q.
1208 2680 1258 2748 36,
1276 2676 1360 2734 44444.
1381 2693 1447 2734 carm
1466 2675 1542 2733 Bald.
1563 2676 1726 2733 44444444.

98 2771 170 2826 444444
183 2785 238 2826 444
253 2775 358 2840 potest,
372 2767 441 2824 baec
455 2767 527 2823 enim
537 2767 694 2823 resistentia
708 2778 849 2837 nunquam
863 2763 894 2820 li·
932 2782 1002 2840 quos
1017 2764 1104 2823 444444
1117 2767 1143 2822 44
1159 2781 1220 2839 cap.
1238 2770 1262 2824 l.
1275 2765 1308 2823 de
1322 2767 1434 2825 constit.
1445 2783 1521 2825 num.
1535 2770 1584 2838 46,
1596 2772 1625 2823 44
1638 2766 1732 2836 444444

99 2865 155 2930 444,
176 2857 288 2931 quando
302 2859 441 2914 sententia
456 2863 498 2914 est
512 2859 585 2912 iusta
600 2853 752 2912 secundum
767 2853 893 2926 allegata,
933 2854 1050 2914 adducit
1065 2855 1154 2929 Tiraq.
1171 2856 1196 2911 in
1209 2855 1229 2912 l.
1246 2859 1435 2930 sinopitem,
1454 2857 1537 2938 serbo
1551 2861 1728 2924 revertatur,

100 2948 257 3020 etprobata,
268 2949 335 3022 quis
350 2953 418 3004 tunc
433 2946 515 3004 iudex
528 2946 644 3020 legitime
660 2945 745 3003 utitur
759 2951 894 3019 potestate
932 2962 960 3002 n.
978 2950 1044 3005 294.
1063 2947 1142 3002 Ratio
1164 2944 1248 3002 huius
1268 2948 1419 3004 sententiae
1440 2953 1497 3018 est,
1517 2948 1580 3019 quin
1594 2945 1637 3002 lex
1650 2945 1733 3003 habet

101 3053 156 3111 444,
171 3039 215 3096 444
230 3037 361 3094 subditus
375 3051 474 3108 parere
489 3041 608 3093 tenetur.
934 3036 989 3092 vim
1012 3034 1148 3108 obligandi
1169 3034 1202 3092 44
1226 3051 1341 3108 poenam
1362 3052 1413 3109 pro
1433 3037 1524 3110 atiquo
1539 3042 1674 3108 tempore,
1689 3034 1732 3092 444

134 3123 894 3199 Secundo,nullarelinquiturquaestiodepoene,quae
932 3131 1030 3198 statu,
1052 3125 1100 3182 sed
1121 3125 1228 3182 nullum
1250 3131 1339 3198 potest
1358 3141 1418 3182 esse
1432 3127 1518 3200 magis
1533 3117 1731 3199 opportunum,

104 3233 147 3290 per
164 3217 399 3275 solamnetionern
413 3216 498 3273 44444
512 3213 628 3289 iudicis,
649 3225 697 3273 sut
715 3215 785 3288 legia
800 3214 892 3273 iulerri
932 3232 1015 3290 quam
1030 3223 1096 3289 post
1110 3214 1191 3273 latam
1202 3217 1365 3273 4444444444
1377 3215 1475 3274 4444444
1487 3214 1566 3290 (quid
1577 3216 1649 3272 44444
1658 3213 1733 3273 44444

103 3314 193 3380 potest.
207 3309 266 3366 4444
281 3312 369 3381 patet,
385 3306 451 3380 quia
464 3308 488 3363 si
501 3321 591 3379 poena
604 3306 640 3362 444
654 3304 780 3381 physica,
793 3311 823 3362 et
835 3303 895 3362 effi·
934 3305 1115 3379 spectandum
1136 3305 1315 3380 superasti),
1331 3321 1409 3380 ergo.
1425 3308 1493 3364 14444
1507 3307 1572 3380 quia
1586 3307 1730 3377 sententia,

103 3398 189 3455 444444
208 3413 258 3469 per
275 3397 413 3454 actionem
426 3393 537 3470 iudicis,
553 3395 628 3453 illum
642 3394 763 3468 obtigere
777 3397 892 3467 poterit,
931 3411 1016 3469 quem
1032 3395 1131 3452 iustam
1147 3395 1339 3468 supponimus,
1355 3395 1437 3454 babet
1450 3397 1505 3453 4444
1520 3398 1670 3470 praecepti,
1684 3395 1731 3454 444

104 3495 146 3545 444
158 3489 297 3545 ministros
307 3489 443 3558 eiua,uon
454 3491 548 3543 autern
558 3499 649 3553 reum,
658 3484 711 3541 4444
721 3482 803 3542 modo
817 3483 893 3542 dicto
930 3485 1058 3543 subditus
1070 3491 1179 3543 tenetur
1189 3484 1298 3542 obedire
1311 3486 1444 3558 superiori
1455 3485 1645 3559 praecipienti,
1653 3501 1729 3560 ergo.

104 3580 125 3634 44
138 3576 307 3648 praecedenti
320 3577 486 3634 assertione.
502 3576 530 3632 Si
545 3590 612 3633 4444
625 3576 660 3631 444
674 3574 786 3632 moralis
802 3576 894 3647 prira·
970 3579 996 3632 5.
1013 3573 1140 3632 6444444
1159 3575 1249 3647 opinio
1270 3583 1351 3649 negat
1372 3575 1459 3634 444444
1478 3590 1568 3647 reum,
1580 3575 1661 3633 etiam
1682 3591 1732 3648 per

104 3669 148 3739 tio,
161 3669 214 3725 sire
226 3668 274 3725 444
287 3682 338 3739 per
352 3665 439 3722 solam
453 3664 550 3739 legem,
566 3666 623 3722 4444
638 3663 772 3722 mediante
787 3671 896 3722 senten·
930 3668 1092 3723 sententiam
1119 3664 1297 3736 damnatum,
1323 3667 1420 3739 exequi
1444 3681 1559 3738 poenam
1578 3666 1604 3722 44
1622 3681 1667 3739 44,
1687 3666 1730 3723 444

105 3759 135 3813 tia
148 3757 337 3830 perseipsum
352 3762 496 3828 operante,
511 3762 543 3813 ut
555 3755 583 3812 in
597 3755 893 3827 excommunicatione,
930 3755 1067 3812 actionem
1093 3754 1213 3828 aliquem
1234 3769 1379 3824 exercere,
1401 3771 1457 3829 qua
1475 3755 1548 3812 illam
1566 3761 1730 3830 exequatur,

105 3853 131 3903 et
144 3847 286 3918 similibus,
298 3846 335 3902 ibi
348 3844 426 3902 nulla
439 3851 482 3902 est
494 3845 650 3902 4444444444
662 3844 792 3920 obligatio
803 3860 896 3917 respe-
931 3844 974 3903 vel
990 3845 1023 3902 44
1037 3845 1109 3902 iilam
1124 3852 1303 3917 cooperetur.
1315 3847 1356 3903 lta
1371 3845 1452 3902 444444
1466 3845 1565 3902 Coras.
1582 3844 1628 3902 lib.
1648 3850 1671 3906 4.
1684 3862 1732 3903 aa·

105 3943 146 3993 atu
167 3935 252 3994 solius
273 3936 410 4010 passionis
431 3935 493 3992 talis
506 3951 628 4009 poenae,
644 3950 728 4010 quem
742 3934 895 3994 immediate
931 3936 997 3993 riar.
1013 3951 1041 3992 c.
1058 3940 1087 4007 2,
1102 3952 1131 3991 4.
1153 3940 1195 4007 46,
1211 3941 1239 3992 44
1259 3935 1285 3991 44
1301 3940 1329 4008 4,
1345 3941 1372 3994 2.
1390 3950 1417 4008 4.
1434 3951 1460 3992 4.
1478 3938 1505 4003 6,
1521 3934 1533 4003 l
1549 3943 1577 4008 8,
1593 3949 1620 3992 u.
1641 3941 1685 4006 to,
1701 3935 1733 3993 il-

105 4027 161 4084 tseit
173 4027 215 4085 lex
227 4027 272 4085 vel
286 4027 435 4100 sententia,
446 4028 512 4099 quia
526 4025 572 4082 illa
585 4031 716 4098 operatur
726 4026 805 4082 etiam
815 4027 843 4083 in
857 4026 897 4082 in·
932 4025 980 4082 lat.
993 4030 1021 4096 2,
1034 4031 1062 4082 44
1075 4040 1153 4081 num.
1172 4027 1215 4098 tt,
1226 4031 1255 4082 44
1268 4023 1365 4084 tribuit
1377 4025 1463 4083 Caiet.
1479 4024 1514 4082 44
1527 4042 1583 4101 quo
1597 4027 1649 4084 iarn
1663 4024 1730 4084 dixi.

104 4117 193 4174 situm.
205 4116 283 4175 41444
304 4131 360 4172 444
380 4121 424 4172 444
444 4115 470 4170 44
484 4121 620 4187 potestate
632 4115 763 4193 Ι4444444444
778 4115 815 4172 4444
830 4117 896 4172 resi·
930 4117 1002 4175 uitat
1020 4117 1102 4174 etiem
1124 4114 1237 4173 444444.
1259 4115 1364 4190 quolib.
1382 4119 1411 4187 6,
1426 4124 1479 4173 444.
1499 4116 1612 4188 l,illat.
1629 4122 1656 4175 3.
1679 4115 1732 4174 Sed
1790 4105 1795 4114 ’
1843 4125 1848 4134 ·

104 4211 188 4278 444444
204 4222 268 4263 narn
282 4204 392 4279 4444444
404 4206 536 4262 sententis
548 4205 844 4263 excommunicationis
855 4206 897 4262 iu·
931 4207 977 4264 ille
994 4213 1090 4279 aperte
1111 4205 1236 4279 loquitur
1251 4212 1314 4262 4444
1329 4207 1505 4276 4444444444,
1519 4212 1548 4263 44
1561 4207 1651 4279 444444
1665 4206 1733 4263 4444·

104 4303 142 4352 sta
154 4311 200 4368 per
214 4311 348 4367 4444444,
362 4293 404 4352 444
420 4294 553 4368 homines,
565 4310 631 4352 4444
646 4297 803 4353 necessario
815 4295 896 4353 relin·
933 4299 991 4355 rius
1005 4296 1091 4354 reiert
1103 4295 1181 4353 Paul.
1194 4296 1221 4352 44
1235 4296 1367 4353 clement.
1379 4295 1559 4364 Poscoratts,
1573 4297 1607 4354 44
1620 4312 1650 4354 44
1663 4297 1732 4354 iudi·

102 4388 189 4460 quitur
207 4386 479 4456 excommunicatus,
501 4400 552 4442 nec
570 4391 663 4457 potest
676 4386 815 4458 resistere,
831 4385 895 4445 licet
931 4392 986 4444 cat.
1010 4386 1164 4458 dicentem,
1187 4384 1261 4459 quod
1282 4385 1348 4456 tilii,
1374 4401 1494 4460 quorum
1507 4393 1584 4458 pater
1596 4386 1692 4445 incidit
1706 4389 1733 4444 44
1775 4383 1776 4387 ’

104 4479 212 4534 maxime
222 4476 299 4547 velit,
308 4482 337 4533 et
347 4472 418 4532 idern
429 4481 472 4532 est
481 4476 508 4531 44
519 4475 662 4533 similibus.
673 4474 792 4549 ideoque
804 4476 897 4551 quoad
932 4479 1038 4535 crimen
1054 4477 1143 4534 laesae
1157 4476 1443 4548 matestatis,possunt
1457 4477 1621 4534 subtrahere
1634 4478 1668 4535 de
1682 4477 1733 4536 bo·
1795 4477 1800 4486 '

105 4565 152 4623 boc
165 4583 218 4624 non
229 4565 312 4623 babet
325 4565 421 4622 locum
432 4563 557 4638 obligatio
571 4564 693 4638 parendi,
706 4568 771 4639 quia
783 4567 831 4625 ubi
841 4583 897 4624 non
933 4568 974 4626 nis
987 4569 1065 4641 eius,
1081 4574 1110 4625 et
1124 4553 1264 4641 n'unquam
1278 4567 1434 4624 restituero.
1450 4568 1510 4640 4444
1525 4583 1591 4625 4444
1605 4569 1657 4625 ait:
1673 4567 1733 4628 Sed

105 4663 262 4728 potestesse
276 4657 453 4724 resistentia,
468 4670 522 4712 444
537 4661 581 4713 444
594 4654 705 4714 libertas
719 4657 746 4712 in
761 4672 816 4742 4444
830 4658 897 4715 resi·
931 4658 986 4716 bos
1005 4673 1066 4714 nors
1086 4671 1204 4722 444444,
1228 4655 1346 4714 sentiens
1358 4657 1444 4714 teneri
1457 4657 1491 4714 ad
1505 4658 1675 4716 restituenda
1688 4659 1733 4717 illa

105 4746 241 4819 stendo,et
254 4743 317 4803 ideo
328 4759 380 4801 nec
395 4750 489 4816 potest
501 4760 562 4802 4444
575 4744 700 4818 obligatio
712 4745 823 4818 parendi
835 4763 897 4820 pro·
932 4748 1014 4820 bona,
1028 4747 1051 4803 si
1064 4755 1142 4819 pater
1155 4744 1188 4803 44
1201 4748 1317 4804 erimine
1330 4745 1485 4806 damnetur.
1494 4749 1530 4806 Et
1544 4749 1581 4806 444
1594 4749 1638 4806 4444
1652 4751 1729 4809 Paul.

105 4837 155 4907 pris
170 4834 261 4910 quoad
275 4836 465 4908 receptionem
478 4835 540 4892 talis
556 4835 724 4908 privationis.
735 4839 796 4908 ipsa
807 4843 897 4896 444444
932 4836 1041 4894 4444444
1054 4836 1175 4909 44444444
1189 4837 1278 4893 64444
1291 4835 1498 4894 4444444444134
1511 4853 1562 4911 444
1575 4838 1669 4897 eadem
1684 4856 1732 4913 po-

105 4925 231 4998 prirstio,
256 4941 305 4984 seu
327 4940 460 4997 4444444,
476 4932 523 4983 444
535 4924 689 4983 inhabilites
704 4927 784 4986 ali‘ert
797 4943 894 4987 secum
932 4935 987 4986 test
1000 4926 1111 5000 allegari
1124 4929 1266 4984 Deciana-in
1287 4941 1314 4984 4.
1335 4930 1359 4983 4.
1375 4925 1409 4983 44
1423 4929 1533 4984 4444444.
1551 4928 1613 5002 quis
1627 4927 1691 4987 licet
1705 4930 1732 4986 in
1827 4961 1831 4970 ·

107 5013 289 5090 obligationem
307 5015 340 5075 sd
355 5014 510 5090 patiendas,
519 5014 561 5071 444
575 5015 750 5090 exequendas
761 5017 830 5075 alias
840 5020 896 5090 pri·
931 5017 978 5075 illa
992 5023 1087 5090 postea
1101 5031 1155 5074 non
1171 5016 1311 5090 persistat,
1320 5017 1384 5088 quia
1397 5022 1478 5089 putat
1492 5018 1578 5090 legem
1590 5019 1730 5091 poenalem

107 5107 232 5180 rabones,
253 5123 304 5166 seu
323 5106 475 5175 carentiae,
492 5119 564 5178 quae
577 5105 668 5180 aliquo
681 5105 765 5165 modo
779 5107 898 5181 4444444
931 5110 1015 5167 etiam
1036 5114 1099 5165 anto
1119 5106 1282 5165 sententiam
1296 5107 1430 5181 obligare,
1446 5107 1620 5166 nibilominus
1634 5125 1667 5168 ex
1682 5109 1731 5188 by·

109 5209 138 5252 ex
156 5196 268 5256 bominis
288 5198 427 5268 libertate,
449 5203 478 5253 et
497 5196 679 5254 necessariam
699 5199 896 5257 connexionem
933 5199 1147 5274 pathesitenet,
1169 5197 1245 5272 quod
1265 5198 1287 5256 44
1304 5197 1347 5256 444
1362 5213 1415 5255 444
1430 5197 1532 5273 obliga‘t
1546 5205 1608 5257 ante
1623 5206 1731 5258 senten·

109 5285 197 5348 tabem
215 5305 279 5348 cunr
298 5289 432 5364 primaria
453 5286 614 5360 privatione,
631 5293 730 5346 utnon
744 5291 897 5348 communi·
932 5291 1110 5363 tiam,neque
1122 5295 1185 5362 post
1198 5289 1359 5346 sententiam
1372 5288 1499 5366 obligabit
1510 5290 1544 5347 ad
1555 5305 1658 5364 poenae
1669 5306 1732 5349 exe·
