4190 6234
413 294 455 356 82
1120 309 1269 358 nmcnv.

373 449 443 508 quae
458 434 590 508 principia
609 437 708 510 possit,
724 443 751 494 et
763 437 859 494 debeat
873 436 969 494 reduci
986 434 1019 492 od
1040 433 1180 491 certitudi-
1215 440 1286 505 stat,
1299 437 1364 508 qnia
1380 436 1444 494 licet
1458 439 1585 510 princeps
1598 453 1646 510 per
1661 438 1814 496 moderatas
1838 454 1939 512 poenas
1952 455 2014 496 sem·
2067 469 2068 518 3

374 541 436 613 nem
459 528 624 598 practicam,
649 527 690 584 vel
711 528 900 601 obligationis,
923 528 964 582 vel
985 526 1180 590 excusationis,
1218 540 1268 595 per
1283 528 1409 596 resistat,
1432 543 1464 584 ne
1485 529 1584 584 subditi
1607 529 1715 584 nimium
1735 529 1878 585 licentiam
1902 537 2015 598 sumant,
2067 519 2068 578 Ϊ

373 619 449 671 turta
468 614 540 672 dicta
558 619 584 672 in
607 618 684 673 tertia
698 619 858 674 assertione.
876 618 910 674 Et
930 615 1040 689 quando
1061 631 1114 671 uon
1134 614 1181 670 ob·
1218 617 1356 686 praesumi
1371 617 1467 673 merito
1482 624 1590 688 potest,
1606 615 1679 673 iilam
1695 621 1867 674 coactionem
1881 634 1941 673 esse
1954 634 2014 689 pure

374 711 462 762 stante
473 705 556 763 dubio
573 715 664 763 manet
677 709 801 779 practica
812 707 952 778 obligatio,
965 723 1019 762 non
1034 706 1122 761 solum
1137 711 1181 761 est
1219 705 1376 776 poenalem,
1387 710 1415 761 et
1429 706 1462 762 ad
1479 705 1739 778 recompensandam
1750 707 1797 763 iilo
1812 705 1897 763 modo
1912 707 2017 764 tributo·
2067 699 2068 714 ,

373 796 408 853 ad
423 795 584 854 solvendum
603 796 716 868 petitum
737 797 883 866 tributum,
899 795 947 854 sed
968 795 1125 867 simpliciter
1147 795 1180 850 ad
1219 808 1282 849 rum
1296 793 1511 851 diminutionem:
1525 795 1702 852 nihilominus
1713 813 1779 853 rero
1791 797 2017 853 eonsnelndoha·

374 885 550 958 solvendum,
568 889 633 960 quia
648 894 691 943 cst
709 886 835 958 obligatio
852 885 885 942 ad
905 886 1067 942 servandam
1081 884 1181 958 legem,
1218 883 1292 940 bebit
1306 885 1361 940 vim
1380 885 1531 942 remittendi
1546 885 1735 958 obligationem
1752 886 1819 960 legis
1836 887 1864 941 in
1884 888 2018 942 conscien-

373 982 401 1031 et
416 975 457 1032 lex
473 992 521 1048 per
536 992 563 1033 se
586 977 619 1033 ad
633 975 687 1036 hoc
709 975 821 1049 obligat.
838 977 865 1032 Si
885 992 951 1032 vero
966 992 980 1032 ε
1001 989 1136 1032 converso
1150 989 1183 1030 ex
1218 975 1266 1045 tia,
1280 980 1308 1030 et
1323 974 1450 1046 princeps
1465 976 1506 1032 vel
1521 992 1575 1031 non
1590 982 1692 1048 potest,
1706 976 1748 1033 nel
1763 993 1817 1033 non
1832 976 1918 1033 debet
1933 980 1958 1033 in
1971 977 2015 1034 boc
2067 971 2068 974 ’

374 1063 457 1122 dubio
473 1069 595 1123 nascitur
609 1066 761 1138 excursatio,
775 1081 827 1122 non
843 1066 934 1122 solum
948 1067 1001 1122 erit
1014 1065 1046 1121 ad
1062 1080 1114 1122 non
1130 1064 1183 1120 sol·
1218 1065 1242 1120 ei
1256 1064 1400 1136 resistere,
1418 1067 1483 1137 quia
1503 1064 1578 1137 leges
1595 1065 1730 1123 humanae
1744 1066 1847 1125 debent
1860 1083 1923 1123 esse
1944 1069 2017 1122 mori·

373 1155 509 1229 rendum,
526 1155 600 1230 quod
615 1172 669 1213 non
687 1159 806 1228 petitur,
822 1157 964 1213 sedetiam
982 1155 1045 1212 licet
1060 1161 1182 1228 petatur,
1219 1152 1272 1209 bus
1289 1154 1678 1211 utentium'acoommodatae.

378 1245 401 1301 si
413 1245 557 1302 commode
574 1247 629 1302 fieri
643 1247 742 1319 possit,
760 1247 823 1319 quia
836 1248 978 1303 excusatio
992 1245 1038 1302 illa
1053 1245 1185 1318 simplici·
1257 1242 1335 1300 addo
1349 1251 1503 1314 praeterea,
1515 1246 1674 1315 contingere
1688 1260 1781 1317 posse,
1796 1253 1826 1302 ut
1838 1245 1873 1302 de
1891 1244 1965 1300 nullo
1978 1247 2021 1298 tri·

374 1341 417 1392 ter
430 1344 472 1392 est
485 1335 518 1392 ab
533 1336 698 1410 obligatione
713 1336 793 1410 legis,
810 1352 875 1409 ergo
892 1336 1028 1410 loquendo
1042 1352 1090 1407 per
1106 1351 1135 1391 se
1151 1349 1184 1390 ac
1220 1331 1287 1390 buto
1302 1335 1327 1389 in
1344 1335 1502 1407 particulari
1514 1333 1628 1391 iudicari
1643 1337 1741 1407 possit,
1756 1351 1816 1390 esse
1832 1335 1915 1390 nimis
1931 1350 2015 1405 grave,

375 1424 538 1499 regulariter
551 1423 614 1482 non'
624 1434 668 1484 est
683 1425 832 1484 differentia
851 1429 921 1483 inter
941 1425 1131 1498 obligationem
1147 1424 1181 1482 ad
1222 1422 1262 1478 rel
1280 1425 1423 1496 inunctum,
1436 1425 1543 1480 etiamsi
1558 1425 1599 1480 lar
1616 1423 1718 1497 obliget
1731 1423 1764 1480 ad
1780 1424 1946 1480 solo-endum
1961 1422 2019 1478 iliud

376 1515 539 1574 solvendum
554 1518 690 1575 tributum
705 1524 765 1589 post
780 1517 946 1590 petitionem,
962 1517 1004 1574 vei
1021 1519 1078 1572 sine
1094 1516 1146 1572 illa.
1221 1513 1346 1569 absolute
1366 1520 1393 1571 et
1414 1515 1517 1586 absque
1537 1515 1680 1586 petitione:
1700 1522 1729 1572 et
1747 1515 1941 1585 nibilominus,
1956 1513 2021 1586 quod
2067 1589 2068 1592 Ἴ

414 1606 595 1664 Nihilominus
614 1606 772 1664 declaratur
793 1607 889 1664 ultima
903 1622 981 1678 parea
998 1621 1060 1663 nam
1080 1606 1186 1662 eontin-
1222 1607 1264 1658 tot
1283 1602 1336 1658 sint
1356 1603 1537 1674 multiplicata
1558 1605 1675 1676 tributa,
1691 1613 1724 1661 ut
1747 1620 1779 1660 er
1797 1619 1899 1660 eorum
1918 1602 2021 1658 crrmnio

375 1712 440 1771 gere
454 1703 552 1770 potest,
570 1704 601 1754 ut
613 1697 723 1770 aliquod
737 1697 871 1753 tributum
886 1697 1010 1754 absolute
1025 1702 1179 1769 spectatum
1221 1691 1340 1748 resultet
1351 1709 1421 1749 onus
1434 1693 1514 1749 nimis
1528 1708 1610 1766 grave
1626 1709 1675 1769 pro
1690 1695 1831 1750 communi
1843 1693 1948 1766 populo
1962 1693 2020 1748 sub·

377 1789 522 1844 censeatui
536 1787 616 1844 nimis
631 1802 730 1860 grare,
746 1794 775 1843 et
797 1787 822 1842 in
840 1787 1022 1859 suspicionem
1037 1787 1184 1844 iniustitiae
1222 1781 1362 1854 ditonum,
1387 1791 1416 1840 et
1434 1783 1509 1855 quod
1523 1783 1575 1838 hoc
1592 1783 1730 1840 moraliter
1745 1791 1856 1841 constet
1869 1800 1906 1840 ex
1923 1783 2019 1838 ellecti-

376 1878 479 1949 veniat3
495 1879 532 1934 ita
546 1883 578 1934 ut
591 1878 776 1934 communiter
792 1876 892 1934 subditi
907 1878 976 1933 male
991 1877 1024 1934 dc
1041 1877 1141 1933 iustitia
1156 1875 1186 1932 il·
1222 1873 1290 1944 bus,
1307 1879 1335 1930 et
1348 1890 1380 1929 en
1397 1873 1508 1944 publico
1523 1873 1644 1930 clamore
1659 1873 1772 1946 populi,
1792 1881 1820 1930 et
1833 1873 1974 1930 communi
1988 1877 2023 1927 et·

377 1967 428 2024 lius
443 1969 599 2040 opidentur,
614 1973 642 2024 et
656 1967 845 2036 nibilominus,
862 1967 935 2039 qnod
951 1982 1016 2024 carm
1031 1965 1076 2023 illa
1092 1965 1186 2023 mode·
1222 1963 1276 2018 iam
1292 1961 1458 2034 prudentum
1472 1960 1670 2019 iudicio.Tunc
1681 1977 1746 2036 ergo
1763 1962 1864 2019 babere
1878 1962 2022 2034 poteritat-

376 2059 492 2128 ratione,
509 2055 628 2128 scilicet,
645 2057 720 2129 quod
735 2056 868 2114 tributum
884 2061 936 2129 peti
951 2057 1066 2126 debeat,
1081 2063 1109 2112 et
1122 2056 1186 2113 alias
1223 2052 1276 2108 iam
1289 2051 1383 2108 locum
1395 2051 1469 2108 dicte
1479 2052 1641 2124 moderatio,
1655 2053 1719 2126 qnia
1731 2054 1752 2108 si
1763 2069 1834 2109 onus
1845 2060 1891 2109 est
1904 2053 2020 2118 nimium,

376 2162 433 2202 non
446 2153 592 2203 censeatur
605 2146 734 2219 obligare,
748 2153 893 2218 reputetur
905 2145 1055 2218 tolerabile,
1070 2153 1097 2203 et
1108 2145 1186 2202 iacilc
1224 2157 1322 2213 parum
1341 2141 1440 2210 reiert,
1452 2141 1528 2214 quod
1540 2158 1593 2198 una
1608 2142 1650 2198 vel
1666 2143 1793 2214 pluribus
1807 2143 1918 2216 legibus
1934 2157 1966 2197 ac
1980 2141 2022 2195 riis

378 2235 550 2294 admittatur.
560 2237 634 2309 Ergo
650 2235 715 2292 nibil
731 2236 915 2308 absentatio
932 2237 978 2292 tali
993 2252 1060 2293 casu
1073 2237 1114 2294 ier
1130 2252 1184 2292 non
1222 2233 1434 2306 exigatur.Ergo
1446 2239 1512 2289 tunc
1528 2239 1659 2303 poterunt
1671 2234 1771 2291 subditi
1782 2232 1827 2289 illa
1839 2232 2020 2289 moderatione

380 2325 480 2398 obliget
490 2327 524 2383 ad
536 2325 675 2384 serendam
690 2327 865 2400 solutionem,
880 2326 979 2400 obliget
992 2334 1085 2384 autem
1098 2325 1130 2382 ad
1140 2342 1188 2399 pra·
1223 2323 1261 2380 uti
1273 2324 1299 2378 in
1314 2340 1369 2380 una
1379 2323 1421 2380 vel
1432 2323 1516 2379 altera
1528 2324 1685 2393 occasione,
1695 2339 1759 2380 cum
1771 2325 1921 2380 commode
1933 2331 2021 2396 potue-

376 2415 494 2473 rendum
509 2420 636 2490 exigenti.
651 2417 762 2476 Duobus
779 2427 870 2476 antem
886 2418 977 2474 modis
992 2418 1044 2474 hoo
1060 2417 1185 2476 accidere
1223 2411 1295 2486 rint,
1318 2429 1373 2469 non
1398 2421 1430 2470 ut
1450 2413 1613 2470 sufficientia
1632 2413 1737 2470 tributa
1756 2430 1810 2470 non
1829 2411 2020 2485 solvantlboc
2067 2449 2068 2456 ,

380 2511 479 2578 potest:
498 2523 569 2563 unus
590 2513 640 2574 est,
660 2510 682 2563 si
703 2508 798 2564 tributi
818 2509 967 2581 quantitas,
983 2507 1025 2564 rel
1046 2507 1113 2565 aliae
1132 2507 1187 2562 cir·
1223 2504 1295 2559 enim
1311 2519 1451 2576 utinquam
1466 2503 1549 2560 licere
1561 2506 1737 2576 potest,qnia
1750 2509 1904 2562 esicontra
1916 2509 2018 2558 natura·

380 2597 561 2653 cumstantiae
572 2597 630 2653 eiua
641 2603 740 2670 cogant
753 2597 786 2652 ad
798 2599 834 2654 ita
846 2596 1074 2671 interpretandam
1086 2597 1186 2670 legem,
1221 2591 1274 2650 lem
1285 2593 1425 2664 iustitiam,
1438 2592 1485 2648 sed
1501 2598 1532 2648 ut
1546 2608 1609 2649 cum
1625 2592 1808 2650 moderatione
1820 2593 1895 2649 iusta
1906 2592 2019 2662 solvant,

382 2691 413 2740 ut
427 2683 498 2741 iusta
513 2687 548 2741 sit
564 2687 677 2742 arbitrio
692 2687 813 2744 virorum
828 2686 1188 2758 prudentum,considerata
1224 2697 1307 2756 seque
1326 2682 1467 2738 indemnes
1481 2681 1641 2772 obseqvent,
1662 2689 1693 2739 ut
1707 2682 1806 2739 babere
1820 2683 1941 2756 possint,
1954 2681 2018 2738 unde

380 2776 556 2846 proportione
569 2775 663 2831 tributi
679 2776 714 2832 ad
730 2791 785 2837 res,
803 2792 886 2848 super
901 2793 970 2851 quas
984 2778 1146 2849 imponitur,
1159 2783 1189 2835 et
1223 2787 1332 2846 semper
1343 2773 1415 2830 iusta
1431 2771 1533 2830 tributa
1548 2771 1715 2844 persolvant.

382 2863 415 2920 ad
429 2880 571 2936 personas,
585 2864 684 2937 quibus
694 2866 959 2940 ,imponiturdleque
971 2867 1100 2938 obstabit,
1113 2865 1187 2939 quod

381 2953 466 3010 verba
482 2953 550 3027 legis
563 2953 591 3010 id
605 2969 659 3010 non
671 2954 828 3027 declarent,
845 2962 893 3013 aut
907 2957 981 3029 quod
996 2955 1029 3013 de
1043 2956 1087 3013 tali
1102 2957 1189 3013 inlen·
1299 2955 1412 3011 Pronis
1423 2955 1455 3008 tu
1468 2948 1614 3009 solvendis
1628 2949 1748 3009 tributis
1761 2949 1949 3011 monaster.

383 3042 455 3100 tione
471 3043 632 3116 legislatoris
646 3060 700 3100 non
716 3047 802 3116 possit
815 3061 847 3102 ex
865 3046 953 3102 verbis
968 3045 1035 3119 legis
1050 3052 1188 3119 constare,

383 3133 447 3205 quia
459 3140 490 3190 ut
501 3133 545 3192 len
556 3150 609 3190 non
622 3136 657 3190 sit
669 3134 836 3220 eporbitans,
850 3135 955 3193 licitum
968 3143 1011 3193 est
1025 3137 1189 3210 restringere
1262 3132 1362 3192 Ultimo
1381 3133 1458 3208 (quia
1474 3133 1613 3206 potissima
1627 3131 1710 3190 buius
1724 3134 1855 3190 materiae
1880 3132 2021 3191 dillicultas

382 3221 466 3278 verba
479 3224 539 3278 eius
555 3223 630 3280 iaaxta
644 3225 776 3280 materiae
790 3223 964 3298 exigentiam,
974 3231 1002 3280 et
1015 3227 1053 3282 ita
1067 3232 1134 3283 tunc
1150 3233 1189 3282 ta·
1225 3231 1253 3280 et
1266 3223 1369 3281 utilitas
1382 3229 1426 3279 est
1439 3226 1467 3279 in
1481 3224 1664 3296 applicatione
1678 3222 1760 3280 buius
1775 3223 1911 3296 generalis
1925 3221 2021 3280 doctri·
2067 3241 2068 3248 ¹

382 3307 415 3365 lis
429 3311 616 3383 interpretatio
633 3312 662 3369 iit
675 3315 800 3385 exigente
817 3314 929 3386 iustitia,
946 3321 978 3370 ut
993 3315 1032 3370 sic
1047 3315 1145 3372 dicam.
1155 3317 1190 3372 Et
1223 3329 1273 3370 nae
1284 3311 1317 3371 nd
1332 3311 1444 3386 praxim)
1457 3313 1610 3370 addendum
1623 3321 1676 3386 est,
1690 3312 1722 3369 ad
1734 3312 1863 3370 iudicium
1877 3313 2015 3371 ferendum

382 3399 419 3455 ita
437 3400 565 3458 ridentur
586 3403 687 3459 sentire
705 3401 739 3459 de
757 3403 875 3476 gabello,
892 3420 941 3461 seu
960 3404 1091 3478 alcarala,
1111 3409 1188 3478 Solo,
1224 3403 1250 3460 in
1265 3403 1449 3477 singularibus
1464 3404 1554 3476 lactis,
1568 3411 1596 3461 et
1610 3405 1744 3477 personis,
1761 3405 1951 3462 necessarium
1964 3416 2019 3458 esse

382 3489 497 3563 lledina,
512 3489 607 3548 etalii.
624 3493 716 3564 Neque
730 3493 809 3549 etiam
825 3491 887 3549 braic
903 3493 1081 3552 moderationi
1096 3495 1188 3552 obsta·
1224 3494 1251 3549 in
1272 3493 1433 3566 particulari
1453 3495 1607 3565 ponderare
1628 3493 1799 3550 conditiones
1818 3509 1970 3567 personae,
1990 3507 2020 3547 an

383 3577 435 3650 bit,
449 3580 525 3653 quod
542 3581 637 3638 tributi
652 3581 818 3639 contributio
834 3583 869 3640 sit
887 3583 1032 3641 cuiusdam
1047 3584 1129 3642 debiti
1145 3601 1190 3642 so·
1225 3581 1332 3641 scilicet
1342 3583 1418 3640 dives
1434 3583 1469 3640 sit
1482 3583 1524 3641 ael
1540 3599 1654 3656 pauper,
1667 3589 1695 3640 et
1708 3599 1741 3639 an
1753 3600 1840 3642 unum
1852 3585 1895 3641 rel
1910 3583 2018 3640 alterurn

382 3667 462 3725 latio.
474 3671 543 3727 Nam
556 3670 609 3726 hoc
624 3670 746 3728 debitum
758 3687 811 3728 nou
827 3671 907 3728 babet
918 3687 950 3729 ex
966 3680 1063 3730 natura
1074 3676 1113 3730 rei
1127 3690 1187 3731 oer—
1226 3673 1373 3743 tributum,
1384 3672 1427 3729 vel
1443 3674 1529 3730 mrrlla
1543 3689 1576 3729 ex
1590 3672 1708 3728 dirersis
1722 3673 1859 3744 capitibus
1875 3689 1927 3730 seu
1941 3671 2020 3729 titulis

385 3765 441 3815 tarn
453 3761 647 3832 quantitatem,
659 3759 706 3817 ced
721 3760 792 3817 banc
804 3767 879 3817 tanat
890 3762 932 3818 lex
947 3762 1076 3833 bumana,
1089 3769 1117 3820 et
1130 3761 1187 3821 lieri
1227 3762 1332 3818 soluere
1345 3769 1481 3819 teneatur.
1491 3761 1590 3818 Deinde
1604 3762 1731 3818 coolerre
1742 3769 1852 3835 oportet
1865 3762 2020 3820 facultatem

383 3852 485 3920 potest,
499 3855 531 3906 ut
543 3855 636 3906 taxata
651 3865 716 3906 cunr
732 3849 858 3908 absoluta
870 3850 1035 3924 obligatione
1047 3854 1083 3909 sit
1096 3852 1190 3926 nimia,
1225 3859 1253 3908 et
1267 3851 1452 3909 conditionem
1467 3866 1596 3923 personae
1610 3867 1676 3908 cum
1690 3867 1772 3908 onere
1786 3852 1901 3924 tributi,
1917 3852 1959 3908 rel
1977 3849 2020 3904 tri·

384 3941 411 3994 et
424 3953 489 3994 cum
506 3937 550 3994 illa
566 3939 751 3995 moderatione
765 3941 800 3996 sit
814 3940 1035 3999 accommodata.
1226 3942 1367 4013 buterum,
1383 3950 1411 3999 et
1431 3941 1594 4016 expendere,
1610 3957 1643 3997 an
1666 3949 1795 4013 respectu
1814 3942 1876 3998 talis
1899 3951 2022 4014 personae

319 4049 323 4064 ⁸
422 4028 482 4085 Alio
498 4027 578 4084 modo
598 4035 691 4100 potest
705 4028 818 4103 intelligi
833 4029 897 4086 talis
917 4031 1066 4090 moderatio
1079 4032 1151 4091 lacta
1165 4033 1190 4090 ri
1228 4048 1297 4087 onus
1313 4033 1348 4088 sit
1362 4032 1443 4087 nimis
1456 4048 1557 4104 grave,
1573 4031 1637 4104 quia
1652 4031 1761 4088 excedit
1773 4031 1937 4089 facultatem
1955 4030 2018 4096 eius,

384 4117 609 4191 consuetudinis,
625 4120 651 4174 in
667 4135 740 4191 qna,
756 4126 788 4176 ut
803 4119 870 4193 dini,
886 4122 1026 4178 Navarrus
1046 4125 1191 4180 maximam
1225 4128 1253 4178 et
1266 4121 1364 4193 lucra,
1381 4120 1423 4178 sel
1444 4121 1586 4192 redditus,
1601 4120 1700 4192 quibus
1719 4122 1820 4194 indiget
1835 4121 1869 4178 ad
1891 4125 2022 4179 sustenta·

385 4207 440 4264 vim
458 4207 531 4278 iacit,
545 4215 573 4264 et
583 4214 674 4279 potest
684 4207 783 4265 babere
794 4223 934 4283 magnam,
946 4211 1056 4284 quando
1071 4218 1189 4285 constat,
1225 4213 1326 4268 tionem
1341 4212 1384 4268 vel
1404 4227 1548 4282 personae,
1564 4209 1606 4266 rel
1621 4211 1746 4284 familiae,
1762 4211 1803 4269 vel
1820 4218 1911 4269 status
1931 4224 2022 4267 conve·

385 4299 429 4356 vel
448 4296 615 4370 probabilius
630 4305 673 4354 est
691 4298 767 4380 iurata
781 4298 917 4369 publicam
937 4301 1063 4375 lormam,
1079 4305 1190 4362 nimium
1225 4303 1323 4384 nientis
1337 4317 1369 4358 ac
1384 4301 1535 4373 moderati,
1560 4307 1662 4357 attenta
1676 4303 1736 4358 eius
1751 4301 1908 4359 conditione
1921 4308 1949 4359 et
1961 4315 2022 4372 qua·

386 4403 447 4444 esse
466 4395 595 4460 granatos
616 4387 751 4444 subditos.
772 4389 847 4446 Tunc
868 4392 939 4448 enim
957 4393 1130 4450 consuetudo
1149 4393 1192 4450 illa
1225 4390 1426 4460 litateQuibus
1440 4391 1570 4462 spectatis
1581 4391 1657 4446 iuxta
1670 4391 1854 4449 conditionem
1866 4391 1928 4448 inde
1943 4387 2021 4446 resul-

386 4492 442 4534 non
457 4483 548 4549 potest
563 4476 619 4534 dici
634 4477 843 4548 irrationabilis,
859 4496 911 4537 nec
926 4488 1025 4538 contra
1043 4482 1129 4556 legem
1145 4499 1192 4540 na·
1226 4488 1329 4538 tantem
1340 4482 1441 4554 poterit
1453 4481 1565 4536 lormari
1576 4479 1709 4537 iudicium
1721 4481 1797 4536 circa
1808 4483 2020 4546 excusationem,

387 4566 521 4639 latialem,
540 4569 670 4640 quianon
686 4584 719 4624 eo
736 4568 833 4641 tendit,
852 4576 883 4627 ut
896 4586 943 4628 rea
960 4573 1082 4643 privetur
1095 4573 1192 4632 debitis
1226 4571 1268 4628 vel
1277 4571 1467 4645 obligationem
1479 4567 1603 4627 solvendi
1617 4569 1718 4626 tributa
1733 4571 1950 4644 integraretur
1965 4585 2019 4641 par-

386 4665 415 4715 ct
428 4657 632 4714 abundantibus
647 4657 797 4730 stipendiis,
811 4657 860 4715 sed
877 4665 908 4716 ut
922 4677 975 4716 non
990 4663 1044 4719 sint
1057 4663 1148 4736 nimia,
1164 4672 1193 4721 et
1227 4669 1268 4734 te,
1284 4668 1312 4718 et
1326 4660 1377 4717 sub
1392 4659 1567 4734 conditione,
1583 4661 1605 4715 si
1624 4667 1771 4732 petantur,
1787 4660 1829 4716 vel
1848 4660 1951 4733 absque
1970 4659 2019 4715 illa.

386 4755 419 4804 ut
437 4745 555 4820 populus
577 4747 720 4804 commode
745 4749 832 4820 possit
850 4748 896 4805 illa
916 4749 1034 4808 solvere.
1050 4753 1106 4808 Cur
1123 4768 1190 4826 ergo
1225 4752 1292 4808 Nam
1305 4752 1329 4805 in
1342 4750 1435 4822 primis
1446 4766 1589 4822 nunquam
1601 4750 1680 4808 debet
1690 4751 1753 4822 quis
1764 4751 1891 4808 excusari
1900 4753 1934 4807 ab
1945 4748 2021 4806 omni-

387 4837 449 4897 talie
463 4836 637 4894 consuetudo
653 4853 708 4894 non
729 4836 838 4895 babebit
853 4840 907 4895 rim
929 4841 1086 4898 moderandi
1102 4842 1190 4916 legem
1225 4837 1277 4896 bus
1298 4839 1406 4896 tributis
1428 4839 1582 4912 solvendis,
1598 4840 1648 4895 nisi
1671 4845 1746 4896 tanta
1766 4840 1801 4896 sit
1822 4849 1977 4913 paupertas,
1992 4841 2020 4894 ut

387 4926 478 5000 quoad
493 4926 705 4984 moderationem
721 4927 817 4983 tributi
832 4927 966 5000 solvendi,
978 4945 1051 5002 quae
1067 4947 1115 5002 per
1129 4947 1189 4988 eam
1227 4929 1387 5002 impotentia
1401 4936 1534 4990 excussu
1550 4929 1713 5002 regulariter
1729 4944 1793 4986 vero
1813 4930 1942 5004 obligatio
1960 4945 2019 5000 pen·

387 5016 432 5073 liti
442 5018 534 5088 Neque
549 5015 664 5072 etiamid
679 5031 711 5072 eo
723 5030 791 5073 casu
807 5017 925 5074 obstabit
935 5018 1061 5076 deiectus
1073 5037 1189 5078 consen·
1222 5019 1297 5076 denti
1312 5018 1446 5075 tribulum
1464 5017 1580 5092 principi
1595 5017 1663 5074 adeo
1678 5018 1810 5076 naturalis
1825 5026 1877 5093 est,
1893 5027 1921 5076 et
1935 5035 1980 5093 per
1992 5031 2017 5072 se

388 5121 436 5162 sus
450 5105 526 5164 taciti
540 5107 566 5162 in
586 5105 720 5176 principe,
736 5106 784 5178 qui
806 5121 914 5178 semper
928 5109 1045 5182 resistit,
1062 5115 1091 5166 et
1112 5111 1190 5182 punit
1224 5116 1284 5167 orta
1297 5125 1329 5166 cx
1345 5110 1450 5164 ratione
1467 5109 1604 5178 iustitiae,
1620 5115 1651 5164 nt
1669 5125 1723 5164 non
1739 5112 1824 5182 possit
1837 5111 1899 5182 quis
1913 5109 2015 5166 omnino

388 5213 417 5254 se
436 5195 623 5270 occultantes,
639 5210 672 5252 ne
691 5194 807 5254 solvant.
825 5197 901 5268 lloo,
921 5198 1047 5271 inquam,
1063 5216 1117 5258 non
1139 5202 1188 5258 ob·
1223 5201 1350 5257 excusari
1361 5205 1474 5272 propter
1485 5205 1661 5272 apparentem
1673 5199 1843 5274 iniustitiam,
1853 5207 1900 5257 aut
1912 5201 2017 5258 nimium
