4284 6246
824 427 829 434 ·
853 411 960 460 carnr
974 409 1076 458 xxttt.
1685 389 1743 456 stt

132 535 277 592 licilioram
296 513 510 604 redditillorum
523 534 769 608 dispensationem,
780 542 810 593 et
822 535 891 592 idem
903 540 947 591 est
981 533 1082 591 dicitur
1095 533 1129 590 de
1143 533 1231 606 regul.
1249 535 1306 590 iur.
1322 535 1347 589 in
1364 537 1391 606 6,
1408 548 1469 604 cap.
1487 538 1534 604 52,
1545 537 1578 592 ιιι
1592 548 1657 590 vcro
1670 536 1691 590 si
1709 535 1783 608 prior

132 625 157 680 in
172 624 319 682 similibus.
981 622 1150 695 dispensatio
1166 621 1217 680 luit
1229 630 1381 695 acceptata,
1393 631 1421 681 et
1434 623 1594 697 simpliciter
1609 623 1721 682 abstulit
1736 641 1783 682 ao-

176 721 222 773 lo.
239 714 334 771 Simile
348 711 530 772 videturesse
544 714 569 770 in
584 713 785 786 dispensatione
805 715 870 785 voti,
882 728 944 785 mg.
982 720 1053 783 tum,
1066 713 1193 784 quamvis
1207 713 1346 785 reliquerit
1360 712 1552 786 obligationem
1565 712 1599 769 ad
1613 714 1724 786 ieiunia,
1738 714 1781 773 ael

132 805 314 875 aestimasset
328 811 391 875 post
404 805 521 875 primam
533 803 760 876 dispensationem
776 803 867 860 datam
881 818 946 858 curn
982 800 1033 858 alia
1054 804 1097 872 pia
1118 817 1218 874 opera,
1241 801 1319 857 valde
1339 802 1474 874 probabile
1489 803 1611 875 videtur,
1632 818 1685 860 non
1699 818 1781 874 posse

131 894 227 966 aliquo
243 909 326 950 onere
341 901 372 949 et
389 896 616 964 commutatione,
639 900 750 965 petatur
769 895 891 950 secunda
911 891 945 949 ad
980 893 1036 962 peti
1056 891 1208 949 secundnm
1226 890 1456 963 dispensationem
1470 891 1504 948 de
1518 898 1582 948 voto
1598 893 1732 947 castitatis
1749 897 1781 948 ut

131 983 268 1040 maiorem
284 983 468 1040 remissionem
483 983 673 1054 obtinendam,
688 982 764 1040 nulla
778 982 850 1041 lanta
862 971 945 1040 'men-
982 980 1103 1037 nondum
1118 980 1286 1052 dispensato.
1296 981 1384 1039 Primo
1398 987 1508 1053 propter
1523 981 1653 1038 rationem
1665 979 1777 1054 laatsm3
1864 993 1867 998 “

131 1073 205 1129 bnne
228 1073 352 1144 primae,
375 1071 424 1128 sed
453 1072 570 1144 petendo
591 1087 688 1145 puram
715 1072 945 1145 dispensationem
982 1081 1044 1126 nana
1063 1068 1302 1142 licetreaponderl
1316 1071 1417 1142 possit,
1434 1070 1489 1142 peti
1504 1069 1730 1141 dispensationem
1744 1069 1778 1126 de

132 1162 186 1216 soti
212 1161 367 1232 castitatis,
384 1161 490 1217 ridetur
504 1161 576 1218 eninr
590 1178 624 1218 ex
640 1162 721 1218 dictis
737 1162 826 1235 sequi,
846 1176 945 1218 secun·
981 1167 1045 1217 voto
1060 1163 1178 1233 emisso,
1193 1167 1221 1216 et
1234 1162 1271 1216 ita
1285 1175 1344 1216 esse
1358 1174 1451 1216 veram
1467 1158 1666 1227 narrationem,
1682 1157 1777 1214 nibilo-

130 1247 195 1305 dsm
217 1249 454 1322 dispensationem
478 1249 535 1306 lore
556 1249 684 1308 validam.
701 1250 790 1322 Aliqui
805 1265 870 1306 rero
891 1250 943 1306 boc
979 1249 1070 1307 minus
1083 1250 1223 1306 moraliter
1234 1247 1394 1322 intelligitur
1405 1249 1458 1320 peti
1469 1247 1502 1304 de
1513 1254 1578 1305 voto
1589 1254 1775 1318 permanente.

131 1355 185 1396 non
207 1338 374 1410 admittunt,
396 1339 446 1395 nisi
465 1353 530 1395 cnm
546 1338 647 1410 duplici
660 1338 848 1396 distinctione.
868 1339 944 1396 Solet
979 1337 1118 1408 Secundo,
1134 1340 1198 1412 quia
1213 1338 1277 1396 allas
1292 1353 1346 1394 non
1362 1338 1525 1410 proponitur
1540 1339 1666 1409 specifice
1681 1337 1779 1393 rincu-

131 1429 205 1482 enim
226 1443 261 1483 ex
284 1428 355 1502 stylo
375 1427 467 1484 curiae
482 1429 666 1484 communiter
680 1428 795 1485 concedi
809 1427 871 1484 talis
889 1427 943 1484 dis·
978 1427 1036 1485 lum
1051 1427 1242 1496 auferendum,
1255 1427 1360 1484 scilicet
1375 1426 1563 1498 obligationem
1575 1426 1610 1484 ad
1621 1427 1681 1484 talia
1694 1442 1778 1498 opera

130 1520 261 1588 pensatio
280 1531 346 1572 cum
358 1514 520 1589 quibusdam
535 1516 744 1573 {imitationibus
761 1517 905 1574 ordinariis
917 1525 945 1572 et
976 1519 1033 1591 pia,
1043 1533 1115 1591 qnae
1130 1519 1196 1575 licet
1209 1526 1314 1577 remota
1329 1517 1433 1574 duxerit
1448 1518 1579 1590 originem
1591 1533 1606 1573 a
1617 1523 1681 1573 voto
1694 1517 1777 1572 casti·

130 1606 229 1662 solitis.
250 1604 365 1672 Quando
384 1620 451 1678 ergo
471 1605 545 1677 prior
566 1604 734 1676 dispensatio
756 1606 808 1663 luit
837 1612 942 1662 matum
977 1609 1050 1680 latis,
1067 1615 1095 1666 et
1109 1609 1226 1665 sortasse
1241 1609 1278 1665 sil
1292 1607 1392 1678 minor,
1409 1605 1584 1662 nibilominus
1598 1614 1642 1664 est
1654 1605 1772 1678 diversa,

130 1693 308 1764 huiusmodi,
333 1693 429 1750 dieunt
448 1695 631 1766 posteriorem
651 1710 712 1751 esse
733 1694 865 1764 validam,
888 1710 942 1750 non
977 1703 1004 1754 et
1018 1697 1080 1755 ideo
1091 1713 1205 1756 necesso
1219 1704 1261 1755 est
1275 1696 1401 1769 specifice
1414 1695 1555 1769 cognosci,
1566 1704 1598 1753 ut
1609 1711 1657 1766 per
1668 1696 1775 1767 dispen-

130 1785 260 1842 obstante
279 1785 467 1840 taciturnitate
482 1785 591 1856 prioris,
602 1784 666 1857 qula
676 1799 740 1840 eum
752 1785 797 1842 illa
817 1783 941 1842 limitatio
977 1786 1110 1844 sationem
1125 1787 1276 1844 auleratur.
1291 1785 1396 1855 Tertio,
1412 1785 1475 1857 quia
1490 1783 1516 1839 in
1530 1784 1653 1842 secunda
1665 1782 1774 1857 dispen-

129 1875 218 1931 soleat
238 1877 299 1931 iure
328 1872 464 1930 ordinario
484 1873 561 1946 poni,
575 1880 602 1930 et
615 1874 734 1931 Pontifex
754 1875 780 1928 in
797 1875 942 1946 posteriori
977 1877 1091 1949 satione,
1104 1878 1292 1934 necessarium
1303 1879 1355 1933 erit
1370 1889 1522 1948 proponere
1532 1889 1647 1931 causam
1658 1888 1774 1946 propor-

129 1964 333 2036 dispensatione
360 1962 434 2019 illam
458 1963 672 2034 praetermittat,
698 1963 806 2036 signuln
835 1968 893 2034 est,
908 1977 941 2019 on
977 1966 1109 2023 tionatam
1136 1966 1316 2040 obligationi,
1338 1971 1366 2022 et
1385 1965 1514 2022 materiae
1534 1964 1698 2022 substitutae
1710 1964 1773 2021 loco

129 2054 284 2122 voluntate,
296 2059 325 2109 et
344 2068 398 2108 non
411 2066 445 2108 ex
459 2051 551 2123 aliqua
565 2052 716 2124 ignorantia
729 2067 789 2108 eam
805 2053 940 2124 omittere,
976 2057 1032 2111 anti
1056 2055 1202 2113 eastitatis.
1218 2058 1311 2128 Neque
1330 2056 1402 2112 enim
1418 2053 1538 2111 sulliciet
1550 2069 1703 2125 proponere
1717 2069 1774 2111 ma·

129 2141 303 2218 eum‘stylus
321 2143 416 2198 curiae
428 2141 519 2212 ipsum
535 2157 589 2198 non
604 2141 697 2197 lateat.
711 2144 739 2198 Si
754 2148 847 2198 autem
863 2141 938 2213 prior
976 2144 1063 2202 iorem
1078 2161 1204 2217 oausam,
1214 2160 1286 2218 quas
1300 2143 1478 2202 difficiliorem
1492 2143 1533 2200 vel
1549 2144 1772 2216 periculosiorem

128 2231 299 2305 dispensatio
322 2247 387 2286 enm
402 2232 496 2287 maiori
517 2230 702 2288 moderatione
717 2231 779 2288 data
794 2237 846 2303 est,
866 2231 941 2288 addi·
975 2232 1073 2291 reddat
1093 2234 1284 2307 obligationem
1304 2233 1451 2305 castitatis,
1471 2235 1536 2306 quia
1556 2233 1608 2289 iarn
1623 2239 1690 2289 tunc
1705 2231 1772 2290 baec

130 2331 176 2382 tur
190 2321 281 2378 altera
296 2320 443 2377 distinctio.
457 2321 525 2378 linrn
540 2321 562 2376 si
577 2321 714 2392 posterior
728 2327 858 2392 petatur,
873 2335 942 2392 prn-
975 2338 1060 2379 causa
1081 2330 1123 2381 est
1143 2324 1334 2395 impertinens,
1351 2338 1417 2395 ergo
1434 2322 1542 2394 signum
1555 2327 1608 2392 est,
1622 2321 1773 2378 secundam

128 2415 222 2485 posita
247 2426 322 2466 nova
340 2417 369 2466 et
389 2411 484 2465 maiori
505 2424 608 2479 causa,
624 2408 719 2466 dieunt
732 2424 793 2468 esse
807 2409 937 2482 validam,
974 2411 1204 2484 dispensationem
1217 2412 1317 2469 debere
1328 2411 1427 2470 cadere
1439 2411 1567 2482 specifice
1577 2412 1603 2467 in
1616 2410 1695 2466 aliam
1706 2409 1774 2467 obli·

130 2519 185 2560 non
211 2501 337 2557 obstante
362 2497 501 2569 praedicte
525 2499 737 2570 taciturnitate,
764 2501 830 2572 quia
854 2501 940 2556 maior
966 2497 1127 2576 gallonem,
1143 2518 1214 2576 qnae
1228 2503 1294 2559 satis
1307 2501 1433 2574 explicari
1447 2517 1500 2557 non
1516 2506 1622 2574 potest,
1638 2500 1686 2555 nisi
1699 2499 1773 2556 lacta

130 2607 220 2648 causa
245 2587 317 2646 tollit
340 2602 448 2644 omnem
474 2585 606 2644 fraudem.
624 2589 659 2643 Αι
673 2603 738 2644 vero
758 2589 780 2643 ai
806 2590 942 2660 posterior
974 2592 1112 2648 mentione
1132 2593 1232 2663 prioris
1247 2590 1468 2663 dispensationis,
1483 2597 1511 2647 et
1526 2589 1585 2646 ideo
1600 2590 1625 2644 in
1641 2588 1687 2646 illo
1702 2605 1772 2646 casu

130 2681 290 2737 obtineatur
312 2693 345 2735 ex
369 2676 465 2734 eadem
479 2691 575 2746 causa,
592 2682 620 2732 et
634 2679 716 2733 tacita
730 2679 816 2749 priori
830 2677 940 2748 dispen-
975 2680 1141 2752 probabilius
1156 2695 1257 2736 censeo
1271 2695 1331 2736 essa
1345 2681 1537 2736 neeessariam.

129 2771 252 2840 satione,
267 2767 366 2824 dicunt
378 2781 438 2822 esse
466 2765 570 2823 nullam
584 2772 695 2838 propter
708 2766 831 2825 fraudem
847 2769 939 2824 Ponti·
1016 2773 1059 2826 12.
1076 2769 1207 2826 Ultimum
1222 2768 1377 2841 exemplum
1391 2784 1452 2824 esse
1466 2773 1565 2840 potest,
1581 2768 1688 2840 quoties
1701 2763 1772 2822 dnae

130 2859 173 2934 fini
194 2858 310 2913 iactam.
331 2857 390 2928 Ego
411 2869 478 2910 vero
499 2855 525 2910 in
547 2854 599 2912 boc
619 2858 761 2928 praecise,
776 2857 850 2930 quod
865 2858 939 2928 prior
972 2857 1184 2930 dispensationes
1204 2865 1349 2915 versantur
1362 2860 1438 2914 circa
1452 2855 1576 2934 eamdam
1592 2856 1678 2928 legem
1692 2858 1773 2929 quasi

131 2954 277 3020 taceatur,
304 2942 408 3000 nnllam
435 2942 559 3000 fraudem
575 2944 697 3015 invenio,
717 2944 937 3018 qnandoquidem
972 2946 1125 3003 secundum
1139 2945 1262 3002 divorsae
1277 2955 1387 3018 partes,
1408 2961 1526 3018 quarum
1541 2960 1596 3003 una
1609 2961 1662 3000 non
1678 2947 1772 3002 unitur

130 3043 222 3093 totum
237 3039 334 3090 vntum
362 3031 542 3090 auferendum
567 3033 744 3106 proponitur,
765 3041 793 3092 et
814 3035 937 3092 Ponbiex
972 3037 1064 3109 alteri,
1090 3051 1140 3093 nec
1159 3036 1234 3094 cedit
1255 3036 1281 3092 in
1300 3034 1499 3109 praeiudicium
1514 3034 1596 3092 tertii.
1609 3035 1685 3091 Tunc
1698 3035 1771 3092 enim

129 3126 261 3197 ignorare
279 3140 334 3180 non
349 3123 514 3194 potest,peti
526 3137 625 3193 puram
635 3121 865 3194 dispensationem
879 3126 937 3180 sine
972 3126 1060 3184 valida
1081 3129 1134 3184 erit
1158 3127 1294 3199 posterior
1314 3126 1477 3197 dispensatio
1496 3125 1553 3181 sine
1568 3125 1702 3182 mentione
1717 3126 1772 3196 pri-

131 3213 337 3271 linaitatinnibus
352 3211 458 3282 solitis,
474 3217 504 3267 et
516 3210 642 3282 insolitis,
657 3218 686 3268 et
700 3211 760 3269 ideo
774 3228 808 3270 ex
821 3213 875 3270 hoc
890 3229 937 3270 ca·
972 3232 1047 3286 mne,
1068 3217 1132 3290 quie
1151 3215 1253 3272 nnllam
1267 3214 1349 3272 babet
1362 3217 1485 3289 speciem
1497 3214 1678 3286 surreptionis
1692 3217 1770 3271 iuxta

130 3305 185 3376 pite
201 3320 256 3359 non
269 3301 348 3358 rideo
367 3301 934 3371 surreptionemaotnutritoremtttunds
970 3305 1129 3362 doctrinam
1148 3305 1249 3362 datam.
1266 3303 1396 3377 Exempla
1415 3321 1476 3361 esse
1497 3309 1627 3376 possunt,
1642 3305 1731 3375 primo
1743 3305 1772 3359 in

131 3400 223 3450 tamen
238 3391 335 3448 dubito
351 3391 384 3447 de
398 3390 450 3446 lano
463 3388 746 3463 dispensatione,quin
758 3409 813 3448 non
824 3391 933 3450 ridetur
970 3393 1217 3467 dispensationibus
1243 3397 1318 3451 circa
1335 3396 1449 3466 ieiunia,
1469 3409 1532 3450 nam
1551 3395 1573 3448 si
1587 3394 1649 3466 quie
1663 3393 1772 3465 dispen-

131 3485 275 3540 continers
300 3481 444 3537 veritatem
464 3481 492 3535 in
512 3478 689 3552 proponendo
710 3481 839 3554 vinculo,
862 3482 935 3555 qnod
971 3485 1103 3540 sationem
1129 3484 1246 3540 obtinuit
1266 3482 1300 3540 ad
1314 3481 1514 3540 comedendum
1528 3481 1605 3538 cibos
1619 3481 1771 3551 prohibitos

132 3587 182 3644 per
196 3570 428 3642 dispensationem
447 3567 628 3624 auferendum
642 3575 699 3642 est,
722 3570 787 3642 quia
802 3587 850 3642 per
866 3572 937 3643 prio·
972 3572 998 3628 in
1013 3588 1067 3628 una
1084 3571 1349 3644 Quadragesima,ut
1362 3571 1480 3628 similem
1493 3573 1522 3627 in
1535 3571 1586 3626 slia
1601 3569 1687 3626 salide
1701 3570 1772 3626 obti-

131 3676 192 3718 rem
211 3659 441 3732 dispensationem
456 3657 595 3714 sublatum
610 3658 660 3714 luit
674 3665 778 3726 voturm
797 3675 864 3732 ergo
880 3659 937 3716 lam
971 3667 1052 3732 neat,
1077 3675 1131 3716 non
1156 3667 1266 3732 oportet
1290 3659 1381 3717 lacere
1396 3661 1559 3716 mentionem
1573 3659 1686 3730 prioris,
1707 3661 1772 3731 quia

133 3750 202 3806 laiso
217 3750 321 3821 petitur
336 3747 503 3818 dispensatio
517 3749 544 3802 in
558 3747 718 3820 voto,quod
731 3765 786 3806 non
801 3748 935 3817 subsistit3
971 3749 1037 3805 licet
1050 3754 1196 3805 versentur
1215 3749 1289 3805 circa
1308 3747 1432 3805 eamdem
1453 3748 1555 3820 legem,
1571 3747 1701 3804 materiae
1715 3763 1770 3804 non

131 3846 158 3896 et
183 3837 309 3911 quamvis
332 3835 418 3892 luerit
440 3841 641 3892 commutatum
652 3836 687 3918 p'n
703 3836 753 3894 alla
768 3853 867 3908 onera,
884 3839 936 3894 iam
973 3841 1105 3896 uniuntur
1120 3839 1190 3894 inter
1204 3853 1340 3912 amneque
1352 3853 1408 3894 arna
1421 3843 1554 3909 aggravat
1568 3835 1693 3904 eliam,et
1704 3853 1771 3894 una-

132 3927 178 3984 illa
192 3927 324 3998 obligatio
338 3941 393 3981 non
403 3925 521 3996 pertinet
531 3925 564 3981 ad
576 3931 671 3982 notum
684 3927 827 3998 castitatis,
840 3928 890 3984 sed
901 3928 936 3985 ad
972 3943 1098 4001 quaeque
1113 3933 1204 4001 potest
1219 3927 1318 3984 babere
1332 3943 1412 3984 suam
1426 3927 1565 3999 propriam
1582 3940 1706 3982 causam.
1723 3928 1773 3983 Se·

131 4017 207 4075 aliud
221 4023 317 4073 ratum
333 4015 493 4072 distinctum
508 4013 599 4086 quoad
613 4018 765 4073 materiam.
971 4017 1065 4074 cundo
1075 4016 1146 4074 idem
1159 4022 1201 4074 est
1212 4017 1238 4072 in
1249 4015 1495 4089 dispensationibus
1506 4016 1581 4072 circa
1593 4022 1771 4087 praeceptum

177 4111 222 4165 tt.
240 4107 308 4163 ltico
320 4121 403 4178 ergo,
419 4104 446 4160 in
460 4105 554 4162 multis
567 4106 678 4162 casibus
692 4107 772 4165 etiam
786 4124 818 4166 es
835 4110 888 4168 boe
904 4112 938 4168 ti-
972 4097 1111 4165 laborandi
1132 4107 1159 4163 in
1178 4106 1222 4165 dle
1242 4107 1328 4178 lesto,
1346 4107 1388 4164 vel
1401 4122 1456 4162 non
1472 4103 1622 4176 recitandi,
1638 4109 1665 4161 et
1679 4105 1774 4162 simili·

133 4195 193 4253 tulo
209 4194 440 4266 dispensationem
452 4192 526 4250 illam
537 4209 597 4250 esse
607 4193 734 4252 validam.
748 4199 838 4255 Pnimo
850 4215 938 4272 quan·
972 4199 1034 4255 bus.
1050 4200 1108 4255 lrno
1126 4198 1206 4255 etlam
1225 4199 1253 4253 in
1272 4197 1397 4270 exemplo
1413 4211 1498 4267 supra
1512 4195 1600 4268 posito
1615 4194 1649 4251 de
1664 4195 1772 4266 dispen-

131 4284 168 4341 do
180 4285 270 4356 prima
286 4283 450 4356 dispensatio
465 4283 624 4355 simpliciter
637 4301 690 4342 non
703 4285 816 4343 abstulit
828 4295 936 4360 votum,
973 4289 1076 4344 sabone
1091 4284 1226 4343 residendi
1241 4301 1291 4356 pro
1306 4285 1398 4359 aliquo
1414 4291 1552 4356 tempore;
1570 4299 1632 4340 nana
1647 4284 1669 4339 si
1682 4283 1774 4340 diser·

133 4372 182 4430 sed
203 4379 312 4430 tantum
330 4371 365 4429 ad
383 4371 593 4430 determinatum
609 4389 702 4443 usum,
718 4381 750 4431 ut
764 4374 798 4432 ed
819 4378 938 4448 primum
973 4376 1009 4431 sis
1023 4374 1205 4447 temporibus,
1217 4380 1245 4430 et
1259 4390 1313 4430 non
1328 4375 1466 4431 continuis
1477 4380 1610 4431 occurrat
1622 4374 1772 4430 necessitas

132 4461 359 4534 matrimonium,
388 4459 431 4517 vel
452 4460 486 4517 ad
511 4459 657 4532 petendum
678 4461 799 4521 debitum
822 4465 938 4524 durante
973 4463 1066 4520 similis
1088 4463 1313 4536 dispensationis,
1339 4479 1394 4519 non
1415 4462 1550 4536 oportebit
1564 4477 1671 4534 semper
1685 4462 1711 4518 in
1725 4479 1774 4535 po-

132 4551 320 4623 matrimonim
337 4566 400 4607 nam
414 4555 482 4608 tuna
493 4565 559 4608 rere
572 4558 616 4608 est
628 4553 746 4611 narratio
761 4570 826 4612 cum
843 4563 938 4613 rotam
973 4553 1082 4610 nteriori
1097 4552 1188 4608 lacere
1205 4553 1369 4609 mentionem
1383 4552 1492 4623 prioris,
1505 4552 1567 4626 quia
1583 4551 1636 4608 laon
1651 4557 1680 4608 et
1694 4568 1771 4625 prae·

132 4649 255 4698 maneat.
271 4639 415 4712 Secundo,
441 4641 463 4695 si
477 4641 564 4712 prima
577 4639 743 4712 dispensatio
758 4659 811 4700 non
826 4644 879 4702 luit
892 4661 940 4702 ac·
971 4647 1013 4698 ter
1028 4641 1167 4698 bominum
1182 4641 1408 4699 consuetudinem
1418 4657 1480 4698 csse
1495 4641 1768 4714 videtumetestrna·

133 4729 330 4803 reptata,lieat
344 4728 406 4785 data
422 4737 495 4786 esset
507 4729 541 4787 ad
555 4729 706 4788 tollendum
721 4732 881 4804 simpliciter
892 4750 938 4791 vo·
966 4748 1056 4805 gnum
1070 4747 1227 4804 gravamen,
1236 4730 1311 4804 quod
1325 4731 1381 4788 aiae
1395 4733 1521 4802 iure,nut
1534 4730 1652 4787 evidenti
1668 4733 1772 4789 ratione

133 4827 193 4876 tum
214 4835 282 4876 cum
304 4819 537 4890 commutatione,
556 4820 686 4891 quianon
702 4821 796 4878 habuit
810 4824 938 4881 ellectum
974 4820 1165 4892 imponendum
1183 4837 1240 4878 non
1257 4827 1309 4878 est.
1326 4821 1364 4877 lbi
1385 4827 1477 4878 autem
1493 4827 1584 4877 cessat
1603 4821 1671 4877 ratio
1686 4837 1771 4894 sopra

133 4916 251 4982 propter
265 4923 318 4964 non
333 4908 561 4980 acceptationem,
582 4923 632 4965 seu
646 4911 891 4970 renunciationem.
904 4913 939 4970 Et
974 4910 1128 4984 lectamquia
1142 4910 1178 4966 ibi
1194 4926 1280 4967 unum
1295 4918 1404 4982 tempus
1418 4927 1472 4968 non
1487 4911 1666 4982 coniungitur
1680 4911 1772 4984 alteri,

132 4999 206 5057 idem
219 4999 291 5068 erit,
312 4999 421 5070 quoties
437 5013 484 5068 per
499 4997 698 5070 ignorantiam,
715 5000 757 5056 ael
770 4999 822 5057 alia
835 5002 939 5066 virim-
973 5015 1063 5073 neque
1083 4999 1112 5056 lit
1132 5001 1212 5072 quasi
1226 4999 1394 5056 continuatio
1408 5000 1567 5070 surreptitia
1581 4996 1703 5057 eiusdem
1716 4999 1772 5056 dis·

132 5088 245 5162 peditur
262 5088 380 5145 allectus
393 5088 492 5158 prioris
506 5085 730 5162 dispensationis,
746 5095 774 5146 et
787 5106 803 5146 a
818 5090 938 5163 lortiorl,
974 5091 1150 5161 pensatioais,
1166 5089 1214 5146 scd
1231 5095 1295 5145 sunt
1310 5088 1419 5145 omnino
1434 5085 1572 5160 diversae,
1584 5102 1703 5161 quarum
1718 5104 1772 5145 naa

133 5180 155 5234 si
174 5179 253 5251 prior
277 5178 328 5234 luit
354 5175 488 5250 invalida,
507 5179 570 5250 quia
585 5193 645 5232 noo
664 5183 802 5250 praestat
816 5178 938 5253 r'mpedi-
974 5194 1028 5234 non
1044 5179 1073 5234 lit
1086 5193 1211 5251 gravior,
1227 5184 1276 5234 aut
1288 5175 1427 5232 difficilior
1441 5176 1546 5232 ratione
1561 5176 1690 5250 alterium
1706 5193 1773 5250 ergo

133 5273 277 5334 mentum,
295 5265 375 5340 qood
388 5265 423 5323 tle
439 5271 504 5323 iare
518 5283 577 5322 non
590 5269 717 5324 sortitur
731 5265 889 5340 rosentem,
909 5276 940 5326 ut
975 5272 1093 5340 utraque
1103 5274 1146 5324 est
1156 5265 1244 5324 valida
1255 5265 1320 5324 licet
1331 5267 1358 5322 in
1371 5267 1522 5322 neutraiat
1531 5266 1644 5322 alterius
1656 5269 1769 5326 mentio.

213 5373 597 5440 Sotert,lielepttos-Parsll.
907 5445 913 5456 .
1499 5373 1525 5419 tt
