4190 6234
846 301 849 308 ¹
895 349 1002 400 caena
1015 349 1067 400 ax.
1713 328 1751 394 lt

154 477 212 527 tum
228 476 258 528 et
275 485 425 546 securum,
442 471 580 546 quianon
602 479 712 532 tenetur
719 472 828 531 malum
849 490 963 548 praesu·
998 482 1052 545 ast,
1068 473 1242 532 intentionenr
1257 468 1355 530 harum
1371 470 1474 545 legum,
1489 470 1600 544 quando
1614 469 1718 529 addunt
1731 473 1794 546 ipso

155 575 241 631 mere,
253 569 281 619 et
294 563 460 634 praesertim
476 569 576 620 conlra
593 579 632 620 se.
643 564 840 646 ¹Verumtamen
855 564 961 622 ebamsi
988 561 1086 635 fonto,
1104 579 1165 622 esse
1185 578 1300 636 poenam
1315 561 1414 618 inlerre
1429 567 1493 618 ante
1507 575 1614 617 omnem
1629 562 1801 619 senteutiam

154 649 239 708 electo
257 659 385 722 constet,
402 651 524 726 aliquem
535 652 584 709 sihi
596 653 778 728 suffraganten
790 654 876 712 luisse
886 655 962 713 inba-
995 663 1074 713 entra
1088 653 1286 713 conscientiam
1300 651 1387 724 ipsius
1402 665 1543 723 personae.

39 780 40 791 ,
157 740 234 797 bilem
248 741 355 812 pecudi
371 739 596 812 inhabilitato,et
609 741 697 800 solum
714 745 818 801 ratione
829 743 900 802 illius
914 760 961 801 oa·
1033 743 1113 813 Quod
1128 750 1220 800 autem
1234 742 1355 799 diximus
1369 740 1403 797 de
1418 739 1510 796 valore
1525 739 1657 812 audisgii,
1673 755 1727 795 non
1745 738 1793 795 ob·

41 824 42 841 ¹
157 829 278 886 thedram
300 831 474 904 oblinuisse3
497 831 672 890 nibilominus
691 832 771 903 dico,
794 834 959 891 electionem
994 838 1084 890 stante
1098 832 1265 892 inhabilitate
1280 837 1434 900 contracta,
1446 830 1505 902 ipso
1519 829 1592 901 iure,
1607 830 1633 885 in
1649 827 1740 900 primis
1754 827 1795 884 lo-

157 919 239 976 luisse
251 919 379 989 validam,
394 921 461 993 qnia
473 919 541 979 licet
555 919 598 977 ille
611 929 685 978 esset
700 921 825 980 inhabilis
841 939 870 980 re
888 921 958 996 ipsa,
994 938 1059 981 oum
1070 923 1152 980 habet
1162 923 1188 979 in
1199 925 1289 981 actim
1301 919 1482 992 inhabilitate,
1495 935 1549 998 non
1561 921 1588 975 in
1601 919 1718 991 passira3
1730 933 1793 975 nem

158 1015 187 1066 et
197 1007 284 1080 quoad
303 1024 345 1080 se,
361 1008 541 1066 nihilominus
554 1016 615 1066 erat
633 1009 756 1068 minister
770 1011 915 1082 toleratus,
931 1021 959 1069 et
993 1017 1112 1071 rationes
1128 1013 1217 1070 laetae
1231 1027 1285 1068 non
1303 1009 1403 1067 habant
1417 1009 1508 1066 locum
1522 1008 1549 1064 in
1570 1022 1614 1078 eo,
1631 1006 1677 1081 qui
1692 1021 1740 1078 per
1756 1007 1793 1064 le·

159 1099 264 1171 publica
273 1099 442 1156 auctoritate
454 1098 618 1171 suffragium
630 1099 703 1173 ttulit,
713 1105 741 1157 et
753 1101 815 1158 ideo
824 1110 886 1160 acta
897 1104 958 1159 eius
991 1119 1053 1178 gena
1068 1105 1128 1176 ipso
1142 1103 1201 1160 iure
1215 1100 1306 1159 iactus
1319 1107 1362 1157 est
1381 1097 1542 1172 ineligibilis,
1557 1097 1599 1155 rel
1619 1095 1742 1154 inhabilis
1757 1096 1792 1153 ad

161 1194 313 1258 mouerunt,
329 1188 406 1245 iuxta
420 1187 547 1262 regulam
561 1187 771 1250 lanatarius,
789 1190 818 1247 tl.
831 1189 866 1248 de
879 1191 955 1248 offic.
992 1193 1168 1250 cathedram:
1185 1207 1247 1249 nam
1260 1192 1304 1250 ille
1318 1206 1371 1247 non
1386 1197 1494 1246 exercet
1504 1193 1598 1245 actum
1612 1188 1728 1261 aliquem
1742 1204 1795 1261 pu·

162 1283 273 1350 praetor.
286 1277 323 1334 Et
333 1277 443 1349 saltem,
458 1277 551 1351 quoad
564 1276 639 1350 leges
652 1277 857 1337 ecclesiasticas
870 1282 957 1352 impe·
991 1283 1064 1341 blica
1079 1283 1254 1352 auctoritate,
1266 1280 1314 1338 sed
1329 1286 1360 1338 ut
1373 1281 1477 1352 prirata
1491 1293 1607 1350 persona
1621 1293 1703 1335 suum
1717 1293 1795 1336 oom-

160 1377 249 1423 nentes
264 1366 334 1422 hanc
348 1382 478 1438 poenam,
494 1366 577 1424 habat
591 1368 617 1422 in
637 1368 678 1424 eis
692 1367 786 1425 locum
806 1368 957 1426 moderatio
992 1373 1104 1431 modum
1118 1373 1237 1446 quaerit,
1252 1369 1352 1429 otides
1365 1385 1431 1426 cum
1444 1369 1535 1440 inique
1550 1384 1610 1425 sese
1628 1367 1793 1438 immisceat,

160 1459 301 1529 Extrarag.
313 1454 361 1513 Ad
373 1455 526 1517 enttcrrdo,
541 1463 573 1514 ut
585 1457 629 1514 ille
642 1464 792 1516 censeatur
803 1459 956 1531 prohibitus
992 1480 1046 1520 non
1067 1462 1148 1520 debet
1167 1463 1226 1519 eius
1246 1460 1348 1518 malitia
1366 1458 1404 1516 illi
1428 1457 1580 1530 suffragari.
1601 1456 1678 1514 Unde
1697 1458 1724 1513 in
1748 1454 1793 1512 illo

158 1546 245 1619 quoad
259 1563 301 1617 se,
317 1562 372 1602 non
386 1546 478 1620 quoad
492 1547 573 1621 alios,
589 1553 617 1604 et
634 1545 695 1605 ideo
708 1548 767 1620 ipse
786 1557 885 1620 peccat
899 1549 955 1607 aul·
990 1556 1073 1612 etiam
1087 1561 1179 1610 cessat
1192 1550 1277 1609 altars
1288 1551 1369 1620 ratio,
1381 1549 1446 1622 quia
1459 1547 1523 1605 lieet
1536 1546 1580 1605 illa
1595 1546 1746 1604 inhabilitas
1760 1546 1796 1602 ait
1884 1578 1886 1588 ‹

159 1635 240 1710 lragio
259 1635 384 1705 terendo,
396 1635 463 1693 nibil
483 1652 549 1695 vero
569 1645 653 1695 nocet
670 1636 809 1713 electioni,
821 1645 957 1712 quatenus
993 1643 1122 1717 cenulam
1139 1642 1313 1700 nihilominus
1332 1639 1423 1713 quoad
1444 1639 1534 1711 ipsum
1548 1636 1692 1694 inhabitem
1711 1636 1794 1693 habet

159 1726 191 1784 δᾶ
205 1727 272 1784 ⁸¹¹⁰⁸
286 1728 417 1800 Ρθῐῦὓθῑ·
992 1739 1079 1791 totum
1090 1749 1172 1790 suum
1186 1732 1324 1801 ellectum,
1336 1737 1363 1788 et
1376 1731 1413 1787 ita
1427 1729 1491 1786 iaoit
1504 1728 1664 1785 electionem
1675 1726 1716 1785 vel
1730 1741 1794 1798 pro·

195 1821 220 1874 5.
234 1817 275 1874 Ex
288 1831 347 1890 quo
361 1822 451 1890 potest
464 1817 621 1875 communis
635 1817 768 1875 sententia
787 1818 955 1890 confirmari,
991 1823 1122 1880 visionem
1142 1821 1256 1893 nullam,
1272 1821 1337 1895 quia
1351 1834 1399 1892 per
1419 1818 1472 1876 boc
1486 1833 1541 1874 uon
1560 1823 1642 1874 nocet
1659 1816 1729 1890 aliis,
1745 1813 1794 1876 sed

159 1906 220 1980 quia
233 1906 284 1963 nisi
298 1922 333 1964 ex
353 1908 382 1963 ri
395 1905 555 1964 hrriusmodi
568 1905 635 1981 legis
649 1906 787 1981 obligetur
801 1907 861 1964 talis
875 1907 957 1966 homo
992 1911 1053 1983 sibi,
1070 1911 1143 1969 siout
1156 1910 1188 1968 de
1201 1909 1450 1980 excommunicato,
1465 1907 1508 1964 rel
1524 1905 1669 1980 irregulari
1681 1904 1791 1963 dicitur.

157 1996 279 2054 ilhfl'ffi‘
293 1997 387 2055 ‘⁸0²1st
398 1995 433 2054 “d
447 2013 501 2054 ⁰⁰¹¹
514 1997 682 2070 elidendum,
694 2013 744 2056 ³0ss
755 1998 788 2056 nd
800 2015 854 2056 11011
867 1999 956 2056 ieren·
1030 2001 1130 2061 lleiude
1144 1998 1235 2074 quoad
1248 2000 1366 2058 aotiram
1380 1996 1571 2054 inhabilitatem
1583 1994 1666 2056 debet
1677 1992 1701 2051 id
1717 1991 1794 2052 intel-

156 2087 219 2144 dnm
232 2087 410 2160 suffragium,
423 2086 526 2145 inutilis
536 2094 611 2144 esset
625 2087 685 2145 talis
695 2087 739 2145 lex
747 2090 807 2161 ipso
818 2087 892 2147 laeto
908 2089 958 2147 im·
991 2091 1034 2165 ligi
1048 2091 1082 2148 de
1100 2089 1313 2148 inhabilitalihus
1334 2086 1502 2162 poenalibus,
1519 2101 1572 2141 nou
1590 2082 1624 2140 de
1643 2082 1705 2157 illis,
1720 2098 1794 2158 quas

156 2179 243 2250 posite
260 2175 356 2250 quoad
377 2176 541 2250 particulam
560 2179 625 2252 ipso
636 2175 743 2250 sacto:
756 2177 863 2236 nullum
884 2180 956 2236 euim
992 2187 1098 2240 matum
1113 2186 1178 2238 sunt
1189 2195 1222 2237 ex
1236 2179 1347 2238 deiectu
1360 2176 1548 2235 conditionum
1563 2174 1791 2245 necessariarum,

155 2266 285 2323 moralem
301 2266 433 2323 clientum
455 2265 517 2323 inde
533 2266 654 2339 haberet,
670 2266 745 2340 quod
758 2268 956 2327 admittendum
991 2279 1023 2329 ut
1037 2271 1119 2329 alicui
1132 2268 1214 2328 detbr
1228 2275 1350 2342 potestas
1364 2265 1467 2324 terendi
1482 2265 1655 2338 sullragium,
1667 2269 1699 2321 ul
1712 2270 1754 2320 est
1768 2263 1795 2319 ia

153 2371 204 2412 uon
218 2361 274 2428 est,
290 2361 322 2412 ut
335 2370 424 2428 supra
435 2355 554 2412 ostendi.
567 2357 659 2428 Dices,
669 2357 752 2414 etiam
767 2364 834 2415 ωηο
850 2359 957 2431 operari
991 2362 1043 2420 hae
1061 2361 1235 2420 universitate
1257 2365 1332 2416 aetas
1345 2354 1555 2432 quatuordecim
1574 2369 1728 2426 annorum,
1744 2353 1793 2410 ha-

154 2451 185 2502 ut
205 2444 332 2502 subiciat
351 2451 448 2517 postea
468 2445 601 2503 sententia
620 2444 806 2506 declaratoria
833 2450 957 2506 oriminis
991 2452 1057 2510 here
1078 2466 1195 2508 cursum
1215 2449 1350 2524 integrum
1372 2447 1447 2504 iusto
1467 2460 1571 2503 morem
1598 2443 1792 2516 universitatis,

45 2550 50 2603 ,ο
154 2537 210 2592 sine
225 2533 465 2592 condemnatoris.
480 2534 534 2593 Sed
548 2543 656 2609 contra,
673 2553 736 2594 nam
749 2545 817 2595 tuno
833 2537 958 2595 didsron·
991 2541 1129 2599 audidsse
1141 2539 1274 2598 lectiones
1285 2534 1536 2611 oppositorum-vel
1548 2533 1644 2592 saltem
1655 2534 1795 2591 sufficien-

38 2654 43 2691 ,
155 2625 254 2682 deerit
267 2623 399 2696 rerbalis,
412 2625 597 2699 potiusquam
612 2625 883 2702 realislieolaratur,
894 2631 958 2701 quis
991 2639 1046 2688 tom
1067 2631 1318 2700 haherenotitiam,
1335 2641 1384 2684 seu
1405 2624 1623 2684 informationem
1641 2641 1750 2695 eorum,
1766 2630 1795 2682 et
1836 2661 1840 2666 -

154 2721 221 2772 tune
237 2730 294 2770 nou
314 2714 418 2786 poterit
431 2712 563 2772 sententia
577 2716 739 2787 retrotrabi,
753 2716 818 2790 quia
832 2732 888 2774 non
908 2731 957 2788 po·
992 2719 1027 2778 ad
1041 2720 1112 2779 bano
1133 2719 1316 2777 conditionem
1337 2717 1464 2788 pertinet,
1480 2721 1511 2772 ut
1530 2716 1627 2787 opinor
1648 2713 1796 2788 (quidquid
1902 2709 1906 2722 ‘

152 2806 214 2860 terit
223 2805 326 2861 irritari
337 2804 501 2878 suffragium
512 2805 563 2862 iam
574 2805 732 2875 datum,vel
743 2806 842 2865 electio
852 2808 957 2864 radone
991 2813 1057 2870 Solo
1069 2816 1097 2867 et
1110 2808 1233 2868 Ladesta.
1246 2804 1469 2878 contradicant),
1485 2804 1623 2877 conditio,
1638 2810 1671 2862 nt
1683 2805 1744 2878 quis
1760 2804 1797 2862 sit

151 2892 225 2950 illins
234 2891 321 2966 iacta,
331 2893 399 2966 quie
410 2908 441 2950 re
456 2879 520 2950 aera
532 2893 582 2950 luit
595 2901 676 2952 actus
687 2893 805 2968 validus,
817 2901 851 2954 ut
865 2901 958 2953 ostem
992 2901 1142 2972 inscriptus
1155 2901 1182 2955 in
1197 2896 1342 2955 matricula
1354 2895 1552 2968 universitatis,
1563 2896 1641 2952 iuxta
1655 2893 1727 2954 illius
1738 2901 1796 2984 st*
1849 2899 1854 2908 “

152 2999 215 3040 snm
228 2991 284 3054 est,
299 2997 368 3056 ergo
382 2982 642 3041 condemnationen
657 2984 738 3042 babet
751 2985 891 3056 edoctum,
904 2987 957 3043 uisi
992 2996 1062 3049 tarta.
1074 2990 1143 3048 Nam
1157 2987 1219 3058 ille,
1234 2987 1282 3061 qui
1302 3001 1356 3044 non
1369 2993 1412 3043 est
1424 2985 1586 3057 inscriptus,
1602 2984 1724 3056 privetur
1737 2977 1797 3041 sall·

151 3089 185 3130 ²¹
203 3072 574 3146 1l⁰010¹²¹l¹³0¹¹1⁰¹¹fi⁸s⁰t
592 3072 684 3147 quoad
698 3073 809 3132 futuros
829 3074 956 3150 effectur,
992 3079 1079 3152 tragio
1100 3094 1155 3135 non
1171 3078 1196 3134 iu
1219 3091 1335 3148 poenam
1353 3075 1454 3148 prioris
1476 3075 1646 3144 omissionis,
1662 3073 1710 3130 sed
1730 3072 1796 3146 quie

153 3161 226 3237 quud
240 3161 361 3234 pertinet
374 3159 408 3218 ad
422 3162 584 3220 sententiam
599 3163 864 3220 condemnatoriam:
881 3170 909 3220 et
922 3164 959 3220 ita
992 3174 1059 3226 tunc
1072 3183 1127 3224 non
1139 3183 1168 3223 se
1181 3166 1253 3239 gerit
1264 3172 1296 3223 ut
1309 3164 1465 3222 membrum
1480 3163 1562 3220 huius
1576 3163 1794 3234 communitatis,

155 3251 306 3309 differentia
319 3252 375 3308 erit
394 3251 429 3308 de
443 3251 591 3324 vocabulo,
605 3259 634 3308 et
653 3254 696 3310 vis
710 3252 792 3310 etiam
813 3253 876 3310 talis
894 3255 957 3328 erit,
992 3266 1021 3317 et
1034 3257 1093 3315 ideo
1108 3255 1141 3314 ad
1167 3255 1239 3312 illam
1253 3270 1307 3311 uon
1332 3255 1450 3326 pertinet
1463 3253 1564 3310 electio
1587 3253 1658 3323 eius,
1673 3259 1701 3309 et
1723 3251 1795 3309 ideal

154 3343 227 3415 qrria,
241 3349 275 3398 ut
293 3342 404 3398 nobrit
417 3341 573 3412 Simonem,
588 3343 632 3400 tit.
645 3345 674 3413 9,
691 3357 767 3399 num.
784 3344 847 3413 16³,
863 3342 958 3400 nullus
992 3355 1036 3404 ast
1050 3347 1083 3404 de
1104 3342 1249 3402 similibus.
1265 3343 1378 3412 Quoties
1391 3343 1465 3399 enim
1478 3341 1629 3399 inhabilitas
1642 3350 1684 3398 est
1703 3356 1736 3399 ea
1749 3340 1798 3398 de·

155 3430 358 3505 indrxprolert
369 3432 531 3488 senentiam
541 3430 749 3490 declaratoriam
759 3433 959 3506 oriminis,quin
992 3435 1069 3493 iectu
1084 3436 1289 3506 cuiuscumque
1304 3431 1478 3506 conditionis,
1491 3447 1524 3489 ex
1540 3429 1683 3503 praedictis
1698 3431 1797 3488 sullra·

156 3522 276 3580 declaret
287 3520 497 3595 delinquentem
512 3535 589 3576 reum
610 3535 712 3593 poenae
728 3520 806 3594 legis,
821 3519 897 3595 quod
917 3525 960 3578 est
993 3528 1071 3602 glum
1082 3525 1136 3582 erit
1145 3524 1255 3580 omnino
1267 3520 1504 3595 nullum,etiamsi
1515 3520 1640 3582 deiectus
1652 3521 1687 3577 sit
1700 3520 1797 3577 occul·

155 3609 482 3682 condemnare31moboc
497 3609 647 3684 requiritur
657 3607 691 3666 ad
704 3610 836 3694 iustitiam
849 3617 961 3668 senten·
995 3622 1052 3686 tus,
1067 3613 1133 3686 quia
1147 3609 1191 3670 illa
1210 3610 1363 3668 inhabilitas
1385 3625 1438 3667 non
1453 3616 1496 3667 est
1515 3611 1631 3682 privatio
1649 3611 1812 3683 potestatis·-

157 3703 207 3760 tiaa
218 3701 389 3771 mantunae,
400 3701 478 3758 iuxta
491 3698 649 3775 bprneses.
663 3699 737 3758 (ide
751 3706 905 3758 sentent.et
918 3701 960 3756 in·
995 3705 1074 3776 prius
1090 3699 1209 3773 babitae,
1224 3706 1255 3758 ut
1266 3701 1308 3760 sio
1321 3699 1423 3773 dicam,
1435 3699 1484 3757 sed
1498 3707 1541 3757 est
1556 3705 1687 3774 perpetua
1701 3714 1797 3756 caren-

159 3792 285 3850 tsrloont.
294 3791 333 3850 Ut
343 3805 413 3864 ergo
426 3791 463 3847 sit
476 3790 568 3863 aliqum
581 3789 733 3848 differentia
742 3791 770 3846 in
783 3805 823 3864 re,
836 3796 957 3864 oportet,
994 3795 1031 3852 tia
1045 3806 1189 3867 nunquam
1203 3795 1335 3862 acceptae
1349 3791 1502 3862 potestatis.
1510 3790 1578 3848 Nam
1592 3790 1658 3847 haec
1677 3794 1797 3861 potestas

159 3890 190 3940 ot
201 3880 339 3940 mutantia
354 3879 613 3948 retrotrahatur,et
626 3879 702 3954 quod
716 3877 762 3936 illa
780 3881 959 3938 retrotracb‘n
993 3898 1047 3940 non
1057 3889 1101 3940 est
1110 3883 1144 3938 ab
1154 3880 1315 3952 intrinseco,
1324 3885 1357 3936 ut
1370 3879 1409 3936 sio
1419 3877 1573 3950 dicam,sed
1583 3887 1626 3936 est
1636 3894 1669 3936 ex
1679 3894 1796 3936 conces·

159 3989 203 4046 par
213 3988 242 4030 se
255 3971 359 4029 haheat
370 3969 492 4044 aliquem
505 3969 647 4039 effectum,
659 3985 717 4043 quo
731 3969 862 4043 puniatur
873 3969 959 4027 delin-
993 3973 1069 4030 sione
1081 3969 1347 4044 principis,patroni‚
1357 3975 1408 4026 aut
1421 3969 1582 4044 superioris,
1594 3970 1641 4043 qui
1656 3969 1728 4026 illam
1743 3983 1797 4025 non

160 4077 243 4136 quens
258 4077 274 4118 a
288 4060 335 4118 die
348 4059 489 4116 commissi
503 4058 637 4131 criminis,
649 4058 726 4132 qu'od
740 4060 765 4116 in
779 4073 880 4132 genere
894 4074 960 4132 poe·
994 4062 1054 4119 nult
1067 4059 1221 4119 concedere
1235 4060 1286 4115 nisi
1301 4073 1434 4131 personae
1448 4057 1557 4115 habenti
1573 4059 1657 4128 tales,
1673 4057 1716 4114 rel
1730 4055 1798 4114 tales

159 4151 314 4209 naelooam
326 4165 382 4207 non
397 4148 569 4222 babet3erpo
583 4155 706 4222 oportet,
719 4155 751 4206 ut
766 4147 864 4207 habeat
877 4165 959 4206 suum
995 4151 1160 4226 qualitates,
1182 4148 1254 4221 ideo,
1275 4149 1350 4204 sicut
1369 4162 1454 4219 supra
1473 4147 1634 4204 dicebamus
1655 4147 1688 4204 de
1708 4147 1797 4220 legato
1864 4143 1870 4156 “

159 4240 299 4312 edoctum,
313 4239 397 4296 etiam
411 4245 474 4295 anta
494 4239 656 4296 sententiam
669 4236 892 4296 declaratoriam.
905 4240 961 4296 ho·
993 4241 1090 4298 relicto
1104 4237 1156 4296 sub
1175 4236 1343 4308 conditione,
1358 4251 1391 4293 ea
1407 4251 1464 4293 non
1478 4235 1601 4309 impleta,
1618 4252 1671 4292 non
1691 4238 1796 4296 obtine·

160 4329 239 4402 cedit,
249 4326 329 4404 quod
342 4326 410 4384 alias
423 4326 564 4402 moraliter
576 4325 621 4385 illa
635 4325 678 4385 lex
692 4332 766 4385 esset
778 4327 890 4400 inutilia,
899 4335 960 4385 tuna
995 4331 1030 4402 ri,
1047 4331 1085 4388 ita
1105 4328 1150 4386 hic
1164 4327 1313 4385 dicendum
1330 4333 1374 4384 est
1387 4325 1422 4384 de
1443 4325 1581 4384 habilitate
1597 4325 1632 4383 ad
1652 4313 1795 4384 serendum
1888 4389 1891 4396 ,

160 4422 381 4493 quiasaepennn
392 4414 959 4490 punit,nisiprohibendo,etinhabilitando
994 4419 1165 4494 suffragium.
1179 4418 1215 4475 lit
1233 4415 1285 4473 hoc
1305 4414 1384 4489 plane
1406 4415 1542 4490 significat
1560 4413 1615 4488 lex,
1631 4430 1696 4472 oum
1716 4413 1797 4487 dicit,

161 4506 193 4564 ad
210 4523 298 4565 unuin
319 4512 427 4578 actum,
442 4505 489 4579 qui
511 4505 646 4564 ordinarie
661 4506 697 4563 sit
716 4511 778 4563 ante
798 4507 960 4565 senentiam
995 4511 1109 4585 quinon
1126 4505 1210 4566 luerit
1222 4504 1435 4581 quatuordeeim
1450 4521 1596 4576 annorum,
1611 4520 1666 4562 non
1687 4503 1798 4561 habebit

161 4597 382 4670 declaratoriam,
397 4602 427 4653 et
443 4595 487 4654 ria
501 4601 592 4667 potest
605 4594 684 4652 aliter
696 4596 754 4653 lieri
768 4596 907 4654 moraliter
920 4595 961 4653 lo·
995 4599 1168 4672 suffragium,
1183 4612 1234 4654 seu
1247 4613 1287 4653 oo
1301 4593 1370 4652 sard
1383 4600 1459 4663 voto,
1476 4602 1511 4656 ut·
1521 4601 1615 4652 nostra
1626 4592 1726 4650 babent
1740 4600 1796 4650 sta·

161 4685 280 4762 qnando,
290 4687 360 4760 paria
372 4683 425 4741 hae
439 4683 619 4742 inhabilitates
630 4685 675 4742 rix
689 4691 807 4756 possunt
821 4684 961 4743 sufficien-
997 4694 1067 4761 tuta,
1084 4701 1156 4763 quaa
1170 4685 1266 4744 eodem
1280 4691 1375 4742 tenore
1388 4667 1540 4757 lodountur
1551 4683 1585 4741 de
1599 4682 1657 4739 aliia
1672 4682 1794 4740 essibus.

160 4785 199 4836 ter
211 4775 336 4850 probari.
351 4777 387 4832 st
406 4774 545 4831 sententia
558 4781 652 4845 postea
672 4773 726 4831 lata
746 4774 852 4832 inutilis
873 4781 958 4848 esset,
1033 4778 1102 4834 Iliun
1117 4780 1209 4834 autem
1223 4773 1335 4831 difficile
1348 4781 1392 4832 est
1406 4773 1575 4846 discernere,
1591 4772 1702 4846 quando
1723 4772 1799 4829 iuba·
1906 4796 1914 4808 ¹

159 4869 221 4941 qum
233 4867 288 4924 ἰηιη
310 4878 365 4921 ηοη
381 4863 462 4920 habet
482 4862 577 4920 looum
590 4862 665 4921 diota
679 4878 778 4936 poena,
793 4870 821 4921 et
840 4864 892 4940 alia
904 4879 960 4921 non
996 4867 1084 4924 bilitas
1098 4867 1134 4922 sit
1148 4863 1280 4938 poenalis,
1293 4862 1403 4936 quando
1419 4878 1484 4919 aero
1498 4861 1696 4934 substantialis,
1711 4869 1745 4918 ut
1758 4861 1798 4918 sio

156 4957 307 5030 imponitur
316 4968 367 5027 per
386 4954 487 5028 legem,
497 4967 548 5009 nec
558 4952 668 5010 ridetur
678 4969 759 5026 posse
770 4953 869 5027 imponi
880 4954 961 5012 etiam
995 4957 1094 5027 dicam,
1110 4962 1138 5014 ct
1156 4971 1191 5012 ex
1204 4952 1313 5011 delectu
1327 4951 1490 5009 conditionis
1509 4952 1693 5023 necessariae,
1710 4950 1736 5006 id
1757 4958 1797 5006 ta·

158 5048 268 5104 arbitrio
289 5042 401 5113 iudicis,
415 5041 483 5116 quia
502 5040 546 5098 ille
566 5057 621 5098 non
641 5043 766 5114 peccarit
786 5044 827 5100 rio
846 5042 960 5101 terendo
997 5062 1060 5104 meu
1080 5061 1114 5103 ex
1138 5043 1269 5118 paralitate
1290 5041 1455 5099 conditionis
1475 5049 1502 5098 et
1525 5041 1656 5098 materiae
1675 5039 1794 5098 discerni
1879 5117 1885 5124 ·

59 5184 61 5193 ,
158 5135 334 5209 srrllragium,
353 5133 488 5208 quianon
502 5129 709 5198 eratinhahilis,
724 5131 772 5188 sed
790 5132 963 5190 inhabilitan·
996 5135 1108 5210 poterit,
1124 5134 1241 5190 maxime
1255 5138 1344 5190 ωηοη
1358 5146 1390 5188 ex
1411 5147 1474 5188 usu.
1491 5129 1554 5188 illae
1568 5132 1639 5188 enim
1660 5129 1794 5188 conditio·

53 5236 58 5283 ,·
158 5227 221 5303 dus3
234 5241 301 5299 ergo
311 5225 385 5282 iusta
396 5220 529 5280 materiae
541 5222 723 5293 capacitatem
735 5221 961 5284 verisimillimum
996 5241 1058 5301 nes,
1070 5238 1141 5300 quae
1155 5237 1243 5298 perse
1258 5237 1290 5282 eo
1306 5221 1434 5297 tendunt,
1446 5228 1477 5279 ut
1490 5235 1608 5294 persona
1620 5221 1716 5278 habeat
1729 5236 1799 5296 qun·

45 5304 52 5383 ¹l

231 5328 612 5390 §summioribus-Parcit.
1220 5389 1229 5410 ο
1539 5332 1554 5378 e
