4284 6246
771 484 773 490 Ι
857 411 962 462 carno
977 411 1074 461 xxva.
1671 398 1733 462 249

157 529 360 608 Respondetur
378 535 502 611 negando
517 537 754 610 consequentiam,
767 535 832 609 quia
844 535 929 592 multo
970 543 1016 594 tur
1028 552 1062 594 cx
1076 553 1140 610 cap.
1158 543 1181 596 l.
1197 536 1229 594 de
1244 540 1390 595 constitut.
1408 539 1434 595 in
1450 542 1477 597 6.
1491 540 1596 612 Estque
1618 553 1663 596 res
1677 537 1774 608 insilis,

116 623 261 682 difficilius
285 633 330 684 est
342 627 497 698 imponere,
516 643 601 704 quem
615 626 710 684 tollere
726 629 809 701 leges.
826 629 893 684 llam
908 627 930 684 si
968 632 995 684 et
1009 643 1076 683 cum
1089 629 1268 700 proportione
1282 627 1413 700 applicari
1429 635 1520 701 potest
1535 629 1569 685 ad
1587 629 1726 686 inlericres
1738 628 1775 685 le·

116 716 261 786 impositio
281 719 317 773 sit
330 718 446 788 iniusta,
461 722 509 774 aut
522 720 576 774 erit
589 717 623 774 de
637 719 770 788 materia,
788 718 835 774 cul
848 733 930 789 repu·
967 715 1128 788 gislalores3
1147 732 1179 772 an
1195 732 1259 774 vero
1275 718 1300 773 in
1316 720 1355 774 eis
1370 720 1484 791 recipiat
1497 719 1619 793 aliquam
1638 718 1775 776 limitatio·

117 812 188 876 gost
212 805 344 879 obligatio
358 805 426 878 legis
441 806 588 878 humanae,
601 789 636 862 ¹ul
652 809 674 862 si
690 807 723 862 sit
736 805 769 862 de
785 821 814 862 re
827 805 929 880 iniqua3
966 819 1040 875 nem,
1059 805 1142 876 paulo
1156 805 1269 863 inferius
1283 805 1384 864 dicam.

118 903 169 950 aut
189 903 268 951 certe
286 897 336 952 erit
350 895 384 952 de
399 898 524 968 materie,
539 911 610 968 quae
623 894 737 952 excedat
752 901 927 967 potestatem,
1006 899 1035 950 2.
1052 894 1179 951 Secunde
1195 894 1289 968 regule
1307 887 1366 952 est:
1388 897 1517 968 Superior
1539 897 1621 953 eliam
1635 901 1724 968 potest
1738 896 1774 952 le·

120 985 182 1040 sine
203 1001 262 1058 qua
283 985 411 1042 voluntas
430 985 494 1042 nihil
515 991 606 1057 potest
623 984 744 1041 ellicere.
766 987 801 1040 ill
815 999 881 1040 vero
898 982 931 1040 ad
966 997 1027 1055 gem
1054 983 1189 1056 inferioris
1212 984 1355 1057 abrogare.
1378 985 1428 1042 Est
1441 985 1523 1042 etiam
1537 992 1648 1058 recepte
1666 991 1694 1041 et
1706 985 1772 1040 laci·

120 1073 326 1144 auferendam,
354 1075 396 1130 vel
422 1073 620 1145 impediendam
645 1074 713 1146 legis
738 1073 930 1145 obligationem
967 1069 1011 1142 lis,
1028 1075 1091 1144 quia
1106 1089 1151 1130 res
1166 1075 1253 1146 magis
1267 1073 1367 1145 pendet
1381 1091 1396 1130 a
1411 1089 1497 1132 cause
1519 1073 1676 1146 universali,
1689 1089 1772 1146 quam

122 1163 220 1235 {quod
241 1163 272 1218 lit
290 1179 339 1235 per
353 1164 557 1237 abrogationem
573 1163 657 1238 legis>
673 1179 726 1220 non
741 1169 832 1235 potest
846 1169 931 1220 male·
965 1162 1133 1234 aproximn3
1157 1162 1199 1218 lex
1213 1169 1305 1219 nartem
1326 1163 1461 1220 inferioris
1488 1164 1588 1235 pendet
1603 1180 1619 1221 a
1632 1163 1771 1235 superiore

120 1253 163 1306 ria
177 1251 320 1324 conferre;
340 1253 406 1326 quia
435 1260 691 1326 quantumcumque
707 1243 742 1310 s'it
756 1253 827 1309 bona
839 1259 868 1309 el
882 1253 930 1310 bo·
967 1257 1097 1323 tanquam
1115 1249 1148 1308 ab
1164 1251 1414 1326 universalissima,
1427 1269 1506 1326 ergo.
1526 1255 1594 1311 llem
1605 1253 1655 1312 bac
1668 1255 1770 1310 ratione

121 1347 220 1412 nesta,
237 1348 329 1413 polest
342 1358 395 1399 non
419 1342 529 1416 adiungi
540 1343 581 1399 illl
596 1341 723 1416 obligatio
737 1343 872 1416 humone,
890 1343 932 1400 vel
968 1340 1101 1412 diximus,
1122 1357 1202 1414 posse
1222 1343 1391 1415 superiorem
1410 1342 1567 1416 dispensare
1587 1344 1612 1400 in
1629 1345 1689 1417 lege
1703 1343 1771 1400 inle-

122 1430 189 1488 licet
208 1436 243 1487 sil
266 1433 414 1490 intrinsece
432 1432 520 1498 male,
536 1440 627 1505 potest
640 1449 694 1490 non
708 1432 769 1491 addi
785 1433 930 1506 probibitio
966 1433 1062 1506 ricris3
1078 1447 1145 1506 ergo
1159 1440 1187 1490 et
1201 1432 1286 1506 legem
1298 1432 1369 1489 illius
1381 1433 1513 1508 abrogare
1529 1440 1635 1505 polest,
1649 1449 1710 1489 nom
1726 1440 1770 1490 est

122 1519 255 1576 bumana.
279 1522 314 1577 Et
335 1519 511 1594 quantumvis
531 1525 704 1580 contineatur
723 1523 775 1605 sub
795 1528 930 1594 potestate
967 1521 1062 1580 eadem
1083 1523 1162 1580 ratic.
1179 1525 1236 1579 lmo
1251 1529 1373 1595 poteslas
1389 1522 1542 1596 legislatlra
1555 1539 1588 1580 er
1603 1539 1655 1580 suo
1669 1537 1769 1594 genere

122 1609 303 1682 legislatoris,
325 1616 416 1682 potest
430 1611 486 1684 ipse
500 1613 575 1669 circa
586 1612 658 1670 illam
671 1629 725 1668 non
737 1613 855 1686 operari,
867 1613 931 1685 quia
966 1617 1010 1668 est
1029 1613 1118 1686 magis
1138 1613 1251 1684 propria
1270 1613 1391 1684 supremi
1405 1612 1548 1684 principis,
1564 1627 1646 1686 quam
1661 1611 1769 1684 dispen-

124 1697 167 1752 illo
187 1703 311 1769 potestas
338 1715 392 1755 non
407 1701 464 1772 agit
477 1700 654 1774 naturaliter,
670 1700 717 1758 sed
733 1703 821 1760 media
835 1702 933 1758 volun·
967 1700 1064 1775 sative,
1077 1706 1105 1758 et
1116 1701 1177 1758 idco
1192 1702 1279 1775 magis
1292 1701 1372 1758 etiarn
1383 1709 1427 1760 est
1437 1703 1463 1759 ln
1475 1702 1603 1760 inleriore
1614 1701 1769 1776 dependen-

124 1793 189 1842 tate.
205 1787 234 1842 Si
253 1793 417 1845 autemnon
435 1794 583 1862 operetur,
599 1805 653 1846 non
669 1790 810 1864 obligabit,
825 1791 931 1847 etiamsi
967 1796 1009 1848 ter
1027 1806 1044 1847 e
1062 1806 1192 1864 supremo
1211 1791 1350 1865 principe,
1365 1791 1483 1866 ideoque
1498 1807 1606 1864 semper
1621 1792 1663 1849 bio
1679 1798 1768 1866 polest

124 1876 181 1946 ipse
200 1883 310 1948 peccet.
334 1879 457 1952 benique
476 1879 541 1936 binc
554 1881 636 1938 etiam
651 1881 690 1952 lit,
706 1888 739 1938 ut
753 1879 878 1953 ponendo
894 1881 932 1938 le·
966 1881 1055 1954 legem
1077 1881 1178 1939 subditi
1198 1882 1342 1954 abrogare.
1363 1883 1420 1938 llac
1439 1897 1504 1940 vero
1518 1882 1663 1939 occasione
1678 1887 1769 1955 polest

124 1980 185 2037 gem
207 1967 354 2040 iniustam,
374 1975 471 2039 peccet
491 1975 589 2026 contra
608 1970 748 2042 iustitiam,
764 1979 791 2028 et
804 1987 859 2028 non
873 1977 932 2028 tan·
966 1969 1011 2027 bic
1026 1970 1159 2042 dubitari,
1171 1987 1205 2028 an
1219 1970 1262 2028 les
1273 1971 1462 2042 ecelesiastica
1472 1973 1558 2044 possit
1570 1973 1677 2028 civilem
1688 1973 1769 2029 ebro·

126 2061 183 2112 tum
194 2055 328 2128 legalem,
340 2057 480 2114 sedetiam
494 2061 736 2132 commutantem,
749 2059 870 2118 tollendo
882 2076 932 2118 uu·
966 2075 1044 2134 gere,
1059 2061 1166 2118 etiamsi
1180 2077 1196 2118 a
1209 2075 1339 2134 supremo
1354 2061 1478 2134 principe
1492 2061 1636 2134 temporali
1652 2060 1706 2117 lata
1717 2061 1764 2134 sit,

124 2151 178 2201 tem
197 2145 287 2218 legem
301 2148 420 2217 iustam,
444 2163 498 2205 non
515 2149 580 2206 lacit
595 2156 692 2206 contra
707 2151 841 2208 iustitiam
856 2165 932 2207 com·
966 2151 1030 2223 quia
1043 2151 1086 2208 les
1102 2153 1236 2208 canonica
1249 2150 1396 2223 superioris
1407 2151 1551 2227 potestatis
1562 2158 1615 2209 est.
1629 2150 1682 2208 Sed
1695 2165 1766 2224 quae

126 2237 288 2292 mutatiram
312 2235 485 2308 singulorum
507 2237 696 2312 subditorum,
718 2245 746 2296 et
766 2239 826 2296 ideo
843 2239 932 2297 valida
966 2238 1000 2297 de
1013 2239 1067 2298 hcc
1078 2247 1184 2312 puncto
1198 2240 1253 2298 dici
1266 2248 1402 2313 poterant,
1418 2241 1443 2298 in
1458 2241 1503 2298 111.
1516 2248 1544 2298 el
1554 2242 1598 2299 lV.
1611 2241 1679 2298 libro
1694 2241 1767 2298 dieto

126 2331 167 2380 est
180 2324 327 2400 obligatio,
343 2325 407 2382 licet
420 2325 580 2399 imprudens
599 2329 674 2386 silet
687 2335 786 2386 contre
799 2330 930 2386 iustitiam
966 2336 1048 2402 sunt,
1069 2329 1232 2404 explicando
1253 2330 1503 2398 subordinationem
1525 2333 1671 2406 utriusque
1691 2337 1767 2404 pote-

125 2412 249 2486 legalem.
479 2417 483 2424 “
793 2436 798 2450 ¹
966 2420 1053 2476 stalis.

527 2511 532 2522 '
1005 2510 1202 2568 mulcendum
1221 2526 1307 2585 ergo,
1329 2509 1415 2584 legem
1438 2513 1599 2568 canonicam
1617 2517 1647 2572 el
1659 2510 1766 2570 civilem

391 2592 532 2664 CAPUT
552 2594 675 2664 XXVI.
966 2600 1091 2658 absolute
1106 2607 1245 2673 spectatus
1260 2617 1313 2657 non
1327 2600 1427 2658 babere
1441 2603 1511 2659 inter
1523 2617 1552 2658 se
1566 2601 1766 2659 subordinatio-

602 2753 606 2763 ,
966 2707 1028 2747 nem
1040 2713 1047 2765 ς
1063 2706 1126 2748 nam
1141 2690 1205 2748 licet
1218 2692 1353 2748 canonica
1369 2692 1402 2748 sit
1415 2690 1532 2764 dignior,
1549 2691 1699 2749 lormaliter
1711 2707 1766 2749 non

305 2800 382 2874 Qui,
391 2802 488 2874 powg
502 2799 595 2874 gem,
608 2800 764 2876 amm·
965 2787 1008 2838 est
1025 2797 1040 2836 e
1059 2782 1201 2854 superlore
1220 2780 1420 2855 iurisdictione,
1442 2795 1505 2838 nam
1525 2782 1607 2838 etiam
1624 2781 1709 2838 civilis
1722 2787 1767 2838 est

966 2885 1097 2942 suprema
1112 2871 1138 2926 in
1152 2886 1203 2928 suc
1218 2869 1323 2927 ordine.
1337 2869 1517 2928 Nihilominus
1529 2876 1619 2927 tomen
1629 2871 1656 2926 in
1668 2870 1764 2928 ordine

966 2959 998 3016 ad
1019 2961 1122 3017 bonum
1140 2963 1247 3018 animae
1264 2960 1307 3018 lex
1320 2961 1407 3018 civilis
1422 2959 1618 3018 subordinatur
1633 2959 1765 3018 ecclesia·

967 3051 1069 3122 eticae,
1092 3056 1121 3107 et
1139 3050 1201 3108 ideo
1219 3050 1271 3108 sub
1285 3050 1338 3108 boc
1353 3049 1482 3124 respectu
1496 3057 1588 3123 potest
1600 3050 1674 3107 illam
1687 3051 1767 3108 ebro·

131 3193 155 3242 l.
170 3193 317 3256 Amator
331 3191 397 3256 legis
409 3198 493 3255 potest
505 3205 561 3243 esse
574 3194 628 3258 ipse
640 3193 757 3245 conditor
769 3195 844 3259 legis.
858 3224 891 3236 -
905 3198 931 3250 ².
965 3154 1042 3212 gare.
1064 3139 1122 3196 lloc
1142 3148 1236 3196 autem
1250 3140 1384 3212 contingit
1396 3139 1498 3213 duplici
1513 3138 1603 3197 titulo.
1618 3141 1696 3198 urus
1709 3146 1763 3214 est,

163 3263 286 3325 superior
298 3263 382 3324 legem
395 3261 526 3313 inferioris
538 3263 663 3326 abrogare
673 3271 767 3327 potest.
781 3293 817 3304 -
829 3267 856 3318 3·
867 3269 933 3330 01¹0-
968 3229 989 3284 sl
1003 3228 1045 3285 lex
1061 3228 1148 3286 civilis
1157 3227 1291 3286 'versetur
1305 3231 1380 3287 circa
1394 3229 1546 3302 materiam,
1558 3244 1629 3329 [puae
1644 3229 1708 3287 licet
1722 3229 1768 3286 se-'

162 3332 237 3382 modo
254 3333 297 3382 lex
315 3331 400 3382 civilis
419 3333 453 3381 sic
470 3332 635 3383 subordinate
647 3336 792 3385 canonicae,
806 3338 880 3395 ..4,
894 3339 934 3388 ln·
967 3317 1091 3376 cundum
1110 3334 1139 3376 se
1161 3319 1317 3392 temporalis
1331 3319 1469 3392 rideatur,
1490 3319 1524 3376 ed
1538 3317 1705 3391 spiritualem
1719 3334 1765 3375 or-

162 3401 242 3452 ‘²¹5⁰‘
256 3407 342 3465 wlffll
354 3401 480 3464 ³hr⁰tl²l⁰
492 3402 574 3464 legem
587 3404 880 3466 superioris-bloiet
894 3409 935 3458 ni·
967 3408 1057 3466 dinem
1071 3415 1168 3466 evecto
1181 3416 1234 3481 est,
1248 3415 1281 3466 ut
1292 3416 1336 3466 est
1349 3415 1509 3467 contractus
1525 3409 1697 3479 matrimonii,
1710 3407 1765 3465 dis-

161 3471 934 3607 fflopffiff²532ffi‘fifflffic²9¹¹gssffigisffiffi‘ffiffi
966 3497 1064 3570 positio
1083 3496 1117 3553 ad
1131 3499 1188 3569 pias
1206 3511 1326 3574 causas,
1342 3497 1413 3554 bone
1425 3497 1627 3570 ecclesiastica,
1643 3505 1672 3555 et
1689 3499 1764 3554 siml·

162 3609 233 3658 eirca
251 3609 292 3660 ius
310 3622 445 3660 commune
462 3576 579 3660 gp'fflm'
597 3611 708 3661 valeant.
725 3637 761 3648 ,,
777 3615 803 3665 8.
819 3615 933 3679 smum,
966 3585 1011 3643 lia.
1030 3585 1105 3644 Alius
1119 3594 1179 3658 est,
1194 3587 1216 3643 si
1233 3587 1276 3642 lex
1290 3587 1376 3643 civilis
1390 3589 1472 3644 etiam
1486 3589 1512 3643 ln
1527 3587 1637 3658 propria
1650 3589 1765 3644 materia

161 3690 228 3742 quae
246 3678 435 3730 videnturesse
445 3679 933 3746 contraiuseonrmuoe‚quomcoosinc
967 3677 1002 3733 sit
1020 3683 1117 3734 contra
1138 3677 1225 3733 bonos
1244 3691 1350 3747 mores,
1369 3676 1411 3733 vel
1428 3677 1526 3735 inlerel
1538 3676 1693 3749 periculum
1708 3677 1765 3733 ani·

161 3747 556 3868 {inlellluessdb-Qsllhlussgam
566 3747 698 3868 ῑῡῑθῖῑθῑῑθ
707 3754 863 3832 ³‚Sll’0ri0t0
873 3768 934 3806 0⁰¹1·
968 3783 1039 3838 mae3
1054 3773 1082 3824 et
1096 3773 1215 3839 utroque
1229 3765 1312 3823 modo
1326 3767 1503 3824 inveniuntur
1517 3767 1592 3841 leges
1607 3766 1700 3823 civiles
1715 3782 1764 3840 per

160 3823 466 3950 ,fflffigssessm-vffl·
478 3820 934 3957 {uplz'x}0nss',fflzessgssf⁰aefflj
966 3854 1178 3958 ecclesiasticas,
1192 3855 1235 3912 vel
1250 3856 1410 3928 reprobatae
1422 3863 1553 3930 tunquam
1565 3871 1613 3928 per
1624 3871 1653 3912 se
1665 3856 1762 3960 malae,

162 3957 233 4008 lintis
245 3962 273 4007 et
289 3956 466 4008 accidentalis.
967 3945 1009 4002 vel
1027 3952 1108 4004 etlam
1130 3946 1274 4018 abrogatae
1296 3953 1425 4019 tanquam
1446 3948 1537 4003 minus
1560 3953 1763 4020 convenientes,

967 4051 1036 4108 quas
1051 4035 1096 4093 hic
1110 4036 1211 4093 referre
1224 4038 1412 4094 necessarium
1425 4051 1479 4092 non
1494 4035 1598 4110 iudico,
1612 4036 1696 4094 videri
1717 4052 1765 4095 au-

170 4133 194 4188 l.
211 4129 241 4185 ln
260 4125 435 4201 praecedenti
453 4128 541 4201 capite
554 4136 582 4187 et
596 4132 735 4188 materiam
751 4131 835 4190 buius
851 4136 930 4194 abac·
966 4132 1023 4182 lem
1036 4134 1156 4198 P⁰⁸³¹¹¹¹l
1168 4125 1243 4198 opud
1256 4127 1339 4184 Aml-
1356 4131 1380 4186 Ι·
1395 4126 1523 4184 1⁰³¹·lib·
1538 4133 1567 4200 5,
1580 4144 1643 4202 cap.
1656 4133 1704 4200 ²⁰2
1715 4131 1763 4198 ²¹2

125 4219 258 4294 gationis,
282 4223 311 4274 et
329 4232 442 4275 causam
461 4219 569 4276 lioalem
588 4220 744 4293 attigimus;
761 4223 788 4279 in
803 4223 856 4281 boc
871 4225 929 4282 effi·
966 4219 1016 4286 25,
1031 4219 1118 4273 0126·
1395 4275 1399 4282 ,

124 4311 201 4366 ciem
221 4322 310 4365 causa
322 4307 440 4364 breviter
454 4309 615 4381 explicanda
628 4316 681 4381 est,
696 4309 730 4366 de
744 4327 800 4384 que
815 4319 873 4370 tres
890 4329 932 4371 re·
1007 4310 1035 4364 4.
1048 4307 1138 4363 Tertia
1149 4307 1244 4379 regula
1254 4308 1300 4376 sit,
1309 4306 1464 4364 interiorem
1475 4322 1530 4364 non
1540 4322 1620 4379 posse
1631 4308 1765 4382 abrogare

125 4399 207 4474 gulae
234 4397 367 4454 constitui
387 4407 514 4468 possunt.
537 4399 626 4456 Prima
646 4405 703 4456 est:
720 4401 850 4460 Conditor
866 4402 932 4478 legis
967 4397 1056 4470 legem
1075 4398 1235 4469 superioris.
1257 4398 1298 4454 lta
1317 4396 1436 4453 babetur
1456 4398 1481 4452 in
1505 4396 1635 4454 clement.
1652 4401 1698 4455 Ne
1710 4402 1767 4456 lio·

125 4489 201 4547 illam
219 4487 354 4562 abrogare
369 4493 469 4561 polest.
485 4489 564 4546 Retio
579 4495 622 4546 est
634 4488 720 4565 clarc,
733 4494 797 4564 quie
811 4508 867 4567 res,
884 4510 933 4566 per
967 4489 1066 4554 moni,
1084 4485 1118 4542 de
1136 4485 1216 4543 elect.
1231 4492 1261 4544 et
1277 4492 1320 4544 est
1338 4486 1512 4544 manifestum
1532 4502 1565 4543 ea
1581 4485 1685 4544 ratione
1699 4502 1764 4544 con·

124 4596 196 4654 quas
221 4591 323 4636 causas
343 4579 486 4650 nascitur,
508 4595 557 4651 per
571 4579 681 4638 eusdem
695 4580 869 4656 dissolvltur3
886 4583 932 4642 sed
967 4577 1052 4634 traria
1066 4592 1150 4649 supra
1163 4576 1262 4649 posite,
1278 4577 1342 4649 qula
1357 4583 1480 4649 potestas
1496 4578 1622 4649 superior
1634 4593 1688 4636 non
1701 4593 1767 4651 pen·

123 4672 254 4728 voluutas
283 4675 312 4726 et
331 4674 452 4740 poteslas
472 4668 632 4741 legislatoris
652 4678 718 4728 sunl
742 4672 892 4746 principia,
917 4689 934 4730 a
966 4667 1013 4725 del
1033 4669 1067 4724 ab
1081 4667 1224 4740 interiore,
1239 4682 1327 4740 neque
1342 4667 1444 4741 indiget
1458 4667 1503 4724 ille
1517 4667 1542 4723 in
1557 4667 1613 4740 bis,
1630 4683 1700 4743 quae
1717 4683 1767 4740 per

125 4761 228 4834 qulbus
249 4757 292 4816 lex
306 4757 422 4830 pendet,
438 4773 505 4831 ergo
520 4773 568 4830 per
581 4773 614 4815 ea
628 4766 720 4833 potest
734 4761 871 4836 obrogari.
884 4767 932 4820 nt·
967 4760 1086 4831 seipsam
1106 4757 1187 4831 lacit3
1210 4771 1261 4813 nec
1281 4759 1365 4814 etlam
1385 4764 1476 4830 polest
1490 4757 1623 4814 interioris
1639 4757 1766 4814 voluntas

125 4865 179 4923 que
203 4850 242 4907 ita
264 4849 381 4905 maxime
401 4845 529 4920 procedit
547 4850 661 4907 assertio
675 4851 702 4906 in
716 4866 844 4923 supremo
859 4852 934 4924 prin·
967 4847 1138 4906 voluntatem
1153 4846 1301 4918 superioris
1317 4852 1435 4918 mutare,
1454 4852 1485 4904 ut
1497 4863 1547 4919 per
1561 4862 1589 4903 se
1604 4853 1726 4921 constal,
1740 4852 1769 4903 et

124 4943 197 5012 cipe,
214 4939 263 5014 qui
284 4938 453 5010 superiorem
467 4938 494 4994 in
509 4955 560 4996 suc
574 4939 669 4996 ordine
683 4955 737 4996 non
748 4945 931 5017 recognoscit,
967 4937 1080 5011 probari
1093 4943 1185 5010 potest
1196 4951 1229 4993 ex
1244 4951 1306 5009 cap.
1325 4939 1402 4995 Cum
1412 4933 1547 5008 inferior,
1562 4935 1596 4994 dc
1610 4937 1727 4995 malorit.
1740 4941 1768 4996 et

124 5038 151 5087 et
165 5031 229 5088 ideo
250 5043 358 5101 semper
373 5027 455 5085 babel
467 5027 592 5086 eamdem
602 5035 775 5104 potestatem,
787 5038 817 5089 et
827 5039 934 5092 mutere
967 5026 1048 5086 obed.
1069 5033 1165 5103 estque
1186 5043 1230 5085 res
1245 5041 1292 5099 per
1306 5041 1336 5083 se
1351 5028 1417 5083 satis
1431 5026 1522 5100 clara3
1538 5027 1713 5085 nihilominus
1728 5035 1767 5087 ta·

125 5127 215 5193 potest
241 5118 424 5176 volunlatem.
445 5117 501 5176 Sub
520 5120 665 5177 conditore
679 5127 770 5178 autem
786 5121 853 5196 legis
869 5139 934 5181 suc-
967 5135 1031 5177 meo
1045 5119 1102 5177 duo
1115 5120 1207 5192 gravia
1222 5116 1304 5174 dubia
1317 5116 1393 5174 eirca
1407 5114 1480 5174 illam
1493 5124 1660 5175 occurrunt.

125 5223 266 5268 cessorem
294 5206 570 5282 comprehendimus,
587 5209 649 5282 quia
664 5209 787 5268 eiusdem
802 5219 844 5268 est
858 5219 934 5285 pote·
1006 5210 1126 5267 Primum
1145 5207 1258 5264 dubium
1279 5211 1339 5278 est,
1359 5220 1393 5263 en
1407 5205 1517 5262 inlerior
1531 5207 1617 5280 possit
1630 5205 1766 5265 interdum

126 5299 223 5371 statis,
243 5303 407 5370 argumento
423 5311 486 5369 cap.
502 5301 646 5363 innotuit,
663 5297 697 5358 de
712 5299 792 5358 elect.
807 5308 836 5360 et
850 5303 934 5360 sumi·
968 5300 1102 5374 abrogare
1120 5297 1207 5371 legem
1221 5297 1382 5370 superioris,
1399 5295 1496 5354 sellem
1510 5299 1537 5355 in
1551 5314 1603 5354 suo
1617 5299 1764 5372 territorio,

216 5406 319 5456 Scaeua,
328 5405 359 5450 lle
366 5404 456 5459 Leptim
465 5404 549 5449 -Pars
556 5404 585 5449 ll.
770 5441 775 5450 .
1554 5405 1582 5451 aa

409 2991 653 3056 Suomarium
