4278 6242
861 405 1106 456 cnrnrxxvru.
1689 393 1750 457 119

150 551 208 593 non
223 542 267 592 est
281 532 406 607 poenale,
421 530 469 590 sed
482 533 663 591 intrinsecum
674 533 758 590 actui.
772 533 805 590 lit
816 532 850 589 ita
861 531 953 588 riden-
991 539 1069 589 cerel
1083 532 1117 590 do
1132 533 1284 590 irritatione
1299 535 1357 605 ipso
1372 535 1456 607 iacto,
1472 541 1556 606 prout
1570 551 1585 591 a
1598 533 1674 591 nobis
1689 542 1732 590 est
1745 548 1791 590 ex-

148 633 199 682 tur
221 625 322 697 exponi
340 623 437 680 similia
458 624 519 680 iura
539 625 567 680 in
589 639 651 696 cap.
668 623 718 680 ult.
734 624 818 680 Extro
833 621 866 678 de
880 626 952 694 pact.
990 620 1101 693 plicata.
1118 624 1184 680 'ires
1198 633 1262 679 vero
1276 623 1450 681 limitationes
1461 610 1578 681 adhibet:
1590 625 1725 697 prima,ut
1738 622 1790 680 hac

147 715 196 772 ubi
209 711 364 772 Glosslate
379 711 404 768 id
419 710 550 782 declaret,
567 719 684 769 streete
698 711 825 776 advertit,
842 717 954 781 pactum
989 710 1158 784 intelligatur
1177 719 1283 769 tanturn
1303 713 1328 768 in
1346 713 1424 768 terris
1440 713 1557 785 imperii,
1573 729 1644 786 quae
1659 728 1723 768 vera
1737 719 1789 784 est,

147 811 231 876 turpe
252 802 325 874 dici,
348 801 389 858 vel
410 802 474 874 quia
492 808 536 858 est
553 801 587 858 de
602 817 631 858 re
652 801 724 874 turpi
739 801 829 874 quoad
845 800 953 857 lectuna
992 807 1022 856 ut
1040 803 1184 875 inquerla
1203 802 1354 858 assertione
1374 800 1477 860 dicam.
1491 801 1567 860 Unde
1587 808 1788 874 consequenter

146 895 242 966 ipsum
257 891 396 962 absolute,
409 890 451 948 rel
465 891 530 964 quia
544 899 586 948 est
601 891 633 948 dc
648 907 778 964 re,qnam
794 907 847 948 non
864 890 953 956 decet,
990 888 1135 946 dicendum
1157 896 1209 960 est,
1224 892 1472 961 interpretationem
1488 890 1560 948 illius
1574 891 1650 965 legis,
1663 896 1744 963 prout
1758 889 1792 946 ad

147 999 200 1040 nec
219 979 333 1054 expedit
353 981 410 1038 lieri
424 995 458 1037 ex
472 986 564 1054 pacto,
581 981 621 1038 vel
637 980 820 1054 obligatione,
836 985 869 1036 nt
881 977 955 1034 dolio
991 978 1056 1034 alias
1079 978 1253 1049 extenditur,
1275 980 1370 1037 solum
1389 979 1510 1054 adaptari
1525 996 1604 1052 posse
1620 980 1661 1037 his
1676 979 1790 1053 legibus,

147 1074 190 1132 rei
205 1071 373 1145 spiritualis,
389 1071 545 1142 absimiles,
559 1070 593 1128 de
609 1069 710 1143 quibus
725 1069 778 1126 late
793 1068 910 1126 diximus
927 1066 952 1121 in
991 1083 1061 1140 quas
1078 1069 1225 1140 imperator
1238 1069 1411 1141 interpretari
1426 1077 1528 1141 potest,
1544 1068 1661 1143 ideoque
1675 1086 1709 1127 ex
1723 1070 1747 1125 ri
1762 1068 1793 1126 il·

150 1165 200 1220 lib.
216 1167 244 1221 2.
261 1162 295 1219 de
311 1160 478 1218 iuramento.
494 1161 614 1217 irritatio
629 1175 695 1232 ergo
709 1158 828 1231 poenalis
842 1159 901 1228 ipso
916 1155 955 1210 la·
991 1156 1044 1213 lius
1061 1173 1114 1213 non
1130 1156 1229 1214 cedere
1244 1158 1493 1231 interpretationem
1507 1156 1579 1215 illam
1592 1160 1618 1215 in
1632 1160 1694 1216 iura
1705 1174 1790 1216 cano·

148 1257 197 1309 cto
211 1251 325 1307 inducta
343 1265 392 1322 per
411 1250 497 1322 legem
513 1256 619 1306 tantum
634 1249 823 1320 prohibentem
838 1262 893 1302 non
910 1251 954 1300 est
978 1247 1068 1317 nica,
1093 1261 1183 1320 neque
1201 1247 1228 1302 in
1250 1247 1322 1319 leges
1343 1247 1412 1304 latas
1427 1261 1442 1303 a
1457 1263 1586 1320 supremo
1600 1248 1723 1320 principe
1737 1263 1791 1304 nan

149 1340 256 1413 antiqui
276 1340 354 1411 iuris,
376 1337 422 1395 sed
445 1353 492 1410 per
511 1338 598 1411 legem
616 1353 677 1394 non
697 1335 819 1393 dubium
844 1334 957 1391 inducta
995 1335 1105 1392 subdito
1121 1337 1288 1408 imperatori,
1305 1344 1337 1392 ut
1351 1336 1376 1391 in
1391 1339 1543 1393 assertione
1557 1339 1636 1393 tertia
1649 1344 1792 1410 etquarta

151 1438 206 1502 est,
223 1445 294 1503 quae
310 1426 402 1500 quoad
420 1427 472 1484 hcc
487 1434 515 1483 et
528 1443 610 1496 narn,
625 1433 654 1483 et
666 1427 890 1497 constitutiva,et
902 1438 955 1478 oon
992 1425 1189 1497 explicabimus
1202 1447 1210 1496 ς
1232 1432 1258 1481 et
1278 1426 1313 1481 ita
1326 1425 1462 1482 evitantur
1477 1426 1578 1483 multae
1595 1426 1749 1498 instantiae,
1765 1433 1793 1484 et

151 1527 260 1578 tanturn
282 1517 447 1574 declarativa
468 1515 531 1573 luit.
549 1519 583 1573 Et
604 1517 637 1573 ad
660 1516 713 1573 hoc
735 1513 954 1572 contirmandum
992 1514 1114 1585 exempla
1129 1515 1257 1586 superius
1271 1509 1401 1580 adducta.

151 1609 244 1666 valere
261 1613 378 1680 possunt
391 1606 464 1663 dicta
478 1605 830 1678 iurisconsultorum,quae
846 1604 898 1660 late
912 1618 955 1658 re·
1037 1609 1079 1662 ta.
1094 1605 1219 1662 Secunda
1234 1605 1366 1660 limitatio
1379 1611 1432 1676 est,
1446 1612 1477 1661 ut
1492 1603 1544 1661 hoc
1560 1605 1735 1677 intelligatur,
1749 1608 1793 1666 ubi

150 1699 206 1755 lert
225 1697 355 1755 blendoza
379 1711 479 1766 supra:
502 1695 652 1752 censebant
665 1698 738 1752 eninr
753 1694 841 1766 legem
855 1693 957 1763 imper·
994 1693 1035 1751 lea
1049 1691 1095 1751 illa
1110 1694 1226 1766 viguerit
1238 1712 1245 1763 3
1259 1709 1321 1749 nam
1333 1693 1355 1748 si
1368 1708 1416 1764 per
1427 1693 1652 1751 consuetudinem
1663 1695 1794 1768 abrogata

151 1789 265 1860 lectam,
279 1800 353 1860 quae
366 1784 469 1858 aliquid
485 1785 543 1841 fieri
556 1786 714 1852 vetabat,et
728 1783 831 1840 lactum
847 1797 900 1838 non
915 1796 958 1837 re·
994 1784 1047 1855 sit,
1070 1800 1123 1841 non
1146 1781 1256 1839 habebit
1274 1782 1411 1840 effectum.
1428 1784 1514 1851 Quam
1529 1784 1607 1841 etiam
1622 1800 1713 1843 veram
1729 1802 1794 1844 cen·

152 1877 307 1949 scindebat,
316 1874 359 1932 sel
374 1874 427 1931 alia
438 1889 525 1946 poene
539 1875 678 1946 puniebat.
689 1875 763 1946 Ergo
779 1875 888 1946 signum
902 1878 956 1942 est,
995 1891 1053 1931 seo.-
1067 1889 1131 1930 nam
1145 1888 1284 1946 suppono,
1301 1871 1373 1945 leges
1388 1873 1471 1929 eliam
1485 1873 1622 1931 irritantes
1634 1891 1714 1946 posse
1728 1893 1797 1934 con·

152 1981 188 2023 er
197 1965 224 2020 ri
235 1965 303 2022 iuris
317 1965 423 2036 antiqui
436 1963 520 2019 solam
532 1963 741 2034 prohibitionem
753 1977 806 2018 non
818 1961 958 2017 induxisse
994 1963 1138 2021 suetudine
1159 1962 1295 2035 abrogari,
1309 1970 1340 2019 ut
1353 1961 1420 2018 inira
1437 1962 1485 2019 lib.
1499 1963 1557 2018 llll.
1573 1962 1744 2039 dicemus,el
1758 1969 1794 2025 ite

151 2069 269 2128 poenam
283 2053 457 2126 irritationis,
478 2053 530 2109 nisi
544 2051 616 2110 illam
628 2052 826 2124 expressisset,
842 2051 894 2107 luit
909 2050 956 2124 igi·
996 2054 1084 2127 potuit
1107 2053 1132 2108 in
1151 2039 1212 2109 hac
1233 2053 1405 2125 contingere.
1421 2052 1478 2108 lmo
1491 2053 1530 2108 ita
1542 2051 1575 2109 de
1588 2050 1663 2110 latito
1676 2069 1752 2127 esse,
1767 2063 1796 2114 et

155 2151 203 2202 tur
217 2144 272 2202 hoc
286 2159 390 2200 nortrm
406 2143 460 2199 ius.
567 2165 573 2179 ·
997 2139 1231 2199 consuetudinem
1256 2150 1353 2198 contra
1376 2139 1464 2214 legem
1487 2140 1561 2197 illam
1584 2146 1794 2217 praescripsisse

195 2234 325 2293 illunc
338 2248 404 2289 sero
418 2233 542 2288 occurrit
558 2230 638 2288 tertia
652 2231 781 2289 obiectio:
796 2245 859 2288 nam
870 2245 903 2286 ex
919 2227 959 2284 di·
997 2232 1125 2304 opinatur
1150 2231 1248 2288 llolina
1269 2230 1314 2287 ubi
1335 2245 1429 2302 supra.
1446 2231 1499 2287 Sed
1519 2237 1626 2302 oportet
1640 2232 1792 2306 advertere,

79 2373 82 2376 .
157 2331 204 2382 cta
219 2322 402 2396 explicatione
420 2327 576 2394 sequuntur
591 2319 647 2378 duo
658 2319 831 2376 incommoda
841 2327 961 2377 extreme
997 2320 1068 2376 hanc
1092 2319 1323 2376 consuetudinem
1344 2335 1397 2376 non
1415 2335 1475 2376 esse
1494 2319 1671 2392 colligendam
1691 2337 1725 2380 er
1739 2339 1794 2381 usu

157 2413 309 2472 contraria.
323 2413 414 2469 Unum
427 2417 487 2482 est,
503 2427 597 2468 nmnes
612 2417 776 2468 contractus
790 2412 877 2468 iactas
891 2425 958 2466 con·
997 2408 1105 2465 illorum
1121 2424 1279 2480 regnorum,
1295 2424 1344 2465 sea
1359 2411 1575 2480 provinciarum,
1592 2411 1616 2466 in
1631 2412 1733 2484 quibus
1748 2412 1791 2471 len

153 2509 198 2560 trs
218 2502 306 2574 legem
328 2501 517 2573 prohibentem
539 2495 663 2573 praecise
684 2517 744 2558 esse
765 2501 859 2557 irritos
882 2515 915 2557 ex
933 2499 961 2554 vi
995 2497 1041 2556 illa
1055 2489 1102 2570 per
1117 2513 1146 2553 se
1161 2511 1214 2553 non
1227 2497 1346 2570 obligat3
1363 2497 1427 2570 quia
1441 2497 1613 2555 consuetudo
1626 2500 1734 2558 illarum
1748 2517 1792 2560 re·

155 2593 224 2649 larris
238 2590 324 2648 ciuilis
339 2592 399 2662 ipso
415 2589 500 2661 lacto,
513 2591 614 2648 saltem
630 2591 711 2649 modo
725 2590 873 2663 explicato,
885 2589 959 2662 quod
996 2589 1106 2660 glanum
1128 2585 1191 2641 nihil
1212 2593 1341 2657 operatur
1362 2586 1386 2642 in
1408 2588 1488 2642 terris
1509 2586 1628 2660 imperii,
1650 2591 1788 2662 uipereo

156 2680 266 2738 ridetur
283 2678 385 2736 durum
398 2687 426 2735 et
440 2679 605 2736 incredibile.
618 2681 734 2754 sequela
749 2681 903 2752 patet,quia
918 2679 960 2737 lex
996 2682 1126 2746 constat3
1148 2682 1177 2733 et
1195 2675 1255 2732 ideo
1276 2675 1352 2732 nohis
1374 2675 1478 2732 incerta
1498 2682 1541 2734 est
1560 2675 1701 2750 derogatio
1729 2680 1789 2752 talis

157 2769 205 2827 illa
227 2769 431 2842 generalissime
452 2769 588 2841 loquitur,
609 2776 636 2825 st
655 2768 776 2826 extendit
790 2768 959 2826 decisionem
996 2765 1080 2839 legis,
1106 2765 1171 2837 quia
1196 2779 1278 2821 usum
1301 2770 1330 2820 et
1352 2778 1442 2821 mares
1461 2763 1570 2821 illarum
1585 2767 1789 2837 provinciarum

158 2873 239 2915 suam
262 2857 297 2914 ad
317 2844 440 2914 omniurn
455 2858 562 2930 legurn,
585 2864 639 2914 tarn
655 2859 860 2931 antiquiorum,
878 2873 960 2930 quarn
996 2856 1164 2928 ignoramus.
1176 2853 1272 2910 Salurn
1286 2868 1352 2926 ergo
1365 2852 1460 2910 dicere
1474 2856 1720 2928 possumus,lacile
1731 2857 1788 2914 lieri

158 2961 294 3003 novarum
312 2946 560 3018 interpretationes,
578 2946 632 3003 suh
646 2947 746 3017 quibus
765 2945 872 3004 videtur
886 2962 961 3003 com·
997 2948 1135 3019 potuisse,
1153 2950 1184 3000 ut
1197 2943 1328 3016 derogata
1342 2943 1432 3014 luerit,
1448 2945 1512 3017 quin
1531 2951 1574 3001 est
1592 2947 1670 3002 nimis
1691 2945 1790 3019 rigide,

157 3035 330 3109 prehendere
352 3035 426 3108 leges
447 3051 541 3092 omnes
564 3037 645 3092 etiarn
664 3043 729 3109 post
745 3037 817 3093 illam
839 3037 959 3094 suturas.
996 3041 1026 3091 et
1039 3034 1125 3091 multa
1140 3035 1218 3090 nimis
1234 3032 1437 3105 complectitur,
1451 3048 1516 3090 curn
1531 3033 1603 3106 leges
1618 3034 1794 3106 prohibentes

157 3127 215 3184 Nos
230 3127 313 3182 etiarn
326 3125 548 3198 impugnavimus
570 3141 665 3183 omnes
690 3127 861 3183 limitationes
876 3133 905 3182 et
923 3124 963 3181 di·
999 3125 1132 3182 humanas
1146 3124 1267 3180 actiones
1282 3129 1311 3180 et
1324 3129 1486 3181 contractus
1498 3123 1631 3196 plurimae
1646 3127 1711 3183 sint.
1719 3125 1796 3183 Unde

159 3209 338 3286 stinctiones,
358 3229 428 3288 quas
441 3215 555 3270 iuristae
568 3214 706 3288 adhihent,
722 3232 788 3288 ergo
801 3219 855 3272 erit
868 3214 964 3288 regule
995 3215 1079 3270 etiarn
1095 3214 1150 3269 lieri
1165 3213 1266 3285 potuit,
1283 3218 1314 3268 ut
1327 3227 1378 3284 pro
1392 3211 1529 3286 aliquibus
1543 3213 1651 3271 actibus
1665 3214 1796 3287 graviori·

140 3297 314 3362 'indistincte
329 3301 502 3376 intelligenda
516 3304 549 3360 de
565 3307 637 3361 omni
653 3305 711 3377 lege
725 3303 963 3377 prohibente,sci·
998 3291 1051 3360 b'us
1066 3303 1147 3360 luerit
1161 3308 1283 3375 recepta,
1296 3309 1324 3359 et
1338 3318 1387 3374 pro
1401 3301 1460 3358 aliis
1475 3301 1618 3376 derogator
1630 3303 1678 3361 aad
1694 3304 1746 3362 hoc
1762 3303 1797 3361 ad

159 3391 240 3464 licet,
261 3393 370 3448 irritare
384 3399 479 3449 actum
495 3391 590 3450 saltern
605 3409 637 3450 ex
651 3393 822 3452 institutione
836 3401 866 3451 et
881 3395 963 3451 inter·
1000 3392 1103 3452 lactum
1118 3392 1245 3464 pertinet.
1335 3451 1340 3460 ,

159 3482 312 3556 pretatione
328 3482 396 3538 iuris
410 3481 595 3540 uirilishliud
610 3484 818 3540 incommodum
832 3484 962 3556 est,quia
1038 3484 1127 3540 Tertia
1146 3480 1268 3538 limitatio
1282 3485 1339 3554 est,
1360 3487 1393 3538 ut
1404 3481 1572 3554 intelligatur
1586 3480 1620 3538 de
1635 3481 1694 3556 lege
1708 3481 1799 3554 prohi-

162 3571 306 3645 sequitur,
330 3569 437 3627 nullum
458 3577 635 3628 contractum
654 3572 754 3628 irritari
774 3572 833 3643 ipso
849 3571 923 3628 lacto
936 3574 965 3628 in
999 3574 1080 3630 beate
1104 3571 1264 3644 simpliciter
1287 3576 1383 3627 actum
1406 3570 1499 3644 quoad
1523 3570 1706 3629 substantiam
1725 3572 1797 3645 eius,

160 3661 224 3718 loro
244 3661 350 3716 animae
370 3674 420 3716 seu
445 3659 646 3732 conscientiae,
667 3659 716 3716 sed
733 3660 767 3716 ad
782 3675 922 3718 summurn
936 3662 964 3716 in
1000 3662 1054 3737 vel,
1067 3671 1100 3719 ut
1114 3663 1151 3718 ita
1164 3651 1266 3731 dicam,
1279 3658 1369 3732 quoad
1379 3659 1545 3717 exercitium
1558 3659 1627 3733 eius,
1641 3676 1694 3718 non
1708 3668 1798 3718 tamen

163 3749 260 3805 ordina
274 3747 308 3804 ad
323 3749 483 3805 sententiam
494 3747 686 3822 iudicis,quod
698 3764 750 3804 non
764 3749 874 3806 ridetur
885 3749 965 3804 etiam
1002 3751 1036 3810 de
1058 3751 1117 3824 lege
1136 3748 1295 3822 prohibente
1309 3749 1544 3806 circumstantiam
1558 3751 1637 3823 eius,
1653 3749 1799 3823 p'raec'ipne

163 3835 416 3907 admittendum,ut
430 3836 464 3893 de
479 3836 618 3910 aliquibus
629 3838 819 3894 contractibus
832 3853 964 3907 uxorum,
1001 3842 1150 3914 temporis,
1181 3845 1230 3896 aut
1256 3837 1319 3911 loci,
1345 3853 1417 3911 quae
1436 3837 1514 3895 valde
1533 3839 1702 3897 extrinsecae
1722 3846 1798 3898 sunt.

163 3928 317 3994 minorum,
334 3931 472 3992 tutorum,
493 3933 521 3983 et
535 3927 594 3982 eliis
610 3926 743 3983 similibus
757 3927 966 3984 communiores
1001 3933 1087 4001 Quam
1104 3931 1183 3988 etiarn
1196 3927 1391 3987 admittendam
1402 3942 1501 3985 censeo
1513 3944 1578 3986 cunr
1588 3929 1727 3986 communi
1739 3945 1801 3986 sen·

163 4023 196 4076 et
208 4013 405 4088 probabiliores
420 4015 512 4072 lerunt
522 4016 671 4088 opiniones.
683 4016 800 4090 sequela
811 4017 967 4090 patet,quia
1002 4023 1103 4091 tentia,
1123 4019 1185 4092 quin
1199 4033 1302 4090 poenae
1318 4017 1524 4092 restringendae
1538 4025 1621 4091 sunt,
1636 4019 1743 4092 etquis
1757 4033 1800 4076 se-

165 4104 243 4163 nulla
256 4105 298 4161 lex
309 4105 395 4161 civilis
407 4112 498 4176 potest
509 4107 666 4186 expressius
677 4107 782 4163 irritare
794 4112 965 4180 contractus,
1001 4110 1043 4168 lae
1062 4110 1165 4182 priores
1184 4108 1258 4182 leges
1279 4107 1334 4166 dici
1349 4114 1466 4181 possunt
1480 4109 1640 4181 simpliciter
1654 4107 1800 4182 prohibere

166 4210 252 4271 quam
266 4194 311 4251 illa
329 4194 373 4250 lex
395 4209 454 4250 non
472 4190 616 4262 dobinna;
631 4211 697 4268 ergo
712 4197 734 4251 si
750 4194 794 4251 illa
808 4211 862 4251 non
878 4195 968 4252 irritat
1002 4205 1107 4270 actum3
1124 4198 1192 4255 aliae
1205 4197 1277 4255 enirn
1289 4197 1378 4254 solunt
1389 4197 1549 4271 prohibent,
1566 4213 1600 4255 ne
1613 4198 1656 4255 bic
1672 4199 1712 4256 rel
1727 4213 1801 4255 nunc

168 4285 243 4342 dicto
258 4282 354 4354 modo,
369 4297 458 4356 neque
473 4281 540 4340 aliae
560 4283 587 4339 id
602 4284 713 4341 lacieat.
730 4285 786 4342 llae
801 4285 967 4342 abiectiones
1003 4289 1057 4345 liat.
1074 4290 1167 4361 lleque
1182 4302 1231 4359 per
1245 4287 1297 4344 hac
1315 4287 1438 4358 tollitur,
1460 4288 1525 4361 quin
1539 4289 1626 4360 possit
1639 4286 1683 4344 lex
1697 4287 1802 4345 irritare

170 4373 347 4446 postulabant
362 4371 463 4429 mullas
477 4379 618 4445 etgraves
632 4375 824 4447 quaestiones,
840 4389 910 4445 quas
925 4373 968 4430 hic
1003 4385 1097 4435 actum
1118 4379 1222 4434 ratione
1247 4375 1344 4433 talium
1368 4377 1657 4449 circumstantiarum,
1674 4375 1722 4432 sed
1735 4376 1803 4433 dici·

170 4477 204 4519 ex
223 4461 347 4535 prolesso
366 4467 490 4518 tractare
509 4477 563 4518 non
583 4478 749 4534 possumus,
769 4470 797 4519 et
815 4461 875 4520 ideo
895 4477 969 4519 nunc
1004 4483 1084 4540 rnus,
1107 4465 1132 4522 id
1153 4481 1208 4522 non
1227 4465 1285 4522 lieri
1299 4480 1333 4522 ex
1345 4465 1371 4522 ri
1385 4465 1452 4538 legis
1466 4481 1524 4522 non
1538 4462 1669 4532 dubium,
1687 4480 1720 4523 ac
1736 4465 1802 4523 suh·

170 4551 291 4608 breviter
311 4549 551 4622 respondebimus3
574 4550 601 4606 in
620 4551 670 4607 lane
691 4559 784 4608 autern
800 4551 909 4624 regulas
923 4549 971 4607 ali·
1005 4555 1067 4613 inde
1081 4571 1130 4627 per
1143 4554 1210 4612 alias
1225 4553 1299 4627 leges
1313 4553 1486 4612 solum-tunc
1499 4555 1566 4627 heri,
1578 4555 1690 4628 quanda
1704 4555 1731 4612 id
1746 4555 1804 4612 sul·
1884 4576 1890 4589 ·

170 4656 242 4714 quos
260 4640 424 4713 trademus,
446 4653 517 4712 quae
536 4640 593 4697 aliis
613 4641 820 4714 quaestionibus
842 4640 970 4698 deciden·
1004 4644 1126 4702 sicienter
1139 4643 1413 4716 explicaverint3nam
1429 4657 1478 4714 per
1492 4643 1577 4700 salam
1594 4644 1802 4716 prohihitionem

171 4729 213 4786 dis
228 4729 309 4787 utiles
322 4745 383 4786 esse
398 4732 513 4800 possint.
1005 4733 1276 4790 circumstantiarum
1289 4730 1318 4788 id
1331 4747 1385 4788 non
1401 4731 1513 4788 iaciunt.
1527 4733 1563 4789 lit
1577 4734 1614 4789 ita
1628 4748 1712 4805 supra
1726 4734 1804 4789 circe

214 4821 258 4877 te.
274 4817 315 4874 ltd
334 4818 452 4890 priorem
466 4832 532 4890 ergo
546 4826 653 4890 partem
667 4818 830 4877 obiectionis
845 4821 970 4893 vasquez
1005 4822 1113 4878 tertiam
1133 4819 1319 4878 limitationem
1340 4820 1393 4877 hoc
1413 4821 1635 4892 approbavimus.
1655 4822 1804 4878 instantiae

171 4905 242 4978 disp.
261 4909 324 4964 tat.
341 4904 458 4977 latetur,
479 4919 513 4962 ex
527 4905 553 4962 ri
570 4907 644 4963 illius
665 4906 729 4980 legis
750 4923 845 4965 omnes
860 4919 971 4966 cantra·
1006 4925 1161 4983 vero,quae
1174 4909 1210 4966 ihi
1225 4909 1326 4966 liehant
1340 4915 1438 4966 contra
1449 4909 1564 4968 alteram
1575 4917 1682 4982 partem
1694 4911 1804 4968 unirer·

171 5004 236 5053 ctus
257 4994 315 5067 lege
337 4994 457 5050 humane
477 4994 627 5066 prohibitos
647 5011 708 5052 esse
728 4999 809 5054 etiam
825 4997 927 5069 nullos,
944 5005 971 5056 et
1007 4999 1102 5071 solem,
1114 5000 1171 5056 lere
1186 5014 1280 5056 omnes
1295 4997 1476 5056 sumebantur
1485 5015 1518 5055 ex
1533 4999 1640 5072 legibus
1651 4998 1805 5073 canonicis,

172 5086 283 5143 omnino
299 5085 392 5140 irritos
406 5079 466 5155 ipso
479 5086 557 5156 iure;
573 5084 649 5158 quod
664 5085 720 5157 ipse
736 5085 781 5161 (ul
792 5085 915 5158 ridetur)
932 5089 972 5144 in·
987 5089 993 5100 '
1009 5104 1080 5162 quae
1103 5104 1156 5145 non
1181 5088 1336 5161 procedunt
1360 5092 1458 5145 coutra
1481 5087 1569 5161 legem
1592 5105 1653 5146 non
1670 5087 1804 5152 amians.

173 5175 272 5248 telligit
286 5175 314 5230 in
329 5173 507 5246 conscientia,
517 5179 545 5230 et
559 5175 651 5232 statim
666 5173 769 5248 absque
783 5175 835 5232 alia
848 5175 970 5233 declara·
1008 5192 1080 5250 quae
1095 5178 1182 5234 civilis
1197 5185 1249 5246 est,
1260 5184 1288 5235 et
1301 5177 1334 5235 de
1348 5177 1401 5234 illis
1413 5176 1536 5234 dicemus
1548 5179 1572 5235 in
1588 5179 1677 5252 capite
1690 5195 1806 5254 sequen·

174 5266 260 5336 tione,
277 5263 318 5322 vel
333 5265 469 5321 sententia
482 5262 592 5321 iudicis.
608 5263 684 5323 Unde
700 5264 832 5323 aiortiori
847 5265 917 5324 idem
931 5267 971 5324 di·
1010 5267 1041 5324 ti.
1054 5267 1128 5324 ltliae
1143 5282 1208 5326 vero
1229 5267 1263 5326 de
1283 5267 1360 5342 ludo,
1374 5272 1402 5325 et
1415 5266 1448 5324 de
1463 5269 1598 5326 sententia
1611 5269 1802 5343 conditionali,
