<?xml version="1.0" encoding="UTF-8"?>
<!DOCTYPE html PUBLIC "-//W3C//DTD XHTML 1.0 Transitional//EN"
    "http://www.w3.org/TR/xhtml1/DTD/xhtml1-transitional.dtd">
<html xmlns="http://www.w3.org/1999/xhtml" xml:lang="en" lang="en">
 <head>
  <title>
</title>
<meta http-equiv="Content-Type" content="text/html;charset=utf-8" />
  <meta name='ocr-system' content='tesseract 3.04.00' />
  <meta name='ocr-capabilities' content='ocr_page ocr_carea ocr_par ocr_line ocrx_word'/>
</head>
<body>
  <div class='ocr_page' id='page_1' title='image "./tractatusdelegi00sugoog/tractatusdelegi00sugoog_0389.png"; bbox 0 0 4290 6222; ppageno 0'>
   <div class='ocr_carea' id='block_1_1' title="bbox 380 339 1271 407">
    <p class='ocr_par' dir='ltr' id='par_1_1' title="bbox 380 339 1271 407">
     <span class='ocr_line' id='line_1_1' title="bbox 380 339 1271 407; baseline -0.001 -1"><span class='ocrx_word' id='word_1_1' title='bbox 380 339 448 407; x_wconf 82' lang='lat'>376</span> <span class='ocrx_word' id='word_1_2' title='bbox 1078 355 1181 406; x_wconf 82' lang='lat' dir='ltr'>amna</span> <span class='ocrx_word' id='word_1_3' title='bbox 1194 355 1271 406; x_wconf 85' lang='lat' dir='ltr'>viii.</span> 
     </span>
    </p>
   </div>
   <div class='ocr_carea' id='block_1_2' title="bbox 267 475 1980 735">
    <p class='ocr_par' dir='ltr' id='par_1_2' title="bbox 267 475 1980 735">
     <span class='ocr_line' id='line_1_2' title="bbox 267 475 1980 560; baseline -0.005 -22"><span class='ocrx_word' id='word_1_4' title='bbox 267 531 270 538; x_wconf 91' lang='lat'>.</span> <span class='ocrx_word' id='word_1_5' title='bbox 341 481 453 554; x_wconf 89' lang='lat' dir='ltr'>agendi,</span> <span class='ocrx_word' id='word_1_6' title='bbox 473 481 524 540; x_wconf 91' lang='lat' dir='ltr'>nisi</span> <span class='ocrx_word' id='word_1_7' title='bbox 541 483 567 539; x_wconf 91' lang='lat' dir='ltr'>in</span> <span class='ocrx_word' id='word_1_8' title='bbox 587 481 667 539; x_wconf 90' lang='lat' dir='ltr'>terris</span> <span class='ocrx_word' id='word_1_9' title='bbox 687 482 759 560; x_wconf 90' lang='lat' dir='ltr'>suis,</span> <span class='ocrx_word' id='word_1_10' title='bbox 774 481 817 539; x_wconf 90' lang='lat' dir='ltr'>rel</span> <span class='ocrx_word' id='word_1_11' title='bbox 831 498 863 540; x_wconf 82' lang='lat' dir='ltr'>ex</span> <span class='ocrx_word' id='word_1_12' title='bbox 879 482 943 557; x_wconf 90' lang='lat' dir='ltr'>illis,</span> <span class='ocrx_word' id='word_1_13' title='bbox 960 488 1009 541; x_wconf 91' lang='lat' dir='ltr'>aut</span> <span class='ocrx_word' id='word_1_14' title='bbox 1021 483 1097 539; x_wconf 87' lang='lat' dir='ltr'>circa</span> <span class='ocrx_word' id='word_1_15' title='bbox 1112 482 1142 538; x_wconf 91' lang='lat' dir='ltr'>il·</span> <span class='ocrx_word' id='word_1_16' title='bbox 1178 479 1331 552; x_wconf 90' lang='lat' dir='ltr'>criminali,</span> <span class='ocrx_word' id='word_1_17' title='bbox 1353 485 1381 537; x_wconf 91' lang='lat' dir='ltr'>et</span> <span class='ocrx_word' id='word_1_18' title='bbox 1395 479 1428 536; x_wconf 83' lang='lat' dir='ltr'>ali</span> <span class='ocrx_word' id='word_1_19' title='bbox 1443 479 1515 536; x_wconf 87' lang='lat' dir='ltr'>omni</span> <span class='ocrx_word' id='word_1_20' title='bbox 1530 493 1659 549; x_wconf 89' lang='lat' dir='ltr'>censura,</span> <span class='ocrx_word' id='word_1_21' title='bbox 1675 484 1704 535; x_wconf 93' lang='lat' dir='ltr'>et</span> <span class='ocrx_word' id='word_1_22' title='bbox 1716 475 1908 534; x_wconf 89' lang='lat' dir='ltr'>ecclesiastica</span> <span class='ocrx_word' id='word_1_23' title='bbox 1922 487 1980 545; x_wconf 88' lang='lat' dir='ltr'>poe·</span> 
     </span>
     <span class='ocr_line' id='line_1_3' title="bbox 341 563 1980 645; baseline -0.005 -17"><span class='ocrx_word' id='word_1_24' title='bbox 341 570 396 637; x_wconf 85' lang='lat' dir='ltr'>las,</span> <span class='ocrx_word' id='word_1_25' title='bbox 415 579 464 628; x_wconf 92' lang='lat' dir='ltr'>aut</span> <span class='ocrx_word' id='word_1_26' title='bbox 477 587 541 628; x_wconf 89' lang='lat' dir='ltr'>cum</span> <span class='ocrx_word' id='word_1_27' title='bbox 556 573 648 645; x_wconf 91' lang='lat' dir='ltr'>aliqua</span> <span class='ocrx_word' id='word_1_28' title='bbox 663 572 742 628; x_wconf 85' lang='lat' dir='ltr'>simili</span> <span class='ocrx_word' id='word_1_29' title='bbox 758 569 925 630; x_wconf 76' lang='lat' dir='ltr'>habitudine.</span> <span class='ocrx_word' id='word_1_30' title='bbox 1177 587 1223 642; x_wconf 92' lang='lat' dir='ltr'>na,</span> <span class='ocrx_word' id='word_1_31' title='bbox 1240 579 1268 628; x_wconf 95' lang='lat' dir='ltr'>et</span> <span class='ocrx_word' id='word_1_32' title='bbox 1285 570 1397 628; x_wconf 89' lang='lat' dir='ltr'>similia:</span> <span class='ocrx_word' id='word_1_33' title='bbox 1415 570 1527 644; x_wconf 89' lang='lat' dir='ltr'>quodsi</span> <span class='ocrx_word' id='word_1_34' title='bbox 1543 567 1646 642; x_wconf 91' lang='lat' dir='ltr'>aliquid</span> <span class='ocrx_word' id='word_1_35' title='bbox 1661 568 1856 625; x_wconf 85' lang='lat' dir='ltr'>interdum-est</span> <span class='ocrx_word' id='word_1_36' title='bbox 1866 580 1900 622; x_wconf 80' lang='lat' dir='ltr'>ex</span> <span class='ocrx_word' id='word_1_37' title='bbox 1913 563 1980 620; x_wconf 86' lang='lat' dir='ltr'>iusti-</span> 
     </span>
     <span class='ocr_line' id='line_1_4' title="bbox 382 659 1979 735; baseline -0.006 -17"><span class='ocrx_word' id='word_1_38' title='bbox 382 667 412 719; x_wconf 87' lang='lat'>5.</span> <span class='ocrx_word' id='word_1_39' title='bbox 427 661 479 719; x_wconf 90' lang='lat' dir='ltr'>Sed</span> <span class='ocrx_word' id='word_1_40' title='bbox 494 678 621 735; x_wconf 80' lang='lat' dir='ltr'>quaeres,</span> <span class='ocrx_word' id='word_1_41' title='bbox 637 679 670 718; x_wconf 90' lang='lat' dir='ltr'>an</span> <span class='ocrx_word' id='word_1_42' title='bbox 685 661 755 718; x_wconf 88' lang='lat' dir='ltr'>idem</span> <span class='ocrx_word' id='word_1_43' title='bbox 768 663 855 733; x_wconf 79' lang='lat' dir='ltr'>possit</span> <span class='ocrx_word' id='word_1_44' title='bbox 868 661 975 719; x_wconf 87' lang='lat' dir='ltr'>sibimet</span> <span class='ocrx_word' id='word_1_45' title='bbox 989 659 1142 718; x_wconf 76' lang='lat' dir='ltr'>concedere</span> <span class='ocrx_word' id='word_1_46' title='bbox 1177 664 1284 720; x_wconf 86' lang='lat' dir='ltr'>tutione</span> <span class='ocrx_word' id='word_1_47' title='bbox 1299 662 1446 735; x_wconf 86' lang='lat' dir='ltr'>pontilicis,</span> <span class='ocrx_word' id='word_1_48' title='bbox 1463 667 1506 718; x_wconf 91' lang='lat' dir='ltr'>est</span> <span class='ocrx_word' id='word_1_49' title='bbox 1520 668 1649 733; x_wconf 86' lang='lat' dir='ltr'>tanquam</span> <span class='ocrx_word' id='word_1_50' title='bbox 1660 659 1784 716; x_wconf 86' lang='lat' dir='ltr'>debitum</span> <span class='ocrx_word' id='word_1_51' title='bbox 1796 659 1858 713; x_wconf 90' lang='lat' dir='ltr'>iure</span> <span class='ocrx_word' id='word_1_52' title='bbox 1871 661 1979 711; x_wconf 88' lang='lat' dir='ltr'>naturae</span> 
     </span>
    </p>
   </div>
   <div class='ocr_carea' id='block_1_3' title="bbox 236 731 1981 827">
    <p class='ocr_par' dir='ltr' id='par_1_3' title="bbox 236 731 1981 827">
     <span class='ocr_line' id='line_1_5' title="bbox 236 731 1981 827; baseline -0.005 -20"><span class='ocrx_word' id='word_1_53' title='bbox 236 731 239 736; x_wconf 39' lang='lat'>⁵</span> <span class='ocrx_word' id='word_1_54' title='bbox 340 750 525 824; x_wconf 82' lang='lat' dir='ltr'>privilegium,</span> <span class='ocrx_word' id='word_1_55' title='bbox 543 758 576 808; x_wconf 93' lang='lat' dir='ltr'>ut</span> <span class='ocrx_word' id='word_1_56' title='bbox 589 767 616 808; x_wconf 86' lang='lat' dir='ltr'>r.</span> <span class='ocrx_word' id='word_1_57' title='bbox 632 769 660 824; x_wconf 88' lang='lat' dir='ltr'>g.</span> <span class='ocrx_word' id='word_1_58' title='bbox 675 751 810 822; x_wconf 77' lang='lat' dir='ltr'>Pontifex,</span> <span class='ocrx_word' id='word_1_59' title='bbox 825 759 853 807; x_wconf 93' lang='lat' dir='ltr'>et</span> <span class='ocrx_word' id='word_1_60' title='bbox 867 753 913 824; x_wconf 89' lang='lat' dir='ltr'>qui</span> <span class='ocrx_word' id='word_1_61' title='bbox 927 753 954 806; x_wconf 91' lang='lat' dir='ltr'>in</span> <span class='ocrx_word' id='word_1_62' title='bbox 965 750 1087 823; x_wconf 87' lang='lat' dir='ltr'>quolibet</span> <span class='ocrx_word' id='word_1_63' title='bbox 1098 765 1144 805; x_wconf 88' lang='lat' dir='ltr'>or·</span> <span class='ocrx_word' id='word_1_64' title='bbox 1177 751 1213 809; x_wconf 91' lang='lat' dir='ltr'>illi</span> <span class='ocrx_word' id='word_1_65' title='bbox 1227 752 1362 827; x_wconf 79' lang='lat' dir='ltr'>dignitati3</span> <span class='ocrx_word' id='word_1_66' title='bbox 1380 752 1509 825; x_wconf 88' lang='lat' dir='ltr'>ideoque,</span> <span class='ocrx_word' id='word_1_67' title='bbox 1526 756 1558 808; x_wconf 93' lang='lat' dir='ltr'>ut</span> <span class='ocrx_word' id='word_1_68' title='bbox 1572 752 1607 807; x_wconf 91' lang='lat' dir='ltr'>ita</span> <span class='ocrx_word' id='word_1_69' title='bbox 1621 749 1722 815; x_wconf 86' lang='lat' dir='ltr'>dicam,</span> <span class='ocrx_word' id='word_1_70' title='bbox 1736 748 1829 820; x_wconf 91' lang='lat' dir='ltr'>potius</span> <span class='ocrx_word' id='word_1_71' title='bbox 1840 752 1885 802; x_wconf 91' lang='lat' dir='ltr'>est</span> <span class='ocrx_word' id='word_1_72' title='bbox 1898 743 1981 800; x_wconf 88' lang='lat' dir='ltr'>deter-</span> 
     </span>
    </p>
   </div>
   <div class='ocr_carea' id='block_1_4' title="bbox 340 833 1988 2721">
    <p class='ocr_par' dir='ltr' id='par_1_4' title="bbox 340 833 1988 2721">
     <span class='ocr_line' id='line_1_6' title="bbox 340 833 1979 915; baseline -0.005 -19"><span class='ocrx_word' id='word_1_73' title='bbox 340 839 402 896; x_wconf 90' lang='lat' dir='ltr'>dine</span> <span class='ocrx_word' id='word_1_74' title='bbox 414 855 469 896; x_wconf 90' lang='lat' dir='ltr'>non</span> <span class='ocrx_word' id='word_1_75' title='bbox 488 839 570 898; x_wconf 89' lang='lat' dir='ltr'>habet</span> <span class='ocrx_word' id='word_1_76' title='bbox 580 841 762 912; x_wconf 91' lang='lat' dir='ltr'>superiorem.</span> <span class='ocrx_word' id='word_1_77' title='bbox 775 842 843 896; x_wconf 86' lang='lat' dir='ltr'>Napi</span> <span class='ocrx_word' id='word_1_78' title='bbox 856 839 897 896; x_wconf 89' lang='lat' dir='ltr'>illa</span> <span class='ocrx_word' id='word_1_79' title='bbox 908 840 988 897; x_wconf 91' lang='lat' dir='ltr'>etiam</span> <span class='ocrx_word' id='word_1_80' title='bbox 1001 843 1091 911; x_wconf 83' lang='lat' dir='ltr'>potest</span> <span class='ocrx_word' id='word_1_81' title='bbox 1102 839 1142 894; x_wconf 93' lang='lat' dir='ltr'>in·</span> <span class='ocrx_word' id='word_1_82' title='bbox 1178 842 1287 899; x_wconf 90' lang='lat' dir='ltr'>minatio</span> <span class='ocrx_word' id='word_1_83' title='bbox 1306 841 1442 915; x_wconf 90' lang='lat' dir='ltr'>quaedam</span> <span class='ocrx_word' id='word_1_84' title='bbox 1458 841 1527 898; x_wconf 89' lang='lat' dir='ltr'>iuris</span> <span class='ocrx_word' id='word_1_85' title='bbox 1541 839 1642 912; x_wconf 80' lang='lat' dir='ltr'>divini,</span> <span class='ocrx_word' id='word_1_86' title='bbox 1657 853 1741 912; x_wconf 89' lang='lat' dir='ltr'>quam</span> <span class='ocrx_word' id='word_1_87' title='bbox 1756 837 1911 894; x_wconf 91' lang='lat' dir='ltr'>liumanum</span> <span class='ocrx_word' id='word_1_88' title='bbox 1930 833 1979 904; x_wconf 95' lang='lat' dir='ltr'>pri·</span> 
     </span>
     <span class='ocr_line' id='line_1_7' title="bbox 340 927 1316 1005; baseline 0.004 -21"><span class='ocrx_word' id='word_1_89' title='bbox 340 927 432 1005; x_wconf 89' lang='lat' dir='ltr'>digera</span> <span class='ocrx_word' id='word_1_90' title='bbox 453 929 604 1002; x_wconf 82' lang='lat' dir='ltr'>privilegio,</span> <span class='ocrx_word' id='word_1_91' title='bbox 619 930 693 1003; x_wconf 91' lang='lat' dir='ltr'>quod</span> <span class='ocrx_word' id='word_1_92' title='bbox 708 929 766 986; x_wconf 92' lang='lat' dir='ltr'>aliis</span> <span class='ocrx_word' id='word_1_93' title='bbox 780 935 871 1002; x_wconf 89' lang='lat' dir='ltr'>potest</span> <span class='ocrx_word' id='word_1_94' title='bbox 884 928 1050 998; x_wconf 83' lang='lat' dir='ltr'>concedere,</span> <span class='ocrx_word' id='word_1_95' title='bbox 1065 934 1094 985; x_wconf 90' lang='lat' dir='ltr'>et</span> <span class='ocrx_word' id='word_1_96' title='bbox 1108 927 1142 984; x_wconf 86' lang='lat' dir='ltr'>ali</span> <span class='ocrx_word' id='word_1_97' title='bbox 1177 931 1316 1004; x_wconf 84' lang='lat' dir='ltr'>vilegium.</span> 
     </span>
     <span class='ocr_line' id='line_1_8' title="bbox 341 1011 1982 1094; baseline -0.004 -19"><span class='ocrx_word' id='word_1_98' title='bbox 341 1018 392 1076; x_wconf 92' lang='lat' dir='ltr'>alio</span> <span class='ocrx_word' id='word_1_99' title='bbox 415 1035 470 1077; x_wconf 93' lang='lat' dir='ltr'>non</span> <span class='ocrx_word' id='word_1_100' title='bbox 490 1025 581 1092; x_wconf 89' lang='lat' dir='ltr'>potest</span> <span class='ocrx_word' id='word_1_101' title='bbox 600 1020 742 1093; x_wconf 76' lang='lat' dir='ltr'>reciper03</span> <span class='ocrx_word' id='word_1_102' title='bbox 763 1019 863 1091; x_wconf 91' lang='lat' dir='ltr'>poterit</span> <span class='ocrx_word' id='word_1_103' title='bbox 876 1035 944 1092; x_wconf 90' lang='lat' dir='ltr'>ergo</span> <span class='ocrx_word' id='word_1_104' title='bbox 958 1018 1064 1075; x_wconf 89' lang='lat' dir='ltr'>sibimet</span> <span class='ocrx_word' id='word_1_105' title='bbox 1077 1014 1144 1073; x_wconf 94' lang='lat' dir='ltr'>illud</span> <span class='ocrx_word' id='word_1_106' title='bbox 1222 1023 1248 1079; x_wconf 83' lang='grc'>7.</span> <span class='ocrx_word' id='word_1_107' title='bbox 1265 1019 1438 1094; x_wconf 88' lang='lat' dir='ltr'>indulgentia</span> <span class='ocrx_word' id='word_1_108' title='bbox 1452 1034 1517 1077; x_wconf 80' lang='lat' dir='ltr'>vero</span> <span class='ocrx_word' id='word_1_109' title='bbox 1532 1018 1613 1076; x_wconf 88' lang='lat' dir='ltr'>habet</span> <span class='ocrx_word' id='word_1_110' title='bbox 1626 1016 1762 1089; x_wconf 83' lang='lat' dir='ltr'>specimen</span> <span class='ocrx_word' id='word_1_111' title='bbox 1778 1011 1921 1088; x_wconf 78' lang='lat' dir='ltr'>quoddam</span> <span class='ocrx_word' id='word_1_112' title='bbox 1931 1011 1982 1083; x_wconf 93' lang='lat' dir='ltr'>pri·</span> 
     </span>
     <span class='ocr_line' id='line_1_9' title="bbox 342 1097 1982 1183; baseline -0.005 -18"><span class='ocrx_word' id='word_1_113' title='bbox 342 1108 490 1182; x_wconf 88' lang='lat' dir='ltr'>applicare,</span> <span class='ocrx_word' id='word_1_114' title='bbox 502 1110 566 1182; x_wconf 89' lang='lat' dir='ltr'>quia</span> <span class='ocrx_word' id='word_1_115' title='bbox 576 1110 673 1182; x_wconf 90' lang='lat' dir='ltr'>prioris</span> <span class='ocrx_word' id='word_1_116' title='bbox 688 1097 851 1165; x_wconf 83' lang='lat' dir='ltr'>conditionis</span> <span class='ocrx_word' id='word_1_117' title='bbox 862 1123 923 1164; x_wconf 87' lang='lat' dir='ltr'>esse</span> <span class='ocrx_word' id='word_1_118' title='bbox 936 1124 990 1164; x_wconf 90' lang='lat' dir='ltr'>non</span> <span class='ocrx_word' id='word_1_119' title='bbox 1004 1105 1094 1163; x_wconf 86' lang='lat' dir='ltr'>debet.</span> <span class='ocrx_word' id='word_1_120' title='bbox 1109 1106 1145 1161; x_wconf 86' lang='lat' dir='ltr'>Et</span> <span class='ocrx_word' id='word_1_121' title='bbox 1178 1109 1278 1183; x_wconf 79' lang='lat' dir='ltr'>vilegii,</span> <span class='ocrx_word' id='word_1_122' title='bbox 1294 1112 1435 1168; x_wconf 91' lang='lat' dir='ltr'>communi</span> <span class='ocrx_word' id='word_1_123' title='bbox 1451 1117 1541 1167; x_wconf 90' lang='lat' dir='ltr'>tamea</span> <span class='ocrx_word' id='word_1_124' title='bbox 1552 1125 1605 1167; x_wconf 90' lang='lat' dir='ltr'>usu</span> <span class='ocrx_word' id='word_1_125' title='bbox 1620 1125 1674 1166; x_wconf 94' lang='lat' dir='ltr'>non</span> <span class='ocrx_word' id='word_1_126' title='bbox 1686 1109 1722 1164; x_wconf 93' lang='lat' dir='ltr'>ita</span> <span class='ocrx_word' id='word_1_127' title='bbox 1734 1114 1863 1174; x_wconf 84' lang='lat' dir='ltr'>vocatur,</span> <span class='ocrx_word' id='word_1_128' title='bbox 1880 1116 1931 1158; x_wconf 88' lang='lat' dir='ltr'>nec</span> <span class='ocrx_word' id='word_1_129' title='bbox 1942 1115 1982 1156; x_wconf 84' lang='lat' dir='ltr'>so·</span> 
     </span>
     <span class='ocr_line' id='line_1_10' title="bbox 341 1187 1982 1272; baseline -0.002 -18"><span class='ocrx_word' id='word_1_130' title='bbox 341 1187 529 1267; x_wconf 68' lang='lat' dir='ltr'>confirmatum</span> <span class='ocrx_word' id='word_1_131' title='bbox 550 1215 612 1256; x_wconf 90' lang='lat' dir='ltr'>nam</span> <span class='ocrx_word' id='word_1_132' title='bbox 623 1198 674 1256; x_wconf 88' lang='lat' dir='ltr'>hac</span> <span class='ocrx_word' id='word_1_133' title='bbox 689 1199 792 1256; x_wconf 90' lang='lat' dir='ltr'>ratione</span> <span class='ocrx_word' id='word_1_134' title='bbox 803 1198 932 1269; x_wconf 89' lang='lat' dir='ltr'>dicimus,</span> <span class='ocrx_word' id='word_1_135' title='bbox 944 1212 1025 1269; x_wconf 91' lang='lat' dir='ltr'>posse</span> <span class='ocrx_word' id='word_1_136' title='bbox 1036 1195 1143 1253; x_wconf 85' lang='lat' dir='ltr'>Pantili-</span> <span class='ocrx_word' id='word_1_137' title='bbox 1179 1199 1216 1258; x_wconf 90' lang='lat' dir='ltr'>let</span> <span class='ocrx_word' id='word_1_138' title='bbox 1238 1199 1432 1272; x_wconf 81' lang='lat' dir='ltr'>comprehendi</span> <span class='ocrx_word' id='word_1_139' title='bbox 1451 1201 1503 1258; x_wconf 91' lang='lat' dir='ltr'>sub</span> <span class='ocrx_word' id='word_1_140' title='bbox 1516 1191 1625 1256; x_wconf 89' lang='lat' dir='ltr'>nomine</span> <span class='ocrx_word' id='word_1_141' title='bbox 1640 1198 1845 1271; x_wconf 82' lang='lat' dir='ltr'>privilegiorum</span> <span class='ocrx_word' id='word_1_142' title='bbox 1860 1195 1886 1250; x_wconf 89' lang='lat' dir='ltr'>in</span> <span class='ocrx_word' id='word_1_143' title='bbox 1904 1207 1982 1265; x_wconf 87' lang='lat' dir='ltr'>gena·</span> 
     </span>
     <span class='ocr_line' id='line_1_11' title="bbox 341 1283 1983 1362; baseline -0.004 -18"><span class='ocrx_word' id='word_1_144' title='bbox 341 1302 402 1344; x_wconf 91' lang='lat' dir='ltr'>cem</span> <span class='ocrx_word' id='word_1_145' title='bbox 421 1286 470 1344; x_wconf 92' lang='lat' dir='ltr'>sibi</span> <span class='ocrx_word' id='word_1_146' title='bbox 484 1287 679 1360; x_wconf 86' lang='lat' dir='ltr'>indulgentiam</span> <span class='ocrx_word' id='word_1_147' title='bbox 693 1286 857 1358; x_wconf 87' lang='lat' dir='ltr'>concedere,</span> <span class='ocrx_word' id='word_1_148' title='bbox 872 1293 901 1343; x_wconf 92' lang='lat' dir='ltr'>et</span> <span class='ocrx_word' id='word_1_149' title='bbox 913 1301 1010 1344; x_wconf 90' lang='lat' dir='ltr'>seeum</span> <span class='ocrx_word' id='word_1_150' title='bbox 1025 1285 1050 1341; x_wconf 92' lang='lat' dir='ltr'>in</span> <span class='ocrx_word' id='word_1_151' title='bbox 1066 1300 1145 1357; x_wconf 89' lang='lat' dir='ltr'>prae·</span> <span class='ocrx_word' id='word_1_152' title='bbox 1179 1289 1281 1348; x_wconf 86' lang='lat' dir='ltr'>ratibus</span> <span class='ocrx_word' id='word_1_153' title='bbox 1301 1291 1441 1362; x_wconf 90' lang='lat' dir='ltr'>rescriptis</span> <span class='ocrx_word' id='word_1_154' title='bbox 1454 1290 1629 1360; x_wconf 82' lang='lat' dir='ltr'>Pontificum,</span> <span class='ocrx_word' id='word_1_155' title='bbox 1646 1290 1696 1345; x_wconf 93' lang='lat' dir='ltr'>nisi</span> <span class='ocrx_word' id='word_1_156' title='bbox 1711 1288 1813 1344; x_wconf 86' lang='lat' dir='ltr'>mentio</span> <span class='ocrx_word' id='word_1_157' title='bbox 1829 1283 1909 1340; x_wconf 86' lang='lat' dir='ltr'>illius</span> <span class='ocrx_word' id='word_1_158' title='bbox 1923 1299 1983 1354; x_wconf 91' lang='lat' dir='ltr'>pro·</span> 
     </span>
     <span class='ocr_line' id='line_1_12' title="bbox 341 1373 1982 1452; baseline -0.005 -18"><span class='ocrx_word' id='word_1_159' title='bbox 341 1379 430 1449; x_wconf 87' lang='lat' dir='ltr'>ceptis</span> <span class='ocrx_word' id='word_1_160' title='bbox 446 1377 651 1448; x_wconf 89' lang='lat' dir='ltr'>ecclesiasticis,</span> <span class='ocrx_word' id='word_1_161' title='bbox 660 1377 703 1434; x_wconf 86' lang='lat' dir='ltr'>rel</span> <span class='ocrx_word' id='word_1_162' title='bbox 713 1380 739 1434; x_wconf 96' lang='lat' dir='ltr'>in</span> <span class='ocrx_word' id='word_1_163' title='bbox 751 1377 995 1449; x_wconf 86' lang='lat' dir='ltr'>rotisdispeosare.</span> <span class='ocrx_word' id='word_1_164' title='bbox 1006 1376 1073 1432; x_wconf 90' lang='lat' dir='ltr'>ltem</span> <span class='ocrx_word' id='word_1_165' title='bbox 1083 1391 1144 1447; x_wconf 89' lang='lat' dir='ltr'>per-</span> <span class='ocrx_word' id='word_1_166' title='bbox 1179 1379 1237 1452; x_wconf 88' lang='lat' dir='ltr'>prio</span> <span class='ocrx_word' id='word_1_167' title='bbox 1251 1382 1358 1437; x_wconf 88' lang='lat' dir='ltr'>nomine</span> <span class='ocrx_word' id='word_1_168' title='bbox 1373 1381 1428 1438; x_wconf 88' lang='lat' dir='ltr'>liat.</span> <span class='ocrx_word' id='word_1_169' title='bbox 1449 1381 1485 1438; x_wconf 80' lang='lat' dir='ltr'>lit</span> <span class='ocrx_word' id='word_1_170' title='bbox 1503 1383 1574 1436; x_wconf 91' lang='lat' dir='ltr'>ratio</span> <span class='ocrx_word' id='word_1_171' title='bbox 1594 1385 1651 1450; x_wconf 92' lang='lat' dir='ltr'>est,</span> <span class='ocrx_word' id='word_1_172' title='bbox 1672 1377 1736 1451; x_wconf 91' lang='lat' dir='ltr'>quia</span> <span class='ocrx_word' id='word_1_173' title='bbox 1759 1373 1927 1446; x_wconf 89' lang='lat' dir='ltr'>indulgentia</span> <span class='ocrx_word' id='word_1_174' title='bbox 1943 1379 1982 1427; x_wconf 86' lang='lat' dir='ltr'>est</span> 
     </span>
     <span class='ocr_line' id='line_1_13' title="bbox 340 1456 1980 1556; baseline -0.004 -33"><span class='ocrx_word' id='word_1_175' title='bbox 340 1466 403 1523; x_wconf 88' lang='lat' dir='ltr'>inde</span> <span class='ocrx_word' id='word_1_176' title='bbox 416 1472 460 1524; x_wconf 89' lang='lat' dir='ltr'>est</span> <span class='ocrx_word' id='word_1_177' title='bbox 477 1456 631 1524; x_wconf 75' lang='lat' dir='ltr'>concedere</span> <span class='ocrx_word' id='word_1_178' title='bbox 646 1466 817 1540; x_wconf 81' lang='lat' dir='ltr'>privilegium</span> <span class='ocrx_word' id='word_1_179' title='bbox 831 1465 926 1523; x_wconf 93' lang='lat' dir='ltr'>domui</span> <span class='ocrx_word' id='word_1_180' title='bbox 939 1480 1024 1535; x_wconf 91' lang='lat' dir='ltr'>suaa,</span> <span class='ocrx_word' id='word_1_181' title='bbox 1040 1463 1084 1521; x_wconf 87' lang='lat' dir='ltr'>vel</span> <span class='ocrx_word' id='word_1_182' title='bbox 1101 1477 1145 1520; x_wconf 92' lang='lat' dir='ltr'>re·</span> <span class='ocrx_word' id='word_1_183' title='bbox 1179 1469 1314 1542; x_wconf 88' lang='lat' dir='ltr'>quaedam</span> <span class='ocrx_word' id='word_1_184' title='bbox 1331 1471 1478 1556; x_wconf 66' lang='lat' dir='ltr'>absoliigio,</span> <span class='ocrx_word' id='word_1_185' title='bbox 1495 1477 1523 1527; x_wconf 91' lang='lat' dir='ltr'>et</span> <span class='ocrx_word' id='word_1_186' title='bbox 1536 1486 1590 1527; x_wconf 94' lang='lat' dir='ltr'>non</span> <span class='ocrx_word' id='word_1_187' title='bbox 1605 1467 1774 1526; x_wconf 88' lang='lat' dir='ltr'>estiacultas</span> <span class='ocrx_word' id='word_1_188' title='bbox 1785 1463 1890 1537; x_wconf 90' lang='lat' dir='ltr'>aliquid</span> <span class='ocrx_word' id='word_1_189' title='bbox 1902 1477 1980 1535; x_wconf 89' lang='lat' dir='ltr'>agen-</span> 
     </span>
     <span class='ocr_line' id='line_1_14' title="bbox 343 1553 1983 1634; baseline -0.002 -23"><span class='ocrx_word' id='word_1_190' title='bbox 343 1555 395 1612; x_wconf 85' lang='lat' dir='ltr'>bus</span> <span class='ocrx_word' id='word_1_191' title='bbox 411 1557 481 1627; x_wconf 90' lang='lat' dir='ltr'>suis,</span> <span class='ocrx_word' id='word_1_192' title='bbox 494 1563 574 1630; x_wconf 90' lang='lat' dir='ltr'>atque</span> <span class='ocrx_word' id='word_1_193' title='bbox 586 1557 653 1627; x_wconf 76' lang='lat' dir='ltr'>sitii3</span> <span class='ocrx_word' id='word_1_194' title='bbox 666 1557 714 1613; x_wconf 91' lang='lat' dir='ltr'>sed</span> <span class='ocrx_word' id='word_1_195' title='bbox 726 1557 873 1629; x_wconf 93' lang='lat' dir='ltr'>imperator</span> <span class='ocrx_word' id='word_1_196' title='bbox 886 1557 933 1613; x_wconf 90' lang='lat' dir='ltr'>dat</span> <span class='ocrx_word' id='word_1_197' title='bbox 943 1555 1084 1628; x_wconf 84' lang='lat' dir='ltr'>privilegia</span> <span class='ocrx_word' id='word_1_198' title='bbox 1096 1553 1145 1610; x_wconf 94' lang='lat' dir='ltr'>do·</span> <span class='ocrx_word' id='word_1_199' title='bbox 1179 1560 1217 1630; x_wconf 92' lang='lat' dir='ltr'>di,</span> <span class='ocrx_word' id='word_1_200' title='bbox 1234 1560 1276 1616; x_wconf 83' lang='lat' dir='ltr'>iol</span> <span class='ocrx_word' id='word_1_201' title='bbox 1298 1577 1351 1617; x_wconf 92' lang='lat' dir='ltr'>non</span> <span class='ocrx_word' id='word_1_202' title='bbox 1367 1560 1482 1634; x_wconf 91' lang='lat' dir='ltr'>agendi,</span> <span class='ocrx_word' id='word_1_203' title='bbox 1499 1575 1582 1633; x_wconf 89' lang='lat' dir='ltr'>quam</span> <span class='ocrx_word' id='word_1_204' title='bbox 1597 1559 1766 1632; x_wconf 77' lang='lat' dir='ltr'>privilegium</span> <span class='ocrx_word' id='word_1_205' title='bbox 1782 1555 1936 1627; x_wconf 89' lang='lat' dir='ltr'>specialiter</span> <span class='ocrx_word' id='word_1_206' title='bbox 1950 1555 1983 1608; x_wconf 89' lang='lat' dir='ltr'>si-</span> 
     </span>
     <span class='ocr_line' id='line_1_15' title="bbox 343 1641 1982 1722; baseline -0.01 -8"><span class='ocrx_word' id='word_1_207' title='bbox 343 1645 400 1702; x_wconf 82' lang='lat' dir='ltr'>mai</span> <span class='ocrx_word' id='word_1_208' title='bbox 415 1661 493 1714; x_wconf 78' lang='lat' dir='ltr'>auae,</span> <span class='ocrx_word' id='word_1_209' title='bbox 509 1654 538 1704; x_wconf 82' lang='lat' dir='ltr'>et</span> <span class='ocrx_word' id='word_1_210' title='bbox 550 1646 633 1702; x_wconf 78' lang='lat' dir='ltr'>ratus</span> <span class='ocrx_word' id='word_1_211' title='bbox 647 1646 716 1712; x_wconf 84' lang='lat' dir='ltr'>sais,</span> <span class='ocrx_word' id='word_1_212' title='bbox 733 1651 764 1702; x_wconf 85' lang='lat' dir='ltr'>aa</span> <span class='ocrx_word' id='word_1_213' title='bbox 777 1650 886 1703; x_wconf 77' lang='lat' dir='ltr'>consui</span> <span class='ocrx_word' id='word_1_214' title='bbox 900 1660 934 1702; x_wconf 72' lang='lat' dir='ltr'>aa</span> <span class='ocrx_word' id='word_1_215' title='bbox 945 1645 988 1702; x_wconf 86' lang='lat' dir='ltr'>ui.</span> <span class='ocrx_word' id='word_1_216' title='bbox 999 1644 1030 1700; x_wconf 77' lang='lat' dir='ltr'>C·</span> <span class='ocrx_word' id='word_1_217' title='bbox 1044 1642 1077 1700; x_wconf 83' lang='lat' dir='ltr'>de</span> <span class='ocrx_word' id='word_1_218' title='bbox 1091 1643 1146 1716; x_wconf 85' lang='lat' dir='ltr'>ari·</span> <span class='ocrx_word' id='word_1_219' title='bbox 1179 1650 1304 1722; x_wconf 77' lang='lat' dir='ltr'>gnificat,</span> <span class='ocrx_word' id='word_1_220' title='bbox 1328 1657 1359 1706; x_wconf 86' lang='lat' dir='ltr'>at</span> <span class='ocrx_word' id='word_1_221' title='bbox 1372 1649 1441 1718; x_wconf 66' lang='lat' dir='ltr'>aiii,</span> <span class='ocrx_word' id='word_1_222' title='bbox 1458 1649 1499 1706; x_wconf 81' lang='lat' dir='ltr'>vai</span> <span class='ocrx_word' id='word_1_223' title='bbox 1514 1656 1590 1706; x_wconf 77' lang='lat' dir='ltr'>ceria</span> <span class='ocrx_word' id='word_1_224' title='bbox 1603 1647 1774 1720; x_wconf 72' lang='lat' dir='ltr'>induigentia</span> <span class='ocrx_word' id='word_1_225' title='bbox 1788 1649 1831 1700; x_wconf 78' lang='lat' dir='ltr'>aaa</span> <span class='ocrx_word' id='word_1_226' title='bbox 1847 1641 1982 1716; x_wconf 77' lang='lat' dir='ltr'>quaeram</span> 
     </span>
     <span class='ocr_line' id='line_1_16' title="bbox 343 1733 1985 1816; baseline -0.003 -25"><span class='ocrx_word' id='word_1_227' title='bbox 343 1734 424 1810; x_wconf 87' lang='lat' dir='ltr'>rileg.</span> <span class='ocrx_word' id='word_1_228' title='bbox 436 1736 511 1793; x_wconf 89' lang='lat' dir='ltr'>dom.</span> <span class='ocrx_word' id='word_1_229' title='bbox 524 1738 675 1807; x_wconf 75' lang='lat' dir='ltr'>Augustae,</span> <span class='ocrx_word' id='word_1_230' title='bbox 687 1735 757 1792; x_wconf 87' lang='lat' dir='ltr'>etde</span> <span class='ocrx_word' id='word_1_231' title='bbox 770 1734 893 1808; x_wconf 80' lang='lat' dir='ltr'>privileg.</span> <span class='ocrx_word' id='word_1_232' title='bbox 903 1749 960 1790; x_wconf 90' lang='lat' dir='ltr'>eor.</span> <span class='ocrx_word' id='word_1_233' title='bbox 975 1734 1059 1806; x_wconf 94' lang='lat' dir='ltr'>quiin</span> <span class='ocrx_word' id='word_1_234' title='bbox 1071 1748 1142 1791; x_wconf 87' lang='lat' dir='ltr'>sacr.</span> <span class='ocrx_word' id='word_1_235' title='bbox 1179 1739 1329 1812; x_wconf 89' lang='lat' dir='ltr'>spiritualis</span> <span class='ocrx_word' id='word_1_236' title='bbox 1350 1741 1522 1816; x_wconf 85' lang='lat' dir='ltr'>eleemosyna</span> <span class='ocrx_word' id='word_1_237' title='bbox 1542 1737 1576 1796; x_wconf 94' lang='lat' dir='ltr'>de</span> <span class='ocrx_word' id='word_1_238' title='bbox 1596 1739 1725 1794; x_wconf 89' lang='lat' dir='ltr'>thesauro</span> <span class='ocrx_word' id='word_1_239' title='bbox 1740 1735 1841 1794; x_wconf 83' lang='lat' dir='ltr'>christi</span> <span class='ocrx_word' id='word_1_240' title='bbox 1861 1749 1912 1805; x_wconf 90' lang='lat' dir='ltr'>per</span> <span class='ocrx_word' id='word_1_241' title='bbox 1930 1733 1985 1788; x_wconf 91' lang='lat' dir='ltr'>dis-</span> 
     </span>
     <span class='ocr_line' id='line_1_17' title="bbox 342 1825 1985 1904; baseline -0.002 -23"><span class='ocrx_word' id='word_1_242' title='bbox 342 1826 397 1898; x_wconf 91' lang='lat' dir='ltr'>pal.</span> <span class='ocrx_word' id='word_1_243' title='bbox 416 1827 496 1883; x_wconf 92' lang='lat' dir='ltr'>milit.</span> <span class='ocrx_word' id='word_1_244' title='bbox 513 1825 559 1882; x_wconf 89' lang='lat' dir='ltr'>lib.</span> <span class='ocrx_word' id='word_1_245' title='bbox 580 1829 622 1884; x_wconf 76' lang='lat' dir='ltr'>it.</span> <span class='ocrx_word' id='word_1_246' title='bbox 639 1825 713 1898; x_wconf 84' lang='lat' dir='ltr'>Ergo</span> <span class='ocrx_word' id='word_1_247' title='bbox 730 1825 876 1882; x_wconf 84' lang='lat' dir='ltr'>verisimile</span> <span class='ocrx_word' id='word_1_248' title='bbox 889 1831 948 1896; x_wconf 91' lang='lat' dir='ltr'>est,</span> <span class='ocrx_word' id='word_1_249' title='bbox 968 1840 1049 1896; x_wconf 92' lang='lat' dir='ltr'>posse</span> <span class='ocrx_word' id='word_1_250' title='bbox 1069 1826 1146 1896; x_wconf 91' lang='lat' dir='ltr'>prin·</span> <span class='ocrx_word' id='word_1_251' title='bbox 1179 1837 1353 1903; x_wconf 89' lang='lat' dir='ltr'>pensatorem</span> <span class='ocrx_word' id='word_1_252' title='bbox 1375 1831 1436 1888; x_wconf 89' lang='lat' dir='ltr'>eius</span> <span class='ocrx_word' id='word_1_253' title='bbox 1455 1830 1544 1898; x_wconf 68' lang='lat' dir='ltr'>iacta,</span> <span class='ocrx_word' id='word_1_254' title='bbox 1563 1829 1736 1904; x_wconf 83' lang='lat' dir='ltr'>eleemosyna</span> <span class='ocrx_word' id='word_1_255' title='bbox 1755 1833 1849 1883; x_wconf 92' lang='lat' dir='ltr'>autem</span> <span class='ocrx_word' id='word_1_256' title='bbox 1869 1839 1926 1880; x_wconf 92' lang='lat' dir='ltr'>non</span> <span class='ocrx_word' id='word_1_257' title='bbox 1944 1827 1985 1878; x_wconf 86' lang='lat' dir='ltr'>est</span> 
     </span>
     <span class='ocr_line' id='line_1_18' title="bbox 343 1912 1982 1994; baseline -0.003 -24"><span class='ocrx_word' id='word_1_258' title='bbox 343 1916 432 1986; x_wconf 90' lang='lat' dir='ltr'>cipem</span> <span class='ocrx_word' id='word_1_259' title='bbox 452 1921 574 1972; x_wconf 89' lang='lat' dir='ltr'>statuere</span> <span class='ocrx_word' id='word_1_260' title='bbox 588 1913 757 1987; x_wconf 85' lang='lat' dir='ltr'>privilegium</span> <span class='ocrx_word' id='word_1_261' title='bbox 773 1915 821 1970; x_wconf 86' lang='lat' dir='ltr'>sitii</span> <span class='ocrx_word' id='word_1_262' title='bbox 835 1912 1018 1984; x_wconf 84' lang='lat' dir='ltr'>serrandum,</span> <span class='ocrx_word' id='word_1_263' title='bbox 1034 1913 1098 1986; x_wconf 91' lang='lat' dir='ltr'>quia</span> <span class='ocrx_word' id='word_1_264' title='bbox 1112 1920 1144 1971; x_wconf 93' lang='lat' dir='ltr'>ut</span> <span class='ocrx_word' id='word_1_265' title='bbox 1180 1920 1364 1994; x_wconf 86' lang='lat' dir='ltr'>privilegium,</span> <span class='ocrx_word' id='word_1_266' title='bbox 1383 1919 1431 1976; x_wconf 91' lang='lat' dir='ltr'>sed</span> <span class='ocrx_word' id='word_1_267' title='bbox 1445 1935 1547 1991; x_wconf 89' lang='lat' dir='ltr'>purum</span> <span class='ocrx_word' id='word_1_268' title='bbox 1560 1919 1722 1975; x_wconf 84' lang='lat' dir='ltr'>beneficium</span> <span class='ocrx_word' id='word_1_269' title='bbox 1733 1915 1848 1973; x_wconf 89' lang='lat' dir='ltr'>alterius</span> <span class='ocrx_word' id='word_1_270' title='bbox 1858 1913 1982 1970; x_wconf 86' lang='lat' dir='ltr'>rationis.</span> 
     </span>
     <span class='ocr_line' id='line_1_19' title="bbox 343 2002 1985 2083; baseline -0.002 -21"><span class='ocrx_word' id='word_1_271' title='bbox 343 2003 416 2062; x_wconf 87' lang='lat' dir='ltr'>cedit</span> <span class='ocrx_word' id='word_1_272' title='bbox 432 2005 458 2061; x_wconf 92' lang='lat' dir='ltr'>in</span> <span class='ocrx_word' id='word_1_273' title='bbox 474 2002 650 2062; x_wconf 89' lang='lat' dir='ltr'>commodum</span> <span class='ocrx_word' id='word_1_274' title='bbox 666 2003 806 2076; x_wconf 90' lang='lat' dir='ltr'>principis,</span> <span class='ocrx_word' id='word_1_275' title='bbox 822 2020 877 2061; x_wconf 92' lang='lat' dir='ltr'>non</span> <span class='ocrx_word' id='word_1_276' title='bbox 891 2010 934 2061; x_wconf 92' lang='lat' dir='ltr'>est</span> <span class='ocrx_word' id='word_1_277' title='bbox 945 2010 1025 2060; x_wconf 90' lang='lat' dir='ltr'>actua</span> <span class='ocrx_word' id='word_1_278' title='bbox 1036 2002 1145 2060; x_wconf 89' lang='lat' dir='ltr'>iurisdi·</span> <span class='ocrx_word' id='word_1_279' title='bbox 1179 2009 1366 2083; x_wconf 74' lang='lat' dir='ltr'>Quapropter,</span> <span class='ocrx_word' id='word_1_280' title='bbox 1391 2009 1455 2065; x_wconf 91' lang='lat' dir='ltr'>licet</span> <span class='ocrx_word' id='word_1_281' title='bbox 1475 2008 1597 2065; x_wconf 77' lang='lat' dir='ltr'>Pontifex</span> <span class='ocrx_word' id='word_1_282' title='bbox 1617 2007 1703 2079; x_wconf 83' lang='lat' dir='ltr'>possit</span> <span class='ocrx_word' id='word_1_283' title='bbox 1721 2005 1770 2062; x_wconf 92' lang='lat' dir='ltr'>sibi</span> <span class='ocrx_word' id='word_1_284' title='bbox 1788 2002 1985 2074; x_wconf 88' lang='lat' dir='ltr'>indulgentiam</span> 
     </span>
     <span class='ocr_line' id='line_1_20' title="bbox 343 2092 1984 2171; baseline -0.001 -20"><span class='ocrx_word' id='word_1_285' title='bbox 343 2093 457 2164; x_wconf 89' lang='lat' dir='ltr'>ctionis,</span> <span class='ocrx_word' id='word_1_286' title='bbox 477 2101 506 2151; x_wconf 94' lang='lat' dir='ltr'>et</span> <span class='ocrx_word' id='word_1_287' title='bbox 526 2100 557 2151; x_wconf 93' lang='lat' dir='ltr'>ut</span> <span class='ocrx_word' id='word_1_288' title='bbox 570 2102 613 2151; x_wconf 90' lang='lat' dir='ltr'>est</span> <span class='ocrx_word' id='word_1_289' title='bbox 631 2093 739 2164; x_wconf 88' lang='lat' dir='ltr'>propria</span> <span class='ocrx_word' id='word_1_290' title='bbox 755 2092 809 2166; x_wconf 82' lang='lat' dir='ltr'>lex,</span> <span class='ocrx_word' id='word_1_291' title='bbox 825 2095 899 2150; x_wconf 90' lang='lat' dir='ltr'>circa</span> <span class='ocrx_word' id='word_1_292' title='bbox 913 2092 1038 2151; x_wconf 90' lang='lat' dir='ltr'>subditos</span> <span class='ocrx_word' id='word_1_293' title='bbox 1053 2109 1146 2150; x_wconf 85' lang='lat' dir='ltr'>sersa-</span> <span class='ocrx_word' id='word_1_294' title='bbox 1180 2098 1332 2171; x_wconf 86' lang='lat' dir='ltr'>applicare,</span> <span class='ocrx_word' id='word_1_295' title='bbox 1347 2106 1379 2156; x_wconf 91' lang='lat' dir='ltr'>ut</span> <span class='ocrx_word' id='word_1_296' title='bbox 1391 2098 1444 2156; x_wconf 94' lang='lat' dir='ltr'>late</span> <span class='ocrx_word' id='word_1_297' title='bbox 1459 2096 1512 2156; x_wconf 86' lang='lat' dir='ltr'>dixi</span> <span class='ocrx_word' id='word_1_298' title='bbox 1524 2099 1552 2154; x_wconf 92' lang='lat' dir='ltr'>in</span> <span class='ocrx_word' id='word_1_299' title='bbox 1566 2102 1594 2155; x_wconf 78' lang='lat' dir='ltr'>l.</span> <span class='ocrx_word' id='word_1_300' title='bbox 1611 2103 1696 2169; x_wconf 92' lang='lat' dir='ltr'>tomo,</span> <span class='ocrx_word' id='word_1_301' title='bbox 1713 2095 1783 2168; x_wconf 90' lang='lat' dir='ltr'>disp.</span> <span class='ocrx_word' id='word_1_302' title='bbox 1802 2098 1853 2164; x_wconf 82' lang='lat'>52,</span> <span class='ocrx_word' id='word_1_303' title='bbox 1869 2098 1940 2150; x_wconf 89' lang='lat' dir='ltr'>sect.</span> <span class='ocrx_word' id='word_1_304' title='bbox 1959 2097 1969 2149; x_wconf 90' lang='lat' dir='ltr'>l</span> <span class='ocrx_word' id='word_1_305' title='bbox 1978 2133 1984 2162; x_wconf 91' lang='lat'>,</span> 
     </span>
     <span class='ocr_line' id='line_1_21' title="bbox 343 2181 1986 2262; baseline -0.002 -24"><span class='ocrx_word' id='word_1_306' title='bbox 343 2189 402 2252; x_wconf 91' lang='lat' dir='ltr'>tur,</span> <span class='ocrx_word' id='word_1_307' title='bbox 422 2182 564 2256; x_wconf 88' lang='lat' dir='ltr'>dirigendo</span> <span class='ocrx_word' id='word_1_308' title='bbox 583 2189 663 2239; x_wconf 88' lang='lat' dir='ltr'>aetus</span> <span class='ocrx_word' id='word_1_309' title='bbox 677 2196 773 2238; x_wconf 91' lang='lat' dir='ltr'>eorum</span> <span class='ocrx_word' id='word_1_310' title='bbox 787 2184 864 2240; x_wconf 88' lang='lat' dir='ltr'>circa</span> <span class='ocrx_word' id='word_1_311' title='bbox 878 2199 961 2239; x_wconf 89' lang='lat' dir='ltr'>suum</span> <span class='ocrx_word' id='word_1_312' title='bbox 982 2183 1144 2255; x_wconf 88' lang='lat' dir='ltr'>principem.</span> <span class='ocrx_word' id='word_1_313' title='bbox 1180 2204 1236 2244; x_wconf 92' lang='lat' dir='ltr'>nou</span> <span class='ocrx_word' id='word_1_314' title='bbox 1257 2189 1320 2246; x_wconf 90' lang='lat' dir='ltr'>inde</span> <span class='ocrx_word' id='word_1_315' title='bbox 1334 2190 1476 2262; x_wconf 87' lang='lat' dir='ltr'>sequitur,</span> <span class='ocrx_word' id='word_1_316' title='bbox 1491 2202 1572 2260; x_wconf 89' lang='lat' dir='ltr'>possa</span> <span class='ocrx_word' id='word_1_317' title='bbox 1587 2187 1729 2258; x_wconf 91' lang='lat' dir='ltr'>proprium</span> <span class='ocrx_word' id='word_1_318' title='bbox 1749 2183 1924 2257; x_wconf 80' lang='lat' dir='ltr'>privilegium</span> <span class='ocrx_word' id='word_1_319' title='bbox 1938 2181 1986 2236; x_wconf 87' lang='lat' dir='ltr'>sibi</span> 
     </span>
     <span class='ocr_line' id='line_1_22' title="bbox 384 2271 1987 2350; baseline -0.003 -19"><span class='ocrx_word' id='word_1_320' title='bbox 384 2276 412 2331; x_wconf 84' lang='lat'>6.</span> <span class='ocrx_word' id='word_1_321' title='bbox 427 2272 607 2329; x_wconf 75' lang='lat' dir='ltr'>Nihilominus</span> <span class='ocrx_word' id='word_1_322' title='bbox 622 2279 711 2330; x_wconf 88' lang='lat' dir='ltr'>tamen</span> <span class='ocrx_word' id='word_1_323' title='bbox 732 2271 813 2330; x_wconf 89' lang='lat' dir='ltr'>iacile</span> <span class='ocrx_word' id='word_1_324' title='bbox 836 2271 941 2329; x_wconf 87' lang='lat' dir='ltr'>delendi</span> <span class='ocrx_word' id='word_1_325' title='bbox 955 2279 1061 2345; x_wconf 87' lang='lat' dir='ltr'>potest,</span> <span class='ocrx_word' id='word_1_326' title='bbox 1077 2272 1146 2329; x_wconf 88' lang='lat' dir='ltr'>liaeo</span> <span class='ocrx_word' id='word_1_327' title='bbox 1183 2279 1346 2336; x_wconf 85' lang='lat' dir='ltr'>concedere.</span> <span class='ocrx_word' id='word_1_328' title='bbox 1358 2281 1395 2335; x_wconf 85' lang='lat' dir='ltr'>lle</span> <span class='ocrx_word' id='word_1_329' title='bbox 1405 2276 1606 2350; x_wconf 89' lang='lat' dir='ltr'>dispensatione</span> <span class='ocrx_word' id='word_1_330' title='bbox 1616 2275 1817 2346; x_wconf 89' lang='lat' dir='ltr'>itemlatemnr,</span> <span class='ocrx_word' id='word_1_331' title='bbox 1828 2287 1910 2345; x_wconf 90' lang='lat' dir='ltr'>posse</span> <span class='ocrx_word' id='word_1_332' title='bbox 1918 2273 1987 2326; x_wconf 83' lang='lat' dir='ltr'>Pon-</span> 
     </span>
     <span class='ocr_line' id='line_1_23' title="bbox 344 2352 1987 2440; baseline -0.002 -20"><span class='ocrx_word' id='word_1_333' title='bbox 344 2377 399 2420; x_wconf 91' lang='lat' dir='ltr'>non</span> <span class='ocrx_word' id='word_1_334' title='bbox 410 2377 471 2418; x_wconf 91' lang='lat' dir='ltr'>esse</span> <span class='ocrx_word' id='word_1_335' title='bbox 483 2362 593 2435; x_wconf 90' lang='lat' dir='ltr'>proprie</span> <span class='ocrx_word' id='word_1_336' title='bbox 604 2352 739 2436; x_wconf 81' lang='lat' dir='ltr'>pri&#39;rilegia</span> <span class='ocrx_word' id='word_1_337' title='bbox 751 2363 835 2435; x_wconf 91' lang='lat' dir='ltr'>ipsius</span> <span class='ocrx_word' id='word_1_338' title='bbox 848 2363 989 2435; x_wconf 91' lang='lat' dir='ltr'>principis,</span> <span class='ocrx_word' id='word_1_339' title='bbox 1000 2363 1065 2420; x_wconf 92' lang='lat' dir='ltr'>licet</span> <span class='ocrx_word' id='word_1_340' title='bbox 1076 2363 1146 2420; x_wconf 92' lang='lat' dir='ltr'>iorte</span> <span class='ocrx_word' id='word_1_341' title='bbox 1182 2367 1280 2424; x_wconf 88' lang='lat' dir='ltr'>tilicem</span> <span class='ocrx_word' id='word_1_342' title='bbox 1299 2383 1395 2424; x_wconf 90' lang='lat' dir='ltr'>secum</span> <span class='ocrx_word' id='word_1_343' title='bbox 1410 2369 1436 2423; x_wconf 93' lang='lat' dir='ltr'>in</span> <span class='ocrx_word' id='word_1_344' title='bbox 1452 2383 1503 2423; x_wconf 87' lang='lat' dir='ltr'>sua</span> <span class='ocrx_word' id='word_1_345' title='bbox 1517 2367 1576 2440; x_wconf 89' lang='lat' dir='ltr'>lege</span> <span class='ocrx_word' id='word_1_346' title='bbox 1590 2366 1760 2438; x_wconf 88' lang='lat' dir='ltr'>dispensare,</span> <span class='ocrx_word' id='word_1_347' title='bbox 1773 2370 1806 2422; x_wconf 92' lang='lat' dir='ltr'>ut</span> <span class='ocrx_word' id='word_1_348' title='bbox 1815 2362 1913 2420; x_wconf 87' lang='lat' dir='ltr'>eodem</span> <span class='ocrx_word' id='word_1_349' title='bbox 1925 2361 1987 2418; x_wconf 87' lang='lat' dir='ltr'>loco</span> 
     </span>
     <span class='ocr_line' id='line_1_24' title="bbox 346 2450 1988 2530; baseline -0.001 -22"><span class='ocrx_word' id='word_1_350' title='bbox 346 2450 381 2509; x_wconf 93' lang='lat' dir='ltr'>ad</span> <span class='ocrx_word' id='word_1_351' title='bbox 401 2450 514 2509; x_wconf 91' lang='lat' dir='ltr'>modum</span> <span class='ocrx_word' id='word_1_352' title='bbox 534 2451 663 2525; x_wconf 91' lang='lat' dir='ltr'>loquendi</span> <span class='ocrx_word' id='word_1_353' title='bbox 684 2451 737 2508; x_wconf 89' lang='lat' dir='ltr'>lioc</span> <span class='ocrx_word' id='word_1_354' title='bbox 758 2453 903 2524; x_wconf 87' lang='lat' dir='ltr'>pertineat.</span> <span class='ocrx_word' id='word_1_355' title='bbox 926 2453 983 2508; x_wconf 90' lang='lat' dir='ltr'>lloo</span> <span class='ocrx_word' id='word_1_356' title='bbox 1004 2459 1097 2510; x_wconf 90' lang='lat' dir='ltr'>autom</span> <span class='ocrx_word' id='word_1_357' title='bbox 1119 2453 1145 2508; x_wconf 96' lang='lat' dir='ltr'>in</span> <span class='ocrx_word' id='word_1_358' title='bbox 1184 2456 1257 2530; x_wconf 82' lang='lat' dir='ltr'>disi3</span> <span class='ocrx_word' id='word_1_359' title='bbox 1275 2465 1363 2514; x_wconf 91' lang='lat' dir='ltr'>tamen</span> <span class='ocrx_word' id='word_1_360' title='bbox 1384 2473 1437 2514; x_wconf 91' lang='lat' dir='ltr'>uon</span> <span class='ocrx_word' id='word_1_361' title='bbox 1453 2455 1560 2513; x_wconf 85' lang='lat' dir='ltr'>ridetur</span> <span class='ocrx_word' id='word_1_362' title='bbox 1580 2457 1671 2512; x_wconf 90' lang='lat' dir='ltr'>iacere</span> <span class='ocrx_word' id='word_1_363' title='bbox 1685 2470 1733 2526; x_wconf 90' lang='lat' dir='ltr'>per</span> <span class='ocrx_word' id='word_1_364' title='bbox 1747 2453 1862 2520; x_wconf 83' lang='lat' dir='ltr'>moduni</span> <span class='ocrx_word' id='word_1_365' title='bbox 1878 2451 1988 2523; x_wconf 77' lang='lat' dir='ltr'>privile-</span> 
     </span>
     <span class='ocr_line' id='line_1_25' title="bbox 344 2539 1987 2620; baseline -0.002 -20"><span class='ocrx_word' id='word_1_366' title='bbox 344 2540 475 2600; x_wconf 87' lang='lat' dir='ltr'>Pontifice</span> <span class='ocrx_word' id='word_1_367' title='bbox 497 2539 543 2616; x_wconf 79' lang='lat' dir='ltr'>(et</span> <span class='ocrx_word' id='word_1_368' title='bbox 557 2539 626 2598; x_wconf 87' lang='lat' dir='ltr'>idem</span> <span class='ocrx_word' id='word_1_369' title='bbox 640 2546 683 2598; x_wconf 91' lang='lat' dir='ltr'>est</span> <span class='ocrx_word' id='word_1_370' title='bbox 696 2557 760 2598; x_wconf 90' lang='lat' dir='ltr'>cum</span> <span class='ocrx_word' id='word_1_371' title='bbox 775 2543 951 2614; x_wconf 87' lang='lat' dir='ltr'>proportione</span> <span class='ocrx_word' id='word_1_372' title='bbox 965 2540 999 2598; x_wconf 92' lang='lat' dir='ltr'>de</span> <span class='ocrx_word' id='word_1_373' title='bbox 1013 2541 1145 2616; x_wconf 81' lang='lat' dir='ltr'>reliquis)</span> <span class='ocrx_word' id='word_1_374' title='bbox 1182 2547 1238 2620; x_wconf 87' lang='lat' dir='ltr'>gii,</span> <span class='ocrx_word' id='word_1_375' title='bbox 1254 2549 1334 2619; x_wconf 89' lang='lat' dir='ltr'>quasi</span> <span class='ocrx_word' id='word_1_376' title='bbox 1348 2545 1490 2604; x_wconf 86' lang='lat' dir='ltr'>eximendo</span> <span class='ocrx_word' id='word_1_377' title='bbox 1504 2561 1533 2602; x_wconf 90' lang='lat' dir='ltr'>se</span> <span class='ocrx_word' id='word_1_378' title='bbox 1549 2544 1637 2618; x_wconf 89' lang='lat' dir='ltr'>alege</span> <span class='ocrx_word' id='word_1_379' title='bbox 1652 2544 1788 2616; x_wconf 89' lang='lat' dir='ltr'>absolute,</span> <span class='ocrx_word' id='word_1_380' title='bbox 1804 2542 1853 2598; x_wconf 88' lang='lat' dir='ltr'>sed</span> <span class='ocrx_word' id='word_1_381' title='bbox 1867 2557 1901 2599; x_wconf 85' lang='lat' dir='ltr'>ex</span> <span class='ocrx_word' id='word_1_382' title='bbox 1916 2543 1987 2598; x_wconf 89' lang='lat' dir='ltr'>iusta</span> 
     </span>
     <span class='ocr_line' id='line_1_26' title="bbox 346 2630 1987 2721; baseline 0 -33"><span class='ocrx_word' id='word_1_383' title='bbox 346 2632 383 2688; x_wconf 93' lang='lat' dir='ltr'>ita</span> <span class='ocrx_word' id='word_1_384' title='bbox 395 2630 523 2703; x_wconf 88' lang='lat' dir='ltr'>declaro,</span> <span class='ocrx_word' id='word_1_385' title='bbox 539 2633 605 2704; x_wconf 89' lang='lat' dir='ltr'>quia</span> <span class='ocrx_word' id='word_1_386' title='bbox 618 2632 646 2688; x_wconf 94' lang='lat' dir='ltr'>ln</span> <span class='ocrx_word' id='word_1_387' title='bbox 661 2631 715 2704; x_wconf 89' lang='lat' dir='ltr'>his,</span> <span class='ocrx_word' id='word_1_388' title='bbox 731 2646 801 2704; x_wconf 89' lang='lat' dir='ltr'>quae</span> <span class='ocrx_word' id='word_1_389' title='bbox 815 2648 868 2688; x_wconf 93' lang='lat' dir='ltr'>non</span> <span class='ocrx_word' id='word_1_390' title='bbox 883 2636 950 2688; x_wconf 89' lang='lat' dir='ltr'>sunt</span> <span class='ocrx_word' id='word_1_391' title='bbox 962 2637 1061 2689; x_wconf 91' lang='lat' dir='ltr'>contra</span> <span class='ocrx_word' id='word_1_392' title='bbox 1078 2631 1148 2688; x_wconf 92' lang='lat' dir='ltr'>obli·</span> <span class='ocrx_word' id='word_1_393' title='bbox 1181 2650 1283 2707; x_wconf 90' lang='lat' dir='ltr'>causa,</span> <span class='ocrx_word' id='word_1_394' title='bbox 1302 2643 1331 2692; x_wconf 92' lang='lat' dir='ltr'>et</span> <span class='ocrx_word' id='word_1_395' title='bbox 1348 2641 1483 2708; x_wconf 91' lang='lat' dir='ltr'>quantum</span> <span class='ocrx_word' id='word_1_396' title='bbox 1506 2650 1590 2692; x_wconf 89' lang='lat' dir='ltr'>causa</span> <span class='ocrx_word' id='word_1_397' title='bbox 1607 2632 1800 2721; x_wconf 64' lang='lat' dir='ltr'>postulaverit,</span> <span class='ocrx_word' id='word_1_398' title='bbox 1817 2631 1925 2688; x_wconf 90' lang='lat' dir='ltr'>iactum</span> <span class='ocrx_word' id='word_1_399' title='bbox 1938 2647 1987 2702; x_wconf 70' lang='lat' dir='ltr'>pe</span> 
     </span>
    </p>
   </div>
   <div class='ocr_carea' id='block_1_5' title="bbox 317 2718 2099 3065">
    <p class='ocr_par' dir='ltr' id='par_1_5' title="bbox 317 2718 2099 3065">
     <span class='ocr_line' id='line_1_27' title="bbox 317 2718 2096 2797; baseline -0.003 -14"><span class='ocrx_word' id='word_1_400' title='bbox 317 2777 320 2784; x_wconf 92' lang='lat'><em>.</em></span> <span class='ocrx_word' id='word_1_401' title='bbox 345 2721 485 2795; x_wconf 83' lang='lat' dir='ltr'>gallonem</span> <span class='ocrx_word' id='word_1_402' title='bbox 498 2719 616 2777; x_wconf 88' lang='lat' dir='ltr'>alicuius</span> <span class='ocrx_word' id='word_1_403' title='bbox 630 2720 785 2777; x_wconf 88' lang='lat' dir='ltr'>communis</span> <span class='ocrx_word' id='word_1_404' title='bbox 799 2718 878 2792; x_wconf 88' lang='lat' dir='ltr'>legis,</span> <span class='ocrx_word' id='word_1_405' title='bbox 892 2727 940 2777; x_wconf 90' lang='lat' dir='ltr'>aut</span> <span class='ocrx_word' id='word_1_406' title='bbox 950 2722 1018 2793; x_wconf 83' lang='lat' dir='ltr'>voti,</span> <span class='ocrx_word' id='word_1_407' title='bbox 1031 2736 1084 2777; x_wconf 93' lang='lat' dir='ltr'>non</span> <span class='ocrx_word' id='word_1_408' title='bbox 1097 2736 1147 2792; x_wconf 92' lang='lat' dir='ltr'>po·</span> <span class='ocrx_word' id='word_1_409' title='bbox 1182 2725 1236 2782; x_wconf 89' lang='lat' dir='ltr'>tius</span> <span class='ocrx_word' id='word_1_410' title='bbox 1254 2724 1427 2794; x_wconf 83' lang='lat' dir='ltr'>exercendo,</span> <span class='ocrx_word' id='word_1_411' title='bbox 1450 2740 1534 2797; x_wconf 91' lang='lat' dir='ltr'>quam</span> <span class='ocrx_word' id='word_1_412' title='bbox 1554 2724 1671 2796; x_wconf 77' lang='lat' dir='ltr'>speciale</span> <span class='ocrx_word' id='word_1_413' title='bbox 1688 2725 1731 2780; x_wconf 89' lang='lat' dir='ltr'>ius</span> <span class='ocrx_word' id='word_1_414' title='bbox 1745 2725 1821 2780; x_wconf 91' lang='lat' dir='ltr'>circa</span> <span class='ocrx_word' id='word_1_415' title='bbox 1835 2739 1866 2779; x_wconf 87' lang='lat' dir='ltr'>se</span> <span class='ocrx_word' id='word_1_416' title='bbox 1884 2723 1989 2778; x_wconf 89' lang='lat' dir='ltr'>consti·</span> <span class='ocrx_word' id='word_1_417' title='bbox 2095 2749 2096 2758; x_wconf 25' lang='grc' dir='ltr'><strong>κ</strong></span> 
     </span>
     <span class='ocr_line' id='line_1_28' title="bbox 345 2808 2097 2890; baseline 0 -24"><span class='ocrx_word' id='word_1_418' title='bbox 345 2815 400 2866; x_wconf 91' lang='lat' dir='ltr'>test</span> <span class='ocrx_word' id='word_1_419' title='bbox 418 2809 530 2866; x_wconf 85' lang='lat' dir='ltr'>inveniri</span> <span class='ocrx_word' id='word_1_420' title='bbox 550 2809 664 2867; x_wconf 89' lang='lat' dir='ltr'>materia</span> <span class='ocrx_word' id='word_1_421' title='bbox 683 2808 814 2881; x_wconf 87' lang='lat' dir='ltr'>privilegii</span> <span class='ocrx_word' id='word_1_422' title='bbox 831 2810 856 2864; x_wconf 91' lang='lat' dir='ltr'>in</span> <span class='ocrx_word' id='word_1_423' title='bbox 871 2809 1001 2866; x_wconf 83' lang='lat' dir='ltr'>Pontifice</span> <span class='ocrx_word' id='word_1_424' title='bbox 1016 2816 1146 2882; x_wconf 90' lang='lat' dir='ltr'>respectu</span> <span class='ocrx_word' id='word_1_425' title='bbox 1182 2813 1301 2884; x_wconf 81' lang='lat' dir='ltr'>tucad03</span> <span class='ocrx_word' id='word_1_426' title='bbox 1323 2811 1435 2886; x_wconf 90' lang='lat' dir='ltr'>ideoque</span> <span class='ocrx_word' id='word_1_427' title='bbox 1457 2814 1517 2871; x_wconf 88' lang='lat' dir='ltr'>talis</span> <span class='ocrx_word' id='word_1_428' title='bbox 1539 2814 1705 2886; x_wconf 81' lang='lat' dir='ltr'>dispensatio</span> <span class='ocrx_word' id='word_1_429' title='bbox 1727 2828 1780 2890; x_wconf 81' lang='lat' dir='ltr'>nop</span> <span class='ocrx_word' id='word_1_430' title='bbox 1803 2811 1888 2870; x_wconf 87' lang='lat' dir='ltr'>habat</span> <span class='ocrx_word' id='word_1_431' title='bbox 1905 2813 1989 2867; x_wconf 89' lang='lat' dir='ltr'>ratio·</span> <span class='ocrx_word' id='word_1_432' title='bbox 2096 2845 2097 2850; x_wconf 22' lang='grc' dir='ltr'><strong><em>κ</em></strong></span> 
     </span>
     <span class='ocr_line' id='line_1_29' title="bbox 345 2898 2098 2976; baseline 0.001 -21"><span class='ocrx_word' id='word_1_433' title='bbox 345 2899 390 2956; x_wconf 89' lang='lat' dir='ltr'>sui</span> <span class='ocrx_word' id='word_1_434' title='bbox 408 2899 514 2970; x_wconf 88' lang='lat' dir='ltr'>ipsius,</span> <span class='ocrx_word' id='word_1_435' title='bbox 536 2901 602 2973; x_wconf 92' lang='lat' dir='ltr'>quia</span> <span class='ocrx_word' id='word_1_436' title='bbox 621 2898 725 2955; x_wconf 90' lang='lat' dir='ltr'>nullam</span> <span class='ocrx_word' id='word_1_437' title='bbox 747 2898 892 2974; x_wconf 76' lang='lat' dir='ltr'>specialem</span> <span class='ocrx_word' id='word_1_438' title='bbox 913 2903 1076 2971; x_wconf 90' lang='lat' dir='ltr'>potestatem</span> <span class='ocrx_word' id='word_1_439' title='bbox 1097 2906 1146 2956; x_wconf 88' lang='lat' dir='ltr'>aut</span> <span class='ocrx_word' id='word_1_440' title='bbox 1182 2920 1243 2961; x_wconf 88' lang='lat' dir='ltr'>nem</span> <span class='ocrx_word' id='word_1_441' title='bbox 1259 2903 1325 2976; x_wconf 89' lang='lat' dir='ltr'>legis</span> <span class='ocrx_word' id='word_1_442' title='bbox 1342 2903 1475 2976; x_wconf 82' lang='lat' dir='ltr'>privatae,</span> <span class='ocrx_word' id='word_1_443' title='bbox 1491 2917 1540 2959; x_wconf 87' lang='lat' dir='ltr'>nec</span> <span class='ocrx_word' id='word_1_444' title='bbox 1556 2901 1696 2976; x_wconf 89' lang='lat' dir='ltr'>privilegii.</span> <span class='ocrx_word' id='word_1_445' title='bbox 1714 2902 1743 2958; x_wconf 94' lang='lat' dir='ltr'>ln</span> <span class='ocrx_word' id='word_1_446' title='bbox 1755 2907 1820 2958; x_wconf 86' lang='lat' dir='ltr'>roto</span> <span class='ocrx_word' id='word_1_447' title='bbox 1834 2907 1930 2957; x_wconf 91' lang='lat' dir='ltr'>autem</span> <span class='ocrx_word' id='word_1_448' title='bbox 1941 2915 1988 2970; x_wconf 90' lang='lat' dir='ltr'>po·</span> <span class='ocrx_word' id='word_1_449' title='bbox 2097 2939 2098 2942; x_wconf 63' lang='lat'>,</span> 
     </span>
     <span class='ocr_line' id='line_1_30' title="bbox 344 2985 2099 3065; baseline -0.003 -15"><span class='ocrx_word' id='word_1_450' title='bbox 344 2989 461 3065; x_wconf 85' lang='lat' dir='ltr'>gratiam</span> <span class='ocrx_word' id='word_1_451' title='bbox 482 2987 539 3044; x_wconf 84' lang='lat' dir='ltr'>aliis</span> <span class='ocrx_word' id='word_1_452' title='bbox 560 2985 697 3057; x_wconf 78' lang='lat' dir='ltr'>concedit,</span> <span class='ocrx_word' id='word_1_453' title='bbox 713 3002 796 3060; x_wconf 84' lang='lat' dir='ltr'>qaam</span> <span class='ocrx_word' id='word_1_454' title='bbox 810 2987 867 3060; x_wconf 85' lang='lat' dir='ltr'>ipse</span> <span class='ocrx_word' id='word_1_455' title='bbox 881 3003 897 3044; x_wconf 84' lang='lat' dir='ltr'>a</span> <span class='ocrx_word' id='word_1_456' title='bbox 910 2989 965 3044; x_wconf 83' lang='lat' dir='ltr'>nso</span> <span class='ocrx_word' id='word_1_457' title='bbox 980 3003 1034 3044; x_wconf 87' lang='lat' dir='ltr'>aon</span> <span class='ocrx_word' id='word_1_458' title='bbox 1048 2987 1147 3044; x_wconf 80' lang='lat' dir='ltr'>habeat</span> <span class='ocrx_word' id='word_1_459' title='bbox 1181 2999 1235 3050; x_wconf 86' lang='lat' dir='ltr'>test</span> <span class='ocrx_word' id='word_1_460' title='bbox 1254 3009 1350 3050; x_wconf 84' lang='lat' dir='ltr'>secum</span> <span class='ocrx_word' id='word_1_461' title='bbox 1370 2993 1545 3065; x_wconf 84' lang='lat' dir='ltr'>dispensare,</span> <span class='ocrx_word' id='word_1_462' title='bbox 1564 2991 1631 3048; x_wconf 86' lang='lat' dir='ltr'>iliud</span> <span class='ocrx_word' id='word_1_463' title='bbox 1646 2991 1807 3063; x_wconf 85' lang='lat' dir='ltr'>simpliciter</span> <span class='ocrx_word' id='word_1_464' title='bbox 1824 2989 1989 3058; x_wconf 81' lang='lat' dir='ltr'>auterendo,</span> <span class='ocrx_word' id='word_1_465' title='bbox 2098 3025 2099 3028; x_wconf 63' lang='lat'>,</span> 
     </span>
    </p>
   </div>
   <div class='ocr_carea' id='block_1_6' title="bbox 344 3075 1990 3688">
    <p class='ocr_par' dir='ltr' id='par_1_6' title="bbox 344 3075 1990 3424">
     <span class='ocr_line' id='line_1_31' title="bbox 345 3075 1990 3153; baseline -0.002 -18"><span class='ocrx_word' id='word_1_466' title='bbox 345 3079 404 3136; x_wconf 92' lang='lat' dir='ltr'>iure</span> <span class='ocrx_word' id='word_1_467' title='bbox 418 3093 471 3136; x_wconf 91' lang='lat' dir='ltr'>suo</span> <span class='ocrx_word' id='word_1_468' title='bbox 491 3085 519 3135; x_wconf 93' lang='lat' dir='ltr'>et</span> <span class='ocrx_word' id='word_1_469' title='bbox 529 3083 664 3151; x_wconf 77' lang='lat' dir='ltr'>potestate</span> <span class='ocrx_word' id='word_1_470' title='bbox 676 3076 822 3134; x_wconf 88' lang='lat' dir='ltr'>ordinaria.</span> <span class='ocrx_word' id='word_1_471' title='bbox 835 3075 912 3134; x_wconf 88' lang='lat' dir='ltr'>Unda</span> <span class='ocrx_word' id='word_1_472' title='bbox 924 3075 1146 3152; x_wconf 90' lang='lat' dir='ltr'>licetaliquando</span> <span class='ocrx_word' id='word_1_473' title='bbox 1181 3083 1204 3139; x_wconf 89' lang='lat' dir='ltr'>si</span> <span class='ocrx_word' id='word_1_474' title='bbox 1225 3097 1310 3140; x_wconf 88' lang='lat' dir='ltr'>causa</span> <span class='ocrx_word' id='word_1_475' title='bbox 1337 3082 1441 3153; x_wconf 80' lang='lat' dir='ltr'>subsit3</span> <span class='ocrx_word' id='word_1_476' title='bbox 1462 3081 1529 3139; x_wconf 88' lang='lat' dir='ltr'>liaeo</span> <span class='ocrx_word' id='word_1_477' title='bbox 1551 3085 1643 3138; x_wconf 91' lang='lat' dir='ltr'>autem</span> <span class='ocrx_word' id='word_1_478' title='bbox 1656 3080 1824 3152; x_wconf 79' lang='lat' dir='ltr'>dispensatio</span> <span class='ocrx_word' id='word_1_479' title='bbox 1840 3078 1935 3136; x_wconf 88' lang='lat' dir='ltr'>solum</span> <span class='ocrx_word' id='word_1_480' title='bbox 1948 3083 1990 3134; x_wconf 85' lang='lat' dir='ltr'>est</span> 
     </span>
     <span class='ocr_line' id='line_1_32' title="bbox 344 3166 1990 3244; baseline -0.001 -20"><span class='ocrx_word' id='word_1_481' title='bbox 344 3166 472 3225; x_wconf 89' lang='lat' dir='ltr'>videatur</span> <span class='ocrx_word' id='word_1_482' title='bbox 487 3168 537 3224; x_wconf 86' lang='lat' dir='ltr'>sibi</span> <span class='ocrx_word' id='word_1_483' title='bbox 551 3168 885 3240; x_wconf 87' lang='lat' dir='ltr'>specialsiusassumere,</span> <span class='ocrx_word' id='word_1_484' title='bbox 899 3167 1146 3241; x_wconf 87' lang='lat' dir='ltr'>utquandoquae·</span> <span class='ocrx_word' id='word_1_485' title='bbox 1181 3171 1305 3230; x_wconf 88' lang='lat' dir='ltr'>remissio</span> <span class='ocrx_word' id='word_1_486' title='bbox 1329 3169 1586 3244; x_wconf 34' lang='lat' dir='ltr'>quaedamndebiti,</span> <span class='ocrx_word' id='word_1_487' title='bbox 1607 3185 1660 3227; x_wconf 91' lang='lat' dir='ltr'>nou</span> <span class='ocrx_word' id='word_1_488' title='bbox 1681 3171 1819 3242; x_wconf 83' lang='lat' dir='ltr'>exemptio</span> <span class='ocrx_word' id='word_1_489' title='bbox 1840 3169 1876 3224; x_wconf 81' lang='lat' dir='ltr'>als</span> <span class='ocrx_word' id='word_1_490' title='bbox 1896 3167 1990 3240; x_wconf 90' lang='lat' dir='ltr'>aliqua</span> 
     </span>
     <span class='ocr_line' id='line_1_33' title="bbox 345 3254 1989 3336; baseline -0.002 -21"><span class='ocrx_word' id='word_1_491' title='bbox 345 3257 408 3315; x_wconf 86' lang='lat' dir='ltr'>dani</span> <span class='ocrx_word' id='word_1_492' title='bbox 428 3257 557 3314; x_wconf 84' lang='lat' dir='ltr'>beneficia</span> <span class='ocrx_word' id='word_1_493' title='bbox 577 3255 627 3313; x_wconf 86' lang='lat' dir='ltr'>sibi</span> <span class='ocrx_word' id='word_1_494' title='bbox 646 3257 802 3329; x_wconf 87' lang='lat' dir='ltr'>specialiter</span> <span class='ocrx_word' id='word_1_495' title='bbox 816 3256 916 3328; x_wconf 89' lang='lat' dir='ltr'>allicit,</span> <span class='ocrx_word' id='word_1_496' title='bbox 938 3254 1147 3336; x_wconf 81' lang='lat' dir='ltr'>relspecialem</span> <span class='ocrx_word' id='word_1_497' title='bbox 1182 3263 1256 3335; x_wconf 75' lang='lat' dir='ltr'>lega,</span> <span class='ocrx_word' id='word_1_498' title='bbox 1277 3267 1309 3319; x_wconf 85' lang='lat' dir='ltr'>ut</span> <span class='ocrx_word' id='word_1_499' title='bbox 1327 3261 1388 3319; x_wconf 77' lang='lat' dir='ltr'>alibi</span> <span class='ocrx_word' id='word_1_500' title='bbox 1407 3260 1513 3317; x_wconf 81' lang='lat' dir='ltr'>ilicium</span> <span class='ocrx_word' id='word_1_501' title='bbox 1534 3266 1591 3332; x_wconf 83' lang='lat' dir='ltr'>ost,</span> <span class='ocrx_word' id='word_1_502' title='bbox 1611 3265 1639 3316; x_wconf 84' lang='lat' dir='ltr'>et</span> <span class='ocrx_word' id='word_1_503' title='bbox 1657 3260 1718 3317; x_wconf 83' lang='lat' dir='ltr'>tileo</span> <span class='ocrx_word' id='word_1_504' title='bbox 1734 3273 1785 3315; x_wconf 86' lang='lat' dir='ltr'>nac</span> <span class='ocrx_word' id='word_1_505' title='bbox 1800 3261 1828 3314; x_wconf 90' lang='lat' dir='ltr'>in</span> <span class='ocrx_word' id='word_1_506' title='bbox 1843 3257 1989 3328; x_wconf 83' lang='lat' dir='ltr'>Pontifice,</span> 
     </span>
     <span class='ocr_line' id='line_1_34' title="bbox 345 3345 1906 3424; baseline 0.003 -21"><span class='ocrx_word' id='word_1_507' title='bbox 345 3346 478 3405; x_wconf 87' lang='lat' dir='ltr'>lionorem</span> <span class='ocrx_word' id='word_1_508' title='bbox 495 3347 545 3403; x_wconf 89' lang='lat' dir='ltr'>sibi</span> <span class='ocrx_word' id='word_1_509' title='bbox 556 3351 690 3416; x_wconf 87' lang='lat' dir='ltr'>reservat,</span> <span class='ocrx_word' id='word_1_510' title='bbox 702 3345 745 3402; x_wconf 86' lang='lat' dir='ltr'>rel</span> <span class='ocrx_word' id='word_1_511' title='bbox 756 3345 902 3419; x_wconf 87' lang='lat' dir='ltr'>specialem</span> <span class='ocrx_word' id='word_1_512' title='bbox 913 3345 1024 3402; x_wconf 87' lang='lat' dir='ltr'>modum</span> <span class='ocrx_word' id='word_1_513' title='bbox 1035 3345 1147 3403; x_wconf 87' lang='lat' dir='ltr'>electio·</span> <span class='ocrx_word' id='word_1_514' title='bbox 1181 3367 1234 3411; x_wconf 76' lang='lat' dir='ltr'>aaa</span> <span class='ocrx_word' id='word_1_515' title='bbox 1248 3353 1274 3409; x_wconf 84' lang='lat' dir='ltr'>iii</span> <span class='ocrx_word' id='word_1_516' title='bbox 1289 3351 1347 3409; x_wconf 87' lang='lat' dir='ltr'>aliis</span> <span class='ocrx_word' id='word_1_517' title='bbox 1364 3350 1448 3408; x_wconf 83' lang='lat' dir='ltr'>habet</span> <span class='ocrx_word' id='word_1_518' title='bbox 1460 3350 1600 3424; x_wconf 88' lang='lat' dir='ltr'>propriam</span> <span class='ocrx_word' id='word_1_519' title='bbox 1614 3349 1749 3408; x_wconf 90' lang='lat' dir='ltr'>rationem</span> <span class='ocrx_word' id='word_1_520' title='bbox 1762 3348 1906 3424; x_wconf 81' lang='lat' dir='ltr'>privilegii.</span> 
     </span>
    </p>

    <p class='ocr_par' dir='ltr' id='par_1_7' title="bbox 345 3433 1147 3510">
     <span class='ocr_line' id='line_1_35' title="bbox 345 3433 1147 3510; baseline -0.005 -16"><span class='ocrx_word' id='word_1_521' title='bbox 345 3438 386 3494; x_wconf 89' lang='lat' dir='ltr'>nis</span> <span class='ocrx_word' id='word_1_522' title='bbox 407 3451 457 3508; x_wconf 93' lang='lat' dir='ltr'>pro</span> <span class='ocrx_word' id='word_1_523' title='bbox 478 3451 528 3494; x_wconf 92' lang='lat' dir='ltr'>sua</span> <span class='ocrx_word' id='word_1_524' title='bbox 547 3435 680 3510; x_wconf 88' lang='lat' dir='ltr'>dignitato</span> <span class='ocrx_word' id='word_1_525' title='bbox 698 3437 854 3508; x_wconf 88' lang='lat' dir='ltr'>constituit,</span> <span class='ocrx_word' id='word_1_526' title='bbox 870 3439 896 3494; x_wconf 93' lang='lat' dir='ltr'>in</span> <span class='ocrx_word' id='word_1_527' title='bbox 911 3435 953 3491; x_wconf 88' lang='lat' dir='ltr'>his</span> <span class='ocrx_word' id='word_1_528' title='bbox 968 3442 997 3492; x_wconf 89' lang='lat' dir='ltr'>at</span> <span class='ocrx_word' id='word_1_529' title='bbox 1014 3433 1147 3492; x_wconf 84' lang='lat' dir='ltr'>similibus</span> 
     </span>
    </p>

    <p class='ocr_par' dir='ltr' id='par_1_8' title="bbox 346 3525 1684 3600">
     <span class='ocr_line' id='line_1_36' title="bbox 346 3525 1684 3600; baseline -0.001 -18"><span class='ocrx_word' id='word_1_530' title='bbox 346 3541 402 3583; x_wconf 91' lang='lat' dir='ltr'>non</span> <span class='ocrx_word' id='word_1_531' title='bbox 421 3532 476 3583; x_wconf 94' lang='lat' dir='ltr'>tam</span> <span class='ocrx_word' id='word_1_532' title='bbox 491 3525 629 3599; x_wconf 82' lang='lat' dir='ltr'>privilegia</span> <span class='ocrx_word' id='word_1_533' title='bbox 643 3525 692 3582; x_wconf 83' lang='lat' dir='ltr'>silii</span> <span class='ocrx_word' id='word_1_534' title='bbox 706 3527 837 3600; x_wconf 88' lang='lat' dir='ltr'>assumit,</span> <span class='ocrx_word' id='word_1_535' title='bbox 853 3540 935 3598; x_wconf 92' lang='lat' dir='ltr'>quain</span> <span class='ocrx_word' id='word_1_536' title='bbox 950 3541 1002 3582; x_wconf 88' lang='lat' dir='ltr'>suo</span> <span class='ocrx_word' id='word_1_537' title='bbox 1016 3527 1077 3581; x_wconf 89' lang='lat' dir='ltr'>iure</span> <span class='ocrx_word' id='word_1_538' title='bbox 1092 3525 1148 3582; x_wconf 93' lang='lat' dir='ltr'>uti·</span> <span class='ocrx_word' id='word_1_539' title='bbox 1477 3525 1618 3597; x_wconf 77' lang='lat' dir='ltr'>CAPUT</span> <span class='ocrx_word' id='word_1_540' title='bbox 1639 3525 1684 3594; x_wconf 77' lang='lat' dir='ltr'>X,</span> 
     </span>
    </p>

    <p class='ocr_par' dir='ltr' id='par_1_9' title="bbox 345 3611 1147 3688">
     <span class='ocr_line' id='line_1_37' title="bbox 345 3611 1147 3688; baseline -0.005 -15"><span class='ocrx_word' id='word_1_541' title='bbox 345 3623 405 3686; x_wconf 93' lang='lat' dir='ltr'>tur,</span> <span class='ocrx_word' id='word_1_542' title='bbox 424 3621 453 3672; x_wconf 90' lang='lat' dir='ltr'>at</span> <span class='ocrx_word' id='word_1_543' title='bbox 470 3617 514 3671; x_wconf 91' lang='lat' dir='ltr'>ius</span> <span class='ocrx_word' id='word_1_544' title='bbox 527 3613 649 3671; x_wconf 87' lang='lat' dir='ltr'>divinum</span> <span class='ocrx_word' id='word_1_545' title='bbox 663 3629 728 3672; x_wconf 88' lang='lat' dir='ltr'>suae</span> <span class='ocrx_word' id='word_1_546' title='bbox 744 3614 883 3688; x_wconf 91' lang='lat' dir='ltr'>dignitatis</span> <span class='ocrx_word' id='word_1_547' title='bbox 898 3614 940 3670; x_wconf 88' lang='lat' dir='ltr'>rel</span> <span class='ocrx_word' id='word_1_548' title='bbox 954 3612 1089 3685; x_wconf 89' lang='lat' dir='ltr'>declarat,</span> <span class='ocrx_word' id='word_1_549' title='bbox 1105 3611 1147 3669; x_wconf 83' lang='lat' dir='ltr'>vel</span> 
     </span>
    </p>
   </div>
   <div class='ocr_carea' id='block_1_7' title="bbox 346 3679 1944 3889">
    <p class='ocr_par' dir='ltr' id='par_1_10' title="bbox 346 3679 1944 3889">
     <span class='ocr_line' id='line_1_38' title="bbox 346 3679 1944 3802; baseline 0.004 -39"><span class='ocrx_word' id='word_1_550' title='bbox 346 3703 523 3777; x_wconf 89' lang='lat' dir='ltr'>determinat,</span> <span class='ocrx_word' id='word_1_551' title='bbox 543 3709 571 3761; x_wconf 88' lang='lat' dir='ltr'>et</span> <span class='ocrx_word' id='word_1_552' title='bbox 587 3704 621 3760; x_wconf 92' lang='lat' dir='ltr'>de</span> <span class='ocrx_word' id='word_1_553' title='bbox 639 3702 686 3760; x_wconf 91' lang='lat' dir='ltr'>tali</span> <span class='ocrx_word' id='word_1_554' title='bbox 704 3701 928 3761; x_wconf 86' lang='lat' dir='ltr'>determinatione</span> <span class='ocrx_word' id='word_1_555' title='bbox 948 3703 991 3760; x_wconf 90' lang='lat' dir='ltr'>ius</span> <span class='ocrx_word' id='word_1_556' title='bbox 1005 3700 1147 3775; x_wconf 87' lang='lat' dir='ltr'>quoddam</span> <span class='ocrx_word' id='word_1_557' title='bbox 1240 3721 1401 3802; x_wconf 55' lang='lat' dir='ltr'><strong><em>Quodnam</em></strong></span> <span class='ocrx_word' id='word_1_558' title='bbox 1415 3725 1455 3782; x_wconf 67' lang='lat' dir='ltr'>,gg</span> <span class='ocrx_word' id='word_1_559' title='bbox 1468 3679 1599 3794; x_wconf 57' lang='lat' dir='ltr'>(sejam</span> <span class='ocrx_word' id='word_1_560' title='bbox 1613 3719 1777 3779; x_wconf 58' lang='lat' dir='ltr'>,abactam</span> <span class='ocrx_word' id='word_1_561' title='bbox 1788 3719 1944 3796; x_wconf 62' lang='lat' dir='ltr'>privelegii</span> 
     </span>
     <span class='ocr_line' id='line_1_39' title="bbox 346 3789 1860 3889; baseline 0.003 -37"><span class='ocrx_word' id='word_1_562' title='bbox 346 3808 492 3852; x_wconf 91' lang='lat' dir='ltr'>commune</span> <span class='ocrx_word' id='word_1_563' title='bbox 513 3793 665 3851; x_wconf 89' lang='lat' dir='ltr'>coustituit.</span> <span class='ocrx_word' id='word_1_564' title='bbox 686 3794 801 3862; x_wconf 85' lang='lat' dir='ltr'>Quando</span> <span class='ocrx_word' id='word_1_565' title='bbox 820 3799 913 3850; x_wconf 88' lang='lat' dir='ltr'>autern</span> <span class='ocrx_word' id='word_1_566' title='bbox 933 3807 1084 3866; x_wconf 88' lang='lat' dir='ltr'>personas,</span> <span class='ocrx_word' id='word_1_567' title='bbox 1104 3789 1147 3848; x_wconf 82' lang='lat' dir='ltr'>ael</span> <span class='ocrx_word' id='word_1_568' title='bbox 1312 3811 1413 3889; x_wconf 60' lang='lat' dir='ltr'><strong><em>quoad</em></strong></span> <span class='ocrx_word' id='word_1_569' title='bbox 1423 3827 1595 3888; x_wconf 51' lang='lat' dir='ltr'>personam,</span> <span class='ocrx_word' id='word_1_570' title='bbox 1612 3813 1662 3868; x_wconf 67' lang='lat' dir='ltr'>cpi</span> <span class='ocrx_word' id='word_1_571' title='bbox 1675 3809 1860 3868; x_wconf 65' lang='lat' dir='ltr'>conceditur,</span> 
     </span>
    </p>
   </div>
   <div class='ocr_carea' id='block_1_8' title="bbox 228 3882 1148 3964">
    <p class='ocr_par' dir='ltr' id='par_1_11' title="bbox 228 3882 1148 3964">
     <span class='ocr_line' id='line_1_40' title="bbox 228 3882 1148 3964; baseline -0.004 -22"><span class='ocrx_word' id='word_1_572' title='bbox 228 3959 230 3964; x_wconf 23' lang='grc' dir='ltr'>Ι</span> <span class='ocrx_word' id='word_1_573' title='bbox 346 3885 559 3942; x_wconf 87' lang='lat' dir='ltr'>communitates</span> <span class='ocrx_word' id='word_1_574' title='bbox 580 3882 687 3956; x_wconf 90' lang='lat' dir='ltr'>aliquas</span> <span class='ocrx_word' id='word_1_575' title='bbox 707 3884 798 3939; x_wconf 84' lang='lat' dir='ltr'>eximit</span> <span class='ocrx_word' id='word_1_576' title='bbox 817 3882 1017 3940; x_wconf 89' lang='lat' dir='ltr'>asubiectione</span> <span class='ocrx_word' id='word_1_577' title='bbox 1035 3882 1148 3939; x_wconf 84' lang='lat' dir='ltr'>interio-</span> 
     </span>
    </p>
   </div>
   <div class='ocr_carea' id='block_1_9' title="bbox 347 3971 1698 4135">
    <p class='ocr_par' dir='ltr' id='par_1_12' title="bbox 347 3971 1698 4135">
     <span class='ocr_line' id='line_1_41' title="bbox 347 3971 1698 4056; baseline -0.003 -26"><span class='ocrx_word' id='word_1_578' title='bbox 347 3988 411 4030; x_wconf 90' lang='lat' dir='ltr'>rum</span> <span class='ocrx_word' id='word_1_579' title='bbox 428 3973 626 4044; x_wconf 88' lang='lat' dir='ltr'>praelatorum,</span> <span class='ocrx_word' id='word_1_580' title='bbox 638 3977 667 4029; x_wconf 89' lang='lat' dir='ltr'>et</span> <span class='ocrx_word' id='word_1_581' title='bbox 680 3971 729 4029; x_wconf 90' lang='lat' dir='ltr'>sibi</span> <span class='ocrx_word' id='word_1_582' title='bbox 742 3971 853 4029; x_wconf 89' lang='lat' dir='ltr'>subiicit</span> <span class='ocrx_word' id='word_1_583' title='bbox 862 3971 1029 4044; x_wconf 86' lang='lat' dir='ltr'>immediate,</span> <span class='ocrx_word' id='word_1_584' title='bbox 1041 3971 1084 4028; x_wconf 82' lang='lat' dir='ltr'>ael</span> <span class='ocrx_word' id='word_1_585' title='bbox 1096 3971 1148 4029; x_wconf 91' lang='lat' dir='ltr'>sub</span> <span class='ocrx_word' id='word_1_586' title='bbox 1464 3991 1542 4056; x_wconf 68' lang='lat' dir='ltr'>sm</span> <span class='ocrx_word' id='word_1_587' title='bbox 1550 3989 1637 4054; x_wconf 65' lang='lat' dir='ltr'>wi</span> <span class='ocrx_word' id='word_1_588' title='bbox 1645 4004 1698 4052; x_wconf 69' lang='lat' dir='ltr'>m</span> 
     </span>
     <span class='ocr_line' id='line_1_42' title="bbox 348 4059 1519 4135; baseline -0.004 -15"><span class='ocrx_word' id='word_1_589' title='bbox 348 4079 400 4120; x_wconf 88' lang='lat' dir='ltr'>sua</span> <span class='ocrx_word' id='word_1_590' title='bbox 421 4067 555 4135; x_wconf 88' lang='lat' dir='ltr'>potestate</span> <span class='ocrx_word' id='word_1_591' title='bbox 575 4063 706 4131; x_wconf 85' lang='lat' dir='ltr'>assumit,</span> <span class='ocrx_word' id='word_1_592' title='bbox 727 4067 782 4119; x_wconf 91' lang='lat' dir='ltr'>etc.</span> <span class='ocrx_word' id='word_1_593' title='bbox 805 4061 862 4119; x_wconf 88' lang='lat' dir='ltr'>aliis</span> <span class='ocrx_word' id='word_1_594' title='bbox 881 4060 991 4134; x_wconf 92' lang='lat' dir='ltr'>quidem</span> <span class='ocrx_word' id='word_1_595' title='bbox 1009 4059 1148 4133; x_wconf 81' lang='lat' dir='ltr'>privilegia</span> <span class='ocrx_word' id='word_1_596' title='bbox 1510 4087 1519 4102; x_wconf 91' lang='lat'><strong>·</strong></span> 
     </span>
    </p>
   </div>
   <div class='ocr_carea' id='block_1_10' title="bbox 345 4151 1993 4321">
    <p class='ocr_par' dir='ltr' id='par_1_13' title="bbox 345 4151 1993 4321">
     <span class='ocr_line' id='line_1_43' title="bbox 345 4151 1991 4242; baseline -0.004 -11"><span class='ocrx_word' id='word_1_597' title='bbox 345 4152 489 4240; x_wconf 58' lang='lat' dir='ltr'>„⁰⁰³⁰‘dst3</span> <span class='ocrx_word' id='word_1_598' title='bbox 505 4151 597 4226; x_wconf 57' lang='grc' dir='ltr'>(ΨΜ</span> <span class='ocrx_word' id='word_1_599' title='bbox 611 4166 640 4208; x_wconf 78' lang='lat'>⁸⁰</span> <span class='ocrx_word' id='word_1_600' title='bbox 653 4165 718 4208; x_wconf 64' lang='lat'>&#39;0¹⁰</span> <span class='ocrx_word' id='word_1_601' title='bbox 732 4151 806 4226; x_wconf 65' lang='lat'>(1⁰⁰⁶</span> <span class='ocrx_word' id='word_1_602' title='bbox 822 4166 905 4209; x_wconf 57' lang='grc' dir='ltr'>ΝΜ</span> <span class='ocrx_word' id='word_1_603' title='bbox 919 4157 971 4223; x_wconf 63' lang='lat'>⁰⁸¹2</span> <span class='ocrx_word' id='word_1_604' title='bbox 988 4151 1104 4222; x_wconf 51' lang='lat' dir='ltr'>‘enneli</span> <span class='ocrx_word' id='word_1_605' title='bbox 1119 4155 1148 4207; x_wconf 64' lang='lat' dir='ltr'>et</span> <span class='ocrx_word' id='word_1_606' title='bbox 1183 4179 1209 4230; x_wconf 90' lang='lat' dir='ltr'>l.</span> <span class='ocrx_word' id='word_1_607' title='bbox 1223 4177 1290 4228; x_wconf 85' lang='lat' dir='ltr'>ilaec</span> <span class='ocrx_word' id='word_1_608' title='bbox 1302 4179 1420 4242; x_wconf 90' lang='lat' dir='ltr'>quaestio</span> <span class='ocrx_word' id='word_1_609' title='bbox 1432 4177 1574 4242; x_wconf 84' lang='lat' dir='ltr'>generatim</span> <span class='ocrx_word' id='word_1_610' title='bbox 1587 4183 1704 4241; x_wconf 84' lang='lat' dir='ltr'>sumpta,</span> <span class='ocrx_word' id='word_1_611' title='bbox 1718 4181 1758 4226; x_wconf 89' lang='lat' dir='ltr'>est</span> <span class='ocrx_word' id='word_1_612' title='bbox 1771 4173 1834 4225; x_wconf 88' lang='lat' dir='ltr'>iacti</span> <span class='ocrx_word' id='word_1_613' title='bbox 1847 4187 1899 4226; x_wconf 89' lang='lat' dir='ltr'>non</span> <span class='ocrx_word' id='word_1_614' title='bbox 1912 4177 1991 4235; x_wconf 87' lang='lat' dir='ltr'>iuris;</span> 
     </span>
     <span class='ocr_line' id='line_1_44' title="bbox 346 4239 1993 4321; baseline -0.001 -23"><span class='ocrx_word' id='word_1_615' title='bbox 346 4241 581 4314; x_wconf 89' lang='lat' dir='ltr'>participationem</span> <span class='ocrx_word' id='word_1_616' title='bbox 593 4239 746 4321; x_wconf 87' lang='lat' dir='ltr'>potestatis,</span> <span class='ocrx_word' id='word_1_617' title='bbox 756 4256 840 4314; x_wconf 90' lang='lat' dir='ltr'>quam</span> <span class='ocrx_word' id='word_1_618' title='bbox 852 4241 909 4298; x_wconf 90' lang='lat' dir='ltr'>aliis</span> <span class='ocrx_word' id='word_1_619' title='bbox 921 4242 1147 4298; x_wconf 84' lang='lat' dir='ltr'>communicara-</span> <span class='ocrx_word' id='word_1_620' title='bbox 1217 4249 1412 4312; x_wconf 85' lang='lat' dir='ltr'>particulariter</span> <span class='ocrx_word' id='word_1_621' title='bbox 1425 4247 1497 4310; x_wconf 82' lang='lat' dir='ltr'>reio,</span> <span class='ocrx_word' id='word_1_622' title='bbox 1510 4252 1550 4298; x_wconf 89' lang='lat' dir='ltr'>est</span> <span class='ocrx_word' id='word_1_623' title='bbox 1564 4247 1629 4297; x_wconf 87' lang='lat' dir='ltr'>turis</span> <span class='ocrx_word' id='word_1_624' title='bbox 1641 4259 1690 4297; x_wconf 92' lang='lat' dir='ltr'>non</span> <span class='ocrx_word' id='word_1_625' title='bbox 1701 4245 1772 4296; x_wconf 85' lang='lat' dir='ltr'>tacti.</span> <span class='ocrx_word' id='word_1_626' title='bbox 1784 4271 1819 4281; x_wconf 90' lang='lat'><em>-</em></span> <span class='ocrx_word' id='word_1_627' title='bbox 1829 4243 1855 4295; x_wconf 80' lang='lat'>2.</span> <span class='ocrx_word' id='word_1_628' title='bbox 1867 4246 1993 4308; x_wconf 77' lang='lat' dir='ltr'>Quaestio</span> 
     </span>
    </p>
   </div>
   <div class='ocr_carea' id='block_1_11' title="bbox 346 4315 1991 4404">
    <p class='ocr_par' dir='ltr' id='par_1_14' title="bbox 346 4315 1991 4404">
     <span class='ocr_line' id='line_1_45' title="bbox 346 4315 1991 4404; baseline -0.007 -16"><span class='ocrx_word' id='word_1_629' title='bbox 346 4338 402 4404; x_wconf 92' lang='lat' dir='ltr'>rat,</span> <span class='ocrx_word' id='word_1_630' title='bbox 416 4329 559 4388; x_wconf 90' lang='lat' dir='ltr'>interdurn</span> <span class='ocrx_word' id='word_1_631' title='bbox 569 4336 692 4387; x_wconf 88' lang='lat' dir='ltr'>revocat.</span> <span class='ocrx_word' id='word_1_632' title='bbox 702 4329 736 4386; x_wconf 84' lang='lat' dir='ltr'>Et</span> <span class='ocrx_word' id='word_1_633' title='bbox 746 4329 818 4388; x_wconf 89' lang='lat' dir='ltr'>idem</span> <span class='ocrx_word' id='word_1_634' title='bbox 829 4332 907 4388; x_wconf 92' lang='lat' dir='ltr'>estin</span> <span class='ocrx_word' id='word_1_635' title='bbox 919 4329 1064 4404; x_wconf 78' lang='lat' dir='ltr'>similibus3</span> <span class='ocrx_word' id='word_1_636' title='bbox 1073 4327 1149 4386; x_wconf 92' lang='lat' dir='ltr'>ideo·</span> <span class='ocrx_word' id='word_1_637' title='bbox 1216 4319 1392 4370; x_wconf 80' lang='lat' dir='ltr'>causatione</span> <span class='ocrx_word' id='word_1_638' title='bbox 1410 4315 1556 4368; x_wconf 77' lang='lat' dir='ltr'>capiundi.</span> <span class='ocrx_word' id='word_1_639' title='bbox 1576 4343 1612 4355; x_wconf 85' lang='lat'><em>-</em></span> <span class='ocrx_word' id='word_1_640' title='bbox 1629 4316 1655 4367; x_wconf 87' lang='lat'>3.</span> <span class='ocrx_word' id='word_1_641' title='bbox 1675 4315 1773 4379; x_wconf 78' lang='lat' dir='ltr'>negata</span> <span class='ocrx_word' id='word_1_642' title='bbox 1792 4315 1935 4377; x_wconf 67' lang='lat' dir='ltr'>tteflffllls·</span> <span class='ocrx_word' id='word_1_643' title='bbox 1955 4340 1991 4352; x_wconf 90' lang='lat'><em>-</em></span> 
     </span>
    </p>
   </div>
   <div class='ocr_carea' id='block_1_12' title="bbox 346 4385 1994 4521">
    <p class='ocr_par' dir='ltr' id='par_1_15' title="bbox 346 4385 1994 4521">
     <span class='ocr_line' id='line_1_46' title="bbox 346 4385 1994 4521; baseline -0.001 -45"><span class='ocrx_word' id='word_1_644' title='bbox 346 4436 401 4494; x_wconf 91' lang='lat' dir='ltr'>qua</span> <span class='ocrx_word' id='word_1_645' title='bbox 423 4420 469 4478; x_wconf 89' lang='lat' dir='ltr'>ubi</span> <span class='ocrx_word' id='word_1_646' title='bbox 490 4435 545 4478; x_wconf 91' lang='lat' dir='ltr'>non</span> <span class='ocrx_word' id='word_1_647' title='bbox 570 4421 718 4477; x_wconf 86' lang='lat' dir='ltr'>intarreoit</span> <span class='ocrx_word' id='word_1_648' title='bbox 737 4418 966 4493; x_wconf 80' lang='lat' dir='ltr'>indulgentiarum</span> <span class='ocrx_word' id='word_1_649' title='bbox 990 4419 1146 4495; x_wconf 89' lang='lat' dir='ltr'>applicatio,</span> <span class='ocrx_word' id='word_1_650' title='bbox 1216 4385 1994 4521; x_wconf 52' lang='lat' dir='ltr'>2iffigssissffloffiffiffleesfflfflfflffifflg]</span> 
     </span>
    </p>
   </div>
   <div class='ocr_carea' id='block_1_13' title="bbox 345 4509 1995 5304">
    <p class='ocr_par' dir='ltr' id='par_1_16' title="bbox 346 4509 1688 4593">
     <span class='ocr_line' id='line_1_47' title="bbox 346 4509 1688 4593; baseline 0 -27"><span class='ocrx_word' id='word_1_651' title='bbox 346 4511 388 4566; x_wconf 82' lang='lat' dir='ltr'>rel</span> <span class='ocrx_word' id='word_1_652' title='bbox 402 4509 568 4581; x_wconf 87' lang='lat' dir='ltr'>dispensatio</span> <span class='ocrx_word' id='word_1_653' title='bbox 581 4510 609 4566; x_wconf 90' lang='lat' dir='ltr'>iu</span> <span class='ocrx_word' id='word_1_654' title='bbox 623 4509 692 4583; x_wconf 90' lang='lat' dir='ltr'>lege,</span> <span class='ocrx_word' id='word_1_655' title='bbox 708 4524 763 4566; x_wconf 92' lang='lat' dir='ltr'>non</span> <span class='ocrx_word' id='word_1_656' title='bbox 774 4515 866 4581; x_wconf 90' lang='lat' dir='ltr'>potest</span> <span class='ocrx_word' id='word_1_657' title='bbox 877 4509 991 4568; x_wconf 82' lang='lat' dir='ltr'>inveniri</span> <span class='ocrx_word' id='word_1_658' title='bbox 1004 4512 1148 4584; x_wconf 91' lang='lat' dir='ltr'>proprium</span> <span class='ocrx_word' id='word_1_659' title='bbox 1216 4529 1285 4578; x_wconf 67' lang='lat' dir='ltr'>nana</span> <span class='ocrx_word' id='word_1_660' title='bbox 1297 4526 1488 4593; x_wconf 84' lang='lat' dir='ltr'>comprehendit</span> <span class='ocrx_word' id='word_1_661' title='bbox 1500 4525 1580 4577; x_wconf 63' lang='lat' dir='ltr'>arium</span> <span class='ocrx_word' id='word_1_662' title='bbox 1592 4539 1688 4584; x_wconf 61' lang='lat' dir='ltr'>sexum,</span> 
     </span>
    </p>

    <p class='ocr_par' dir='ltr' id='par_1_17' title="bbox 346 4598 1148 4672">
     <span class='ocr_line' id='line_1_48' title="bbox 346 4598 1148 4672; baseline 0.005 -19"><span class='ocrx_word' id='word_1_663' title='bbox 346 4599 535 4671; x_wconf 84' lang='lat' dir='ltr'>privilegium,</span> <span class='ocrx_word' id='word_1_664' title='bbox 559 4598 633 4672; x_wconf 92' lang='lat' dir='ltr'>quod</span> <span class='ocrx_word' id='word_1_665' title='bbox 652 4601 725 4672; x_wconf 84' lang='lat' dir='ltr'>Papa</span> <span class='ocrx_word' id='word_1_666' title='bbox 743 4599 793 4656; x_wconf 78' lang='lat' dir='ltr'>silai</span> <span class='ocrx_word' id='word_1_667' title='bbox 807 4599 848 4657; x_wconf 84' lang='lat' dir='ltr'>rel</span> <span class='ocrx_word' id='word_1_668' title='bbox 864 4615 930 4656; x_wconf 91' lang='lat' dir='ltr'>suae</span> <span class='ocrx_word' id='word_1_669' title='bbox 945 4599 1068 4672; x_wconf 78' lang='lat' dir='ltr'>dignitati</span> <span class='ocrx_word' id='word_1_670' title='bbox 1084 4615 1148 4672; x_wconf 89' lang='lat' dir='ltr'>pro-</span> 
     </span>
    </p>

    <p class='ocr_par' dir='ltr' id='par_1_18' title="bbox 345 4673 1995 5304">
     <span class='ocr_line' id='line_1_49' title="bbox 346 4673 1995 4762; baseline -0.002 -19"><span class='ocrx_word' id='word_1_671' title='bbox 346 4688 405 4759; x_wconf 90' lang='lat' dir='ltr'>prie</span> <span class='ocrx_word' id='word_1_672' title='bbox 426 4685 572 4744; x_wconf 87' lang='lat' dir='ltr'>concedat.</span> <span class='ocrx_word' id='word_1_673' title='bbox 593 4687 629 4744; x_wconf 81' lang='lat' dir='ltr'>lit</span> <span class='ocrx_word' id='word_1_674' title='bbox 646 4686 804 4745; x_wconf 86' lang='lat' dir='ltr'>declaratur</span> <span class='ocrx_word' id='word_1_675' title='bbox 818 4688 949 4761; x_wconf 86' lang='lat' dir='ltr'>amplius,</span> <span class='ocrx_word' id='word_1_676' title='bbox 966 4689 1030 4762; x_wconf 91' lang='lat' dir='ltr'>quia</span> <span class='ocrx_word' id='word_1_677' title='bbox 1043 4689 1149 4761; x_wconf 87' lang='lat' dir='ltr'>pontili-</span> <span class='ocrx_word' id='word_1_678' title='bbox 1226 4687 1251 4743; x_wconf 91' lang='lat' dir='ltr'>l.</span> <span class='ocrx_word' id='word_1_679' title='bbox 1264 4685 1453 4756; x_wconf 80' lang='lat' dir='ltr'>Diximus,cui</span> <span class='ocrx_word' id='word_1_680' title='bbox 1464 4683 1551 4756; x_wconf 92' lang='lat' dir='ltr'>possit</span> <span class='ocrx_word' id='word_1_681' title='bbox 1560 4683 1733 4756; x_wconf 81' lang='lat' dir='ltr'>privilegium</span> <span class='ocrx_word' id='word_1_682' title='bbox 1745 4673 1918 4756; x_wconf 81' lang='lat' dir='ltr'>concedi3ad</span> <span class='ocrx_word' id='word_1_683' title='bbox 1933 4697 1995 4740; x_wconf 92' lang='lat' dir='ltr'>mo-</span> 
     </span>
     <span class='ocr_line' id='line_1_50' title="bbox 346 4773 1993 4852; baseline -0.002 -18"><span class='ocrx_word' id='word_1_684' title='bbox 346 4779 391 4834; x_wconf 90' lang='lat' dir='ltr'>cia</span> <span class='ocrx_word' id='word_1_685' title='bbox 406 4775 522 4849; x_wconf 87' lang='lat' dir='ltr'>dignitas</span> <span class='ocrx_word' id='word_1_686' title='bbox 536 4791 569 4833; x_wconf 83' lang='lat' dir='ltr'>ea</span> <span class='ocrx_word' id='word_1_687' title='bbox 583 4777 643 4847; x_wconf 91' lang='lat' dir='ltr'>ipsu</span> <span class='ocrx_word' id='word_1_688' title='bbox 654 4775 745 4833; x_wconf 89' lang='lat' dir='ltr'>divino</span> <span class='ocrx_word' id='word_1_689' title='bbox 755 4777 814 4834; x_wconf 88' lang='lat' dir='ltr'>iura</span> <span class='ocrx_word' id='word_1_690' title='bbox 826 4777 972 4852; x_wconf 91' lang='lat' dir='ltr'>singularis</span> <span class='ocrx_word' id='word_1_691' title='bbox 984 4783 1062 4834; x_wconf 92' lang='lat' dir='ltr'>estet</span> <span class='ocrx_word' id='word_1_692' title='bbox 1073 4793 1149 4835; x_wconf 92' lang='lat' dir='ltr'>com·</span> <span class='ocrx_word' id='word_1_693' title='bbox 1184 4773 1269 4834; x_wconf 84' lang='lat' dir='ltr'>caleni</span> <span class='ocrx_word' id='word_1_694' title='bbox 1290 4782 1382 4832; x_wconf 89' lang='lat' dir='ltr'>autern</span> <span class='ocrx_word' id='word_1_695' title='bbox 1396 4781 1424 4832; x_wconf 90' lang='lat' dir='ltr'>et</span> <span class='ocrx_word' id='word_1_696' title='bbox 1438 4776 1589 4847; x_wconf 90' lang='lat' dir='ltr'>practicam</span> <span class='ocrx_word' id='word_1_697' title='bbox 1603 4773 1760 4831; x_wconf 92' lang='lat' dir='ltr'>doctrinam</span> <span class='ocrx_word' id='word_1_698' title='bbox 1776 4773 1928 4832; x_wconf 89' lang='lat' dir='ltr'>desiderari</span> <span class='ocrx_word' id='word_1_699' title='bbox 1942 4789 1993 4846; x_wconf 93' lang='lat' dir='ltr'>po·</span> 
     </span>
     <span class='ocr_line' id='line_1_51' title="bbox 346 4862 1991 4941; baseline -0.003 -17"><span class='ocrx_word' id='word_1_700' title='bbox 346 4866 452 4939; x_wconf 80' lang='lat' dir='ltr'>munis3</span> <span class='ocrx_word' id='word_1_701' title='bbox 473 4864 621 4938; x_wconf 92' lang='lat' dir='ltr'>singularis</span> <span class='ocrx_word' id='word_1_702' title='bbox 640 4865 666 4922; x_wconf 89' lang='lat' dir='ltr'>in</span> <span class='ocrx_word' id='word_1_703' title='bbox 688 4866 847 4925; x_wconf 84' lang='lat' dir='ltr'>excellentia</span> <span class='ocrx_word' id='word_1_704' title='bbox 861 4875 890 4924; x_wconf 86' lang='lat' dir='ltr'>et</span> <span class='ocrx_word' id='word_1_705' title='bbox 902 4874 1057 4940; x_wconf 89' lang='lat' dir='ltr'>potestate,</span> <span class='ocrx_word' id='word_1_706' title='bbox 1073 4883 1149 4925; x_wconf 92' lang='lat' dir='ltr'>com·</span> <span class='ocrx_word' id='word_1_707' title='bbox 1185 4873 1256 4941; x_wconf 89' lang='lat' dir='ltr'>test,</span> <span class='ocrx_word' id='word_1_708' title='bbox 1278 4872 1310 4923; x_wconf 91' lang='lat' dir='ltr'>ut</span> <span class='ocrx_word' id='word_1_709' title='bbox 1328 4865 1509 4938; x_wconf 81' lang='lat' dir='ltr'>explicemus,</span> <span class='ocrx_word' id='word_1_710' title='bbox 1524 4864 1569 4921; x_wconf 92' lang='lat' dir='ltr'>cui</span> <span class='ocrx_word' id='word_1_711' title='bbox 1582 4862 1616 4921; x_wconf 93' lang='lat' dir='ltr'>de</span> <span class='ocrx_word' id='word_1_712' title='bbox 1631 4863 1704 4921; x_wconf 89' lang='lat' dir='ltr'>lacto</span> <span class='ocrx_word' id='word_1_713' title='bbox 1720 4864 1891 4921; x_wconf 89' lang='lat' dir='ltr'>concedatur</span> <span class='ocrx_word' id='word_1_714' title='bbox 1905 4863 1991 4937; x_wconf 83' lang='lat' dir='ltr'>priri-</span> 
     </span>
     <span class='ocr_line' id='line_1_52' title="bbox 345 4953 1993 5031; baseline -0.004 -17"><span class='ocrx_word' id='word_1_715' title='bbox 345 4955 436 5014; x_wconf 90' lang='lat' dir='ltr'>munis</span> <span class='ocrx_word' id='word_1_716' title='bbox 456 4955 482 5010; x_wconf 90' lang='lat' dir='ltr'>tn</span> <span class='ocrx_word' id='word_1_717' title='bbox 496 4953 621 5012; x_wconf 86' lang='lat' dir='ltr'>efficacia</span> <span class='ocrx_word' id='word_1_718' title='bbox 635 4962 664 5013; x_wconf 91' lang='lat' dir='ltr'>et</span> <span class='ocrx_word' id='word_1_719' title='bbox 677 4956 811 5013; x_wconf 89' lang='lat' dir='ltr'>utilitato:</span> <span class='ocrx_word' id='word_1_720' title='bbox 826 4963 854 5014; x_wconf 89' lang='lat' dir='ltr'>et</span> <span class='ocrx_word' id='word_1_721' title='bbox 868 4956 928 5014; x_wconf 91' lang='lat' dir='ltr'>ideo</span> <span class='ocrx_word' id='word_1_722' title='bbox 943 4959 1160 5031; x_wconf 82' lang='lat' dir='ltr'>praerogativas.</span> <span class='ocrx_word' id='word_1_723' title='bbox 1183 4955 1295 5028; x_wconf 90' lang='lat' dir='ltr'>legium.</span> <span class='ocrx_word' id='word_1_724' title='bbox 1311 4955 1390 5023; x_wconf 92' lang='lat' dir='ltr'>Quod</span> <span class='ocrx_word' id='word_1_725' title='bbox 1411 4955 1448 5011; x_wconf 89' lang='lat' dir='ltr'>ita</span> <span class='ocrx_word' id='word_1_726' title='bbox 1465 4953 1616 5026; x_wconf 86' lang='lat' dir='ltr'>generatim</span> <span class='ocrx_word' id='word_1_727' title='bbox 1630 4959 1790 5025; x_wconf 90' lang='lat' dir='ltr'>sumptum,</span> <span class='ocrx_word' id='word_1_728' title='bbox 1806 4955 1934 5026; x_wconf 83' lang='lat' dir='ltr'>queastio</span> <span class='ocrx_word' id='word_1_729' title='bbox 1948 4957 1993 5008; x_wconf 86' lang='lat' dir='ltr'>est</span> 
     </span>
     <span class='ocr_line' id='line_1_53' title="bbox 347 5041 1992 5118; baseline -0.003 -16"><span class='ocrx_word' id='word_1_730' title='bbox 347 5045 435 5117; x_wconf 92' lang='lat' dir='ltr'>illius,</span> <span class='ocrx_word' id='word_1_731' title='bbox 449 5045 473 5100; x_wconf 89' lang='lat' dir='ltr'>si</span> <span class='ocrx_word' id='word_1_732' title='bbox 487 5043 629 5117; x_wconf 81' lang='lat' dir='ltr'>privilegia</span> <span class='ocrx_word' id='word_1_733' title='bbox 643 5043 758 5102; x_wconf 89' lang='lat' dir='ltr'>dicenda</span> <span class='ocrx_word' id='word_1_734' title='bbox 773 5053 848 5117; x_wconf 86' lang='lat' dir='ltr'>sunt,</span> <span class='ocrx_word' id='word_1_735' title='bbox 865 5048 952 5118; x_wconf 91' lang='lat' dir='ltr'>magis</span> <span class='ocrx_word' id='word_1_736' title='bbox 964 5053 1033 5104; x_wconf 86' lang='lat' dir='ltr'>aunt</span> <span class='ocrx_word' id='word_1_737' title='bbox 1043 5045 1076 5103; x_wconf 90' lang='lat' dir='ltr'>de</span> <span class='ocrx_word' id='word_1_738' title='bbox 1087 5048 1149 5103; x_wconf 91' lang='lat' dir='ltr'>iure</span> <span class='ocrx_word' id='word_1_739' title='bbox 1183 5045 1269 5117; x_wconf 90' lang='lat' dir='ltr'>lacti,</span> <span class='ocrx_word' id='word_1_740' title='bbox 1290 5061 1343 5102; x_wconf 95' lang='lat' dir='ltr'>non</span> <span class='ocrx_word' id='word_1_741' title='bbox 1364 5045 1448 5116; x_wconf 91' lang='lat' dir='ltr'>iuris,</span> <span class='ocrx_word' id='word_1_742' title='bbox 1467 5057 1520 5100; x_wconf 90' lang='lat' dir='ltr'>nec</span> <span class='ocrx_word' id='word_1_743' title='bbox 1535 5041 1610 5100; x_wconf 79' lang='lat' dir='ltr'>cadit</span> <span class='ocrx_word' id='word_1_744' title='bbox 1623 5042 1675 5099; x_wconf 86' lang='lat' dir='ltr'>suli</span> <span class='ocrx_word' id='word_1_745' title='bbox 1691 5041 1851 5114; x_wconf 89' lang='lat' dir='ltr'>scientiam,</span> <span class='ocrx_word' id='word_1_746' title='bbox 1868 5041 1934 5114; x_wconf 92' lang='lat' dir='ltr'>quia</span> <span class='ocrx_word' id='word_1_747' title='bbox 1948 5047 1992 5097; x_wconf 89' lang='lat' dir='ltr'>est</span> 
     </span>
     <span class='ocr_line' id='line_1_54' title="bbox 346 5130 1992 5211; baseline -0.003 -19"><span class='ocrx_word' id='word_1_748' title='bbox 346 5134 447 5205; x_wconf 83' lang='lat' dir='ltr'>divino,</span> <span class='ocrx_word' id='word_1_749' title='bbox 463 5149 547 5207; x_wconf 90' lang='lat' dir='ltr'>quarn</span> <span class='ocrx_word' id='word_1_750' title='bbox 563 5133 694 5208; x_wconf 88' lang='lat' dir='ltr'>humano,</span> <span class='ocrx_word' id='word_1_751' title='bbox 708 5139 741 5192; x_wconf 94' lang='lat' dir='ltr'>ut</span> <span class='ocrx_word' id='word_1_752' title='bbox 754 5141 796 5192; x_wconf 88' lang='lat' dir='ltr'>est</span> <span class='ocrx_word' id='word_1_753' title='bbox 809 5135 980 5208; x_wconf 84' lang='lat' dir='ltr'>privilegium</span> <span class='ocrx_word' id='word_1_754' title='bbox 992 5136 1149 5194; x_wconf 90' lang='lat' dir='ltr'>immunita·</span> <span class='ocrx_word' id='word_1_755' title='bbox 1182 5136 1357 5208; x_wconf 90' lang='lat' dir='ltr'>contingens,</span> <span class='ocrx_word' id='word_1_756' title='bbox 1372 5137 1446 5211; x_wconf 65' lang='lat' dir='ltr'>etex</span> <span class='ocrx_word' id='word_1_757' title='bbox 1460 5132 1541 5189; x_wconf 79' lang='lat' dir='ltr'>variis</span> <span class='ocrx_word' id='word_1_758' title='bbox 1556 5132 1756 5189; x_wconf 85' lang='lat' dir='ltr'>occasionibus</span> <span class='ocrx_word' id='word_1_759' title='bbox 1770 5130 1881 5203; x_wconf 87' lang='lat' dir='ltr'>pandet.</span> <span class='ocrx_word' id='word_1_760' title='bbox 1898 5133 1926 5187; x_wconf 87' lang='lat' dir='ltr'>Si</span> <span class='ocrx_word' id='word_1_761' title='bbox 1941 5147 1992 5187; x_wconf 91' lang='lat' dir='ltr'>aii-</span> 
     </span>
     <span class='ocr_line' id='line_1_55' title="bbox 348 5222 1990 5304; baseline -0.003 -19"><span class='ocrx_word' id='word_1_762' title='bbox 348 5225 383 5285; x_wconf 90' lang='lat' dir='ltr'>tis</span> <span class='ocrx_word' id='word_1_763' title='bbox 397 5225 424 5282; x_wconf 91' lang='lat' dir='ltr'>in</span> <span class='ocrx_word' id='word_1_764' title='bbox 439 5225 512 5284; x_wconf 89' lang='lat' dir='ltr'>omni</span> <span class='ocrx_word' id='word_1_765' title='bbox 527 5223 599 5302; x_wconf 91' lang='lat' dir='ltr'>loro,</span> <span class='ocrx_word' id='word_1_766' title='bbox 614 5231 644 5284; x_wconf 85' lang='lat' dir='ltr'>ot</span> <span class='ocrx_word' id='word_1_767' title='bbox 656 5225 682 5283; x_wconf 92' lang='lat' dir='ltr'>ia</span> <span class='ocrx_word' id='word_1_768' title='bbox 697 5223 770 5283; x_wconf 89' lang='lat' dir='ltr'>omni</span> <span class='ocrx_word' id='word_1_769' title='bbox 784 5239 870 5283; x_wconf 88' lang='lat' dir='ltr'>causa</span> <span class='ocrx_word' id='word_1_770' title='bbox 885 5231 943 5285; x_wconf 91' lang='lat' dir='ltr'>tam</span> <span class='ocrx_word' id='word_1_771' title='bbox 956 5226 1048 5303; x_wconf 88' lang='lat' dir='ltr'>cirili,</span> <span class='ocrx_word' id='word_1_772' title='bbox 1063 5240 1147 5304; x_wconf 87' lang='lat' dir='ltr'>quam</span> <span class='ocrx_word' id='word_1_773' title='bbox 1183 5231 1239 5285; x_wconf 85' lang='lat' dir='ltr'>teni</span> <span class='ocrx_word' id='word_1_774' title='bbox 1259 5228 1425 5302; x_wconf 86' lang='lat' dir='ltr'>quaeratur,</span> <span class='ocrx_word' id='word_1_775' title='bbox 1439 5222 1541 5298; x_wconf 87' lang='lat' dir='ltr'>quilius</span> <span class='ocrx_word' id='word_1_776' title='bbox 1556 5223 1699 5296; x_wconf 86' lang='lat' dir='ltr'>personis,</span> <span class='ocrx_word' id='word_1_777' title='bbox 1714 5227 1764 5280; x_wconf 88' lang='lat' dir='ltr'>aut</span> <span class='ocrx_word' id='word_1_778' title='bbox 1781 5222 1990 5281; x_wconf 90' lang='lat' dir='ltr'>communitati·</span> 
     </span>
    </p>
   </div>
   <div class='ocr_carea' id='block_1_14' title="bbox 0 0 2160 6212">
    <p class='ocr_par' dir='ltr' id='par_1_19' title="bbox 0 0 2160 6212">
     <span class='ocr_line' id='line_1_56' title="bbox 0 0 2160 6212; baseline 0 0"><span class='ocrx_word' id='word_1_779' title='bbox 0 0 2160 6212; x_wconf 95' lang='lat' dir='ltr'> </span> 
     </span>
    </p>
   </div>
  </div>
 </body>
</html>
