4278 6242
350 333 413 398 tot
1052 347 1217 399 nrannvr.

308 479 339 537 et
353 477 432 547 ratio,
450 481 482 534 ut
495 489 528 532 ex
542 473 676 534 haetenus
690 473 772 533 dietis
787 479 905 548 constan
921 471 969 531 sed
983 471 1067 531 rerba
1079 472 1113 530 de
1147 474 1283 548 gentibus,
1299 491 1371 551 qnos
1386 491 1437 534 neo
1451 474 1591 550 legislator
1605 473 1744 534 humanus
1755 489 1861 550 semper
1872 489 1952 550 prae·

308 584 337 624 se
353 582 407 624 nou
426 571 550 639 cessant,
565 567 591 622 in
606 581 691 638 casu,
707 564 740 621 de
758 579 813 636 quo
830 571 999 636 tractamus,
1015 564 1067 620 imo
1082 560 1113 620 ll·
1151 566 1242 624 videre
1258 572 1364 642 potest,
1380 583 1430 624 nec
1443 568 1465 624 si
1480 575 1583 640 posset,
1599 566 1767 644 illosomnes
1781 575 1874 640 posset
1886 582 1954 624 oon-

306 656 366 715 lum
381 653 635 726 comprehendunt,
651 647 784 711 alias'uon
803 660 933 726 ageretur
948 652 973 710 in
989 651 1034 709 illo
1048 667 1114 710 con·
1149 656 1287 712 venienter
1300 657 1327 713 in
1348 656 1506 729 particulari
1520 657 1657 729 excipere,
1669 657 1732 731 qula
1746 657 1875 715 inlinitum
1885 672 1953 716 con·

306 753 350 804 tra
360 746 442 803 verba
455 744 535 818 legis,
548 759 613 818 ergo
628 743 718 800 solum
733 751 860 815 superest
873 744 954 816 ratio,
966 749 997 800 ut
1007 758 1039 800 ex
1054 743 1113 800 eius
1150 744 1284 803 fusionem
1303 752 1331 803 et
1345 746 1527 818 prolixitatem
1542 746 1568 802 in
1588 745 1692 818 legibus
1707 745 1862 819 induceret,
1878 746 1953 820 quod

307 836 461 915 cessatione
473 834 541 908 legis
552 834 668 891 cessatio
680 835 705 890 in
719 833 877 905 particulari
888 833 1002 890 oriatur.
1014 835 1049 890 tt
1059 832 1111 890 hoc
1152 841 1225 890 esset
1242 835 1329 892 multo
1349 837 1437 892 maius
1451 835 1671 908 incommodum,
1688 851 1755 908 ergo
1769 852 1883 894 necesse
1897 843 1951 910 est,

307 941 404 985 rerum
420 942 473 982 non
487 930 541 997 est,
555 924 630 998 quia,
643 932 675 982 ut
690 940 774 996 supra
787 923 852 993 dixi,
866 923 993 980 voluntas
1008 921 1114 997 legisla-
1150 932 1181 982 ut
1194 925 1237 983 lex
1253 925 1372 982 humana
1385 925 1548 999 generaliter
1570 926 1623 983 lata
1644 929 1670 982 in
1694 925 1830 999 aliquibus
1843 926 1953 984 casibus

307 1017 375 1075 toris
389 1021 552 1088 potestesse
568 1013 761 1086 universalior,
778 1029 860 1085 quam
875 1014 945 1070 ratio
960 1013 1037 1082 eius,
1053 1015 1109 1068 imo
1126 1009 1128 1012 ’
1150 1029 1206 1071 uon
1217 1015 1317 1088 obliget
1327 1023 1439 1087 propter
1451 1019 1631 1073 mutationem
1646 1031 1739 1074 rerunt
1752 1019 1779 1073 in
1797 1017 1835 1073 eis
1848 1017 1954 1074 contin·

307 1103 443 1163 interdum
459 1102 551 1176 quoad
565 1119 614 1160 nos
636 1104 746 1160 omnino
762 1110 852 1160 cessat
871 1103 956 1174 ratio,
972 1104 1035 1175 quia
1056 1117 1109 1157 non
1151 1111 1272 1177 gentem.
1288 1105 1384 1178 Neque
1401 1103 1463 1163 inde
1484 1105 1523 1176 tit,
1548 1107 1585 1162 ait
1603 1099 1882 1179 aristoteles,legem
1899 1122 1954 1165 non

309 1197 503 1270 cognoscitur,
523 1201 551 1252 et
570 1193 745 1251 nihilominus
765 1192 807 1249 lex
829 1207 907 1248 suam
929 1192 982 1247 rim
1003 1191 1112 1263 retinet,
1150 1208 1212 1249 esse
1227 1199 1345 1265 rectam,
1360 1195 1427 1266 quin
1441 1193 1531 1268 potius
1546 1201 1620 1251 recta
1634 1211 1689 1251 non
1707 1204 1796 1267 esset,
1812 1197 1834 1250 si
1853 1195 1878 1251 iu
1894 1195 1955 1252 tali·

309 1302 387 1360 ergo.
410 1283 536 1343 Secundo
561 1268 748 1359 argumentari
772 1298 937 1355 possumus,
962 1280 1027 1354 quia
1050 1280 1116 1337 alias
1151 1283 1203 1340 bus
1217 1281 1326 1339 casibus
1341 1282 1488 1356 obligaret:
1504 1290 1532 1340 et
1547 1283 1579 1340 ad
1595 1285 1654 1340 eius
1669 1283 1860 1341 rectitudinem
1877 1285 1956 1341 sulli-

309 1383 404 1450 posset
414 1376 540 1432 subditus
555 1391 606 1432 sun
618 1376 787 1436 auctoritate
799 1369 1002 1443 interpretando
1014 1370 1113 1442 legem,
1151 1367 1206 1443 cit,
1221 1369 1300 1445 quod
1313 1376 1460 1446 occeperit
1478 1370 1521 1441 tut,
1540 1373 1617 1446 quod
1633 1371 1810 1448 plerumque
1828 1372 1950 1439 occidit,

310 1469 383 1526 illam
394 1483 447 1523 non
463 1481 584 1536 serrare,
598 1465 673 1536 quod
684 1462 863 1520 videturesse
877 1461 1074 1535 contralegem
1088 1463 1114 1529 l,
1153 1468 1183 1518 ut
1201 1461 1302 1518 dicitur
1320 1462 1400 1518 etiarn
1417 1461 1444 1517 ll.
1461 1460 1495 1518 de
1510 1461 1588 1534 legib.
1606 1462 1624 1518 l.
1641 1467 1666 1519 3.
1685 1470 1712 1518 et
1726 1462 1880 1534 sequentib.
1898 1465 1957 1520 De-

311 1559 342 1615 G.
358 1556 391 1614 de
406 1555 486 1630 legib.
503 1554 548 1612 ubi
568 1553 679 1625 dicitur,
698 1553 730 1610 ad
753 1552 842 1610 solum
857 1551 1008 1623 principem
1029 1550 1113 1622 perti·
1144 1548 1245 1625 sectus
1259 1566 1339 1623 erqo,
1356 1549 1476 1608 attidem
1492 1552 1681 1624 philosophus,
1700 1570 1758 1610 non
1773 1557 1816 1612 est
1836 1557 1869 1610 irc
1880 1552 1952 1627 lcqe,

311 1663 388 1719 nere,
403 1644 559 1717 declarare,
576 1661 609 1700 an
624 1645 651 1700 in
666 1644 758 1716 aliquo
772 1659 842 1699 cusu
856 1641 899 1698 lex
914 1639 1048 1698 servanda
1060 1654 1115 1696 non
1152 1657 1244 1715 neque
1266 1643 1299 1698 ira
1313 1639 1491 1714 legislatore,
1506 1641 1557 1698 sed
1577 1646 1609 1700 ist
1623 1651 1747 1711 notoria,
1763 1644 1787 1700 id
1802 1651 1844 1700 ost
1858 1645 1884 1700 in
1900 1660 1957 1702 ma·

313 1740 350 1796 sit
362 1742 476 1810 propter
488 1735 662 1808 aequitatem,
676 1731 747 1790 unde
761 1731 841 1788 multi
853 1730 981 1787 doctores
994 1728 1063 1785 hanc
1079 1728 1119 1784 in·
1154 1731 1224 1788 teria
1238 1729 1369 1803 mutabili3
1393 1746 1444 1789 nec
1465 1731 1553 1803 potuit
1567 1732 1720 1805 legislator,
1743 1741 1792 1791 aut
1811 1735 1853 1791 len
1872 1742 1957 1792 totam

313 1827 534 1901 terpretationcm
548 1823 776 1896 dispensationem
792 1826 902 1888 vocant3
918 1835 985 1892 ergo
1000 1819 1056 1875 sine
1071 1817 1117 1874 illa
1155 1821 1358 1893 contingentem
1376 1821 1582 1880 mutabilitatem
1596 1821 1726 1881 distincte
1740 1824 1877 1897 explicare
1893 1841 1956 1899 pro-

314 1918 359 1976 les
373 1931 514 1989 nunquam
530 1929 578 1987 per
591 1928 620 1970 se
634 1918 733 1968 cessat.
746 1913 836 1967 Tertio
850 1912 1028 1983 argumentor
1042 1908 1119 1964 testi·
1154 1917 1216 1983 pter
1235 1913 1369 1968 rationem
1382 1912 1556 1984 explicatam.
1575 1915 1610 1970 Et
1625 1913 1684 1971 ideo
1703 1930 1735 1971 ex
1751 1923 1849 1973 natura
1868 1918 1909 1974 rei
1930 1919 1958 1973 in

313 2008 407 2065 monio
426 2006 586 2064 Glossarum
605 2007 634 2059 et
653 2001 882 2070 iurisperitorum,
899 1999 998 2070 quiite
1019 1997 1118 2053 sentire
1155 1999 1214 2074 lege
1232 2000 1351 2059 humana
1365 2001 1577 2075 subintelligitur
1598 2002 1642 2059 illa
1656 2003 1791 2075 conditio,
1812 2006 1855 2063 rel
1877 2023 1959 2065 ence-

315 2096 453 2154 videntur.
470 2097 538 2152 Nam
551 2093 647 2150 Glossa
662 2093 688 2148 in
708 2106 769 2164 cap.
786 2092 858 2148 Post
878 2086 1116 2153 translationem,
1156 2095 1222 2162 ptio,
1246 2092 1312 2149 licet
1331 2107 1384 2147 non
1400 2091 1554 2163 explicetur
1577 2091 1716 2164 distincte,
1738 2094 1803 2167 quia
1823 2095 1960 2154 aliusnon

316 2186 350 2243 de
363 2185 516 2243 renunciat.
529 2182 612 2239 verbo
626 2185 768 2244 cessante,
787 2178 865 2250 dicit,
879 2181 900 2233 si
915 2178 957 2234 lus
972 2192 1119 2234 commune
1155 2187 1229 2236 esset
1242 2180 1284 2236 lex
1300 2180 1372 2237 iusta
1385 2185 1412 2236 et
1425 2177 1674 2254 rationabilie.Ergo
1687 2198 1720 2239 ex
1735 2185 1794 2255 ipsa
1804 2187 1909 2243 iustitia
1920 2187 1959 2242 le·

317 2276 446 2334 statuitur
460 2290 493 2331 ex
508 2287 611 2338 causa,
627 2285 681 2326 non
695 2284 825 2338 cessare,
840 2267 905 2324 licet
918 2273 1009 2323 cesset
1022 2281 1119 2336 causa,
1157 2270 1198 2341 gis
1220 2268 1366 2336 humanae,
1385 2269 1558 2326 considerata
1578 2270 1695 2327 naturali
1708 2272 1861 2330 conditione
1875 2283 1962 2332 mate·

316 2367 369 2424 nisi
389 2362 497 2421 aliunde
512 2363 536 2418 in
558 2362 615 2432 ipso
628 2363 688 2416 iure
708 2360 744 2415 sit
762 2372 935 2430 expressum.
951 2343 1024 2413 idem
1040 2355 1123 2412 sentit
1156 2359 1227 2430 riae,
1250 2361 1276 2415 in
1296 2375 1350 2432 qua
1365 2367 1506 2430 versatur,
1530 2361 1656 2434 sequitur
1672 2366 1841 2435 necessario,
1858 2370 1887 2422 ut
1900 2367 1959 2423 cius

316 2454 413 2512 Glossa
429 2455 455 2510 iu
471 2452 490 2509 l.
505 2466 564 2509 noo
577 2447 707 2515 dubium,
722 2449 753 2508 C.
766 2447 799 2504 de
814 2446 894 2522 legib.
910 2447 994 2502 verbo
1009 2444 1122 2520 ample·
1157 2449 1282 2520 obligatio
1298 2449 1443 2521 aliquando
1457 2453 1484 2505 in
1499 2451 1658 2523 particulari
1672 2461 1836 2522 cesset,non
1850 2469 1899 2526 per
1912 2471 1960 2514 ex-

316 2562 385 2612 acos,
403 2544 506 2614 dicens,
523 2557 574 2598 non
596 2539 678 2596 licere
699 2553 780 2610 agere
801 2543 898 2592 contra
919 2534 1002 2593 verba
1020 2536 1120 2606 scripta
1159 2540 1305 2597 trinsecam
1317 2537 1589 2613 ablationem,sedex
1602 2540 1792 2600 solamateriae
1804 2559 1853 2600 seu
1864 2559 1959 2603 rerum

201 2642 205 2651 '
316 2635 386 2710 legis
400 2641 513 2706 propter
532 2638 651 2687 mentem
665 2625 908 2700 legislatoris,-nisi
922 2624 990 2682 haec
1005 2639 1081 2680 mens
1094 2626 1122 2680 in
1158 2629 1320 2688 mutatione.

320 2727 373 2784 alia
388 2724 446 2800 lege
462 2725 496 2779 sit
510 2722 534 2778 in
549 2718 658 2791 scriptis
673 2718 797 2788 redacta,
813 2725 842 2774 et
856 2717 923 2773 citet
936 2715 1057 2772 Placent.
1072 2729 1121 2787 pro
1196 2720 1286 2792 Atque
1308 2723 1421 2789 propter
1442 2717 1513 2775 hano
1537 2717 1628 2790 legum
1650 2718 1834 2779 humanarum
1855 2726 1960 2782 contin-

319 2815 363 2875 illa
378 2815 520 2881 sententia,
534 2817 563 2868 et
576 2811 595 2866 l.
607 2811 768 2883 prosperati,
783 2807 810 2863 ll.
824 2805 882 2879 qul,
898 2812 928 2862 et
940 2823 954 2862 a
967 2806 1043 2878 quib.
1056 2821 1121 2862 cum
1159 2809 1276 2880 gentiam
1292 2808 1384 2880 posuit
1397 2809 1480 2864 Arist.
1496 2823 1579 2880 supra
1593 2810 1738 2880 specialem
1755 2813 1896 2888 virtutem,
1909 2833 1960 2874 seu

322 2904 380 2962 aliis
396 2901 539 2974 similibus,
555 2906 583 2957 et
603 2901 629 2956 in
643 2900 766 2955 eamdem
782 2899 943 2954 sententiam
964 2912 1046 2968 quam
1061 2895 1121 2968 plu·
1157 2905 1261 2968 partem
1276 2898 1497 2970 iustitiae,quam
1512 2899 1636 2970 epiiiian
1651 2900 1844 2972 appellavit,'et
1858 2920 1874 2961 a
1888 2906 1959 2963 mul·

319 3010 365 3052 res
383 2993 467 3050 relert
484 2992 576 3064 Tiraq.
591 2991 617 3045 iu
640 2995 724 3044 tract.
740 2991 873 3044 cessante
887 3000 992 3050 causo,
1010 3000 1037 3040 n.
1057 2981 1133 3055 165,
1158 2987 1191 3042 tis
1208 2986 1295 3042 latinis
1306 2993 1423 3043 vocatur
1436 2988 1569 3061 nequitus,
1584 3004 1645 3046 nam
1658 2988 1720 3047 licet
1734 2991 1800 3049 haec
1812 3008 1864 3050 vox
1876 2997 1960 3054 iuter·

321 3093 350 3142 et
365 3082 551 3157 sequentibus.
1157 3075 1223 3133 dum
1235 3093 1284 3148 pro
1297 3077 1557 3148 iustitia,iuterdum
1569 3094 1618 3150 pro
1632 3079 1712 3135 animi
1728 3081 1962 3154 moderationem

359 3177 385 3231 3.
407 3169 589 3228 Nihilominus
605 3182 650 3226 res
675 3173 753 3224 certa
773 3172 831 3239 est,
853 3162 991 3224 interdum
1012 3176 1122 3218 cessare
1157 3165 1215 3222 aliis
1228 3169 1309 3222 etium
1331 3166 1418 3222 modis
1433 3173 1576 3239 sumatur,
1593 3173 1683 3225 tamen
1703 3169 1848 3242 aliquando
1867 3176 1960 3233 condi·

321 3261 512 3336 obligationem
528 3259 594 3332 legis
609 3258 635 3314 in
651 3255 821 3329 particulari,
836 3255 942 3312 etiamsi
960 3253 1042 3310 verba
1056 3249 1122 3325 legis
1157 3255 1329 3328 stinguitura
1343 3255 1401 3312 lure
1417 3257 1513 3328 utique
1527 3259 1631 3328 scripu
1644 3264 1671 3313 et
1685 3259 1819 3334 rigoroso,
1834 3269 1865 3320 ut
1876 3265 1961 3337 expli·

318 3352 396 3410 illum
411 3366 507 3408 casum
527 3345 759 3420 comprehendere
779 3345 936 3414 videantur,
950 3349 979 3400 et
998 3345 1025 3400 in
1048 3343 1123 3400 nulla
1157 3345 1217 3401 cavi
1240 3360 1327 3416 supra
1346 3345 1392 3401 lib.
1405 3348 1427 3415 l,
1444 3362 1470 3402 c.
1483 3347 1517 3416 ll,
1532 3349 1583 3402 etsi
1598 3346 1668 3403 idem
1688 3355 1741 3421 est,
1758 3352 1833 3423 quod
1851 3355 1960 3426 epiihia,

321 3443 370 3500 alia
387 3441 445 3516 lege
459 3447 593 3518 exceptus
608 3440 655 3507 sit,
671 3454 721 3494 nec
737 3453 752 3493 a
767 3438 889 3508 principe
905 3434 978 3491 sitin
994 3434 1052 3506 lege
1067 3433 1122 3489 dis·
1160 3434 1200 3490 vel
1216 3431 1315 3506 pnruln
1331 3434 1364 3491 ab
1379 3435 1423 3491 illa
1437 3423 1538 3491 dillert.
1554 3437 1589 3493 El
1608 3437 1640 3493 ita
1655 3440 1735 3494 etiam
1751 3441 1863 3500 iuristae
1879 3460 1961 3519 saepe

319 3541 476 3607 pensatum.
496 3533 536 3588 lta
550 3529 631 3587 docet
645 3529 671 3586 d.
688 3526 804 3584 Thomas
818 3525 892 3583 dicta
905 3540 933 3597 q.
951 3527 1002 3596 96,
1024 3529 1076 3580 art.
1094 3526 1121 3596 ti,
1156 3524 1190 3581 de
1204 3526 1343 3598 aequitate
1358 3524 1519 3597 loquuntur,
1533 3542 1616 3599 quam
1631 3528 1703 3583 Bart.
1717 3531 1742 3583 in
1759 3529 1778 3585 l.
1795 3533 1819 3596 l,
1831 3534 1861 3589 C.
1875 3533 1908 3590 de
1923 3536 1961 3592 le·

319 3630 347 3680 er
365 3629 392 3682 2,
409 3628 438 3694 ⁴2,
454 3639 482 3696 q.
501 3625 547 3691 60,
564 3627 617 3676 art.
636 3624 661 3676 5.
679 3617 712 3674 nd
733 3623 761 3689 2,
777 3623 805 3672 et
825 3631 853 3689 q.
874 3619 936 3673 tto.
955 3610 1009 3685 per
1023 3620 1120 3687 totam,
1156 3614 1245 3686 gihiu
1257 3615 1318 3686 line,
1330 3617 1568 3672 convenientium
1579 3615 1752 3688 pacandam,
1768 3636 1817 3677 seu
1833 3622 1962 3696 benigni·

318 3720 348 3770 et
367 3711 408 3769 his
422 3713 490 3768 locis
509 3713 631 3769 calceet
644 3709 687 3766 alii
701 3709 881 3780 expositores,
897 3713 925 3762 et
943 3707 1009 3762 Soto
1030 3706 1075 3762 lib.
1097 3711 1121 3764 t.
1157 3708 1250 3760 tatem
1269 3706 1346 3760 iuris
1368 3705 1523 3776 appellavit.
1540 3708 1638 3762 Pauor.
1655 3708 1759 3764 veroin
1781 3712 1909 3783 capuit.
1927 3715 1962 3772 de

320 3801 356 3859 de
369 3804 462 3858 instit.
472 3817 499 3873 q.
514 3804 541 3868 li,
559 3805 613 3856 art.
623 3805 649 3856 8.
660 3795 732 3854 ldem
748 3801 908 3867 supponunt
922 3801 1051 3866 tanquam
1066 3810 1122 3851 ma·
1157 3799 1288 3850 transeat.
1303 3809 1331 3851 n.
1341 3796 1367 3850 6.
1381 3808 1446 3849 cum
1462 3793 1652 3866 speculatore,
1663 3805 1691 3852 et
1702 3796 1870 3857 loanhndr.
1879 3801 1959 3875 dicit,

320 3892 450 3947 niteatum
467 3887 584 3960 theologi
600 3889 625 3943 in
642 3887 669 3953 a,
682 3885 711 3942 d.
725 3887 772 3953 at,
784 3887 860 3941 Scot.
873 3884 956 3940 Gabr.
969 3889 996 3939 et
1010 3882 1064 3938 alii.
1073 3884 1123 3940 list
1156 3896 1216 3960 csse
1223 3885 1371 3940 iustitiam
1382 3879 1505 3939 dulcore
1512 3885 1735 3942 misericordiae
1751 3892 1959 3964 teutperotom.

254 4045 264 4060 ,
320 3983 402 4038 etiam
415 3978 489 4051 apud
499 3979 610 4034 iuristas
624 3973 858 4047 receptissimum,
871 3980 904 4031 ut
917 3972 968 4028 late
982 3972 1065 4029 relert
1075 3989 1123 4029 su·
1156 3973 1206 4029 Est
1216 3979 1308 4029 autem
1319 3971 1548 4030 considerandum
1560 3972 1600 4042 tut
1611 3973 1663 4032 hoc
1675 3974 1962 4056 obitereaplicemusl,

320 4085 369 4144 pra
384 4069 474 4140 Tiraq.
488 4082 503 4123 a
518 4083 546 4122 n.
565 4070 626 4123 tao.
641 4065 717 4121 lianc
731 4062 810 4119 etiam
831 4060 971 4117 veritatem
993 4067 1121 4134 tanquam
1156 4064 1182 4118 in
1201 4062 1252 4118 hac
1267 4061 1401 4136 aequitate
1416 4061 1582 4134 praestanda
1597 4076 1814 4138 concurrere,et
1828 4070 1960 4129 iudicium

320 4161 472 4220 evidentem
493 4159 596 4216 lumine
615 4163 730 4213 naturae
746 4153 828 4211 tradit
842 4153 926 4210 Arist.
944 4159 969 4210 5.
986 4153 1120 4210 Etlricor.
1156 4151 1313 4218 intellectus
1334 4152 1498 4222 proterentis
1517 4153 1691 4220 senteutiam,
1706 4154 1749 4210 hic
1764 4163 1792 4212 et
1812 4173 1885 4214 nuno
1905 4177 1961 4233 non

320 4269 382 4326 cap.
399 4255 443 4318 to,
460 4248 503 4305 ubi
518 4248 569 4305 hac
591 4247 694 4302 ratione
709 4245 778 4300 inter
798 4251 891 4314 partes
907 4241 1023 4300 institiae
1044 4241 1121 4312 ponit
1157 4241 1276 4315 obligare
1298 4240 1404 4312 legem,
1425 4241 1530 4296 etiamsi
1554 4243 1742 4301 universaliter
1764 4245 1909 4322 loquatur,
1932 4259 1961 4310 et

320 4339 498 4420 aequitatem,
516 4351 598 4410 quam
613 4334 705 4392 delinit
717 4349 778 4389 esse
798 4329 1034 4389 eorendctionem
1048 4329 1120 4406 lepis
1157 4337 1249 4389 actum
1266 4329 1415 4386 voluntatis
1431 4331 1549 4401 parentis
1563 4331 1626 4388 huic
1646 4332 1759 4406 iudicio,
1774 4342 1802 4392 et
1823 4342 1961 4408 operantis

318 4446 356 4488 eo
375 4445 414 4486 eo
431 4431 527 4504 porte,
551 4439 614 4498 quo
633 4421 732 4494 deficit
749 4426 871 4496 propter
891 4419 1070 4479 uniuersale.
1090 4424 1120 4478 ln
1155 4429 1253 4478 contra
1267 4421 1349 4478 verba
1371 4419 1448 4493 legis.
1466 4422 1588 4493 Uterque
1608 4437 1675 4494 ergo
1690 4422 1715 4478 in
1736 4439 1787 4479 suo
1802 4427 1896 4484 ordine
1918 4439 1961 4487 est

319 4519 420 4594 quibus
436 4511 748 4585 corbiacomp'rehendit
762 4513 894 4568 rationem
907 4515 1017 4566 nostrae
1032 4526 1122 4567 asser·
1155 4517 1236 4568 actus
1248 4510 1370 4581 virtutis,
1382 4508 1616 4582 probabiliterque
1627 4511 1763 4584 existimo,
1777 4522 1888 4587 propter
1901 4517 1961 4577 illos

320 4611 411 4680 bonis,
427 4623 510 4680 quam
530 4604 614 4678 paulo
637 4602 763 4675 superius
785 4601 866 4658 latius
887 4599 1065 4672 explicuerat,
1080 4599 1120 4656 di·
1155 4617 1208 4657 non
1224 4599 1401 4672 multiplicari
1414 4600 1548 4673 virtutes,
1565 4615 1613 4657 seu
1629 4617 1681 4658 uon
1700 4617 1760 4659 asse
1774 4609 1960 4668 necessarium

319 4714 397 4767 cens,
420 4694 606 4754 necessarium
628 4707 706 4758 esse,
730 4697 761 4747 ut
780 4690 823 4748 lex
846 4689 964 4747 humana
985 4690 1121 4748 interdum
1156 4688 1255 4746 addere
1270 4687 1390 4763 aliquam
1405 4688 1551 4760 specialem
1567 4691 1781 4748 virtutemllam
1797 4697 1870 4766 prior
1881 4705 1961 4757 actus

318 4789 422 4847 desinat
433 4784 552 4858 obligare
564 4785 590 4839 in
602 4780 763 4854 particulari
774 4779 864 4852 aliquo
875 4786 988 4852 eventu,
1000 4783 1064 4852 quia
1078 4781 1120 4837 lex
1157 4779 1179 4834 si
1194 4780 1229 4836 sit
1241 4781 1267 4834 io
1283 4780 1416 4851 principe,
1429 4795 1478 4835 seu
1494 4781 1636 4850 superiore
1651 4781 1846 4854 interpretante
1861 4788 1984 4864 legem·

319 4875 510 4935 universaliter
525 4873 622 4942 lentur,
638 4881 667 4927 et
680 4871 737 4928 lieri
752 4884 806 4926 non
821 4875 921 4940 potest,
935 4877 967 4926 ut
982 4871 1120 4926 universa·
1156 4869 1208 4926 erit
1228 4875 1308 4925 actus
1329 4867 1489 4940 prudentiae
1509 4868 1619 4942 regalia,
1635 4869 1678 4927 vel
1699 4871 1835 4948 politicam
1852 4877 1874 4932 ti
1894 4893 1959 4938 vero

318 4968 350 5025 lis
364 4963 504 5036 dispositio
519 4961 586 5034 legis
607 4959 741 5018 humanae
756 4960 782 5015 in
803 4959 929 5015 omnibus
944 4959 1118 5030 particulari·
1155 4959 1189 5016 sit
1207 4961 1231 5015 in
1247 4961 1364 5032 ipsomet
1378 4958 1501 5029 subdito,
1514 4959 1566 5014 erit
1581 4958 1709 5017 iudicium
1723 4966 1878 5022 communis
1895 4984 1960 5040 pru-

317 5059 369 5116 bus
390 5059 425 5112 ita
447 5053 482 5110 sit
502 5056 592 5124 recta,
606 5049 670 5124 quin
691 5046 837 5121 aliquando
858 5046 975 5119 deliciet,
991 5048 1056 5121 quia
1074 5063 1119 5105 res
1152 5047 1276 5118 dentiae,
1291 5063 1514 5121 praesupponens
1528 5047 1693 5121 regulariter
1706 5052 1843 5123 generalia
1859 5057 1960 5128 princi·

318 5148 468 5215 humanae,
489 5143 563 5198 circa
578 5155 647 5214 quas
662 5139 796 5195 humanae
815 5136 888 5211 leges
901 5145 1063 5210 versantur,
1080 5139 1121 5194 in·
1154 5139 1197 5211 pia
1214 5139 1282 5195 iuris
1303 5137 1448 5211 naturalis,
1463 5136 1507 5194 vel
1527 5139 1608 5196 etiam
1630 5138 1754 5213 hnmani,
1769 5151 1904 5216 quatenus
1926 5149 1960 5206 ab

317 5237 438 5296 numeris
463 5231 582 5292 subsunt
607 5227 805 5287 mutationibus
830 5233 859 5284 et
883 5228 993 5285 casibus
1013 5229 1121 5287 contin·
1153 5229 1192 5286 eis
1211 5227 1264 5287 tale
1284 5226 1415 5286 iudicium
1436 5229 1464 5284 iu
1485 5227 1642 5300 particulari
1662 5228 1770 5304 pendet.
1792 5233 1870 5301 Quod
1892 5235 1960 5296 iudi·
