4278 6242
816 357 922 411 maur
935 360 1019 412 xxv.
1644 346 1709 412 tor

109 494 259 569 mucium,
277 495 308 550 2.
321 507 352 565 p.
366 495 422 568 pt,
433 491 482 566 qui
496 489 563 549 alios
577 489 670 561 relsrt,
683 495 784 562 estque
797 492 907 544 sonmo·
942 486 1075 546 saumatis
1094 492 1122 546 et
1140 486 1211 547 ratio
1230 487 1281 546 luit
1300 486 1372 546 Petri
1393 487 1427 546 ds
1447 486 1571 548 bochar.
1585 487 1638 562 ihi,
1659 505 1744 562 quam

111 585 140 640 tia
151 583 333 640 communiter
348 588 465 654 recepta
479 582 506 638 iu
521 580 635 638 materia
648 580 681 636 de
695 577 814 636 restitut.
831 576 906 642 Quae
941 577 1150 647 Panormitibi,
1166 595 1194 636 u.
1211 582 1254 650 lo,
1269 594 1324 635 non
1339 579 1477 650 reprobat,
1492 578 1557 638 licet
1569 579 1596 637 iu
1614 595 1684 637 oasa
1697 579 1745 638 illo

112 675 192 730 inhoe
205 673 384 746 potissimum
402 671 554 741 tundatur,
569 668 644 744 quod
658 671 717 726 iura
738 665 907 739 prohibentia
941 667 1102 737 particulari
1114 667 1173 725 aliis
1191 668 1415 726 distinctionibus
1435 675 1540 728 utatur.
1555 669 1635 728 hliud
1653 686 1747 728 exem·

112 763 208 831 iudum,
223 762 391 835 simpliciter
409 759 570 834 prohibent,
585 765 613 816 et
632 757 786 814 clausulam
800 755 907 810 irritan-
942 756 1018 829 plum
1033 756 1148 816 adducit
1160 773 1194 816 ex
1211 757 1286 816 Baid.
1302 759 1330 816 in
1347 759 1367 815 l.
1381 755 1490 832 ploret,
1506 759 1538 816 G.
1553 758 1587 816 de
1605 760 1744 832 episcopis

112 865 159 912 cm
173 870 224 910 uon
241 851 359 924 addunt,
377 856 410 908 ut
424 857 500 924 patet
511 865 546 908 nr
564 855 622 906 tuto
636 848 728 917 titulo,
744 846 772 903 ll.
789 844 823 902 de
836 844 908 902 alea·
942 855 970 904 st
988 847 1086 906 cleric.
1107 849 1173 922 quis
1192 848 1259 906 iicet
1276 847 1460 922 prohibitum
1479 852 1553 907 esset
1572 847 1741 908 doctoribus

112 953 162 1002 tor.
173 950 199 1001 et
212 945 238 1000 ia
253 958 317 1015 cap.
330 944 495 1017 Episcopis,
512 945 558 998 35.
574 937 640 996 dist.
655 936 703 994 sed
718 935 751 993 ad
766 947 907 992 summum
941 935 1100 995 sularictis
1113 937 1277 1004 odonam,
1297 939 1320 992 si
1338 944 1436 994 contra
1449 939 1659 1011 prohibitionem
1677 954 1742 1012 age·

111 1034 173 1092 daut
186 1034 317 1091 achonem
331 1032 366 1089 ad
380 1029 579 1104 repetendum,
603 1034 633 1085 ut
647 1031 722 1099 patet
734 1041 769 1082 ex
790 1024 808 1080 l.
824 1021 908 1080 niem
941 1032 1014 1099 rent,
1030 1033 1092 1084 aeta
1104 1043 1202 1084 eorum
1216 1042 1269 1084 non
1282 1032 1375 1084 essont
1388 1029 1475 1086 irrita.

112 1143 186 1190 nar,
201 1125 230 1182 G.
243 1123 278 1180 de
295 1121 444 1195 religiosis,
459 1125 488 1178 st
501 1125 604 1191 sumpt.
613 1118 708 1186 lucer.
720 1120 750 1173 et
762 1129 796 1172 er
810 1113 829 1170 l.
838 1117 869 1183 2,
880 1118 909 1168 et
985 1121 1027 1175 10.
1041 1118 1236 1174 Verumtamen
1249 1118 1317 1176 haee
1330 1119 1464 1176 renuntia
1476 1118 1570 1192 quoad
1583 1120 1740 1192 generalem

75 1233 79 1240 ·
114 1217 160 1273 ult.
177 1216 214 1274 tit.
232 1218 257 1284 i,
273 1213 319 1270 lin.
335 1218 364 1270 8.
381 1226 467 1268 nurse
485 1209 629 1281 recopilat.
943 1207 1082 1280 regulam,
1098 1223 1182 1281 quarn
1201 1206 1336 1282 admittit,
1356 1223 1410 1265 uon
1424 1210 1559 1268 satisfacit
1571 1210 1743 1270 difficultati·

147 1307 263 1378 benique
274 1310 320 1360 est
328 1303 463 1374 optimum
475 1299 645 1371 exemplum,
656 1293 731 1368 quod
746 1294 865 1351 sumitur
875 1306 909 1349 ex
943 1298 996 1354 bus
1016 1298 1153 1355 hactenus
1173 1299 1328 1370 propositis.
1344 1300 1482 1368 Quantum
1502 1296 1535 1356 nd
1549 1302 1742 1372 exceptionem

114 1399 131 1453 l.
148 1405 172 1466 l,
187 1393 336 1468 pudeam,
355 1393 383 1450 li.
398 1391 511 1466 quaudo
532 1387 669 1462 appollon.
683 1387 729 1457 sit,
743 1392 772 1442 et
791 1383 909 1440 hahetur
943 1402 1008 1444 raro
1030 1403 1083 1444 nou
1104 1386 1211 1445 ridetur
1230 1387 1362 1461 lundata,
1383 1403 1434 1446 nec
1454 1389 1519 1446 satis
1538 1396 1741 1463 cousequenter

114 1490 138 1544 iu
153 1483 359 1558 apameam,
373 1489 402 1551 2,
422 1486 489 1554 (1,.6,
502 1481 548 1538 ubi
564 1479 603 1535 sie
614 1478 732 1534 dicitur:
747 1477 830 1532 Scae
843 1473 909 1550 qui·
943 1476 1028 1549 loqui.
1044 1477 1145 1548 Primo,
1161 1478 1224 1550 quia
1238 1478 1348 1552 quando
1364 1484 1445 1536 aetus
1459 1479 1631 1552 prohibetur,
1644 1482 1686 1539 vel
1701 1482 1737 1539 ir·

114 1577 242 1634 demumr
254 1573 361 1632 estsuh
377 1566 846 1641 cmmttionesereudcssotentto;
858 1559 910 1619 sed
943 1567 1058 1638 ritstur,
1075 1583 1130 1624 uon
1144 1567 1170 1622 in
1186 1583 1311 1639 poenam,
1328 1567 1377 1626 ssd
1392 1585 1440 1641 per
1454 1584 1483 1626 se
1498 1576 1609 1642 propter
1623 1571 1743 1645 aliquam

113 1665 235 1738 §suerit
249 1663 341 1730 dictu,
358 1660 561 1736 puidfietilit
573 1664 617 1716 est
629 1655 711 1722 utils
726 1657 829 1712 statim
839 1657 910 1709 iem·
943 1655 1078 1713 rationem
1093 1658 1221 1729 virtutis,
1242 1657 1284 1716 vel
1299 1661 1455 1716 eommunis
1469 1660 1549 1732 honi,
1566 1676 1619 1718 non
1633 1670 1744 1734 specta·

110 1753 233 1830 ,mad
244 1749 460 1829 appellandum
472 1750 643 1823 contputurt
659 1745 771 1802 dehere.
781 1743 831 1800 Ubi
845 1756 911 1798 ⁰⁰¹¹·
943 1754 1005 1819 tur,
1025 1763 1059 1804 au
1078 1747 1187 1806 auilites
1202 1755 1285 1806 aetus
1300 1747 1382 1807 cedat
1400 1750 1427 1806 in
1441 1751 1579 1821 privatum
1592 1763 1743 1811 nocumen-

111 1853 180 1917 stat,
195 1852 226 1901 ut
242 1845 331 1902 Gloss.
345 1844 371 1898 iu
393 1841 478 1898 verbu
493 1855 550 1896 noo
568 1843 612 1894 est
633 1842 728 1906 notat,
745 1832 908 1906 prohibitam
945 1843 1014 1907 tum,
1029 1853 1129 1909 necue,
1141 1837 1189 1895 sed
1204 1837 1363 1910 simpliciter
1378 1839 1513 1913 irritatur,
1530 1841 1663 1916 quidquid
1680 1843 1744 1902 inde

110 1953 169 1993 asse
182 1935 261 1992 talam
277 1932 457 2002 mutantium,
473 1930 574 1986 iactam
592 1935 682 1984 tamen
698 1935 800 1982 unere·
814 1924 850 1978 Εῑ
868 1928 911 1979 ia·
944 1936 1095 2002 sequatur,
1112 1943 1179 2001 ergo
1193 1929 1216 1984 si
1227 1929 1373 2000 prohibitio
1387 1930 1514 1990 absoluta
1524 1931 1629 1990 suffieit
1638 1931 1673 1989 ad
1684 1935 1745 1992 irri·
1833 1949 1839 1954 ·

109 2041 168 2082 mett
183 2024 228 2081 illa
241 2023 388 2096 prohibitio
402 2027 447 2077 est
465 2021 531 2075 stili!
545 2018 651 2076 directa
665 2021 694 2072 ei
712 2013 856 2083 absoluta,
872 2025 906 2067 dc
944 2019 1073 2090 tandum,
1091 2034 1144 2074 non
1159 2018 1296 2091 obstabit,
1313 2019 1388 2092 quod
1402 2019 1513 2077 nuliius
1529 2027 1609 2080 aelus
1623 2023 1702 2081 aedat
1716 2024 1743 2082 Ῑῃ

108 2114 141 2170 de
158 2129 185 2168 se
199 2113 279 2170 hahet
292 2127 407 2168 oausam
426 2115 588 2181 perpetuam
606 2104 747 2162 fundatam
766 2105 793 2160 in
809 2101 853 2158 iiio
867 2116 911 2156 re·
943 2109 1056 2167 alterius
1072 2108 1273 2182 praeiudicium
1287 2112 1346 2167 sine
1360 2111 1443 2183 culpa
1457 2113 1536 2184 eius,
1551 2112 1684 2186 quiahoc
1698 2121 1744 2174 est

108 2206 181 2278 gula,
194 2202 269 2276 quod
283 2206 371 2259 uatus
385 2199 510 2274 lepttimi
522 2214 583 2254 nort
601 2197 750 2270 recipiunt
765 2191 907 2250 corditio·
942 2215 992 2274 per
1005 2199 1134 2257 accidens
1144 2205 1172 2256 et
1182 2215 1236 2257 nou
1250 2199 1445 2258 consideratur
1457 2201 1553 2274 alege.
1565 2203 1742 2262 hutscsdsns

109 2311 185 2360 m,
202 2289 402 2366 malim,
420 2288 506 2347 ubiid
526 2285 831 2352 notatalossablces,
847 2297 908 2338 82¹1·
942 2297 1018 2362 patet
1035 2289 1502 2363 inductione,quintestamsntum
1516 2291 1742 2351 minussolemns
1835 2340 1841 2356 ,

109 2387 213 2442 notiam
224 2399 278 2440 non
292 2381 455 2454 simpliciter
470 2378 617 2451 prohiberi,
629 2377 678 2434 sed
690 2382 796 2433 mutum
809 2388 842 2430 ns
857 2373 909 2430 sub
943 2381 1068 2437 irritatur
1083 2395 1099 2436 a
1113 2380 1184 2454 lege,
1193 2379 1302 2437 etiamsi
1314 2379 1394 2437 eadat
1408 2382 1435 2438 iu
1448 2395 1578 2453 maguum
1589 2383 1742 2442 incommo-
1777 2439 1784 2448 ,

108 2475 257 2532 ⁰⁰¹¹ffi¹i⁰¹¹0
269 2469 447 2530 senilibsid
459 2468 537 2542 quid,
549 2481 663 2540 tillim·
678 2465 729 2522 ¹¹⁰0
741 2464 909 2532 feletheum
943 2470 1010 2527 dum
1029 2467 1154 2526 haeredis
1169 2471 1305 2535 instituti,
1328 2476 1358 2525 et
1377 2472 1513 2528 metentis
1527 2471 1608 2528 modo
1622 2471 1744 2532 indebito

108 2565 239 2622 ”imm
252 2564 294 2620 ⁵¹⁰
317 2563 372 2621 ¹⁸¹⁸
386 2564 423 2618 ⁸⁵¹
441 2559 602 2630 siillinistis
620 2553 772 2629 imbibisti?
787 2557 844 2612 1³¹⁰
863 2552 909 2609 ἰΙΙθ
945 2559 998 2616 lats
1015 2573 1096 2632 saepe
1111 2558 1246 2630 irritatur,
1262 2558 1367 2616 etiamsi
1381 2559 1448 2616 alias
1462 2561 1534 2617 iusta
1549 2561 1596 2632 sit,
1612 2567 1641 2618 et
1652 2563 1745 2621 irrita·

109 2655 203 2712 modus
226 2651 415 2726 prohibitionis
438 2649 521 2705 rideri
544 2654 642 2720 posset
666 2647 752 2718 magis
776 2643 908 2701 inducere
944 2651 982 2707 rio
1002 2649 1047 2707 ills
1061 2649 1144 2706 cedat
1165 2651 1194 2704 in
1215 2647 1414 2707 detrimentum
1429 2652 1516 2722 partis
1530 2650 1654 2709 habentis
1667 2654 1747 2712 iusti-

109 2745 270 2813 flssiliifflms
286 2742 352 2816 ‘lull
366 2739 474 2797 Videtur
489 2739 623 2810 Ρθῐῑῑῡθῐθ
637 2733 670 2793 id
686 2735 801 2792 “timim
816 2738 908 2801 ttius,
944 2741 1102 2811 itemquae
1116 2737 1148 2796 ad
1164 2738 1314 2796 sententiae
1329 2738 1481 2796 nullitatem
1494 2739 1572 2797 nullo
1585 2741 1667 2798 modo
1679 2759 1746 2802 coo-

108 2837 218 2904 soilicet,
231 2833 306 2907 quod
321 2831 458 2888 sententis
468 2827 592 2885 absolute
602 2826 718 2896 lerator,
731 2831 759 2881 et
771 2822 832 2879 iude
844 2821 910 2879 oriri
944 2833 1038 2901 parata
1051 2834 1103 2884 ast.
1116 2827 1151 2884 Et
1163 2827 1191 2883 in
1205 2827 1288 2885 simili
1302 2829 1427 2902 materia,
1443 2829 1465 2885 ai
1479 2828 1523 2886 les
1537 2831 1694 2904 prohibeat,
1708 2849 1743 2891 ua

108 2925 315 2997 prohibitionem
332 2919 485 2978 scotomiae
499 2919 550 2975 sub
565 2914 732 2994 conditione,
746 2915 793 2986 qui
807 2912 906 2970 modus
943 2920 1006 2992 quis
1020 2924 1147 2974 exerceat
1165 2915 1318 2974 tabellionis
1333 2916 1457 2976 cilicium
1471 2923 1533 2976 suta
1546 2935 1676 2994 srarnsn,
1693 2937 1742 2994 pu·

107 3015 293 3086 prohibitionis
307 3011 380 3068 solet
394 3010 536 3067 annullare
550 3013 646 3074 aetus,
662 3005 696 3062 de
711 3020 766 3077 quo
781 3003 907 3061 dicemus
943 3015 1013 3080 teat,
1034 3009 1089 3064 imo
1107 3012 1137 3064 et
1154 3006 1224 3063 solet
1237 3007 1347 3064 irritare
1362 3015 1456 3065 aarum
1472 3013 1551 3065 antus
1565 3009 1687 3084 lactum,
1701 3020 1744 3070 ει.

106 3109 131 3162 ³¹¹
150 3106 237 3177 e⁸l>510
251 3103 391 3176 “quenli-
407 3099 497 3166 Adde,
514 3096 589 3170 (1⁰⁰⁶
609 3094 809 3168 imbibimus!
828 3093 905 3150 circa
945 3098 1024 3156 iamsi
1037 3097 1155 3154 sortasse
1170 3095 1257 3152 solam
1273 3096 1481 3168 prohibitionem
1497 3103 1589 3170 ponat,
1603 3105 1635 3156 ut
1647 3107 1745 3173 postes

108 3200 276 3264 eonnsetus,
287 3194 323 3250 de
336 3191 440 3264 quibus
450 3189 575 3262 loquitur
585 3186 627 3243 lex
637 3201 697 3242 ooo
706 3183 838 3250 dubium,
854 3199 908 3240 uon
943 3187 1117 3257 ridebimus,
1138 3192 1166 3243 et
1186 3191 1277 3243 tamen
1297 3200 1331 3244 ex
1344 3193 1422 3259 parte
1436 3187 1598 3258 praeiudicii
1612 3191 1685 3248 tertii
1698 3206 1745 3250 oa·

107 3286 264 3343 retentasse
275 3282 421 3339 absolutas
436 3279 470 3336 de
484 3295 537 3335 non
549 3274 731 3347 contruendo,
744 3274 793 3331 sed
807 3273 840 3330 de
851 3289 906 3331 uon
943 3277 1004 3336 dem
1018 3285 1063 3336 est
1075 3278 1163 3348 ratio,
1183 3291 1251 3350 ergo
1265 3275 1313 3334 illa
1326 3292 1381 3332 uon
1395 3283 1439 3334 est
1451 3276 1595 3336 sufficiens
1608 3279 1643 3336 ad
1658 3280 1744 3354 impe·

107 3373 268 3432 ⁰⁰⁰¹i²⁸⁰d⁰
283 3373 338 3428 ¹¹⁰⁰
359 3369 400 3426 *0¹
416 3369 461 3424 ⁵¹¹⁰
481 3366 581 3435 ¹1¹⁰il⁰s
598 3364 641 3422 iel
660 3365 717 3420 ⁸5¹1ss
733 3363 784 3420 11⁸0
800 3369 848 3421 aui
863 3363 909 3420 iila
943 3368 1068 3428 die'udam
1083 3368 1275 3440 irritationem,
1289 3368 1312 3423 si
1327 3367 1394 3425 alias
1408 3367 1492 3424 rerba
1506 3368 1695 3440 prohibitionis
1709 3371 1744 3428 do

107 3463 269 3521 conditione.
284 3462 321 3520 Ut
334 3457 496 3532 prohibetur
514 3456 602 3512 minor
617 3454 732 3511 abenars
746 3455 805 3509 sice
825 3452 909 3508 licea·
945 3476 974 3516 20
993 3459 1069 3516 illam
1088 3457 1258 3516 sufficientur
1272 3457 1436 3530 significant.
1450 3458 1573 3531 Denique
1587 3459 1613 3516 jn
1627 3460 1742 3532 enpust.

108 3556 142 3608 tia
157 3551 323 3611 iuterimrel
338 3551 398 3604 sine
413 3543 910 3614 deeratoiudicis,velueuxoroon·
944 3551 1033 3620 tione,
1058 3562 1129 3621 quas
1152 3547 1182 3604 fit
1205 3562 1253 3620 per
1278 3548 1386 3604 tertium
1406 3561 1568 3619 personam,
1593 3549 1744 3609 intervenit
1786 3551 1789 3558 “

108 3643 196 3699 “²¹¹²ss
207 3644 265 3699 ⁵5⁰0
286 3640 397 3697 Ῑῖῦθῡῖῑθ
415 3637 521 3705 miliia
536 3642 564 3691 ⁰²
581 3636 622 3689 ⁵50
637 3633 670 3690 de
692 3633 770 3703 aliis,
786 3647 851 3705 “3⁰
866 3632 909 3688 vei
944 3639 1144 3715 praeiudicium
1159 3636 1243 3708 illius,
1260 3651 1310 3709 pro
1326 3653 1382 3710 quo
1398 3636 1469 3694 alter
1484 3635 1643 3709 stipulatur,
1658 3647 1688 3698 et
1700 3643 1743 3698 nl.

109 3749 154 3803 1³01
174 3734 272 3790 iisslsses
292 3729 468 3800 ⁶³¹⁰t2liii⁰¹¹0s
488 3732 517 3782 st
541 3722 694 3780 flddfflffliess
715 3721 838 3780 clauditur
863 3721 909 3779 illa
944 3730 1094 3788 hilomiuus
1108 3727 1169 3784 talis
1183 3733 1276 3795 actus,
1292 3732 1431 3800 quatenus
1448 3725 1610 3799 prohibetur
1623 3729 1667 3786 rel
1682 3731 1744 3788 irri-

109 3823 247 3889 OEfliflssilts
261 3827 294 3878 ui
307 3833 449 3892 nunquam
467 3804 606 3872 verificari
615 3814 710 3887 possit,
725 3811 798 3886 quod
813 3812 856 3871 lex
870 3811 908 3870 di·
945 3826 1019 3878 tatur
1035 3820 1093 3874 iure
1108 3815 1192 3888 civili,
1208 3816 1313 3872 nullam
1326 3815 1518 3888 obligationem
1533 3815 1637 3875 inducit
1652 3835 1744 3893 respe-

110 3920 184 3968 'oeoe
201 3911 348 3984 imbibens
366 3913 477 3976 ⁸⁰¹⁰¹¹¹i
494 3905 585 3961 “filei
598 3904 690 3975 “lumi
707 3903 750 3958 V⁰¹
764 3904 865 3976 dialis,
881 3909 910 3959 θῑ
943 3917 992 3968 ctu
1006 3907 1262 3978 alterius,quamvis
1277 3905 1321 3962 ille
1335 3905 1400 3962 nihil
1414 3903 1496 3964 luerit
1510 3905 1543 3963 ad
1558 3907 1633 3966 illum
1647 3917 1744 3970 actum

110 4003 166 4056 sius
181 4005 280 4058 ratione
290 3999 323 4056 ad
337 3996 474 4071 quosdam
487 4001 568 4051 actus
584 3993 749 4066 applicatur,
766 4000 794 4050 at
807 3993 832 4048 iu
848 3992 907 4078 aliis
943 4005 1129 4070 cooperatus,
1145 4011 1213 4069 ergo
1227 3995 1262 4053 ad
1276 3993 1431 4052 nullitatsm
1447 4000 1528 4052 antus
1540 3996 1593 4053 hoe
1608 4014 1661 4057 nou
1676 4016 1744 4059 son·

109 4099 229 4164 nrgatm.
943 4088 1089 4146 sideratur.
1101 4086 1176 4145 Unde
1188 4101 1255 4142 oum
1270 4084 1314 4143 lex
1329 4101 1389 4142 coc
1402 4085 1528 4144 dubiem
1540 4088 1743 4160 generalissime

147 4184 174 4238 ⁹·
191 4183 291 4248 linitio
303 4176 442 4236 distinctio
455 4219 462 4246 2
480 4189 529 4232 seu
543 4173 667 4232 limitatio
681 4179 740 4244 est,
754 4188 836 4245 quam
852 4178 908 4230 tre·
941 4178 1089 4252 loquatur,
1110 4176 1167 4232 sine
1188 4173 1366 4233 laudamento
1386 4175 1423 4232 illi
1437 4175 1547 4235 additur
1561 4177 1629 4236 haec
1642 4194 1742 4254 exeep-

113 4269 150 4325 dit
163 4271 272 4344 Gregor.
286 4272 352 4340 Lop-
367 4281 469 4338 supra,
485 4267 524 4321 ait
535 4266 617 4335 euim,
635 4262 785 4336 procedere
799 4268 908 4319 senmo-
941 4268 991 4339 tio,
1001 4268 1024 4324 si
1033 4265 1169 4340 generalis
1183 4263 1279 4339 regula
1293 4265 1352 4322 eius
1366 4263 1533 4339 admittitur,
1547 4273 1579 4324 ut
1591 4270 1741 4345 Gregorius

116 4361 175 4416 tiam
186 4361 263 4429 illam,
284 4357 396 4432 quaudo
406 4355 518 4412 nullitas
528 4363 608 4412 actus
618 4360 661 4410 est
672 4355 697 4408 in
709 4352 906 4424 praeiudicium
941 4356 1137 4415 admittendam
1157 4360 1256 4426 purat,
1276 4359 1305 4412 et
1319 4355 1344 4410 j„
1360 4354 1413 4411 h„
1427 4354 1559 4429 diepam,
1574 4375 1628 4414 non
1643 4375 1742 4419 conse·

118 4457 213 4507 tantum
227 4447 459 4514 contrabentium,
471 4445 513 4500 rel
524 4445 640 4500 alienius
651 4459 685 4500 er
699 4441 763 4513 illis,
776 4457 829 4498 uon
841 4457 906 4498 vero
941 4455 1059 4522 quanter
1073 4445 1160 4518 loqui.
1176 4447 1271 4518 Neque
1286 4446 1371 4517 ineo,
1387 4446 1464 4519 quod
1478 4448 1503 4503 iu
1518 4448 1741 4525 exemplis,qura

119 4539 216 4596 sicedat
226 4542 251 4596 in
265 4537 466 4611 praeiudicium
480 4535 561 4590 tertii.
571 4533 649 4590 Ponit
661 4532 816 4604 exemplum
825 4531 906 4590 buius
942 4536 1065 4603 adducit,
1080 4540 1164 4609 nepot
1176 4541 1272 4592 aetum
1288 4535 1399 4607 irritari,
1412 4537 1433 4592 si
1448 4537 1576 4595 absoluta
1589 4547 1633 4597 est
1646 4543 1740 4613 prohi-

119 4630 261 4698 posterioris
276 4627 392 4684 membri
405 4642 439 4682 er
458 4640 485 4681 c.
498 4627 595 4690 Sicut,
614 4639 647 4680 ne
661 4622 773 4694 cleriei,
789 4623 832 4679 rel
847 4639 905 4680 mo·
940 4625 1017 4683 bitio.
1034 4627 1128 4698 Neque
1147 4625 1175 4680 in
1191 4626 1335 4695 posteriori
1349 4625 1473 4698 exemplo
1488 4626 1516 4683 id
1530 4625 1613 4686 docet
1627 4631 1739 4703 baldus,

119 4721 188 4776 uach.
205 4721 247 4776 uhi
261 4703 384 4776 clemens
398 4719 426 4772 in
446 4715 532 4772 seems
546 4714 708 4786 prohibetur
722 4713 846 4770 cilicium
865 4719 906 4770 ta·
941 4715 988 4773 ssd
1003 4715 1093 4772 solum
1107 4712 1292 4784 eit,doctores
1306 4713 1367 4770 illos
1382 4730 1464 4786 posse
1475 4717 1567 4789 puniri
1578 4718 1653 4776 iuxta
1665 4720 1738 4779 illam

119 4811 224 4867 bullionis
243 4825 388 4878 exercere,
414 4813 443 4864 et
461 4805 636 4862 nihilomiuus
660 4803 727 4862 dicit
744 4819 779 4862 ex
798 4810 907 4861 senten·
941 4805 1038 4878 legam.
1052 4805 1080 4859 ln
1095 4804 1179 4875 priori
1194 4808 1285 4859 autem
1300 4818 1370 4860 casu
1384 4802 1418 4860 de
1432 4805 1537 4863 clerieo
1551 4807 1576 4864 in
1592 4812 1682 4866 sacri.
1698 4811 1739 4868 οῖ.

121 4901 148 4956 tis
160 4903 225 4958 ioan.
239 4900 324 4958 hadr.
343 4897 445 4956 ibidem
458 4935 466 4968 ,
483 4897 697 4952 instrumentum
711 4895 745 4951 ab
765 4911 798 4951 eo
814 4895 907 4952 coule-
940 4896 1032 4952 hoium
1047 4892 1197 4951 tabellionis
1212 4893 1398 4966 exercente,si
1412 4909 1510 4952 verum
1523 4902 1579 4969 est,
1587 4905 1650 4956 ueta
1665 4899 1738 4958 illiug

121 4997 182 5049 ctum
194 5009 244 5048 con
258 5006 320 5050 esse
335 4988 460 5054 nullum,
473 4987 538 5059 quis
553 4992 619 5042 tunc
635 5001 723 5058 poene
737 4985 782 5041 illa
796 4985 906 5042 nullita-
941 5001 995 5042 uon
1016 4999 1076 5042 esau
1100 4983 1193 5052 irrita,
1217 4989 1249 5040 ut
1260 4985 1417 5042 communis
1431 4984 1513 5043 habet
1526 4970 1636 5060 opinio,
1652 4993 1739 5064 magis
1803 5009 1805 5012 ·

122 5083 293 5140 beederetiu
308 5079 445 5136 damnum
457 5075 689 5143 contrahentium,
707 5076 753 5148 qui
768 5075 830 5132 nihil
842 5091 906 5148 pec·
940 5082 1142 5149 consequenter
1166 5074 1322 5144 diceretur,
1349 5074 1402 5132 hoc
1427 5090 1480 5132 non
1499 5092 1560 5132 esse
1575 5077 1736 5151 simpliciter

120 5181 210 5231 ruunt
224 5177 258 5230 ht
277 5187 344 5229 raro
358 5171 440 5226 ioan.
456 5164 541 5224 hadr.
556 5182 609 5222 non
625 5165 675 5222 luit
692 5173 785 5223 motus
800 5165 845 5222 illa
862 5183 907 5224 ra·
941 5165 1109 5238 prohibitum
1122 5166 1148 5220 iu
1162 5163 1207 5221 illo
1223 5164 1292 5236 iure,
1305 5164 1354 5221 sed
1368 5163 1458 5222 solum
1472 5166 1594 5240 praecipi
1614 5169 1738 5230 utinter·

120 5265 189 5340 ioue,
202 5263 247 5323 aad
261 5263 316 5322 alia
335 5266 420 5320 tacta
434 5257 461 5314 is
480 5259 566 5328 prima
584 5255 760 5331 limitatione,
775 5255 820 5314 ilia
839 5271 904 5316 roro
939 5255 1059 5328 dicatum
1077 5261 1107 5312 ut
1122 5254 1332 5314 panormitanus
1345 5259 1430 5313 notat.
