4190 6234
847 409 953 464 meur
968 413 1015 464 vr.
1671 415 1711 480 te

103 539 210 600 eoaedo
220 538 350 618 pbpsica,
363 545 396 600 ut
405 542 448 600 sio
459 537 562 616 dicam,
574 545 603 600 et
612 553 677 599 reus
688 539 746 614 ipsa
757 536 906 612 obligetur,
944 553 1011 614 gere
1033 539 1067 599 ad
1088 539 1144 602 boc
1158 543 1248 618 ipsum
1262 549 1478 609 nocumentum?
1491 551 1558 612 ltem
1571 556 1637 629 quie
1654 557 1752 620 eodem

105 640 139 692 ut
156 633 193 690 sit
209 638 348 690 executor
360 647 469 705 poenae
490 633 518 689 iu
538 631 672 706 seipsum,
686 638 716 690 et
734 629 910 688 nibilominus
943 627 1027 688 modo
1047 629 1139 691 dicere
1157 635 1219 708 quis
1239 643 1333 710 posset
1344 637 1434 712 legem
1448 643 1556 712 privare
1570 649 1644 704 omni
1664 647 1752 708 domi·

107 723 262 782 manuam
276 724 372 796 ipsum
386 738 443 780 non
459 727 592 781 censetur
607 718 787 792 intolerabile,
800 725 831 777 ut
843 733 910 793 pro·
944 719 1000 790 nio,
1014 727 1043 778 ει
1060 724 1162 781 lurein
1180 726 1338 798 pecuniam.
1356 735 1386 786 et
1398 729 1466 788 illud
1481 731 1507 788 in
1525 733 1607 792 alium
1621 740 1751 798 transter-

109 812 210 872 sedita
226 811 336 885 iudice;
354 826 423 886 ergo
438 827 490 870 nec
512 817 643 885 respectu
664 810 731 884 legia
746 808 790 867 ille
811 808 912 867 modus
944 823 986 882 ra,
1007 817 1035 869 et
1044 811 1106 872 inde
1118 813 1196 888 sequi
1210 815 1401 890 obligationem
1412 836 1466 876 non
1477 823 1609 882 retinendi
1620 842 1678 886 rem
1688 829 1751 890 alie·

110 918 209 975 poenae
221 907 266 958 est
278 901 360 958 nucis
374 900 507 974 acerbus,
523 901 546 958 si
559 901 626 959 alias
640 905 767 973 exparte
781 899 911 957 materiae
944 914 1019 972 nom,
1033 901 1080 960 sed
1103 902 1230 962 tradendi
1250 905 1323 964 illam
1341 923 1407 966 vero
1418 909 1539 985 domino,
1550 914 1662 974 sieutin
1674 935 1752 992 prae·

111 994 172 1050 boni
185 993 338 1050 eommunia
352 993 392 1050 sit
404 990 547 1051 sufficiens
559 992 629 1049 ratio
652 988 788 1048 utilitatis.
805 989 910 1047 Secun-
946 990 1091 1063 scriptione
1119 993 1162 1052 lex
1182 995 1272 1068 privet
1294 998 1412 1070 priorem
1433 999 1576 1062 dominum
1590 1009 1664 1064 omni
1676 1011 1749 1085 iura,

111 1082 156 1154 do,
166 1085 230 1158 quia
246 1082 391 1142 moraliter
401 1079 538 1156 loquendo
549 1083 704 1138 nonminua
714 1085 835 1154 gravent
846 1092 912 1136 one·
946 1079 1022 1154 quod
1041 1083 1068 1138 in
1083 1098 1114 1139 re
1127 1083 1219 1142 vel-ad
1234 1101 1293 1143 rem
1307 1085 1434 1146 habebat.

111 1189 203 1233 rosum
215 1182 257 1231 est
275 1171 382 1230 bomini
396 1171 480 1238 libore
494 1186 525 1228 εε
543 1170 652 1244 privare
666 1159 804 1244 aliquibus
824 1168 911 1226 actio-
989 1175 1032 1229 te.
1049 1171 1191 1231 Concludo
1211 1174 1306 1250 igitur,
1322 1192 1356 1236 ex
1375 1179 1502 1237 omnibus
1516 1181 1557 1240 bis
1577 1184 1633 1243 tere
1647 1188 1750 1262 opinio·

111 1263 200 1336 nibus,
214 1263 248 1320 ad
261 1277 334 1336 quaa
348 1261 432 1320 babet
445 1261 487 1318 vel
501 1260 723 1334 propensionem,
738 1257 782 1315 vel
797 1259 854 1330 ius,
865 1257 909 1318 vel
944 1259 1026 1319 nibus
1041 1260 1143 1336 aliquid
1158 1264 1324 1324 sumendum
1337 1282 1410 1340 esee,
1422 1285 1456 1326 ex
1470 1287 1526 1345 quo
1542 1289 1610 1332 vera
1625 1277 1750 1339 doctriua

108 1352 257 1426 exquibus
278 1356 375 1423 sperat
394 1349 535 1419 fructum,
556 1365 641 1423 quem
660 1349 766 1424 aliquas
786 1347 910 1406 actiones
944 1359 1104 1424 consurgat.
1124 1353 1244 1412 Primum
1258 1355 1350 1431 itaquo
1370 1375 1474 1434 assero,
1491 1379 1572 1434 posse
1590 1365 1677 1439 legem
1698 1368 1750 1426 bu·

109 1455 246 1512 exercere,
257 1455 331 1515 quae
345 1438 475 1513 poenales
489 1436 532 1496 rel
547 1439 599 1496 sibi
613 1453 711 1512 graves
725 1437 791 1508 sint,
803 1451 872 1512 ergo
887 1434 910 1493 si
944 1456 1053 1499 manant
1068 1441 1188 1514 obligare
1203 1444 1228 1500 in
1244 1449 1409 1506 couscientia
1424 1450 1458 1506 ad
1479 1468 1602 1524 poenam
1617 1462 1673 1520 tom
1687 1475 1750 1532 pas·

109 1548 160 1588 non
174 1536 216 1588 est
235 1544 326 1604 poeno
339 1529 422 1585 nimis
436 1531 573 1602 rigorose,
593 1527 713 1602 obligare
733 1527 870 1585 bominem
883 1527 910 1584 in
944 1531 1041 1603 airam,
1062 1547 1145 1605 quarn
1167 1533 1290 1592 activam
1309 1542 1370 1593 ante
1392 1554 1502 1598 omnem
1523 1547 1705 1622 senteutiam,
1726 1553 1751 1609 si

105 1619 284 1691 conscientia,
307 1623 338 1676 ut
350 1633 380 1674 se
395 1619 486 1691 privet
498 1617 593 1676 multia
607 1617 773 1690 actionibus,
788 1623 820 1676 ut
833 1633 910 1675 eom·
944 1619 1052 1678 aliunde
1066 1628 1193 1680 serretur
1205 1627 1341 1697 nequius.
1356 1629 1414 1686 lico
1431 1631 1574 1706 probetur,
1591 1639 1656 1709 quia
1670 1639 1750 1714 legis·

105 1711 286 1768 mumeadone
308 1708 441 1780 bumana,
452 1714 482 1765 et
491 1706 591 1780 divina,
602 1724 656 1766 usu
666 1709 710 1768 sui
721 1708 909 1780 offleii,etinm
943 1710 1016 1768 lator
1035 1717 1128 1782 potest
1149 1729 1201 1769 suo
1225 1721 1374 1787 praecepto
1395 1718 1515 1794 obligare
1535 1740 1588 1781 oon
1611 1727 1700 1788 solum
1716 1730 1749 1790 ad

104 1816 168 1859 oum
183 1799 342 1872 privatione
353 1799 538 1872 tructus,noo
548 1799 693 1857 eritetiam
704 1801 784 1857 nimis
794 1797 908 1874 durum,
945 1799 1134 1880 susbneodam
1148 1803 1335 1884 poenam.sed
1345 1806 1428 1864 tliflm
1439 1810 1473 1867 td
1485 1811 1750 1890 agendumquando

103 1889 178 1966 quod
192 1889 334 1964 obligetur
346 1888 494 1963 aliquando
505 1889 540 1947 ad
552 1891 688 1948 actionem
699 1889 841 1963 poenatem
852 1905 910 1948 mo·
942 1889 1064 1962 poenalis
1078 1892 1149 1950 actio
1170 1899 1264 1964 potest
1278 1893 1349 1952 licite
1369 1897 1403 1954 eb
1425 1899 1483 1971 ipso
1502 1917 1549 1960 reo
1570 1910 1703 1980 exerceri,
1719 1919 1750 1970 et

104 1977 386 2038 remunerabitur
404 1980 616 2052 consequentia,
628 1980 691 2052 quia
702 1977 777 2053 quod
787 1979 823 2037 sit
836 1980 909 2037 ectio
944 1993 999 2036 ooo
1015 1985 1059 2036 est
1072 1981 1151 2036 nimis
1166 1981 1266 2040 acerba
1279 1989 1307 2042 ει
1326 1984 1494 2064 inhumana3
1511 2007 1578 2066 ergo
1592 2003 1683 2067 potest
1700 2017 1750 2073 per

104 2071 228 2142 positiva,
243 2084 300 2126 non
323 2067 443 2126 includit
462 2068 612 2141 specialem
633 2068 774 2144 malitiam,
793 2075 825 2127 ut
845 2084 911 2142 sup·
942 2068 1030 2143 legem
1045 2071 1083 2126 ita
1097 2068 1150 2127 hoo
1168 2074 1342 2148 praecipere,
1358 2079 1493 2136 utstatim
1509 2081 1749 2165 obligarenbsque

103 2176 184 2232 pono,
201 2167 316 2234 propter
333 2175 418 2234 quam
432 2160 467 2216 ab
487 2158 596 2218 bomine
611 2159 670 2218 fieri
690 2175 744 2215 noo
761 2161 866 2232 possit;
882 2159 909 2217 in
944 2157 998 2215 alia
1020 2159 1221 2220 declaratione.
1243 2163 1349 2222 Etenim
1375 2169 1500 2241 superior
1523 2179 1614 2244 potest
1637 2187 1751 2252 propter

103 2249 205 2324 reliquo
224 2257 320 2307 autern
341 2249 465 2323 aequalia
484 2255 528 2306 eat
547 2251 636 2320 ratio,
655 2249 821 2321 praesertim
842 2266 908 2308 eum
943 2247 1010 2306 elias
1028 2252 1149 2307 rationes
1170 2252 1263 2310 iustas
1276 2255 1314 2311 ita
1335 2255 1454 2330 obligare
1468 2259 1608 2321 subditum
1623 2264 1656 2323 ad
1676 2269 1750 2328 simi·

104 2339 250 2396 voluntaria
260 2339 373 2398 embolo
387 2339 527 2398 moraliter
537 2340 574 2396 sit
586 2337 724 2414 quaedam
740 2340 824 2413 actio,
840 2356 908 2415 qua·
942 2337 994 2397 lem
1011 2342 1167 2414 actionem,
1183 2358 1236 2400 cur
1250 2359 1318 2418 ergo
1334 2362 1387 2404 non
1409 2351 1510 2421 poterit
1522 2361 1634 2426 propter
1646 2359 1748 2419 iustam

105 2435 180 2486 mnus
204 2445 259 2487 noo
278 2429 310 2486 fit
335 2430 395 2485 doe
414 2427 557 2485 voluntate
577 2427 737 2486 continendi
765 2428 905 2503 seipsum.
941 2443 1055 2487 censam
1068 2445 1105 2488 ex
1125 2430 1226 2489 delicto
1245 2435 1358 2491 ortam?
1371 2437 1451 2496 Certe
1466 2457 1520 2498 non
1541 2451 1634 2516 potest
1645 2451 1744 2520 proba·

104 2518 177 2576 t'nde
195 2519 393 2590 confirmatur,
414 2534 478 2575 nam
498 2517 652 2576 secundum
679 2519 897 2578 aestimationem
941 2517 1003 2575 bilis
1018 2521 1088 2577 ratio
1102 2520 1192 2593 reddi,
1212 2529 1245 2580 ut
1258 2538 1291 2581 ex
1305 2523 1387 2584 dictis
1400 2530 1482 2588 etintn
1497 2541 1593 2593 contra
1603 2537 1669 2596 alias
1683 2557 1744 2600 aen·

107 2609 229 2668 moralem
243 2609 308 2682 plus
320 2609 403 2666 vellet
415 2607 497 2666 bomo
512 2597 616 2665 tantam
630 2611 764 2680 pecuniae
785 2611 897 2684 qurotl·
940 2607 1036 2666 tentiae
1049 2615 1168 2672 constat.

108 2706 184 2756 nun
203 2699 328 2771 solvere,
347 2713 433 2773 quaro
453 2697 554 2770 privari
573 2698 707 2771 suffragio
728 2700 835 2772 activo,
857 2702 900 2758 vel
982 2700 1024 2756 ll.
1042 2697 1167 2756 Secundo
1181 2699 1329 2760 dicendum
1342 2711 1395 2776 eet,
1412 2706 1486 2766 bunc
1509 2713 1620 2773 modum
1638 2718 1740 2796 obliga-

110 2789 210 2860 passivo
223 2789 301 2846 circa
321 2789 376 2846 tale
390 2803 509 2861 munus,
524 2785 572 2844 sed
593 2793 685 2861 potest
707 2803 756 2861 per
776 2787 864 2863 legem
878 2789 904 2846 io
940 2785 1019 2843 tionis
1038 2787 1139 2846 babere
1156 2788 1248 2848 locum
1263 2795 1289 2848 io
1310 2796 1404 2865 poenis
1423 2798 1581 2875 moderatis,
1597 2822 1651 2864 oon
1671 2827 1736 2872 nero

111 2878 273 2936 conscientia
286 2877 390 2950 privari
403 2877 534 2951 sulliogio
548 2877 654 2948 activo,
670 2878 711 2934 vel
726 2878 783 2934 fieri
796 2875 906 2936 inbabi·
938 2873 964 2931 io
985 2876 1210 2954 quibuscumque
1230 2884 1421 2958 gravissimis,
1447 2894 1608 2960 praesertim
1628 2900 1739 2971 quando

112 2967 140 3022 lis
152 2965 184 3024 nd
196 2969 348 3040 passivumq
363 2981 433 3040 ergo
446 2969 527 3025 etiarn
543 2966 645 3040 poterit
658 2967 759 3040 imponi
774 2969 904 3040 pecunia·
939 2965 1087 3039 requirunt
1101 2967 1216 3025 bominis
1231 2973 1433 3049 executionem,
1450 2977 1598 3041 boeotium
1617 2992 1740 3058 proxime

112 3057 146 3112 ria
155 3073 240 3130 poena
251 3057 312 3132 ipso
323 3057 399 3116 iacto
409 3056 550 3129 solvenda,
561 3058 669 3116 etiamsi
680 3057 707 3114 io
722 3057 829 3116 actione
839 3073 905 3116 con·
938 3055 1085 3128 probatum
1108 3058 1287 3131 relinquitur.
1304 3062 1395 3120 Tertio
1415 3065 1564 3129 dicendum
1584 3080 1642 3148 est,
1664 3077 1739 3139 bunc

109 3145 187 3205 ,pm
938 3144 1051 3202 modum
1069 3145 1243 3221 obligationis
1259 3151 1367 3211 lucilius
1381 3171 1461 3227 posse
1480 3160 1583 3234 imponi
1596 3165 1623 3222 in
1643 3172 1737 3239 poenis

140 3237 236 3310 Tertio,
253 3240 319 3311 quia
339 3237 415 3313 leges
429 3238 599 3310 imponentes
616 3250 719 3309 poenas
739 3237 902 3314 privausas,
938 3236 1089 3310 privativis,
1104 3253 1187 3310 qoam
1199 3239 1226 3297 in
1238 3239 1290 3314 bis,
1302 3258 1373 3317 quoe
1387 3248 1532 3320 requirunt
1541 3255 1675 3316 rodonem
1685 3259 1735 3318 bo·

107 3343 150 3384 sen
160 3329 294 3402 passivas,
308 3333 512 3401 consequenter
522 3326 642 3400 obligant
651 3326 685 3384 ad
699 3327 802 3386 multas
812 3330 903 3387 actio·
938 3324 1029 3398 minis,
1041 3326 1088 3400 qui
1099 3329 1227 3400 punitur,
1241 3337 1271 3388 et
1280 3331 1350 3390 inter
1363 3337 1510 3407 privativas
1522 3341 1627 3402 lacilius
1637 3349 1665 3404 in
1678 3364 1743 3408 cen·

105 3433 147 3474 nes
160 3418 262 3476 bomini
275 3417 485 3487 involuntariae,
499 3418 521 3474 si
535 3419 707 3475 necessarios
720 3418 777 3475 sint
789 3418 825 3476 ad
839 3434 903 3478 aer·
938 3415 1027 3487 Βῑιῐῑιε
1041 3423 1071 3474 et
1091 3417 1351 3496 iflesssslllstlllbub
1366 3440 1449 3498 ‘illm
1467 3430 1496 3486 5¹¹
1516 3432 1583 3490 affit-
1600 3437 1676 3495 Ηιιιΰ
1697 3457 1741 3498 ιι·

104 3508 212 3568 vandsm
230 3510 426 3581 privationem,
447 3507 490 3564 vel
510 3523 543 3564 ex
564 3507 610 3564 illa
628 3515 848 3582 consequantur.
864 3512 902 3570 ut
938 3506 1086 3564 sectionem
1098 3507 1196 3566 damus
1207 3511 1370 3571 unctoribus
1381 3518 1519 3578 secundae
1531 3529 1559 3580 et
1568 3527 1664 3586 tertiae
1677 3547 1740 3590 sen-

104 3599 367 3670 ereommuoieatua,
386 3597 408 3654 si
428 3598 463 3655 sit
476 3597 503 3654 in
515 3596 645 3670 ecclesia,
660 3603 688 3654 ει
708 3599 790 3655 missa
802 3597 846 3657 vel
862 3598 904 3658 di·
938 3595 1049 3666 tentiae,
1064 3602 1092 3655 et
1105 3612 1165 3656 eam
1179 3599 1298 3660 suadent
1311 3606 1430 3662 rationes
1445 3621 1552 3686 eorum,
1567 3619 1683 3676 maxime
1697 3627 1739 3679 ta·

101 3691 187 3745 vinum
205 3687 332 3745 officium
353 3685 510 3758 inchoetur,
526 3693 636 3744 tenetur
654 3686 762 3762 egredi,
778 3689 819 3746 rel
834 3691 857 3747 si
877 3693 903 3750 ei
937 3699 999 3742 men
1013 3702 1093 3759 usus,
1110 3693 1142 3746 ut
1159 3692 1251 3748 statim
1266 3691 1429 3769 videbimus,
1445 3704 1474 3755 et
1493 3699 1566 3760 illius
1582 3705 1649 3764 alios
1668 3725 1735 3770 oon·

99 3777 175 3834 detur
190 3777 369 3849 beneficium,
383 3783 493 3834 tenetur
506 3791 563 3832 non
575 3783 734 3849 acceptare,
747 3777 821 3850 quod
836 3778 902 3839 licet
937 3775 1080 3846 gruentins
1093 3778 1249 3837 alienemus.
1263 3784 1353 3856 Atque
1368 3783 1436 3844 baec
1451 3795 1585 3850 sententia
1595 3796 1635 3854 sic
1646 3800 1741 3860 mode·

99 3868 221 3926 videatur
241 3868 411 3940 negativum,
427 3881 481 3923 noo
496 3865 525 3922 lit
536 3866 596 3923 sine
611 3867 725 3938 positiva
739 3871 858 3945 actione,
873 3877 904 3929 at
938 3871 997 3922 rato
1010 3871 1053 3923 εει
1073 3867 1130 3926 sine
1144 3868 1227 3927 dubio
1248 3876 1421 3933 communior
1436 3877 1508 3936 inter
1528 3882 1675 3944 modernos
1690 3905 1740 3948 au-

100 3957 178 4032 (quod
191 3955 337 4014 difficilius
349 3955 401 4028 εει)
414 3952 526 4029 quando
539 3956 600 4030 quis
610 3971 660 4029 per
674 3956 762 4032 legem
774 3959 900 4031 privatur
938 3959 1044 4028 etores,
1059 3963 1093 4014 ut
1112 3957 1204 4016 videre
1218 3959 1281 4018 licet
1295 3962 1322 4019 io
1342 3965 1471 4024 Corduba
1484 3969 1559 4029 dicta
1572 3991 1600 4048 q.
1614 3980 1660 4034 36.
1683 3979 1740 4038 lere

100 4047 239 4118 beneficio,
259 4044 399 4120 obligatur
419 4044 637 4103 inconscientin
655 4045 811 4122 relinquere
831 4048 899 4108 illud
938 4043 968 4101 in
983 4045 1132 4119 principio,
1147 4048 1247 4107 Navae.
1260 4052 1353 4111 citatis
1367 4052 1447 4129 loeis3
1460 4064 1488 4114 et
1501 4059 1569 4118 idem
1583 4057 1689 4125 tandein
1700 4068 1739 4127 di-

99 4136 250 4194 seoundum
270 4133 384 4193 multos.
394 4133 570 4208 Respondent
578 4133 676 4209 aliqui,
688 4150 737 4207 per
747 4135 835 4210 legem
850 4154 900 4195 au·
938 4141 1008 4192 cunt
1022 4151 1150 4207 expresse
1171 4140 1271 4197 Covar.
1287 4149 1317 4198 et
1337 4143 1459 4204 Simone.
1473 4154 1501 4204 et
1519 4153 1655 4226 existimo,
1671 4158 1738 4216 anti·

99 4226 158 4282 terri
175 4223 290 4282 titulum
304 4222 507 4296 beneficii,quia
521 4223 589 4282 baec
603 4230 645 4282 est
655 4239 752 4298 poena,
761 4240 832 4300 quae
847 4245 901 4286 noo
940 4240 1012 4298 quos
1024 4224 1154 4286 doctores
1168 4229 1235 4286 nibil
1248 4230 1282 4287 ab
1296 4231 1348 4290 boo
1362 4240 1495 4296 sentemia
1508 4239 1674 4315 discrepare.

98 4315 207 4388 requirit
221 4312 346 4371 bominis
360 4314 561 4385 executionem,
571 4310 632 4370 inde
643 4319 735 4372 summ
746 4315 824 4388 sequi
834 4316 902 4375 obli·

98 4407 231 4478 grtionem
249 4401 430 4460 renunciandi
442 4402 615 4475 beneficium,
627 4404 691 4477 quia
704 4403 794 4464 ablato
808 4407 899 4482 titulo,
1215 4418 1356 4493 CAPUT
1393 4424 1450 4495 vl,

99 4493 218 4566 perditur
236 4491 394 4551 dominium
408 4491 542 4564 benefieii,
557 4493 622 4566 quia
641 4493 751 4552 omnino
766 4495 865 4568 pendet
884 4513 900 4554 a

101 4585 358 4660 filU¹⁰sl¹fd¹¹ffl0¹¹l⁰
373 4580 743 4656 f⁰ss⁰¹·¹·d⁰¹⁰d⁰¹·i⁰l·¹¹²
757 4588 898 4661 t,etcap.
941 4607 1070 4685 Quando
1097 4609 1172 4688 tepeo
1196 4615 1339 4690 poenales
1362 4624 1534 4682 contineant
1557 4633 1736 4691 sententium

101 4677 169 4732 unic.
186 4675 222 4734 de
235 4690 281 4746 eo,
296 4673 346 4748 qui
360 4671 479 4729 mittitur
491 4673 518 4730 in
531 4672 642 4746 possin
659 4677 687 4746 6,
701 4680 729 4731 ει
742 4676 899 4748 capuleia-
963 4697 1147 4771 sgreggam‚
1169 4709 1198 4761 ep
1215 4723 1274 4764 m„
1287 4706 1396 4783 papam,

1396 4817 1426 4859 na
1449 4809 1520 4862 onte
1544 4807 1652 4869 indicte
1670 4828 1735 4870 aeri·

102 4769 168 4834 turn,
182 4764 216 4824 de
232 4763 515 4838 lur.patronat.lisec
530 4770 622 4822 autem
634 4763 763 4838 obligatio
777 4765 829 4822 iam
843 4783 899 4824 oon
972 4791 1005 4846 g,
1029 4796 1211 4853 commu,
1234 4795 1277 4854 ad
1295 4814 1395 4873 poma

104 4862 139 4913 εει
149 4870 236 4928 poena
246 4854 315 4928 legis
330 4851 479 4925 humanae,
492 4852 541 4910 sed
555 4852 681 4926 obligatio
697 4853 765 4927 legis
779 4854 896 4928 dlvinse,
971 4882 1107 4940 gemam,

105 4946 158 5019 quia
170 4961 250 5004 nemo
265 4948 363 5018 potest
377 4941 593 5015 retinere,quod
610 4958 694 5000 suum
709 4959 764 5001 non
777 4951 832 5003 εει.
844 4945 897 5004 Sed

104 5033 146 5094 boe
158 5053 211 5094 non
225 5040 356 5102 enervat,
373 5031 422 5090 sed
442 5032 585 5090 confirmat
597 5033 692 5105 potius
706 5034 841 5094 rationem
856 5035 898 5094 la·

103 5134 173 5200 etam;
183 5143 249 5186 nam
263 5125 286 5182 si
300 5123 346 5181 lex
360 5127 453 5195 potest
467 5137 482 5178 a
496 5123 585 5195 seipsa
600 5121 709 5181 aularre
723 5123 834 5186 titulum
847 5125 896 5183 be·

100 5215 184 5291 orleii,
199 5214 312 5278 eunmsi
326 5210 392 5272 inde
406 5217 538 5286 aequatur
550 5218 750 5272 nocumentum
764 5213 832 5274 illud
849 5231 893 5276 re·
929 5247 955 5299 1·
969 5246 1105 5301 mmm,

98 5309 223 5371 pppfippdi
244 5303 431 5378 beneficium,
444 5318 496 5362 eur
515 5318 571 5363 non
587 5305 687 5377 poterit
701 5303 805 5366 directe
825 5305 893 5366 obti-
973 5319 1198 5374 sententiae.-2.
1209 5322 1306 5389 Duplex
1317 5327 1407 5381 modus
1419 5327 1519 5384 terendi
1532 5333 1611 5399 leges,
1625 5337 1733 5403 simplex

1211 5064 1458 5134 summarium

1117 5249 1203 5314 legum
1215 5251 1242 5301 in
1255 5253 1326 5317 leges
1338 5253 1459 5310 terendae
1471 5263 1615 5316 sententiae
1624 5272 1652 5317 et
1662 5266 1730 5322 tntae
