4278 6242
323 315 387 382 lffl
1033 338 1185 390 emma.

280 459 404 533 poenalis
423 457 499 519 iuxta
514 457 676 536 exigentiam
690 461 837 521 verborum
852 464 927 538 eius,
948 468 979 522 ut
998 478 1085 536 supra
1152 465 1214 518 dum
1225 473 1265 520 est
1278 467 1349 520 iuxta
1363 468 1496 522 matertera
1507 476 1535 522 et
1545 461 1845 526 circumstantias-it.
1857 473 1925 539 Quid

280 549 384 607 dietum
397 555 450 605 est.
1154 536 1307 603 dicendum,
1320 539 1423 604 quando
1434 547 1508 594 aetus
1521 547 1561 593 est
1574 543 1669 608 privati
1680 543 1796 596 dominii.

319 645 348 699 2.
364 639 449 697 Dbiici
464 645 553 696 tamen
572 645 663 713 potest
675 655 709 698 ex
720 640 823 714 legibus
834 642 988 716 Hispaniae,
1000 640 1019 699 l.
1035 645 1084 714 lt,

279 729 353 789 titul.
372 731 418 801 ll,
433 729 524 802 partit.
550 735 583 803 5,
599 731 646 788 ubi
661 732 752 789 iatine
766 733 878 802 dicitur,
895 747 1003 790 omnem
1019 747 1083 804 pro·
1161 728 1185 784 l.
1203 726 1325 784 Diximus
1341 724 1375 784 de
1389 715 1666 804 modo'cognoscendi
1681 730 1856 788 irritationem
1871 747 1921 804 per

281 820 455 891 missionem,
470 835 520 877 seu
541 822 748 879 conventionem
762 821 863 880 iactam
877 829 975 880 contra
995 821 1083 897 legem
1118 814 1207 890 legem
1228 814 1334 873 directe
1354 816 1559 900 prohibentem,
1583 836 1657 878 nune
1672 826 1815 893 superest,
1830 827 1863 878 ut
1876 837 1925 879 ex·

280 911 394 982 regiam,
413 908 458 965 rei
481 916 580 967 eontra
595 909 681 968 bonos
696 927 802 982 mores,
819 911 1015 970 observandam
1030 927 1085 968 non
1119 904 1269 978 plicemus,
1291 905 1402 978 girando
1424 907 1481 976 lex,
1495 923 1566 980 quae
1580 908 1628 967 dat
1640 908 1754 967 formam
1770 911 1861 981 actui,
1879 909 1924 968 vel

281 1014 355 1068 esse,
376 997 481 1055 etiarnsi
505 999 531 1056 in
552 998 599 1056 illa
619 998 701 1059 suerit
721 1000 811 1058 addita
830 1017 932 1074 poena,
947 1001 989 1057 rel
1012 1003 1084 1059 iura·
1120 995 1924 1072 contractui,irritetconsequenteraetumsinetaliiorma,

282 1096 418 1156 ruentum.
433 1090 484 1147 Ubi
503 1091 650 1163 Gregorius
669 1091 758 1162 Lopez
771 1107 847 1148 num.
864 1095 890 1151 i.
906 1090 1029 1164 videtur,
1045 1091 1084 1148 le·
1120 1100 1153 1142 ao
1173 1084 1286 1142 subinde
1305 1083 1402 1143 contra
1417 1087 1495 1143 talem
1512 1087 1598 1161 legem
1613 1088 1726 1146 iactum.
1744 1089 1833 1162 Aliqui
1847 1089 1920 1146 enirn

240 1219 241 1224 ,
282 1194 344 1254 gem
360 1177 432 1235 ittam
452 1176 600 1252 intelligere
614 1181 690 1237 iuxta
703 1180 721 1236 Ι.
738 1197 798 1237 non
811 1179 944 1243 dubium:
958 1197 1024 1254 ergo
1038 1180 1083 1237 iiia
1120 1176 1176 1232 sine
1190 1175 1357 1248 limitatione,
1371 1175 1411 1234 vel
1422 1176 1604 1235 decimatione
1616 1179 1791 1253 respondent,
1808 1181 1916 1253 quoties
1936 1225 1939 1232 .

281 1268 326 1326 lex
340 1274 470 1340 operatur
498 1269 523 1324 in
545 1284 628 1342 regno
649 1271 809 1345 liispaniae,
830 1277 859 1328 et
872 1273 897 1328 in
913 1271 958 1328 ilio
972 1271 1085 1329 inducet
1121 1266 1161 1323 lox
1183 1265 1285 1340 aliquid
1306 1269 1439 1340 praecipit
1452 1283 1502 1340 pro
1521 1269 1607 1326 torma
1621 1275 1797 1340 contractus,
1812 1271 1919 1327 irritare

282 1359 436 1433 generalem
460 1359 709 1430 interpretationem
729 1361 763 1418 ad
784 1377 879 1419 omnes
900 1361 972 1434 leges
993 1361 1085 1433 probi·
1120 1364 1213 1415 actum
1234 1357 1311 1414 aliter
1331 1357 1449 1428 iactum,
1470 1361 1574 1416 etiamsi
1595 1360 1748 1417 clausulam
1764 1361 1917 1418 irritantem

283 1450 377 1505 bentes
392 1491 398 1520 ,
416 1440 498 1520 quam
514 1448 555 1504 lex
570 1465 629 1505 oon
644 1447 765 1508 dubium
779 1451 931 1508 introduxit
942 1466 990 1522 pro
1004 1449 1086 1507 terris
1120 1463 1173 1504 non
1189 1445 1281 1504 addat.
1299 1447 1417 1504 Fundari
1432 1447 1483 1504 boe
1495 1455 1595 1521 potest,
1608 1451 1671 1522 quia
1682 1450 1769 1507 iormn
1781 1457 1836 1520 est,
1851 1465 1925 1523 quae

282 1539 398 1610 imperii.
420 1536 583 1610 Respondes
609 1545 714 1611 tamen,
740 1539 813 1597 illam
833 1542 1085 1613 interpretationem
1121 1539 1169 1596 dat
1183 1553 1243 1594 esse
1258 1538 1316 1593 rei:
1334 1536 1409 1611 quod
1428 1539 1591 1612 principium
1607 1554 1673 1596 curn
1687 1539 1863 1612 proportione
1877 1553 1923 1596 ve·

283 1645 338 1686 non
349 1642 408 1684 esse
427 1629 621 1685 neeessariam.
634 1631 701 1686 Nam
711 1628 782 1687 idem
794 1631 941 1704 Gregorius
951 1632 1039 1703 Lopez
1053 1627 1087 1686 ad
1122 1643 1184 1684 rurn
1204 1634 1263 1698 est,
1284 1625 1317 1682 de
1337 1627 1424 1684 torma
1444 1628 1539 1684 morali
1559 1635 1688 1701 respectu
1702 1635 1817 1687 actuum
1832 1644 1923 1686 mora·

284 1717 476 1776 declarandam
497 1717 583 1791 legem
599 1718 671 1776 iiiam
685 1721 752 1776 citat
767 1719 785 1776 l.
801 1723 828 1776 st
839 1719 973 1794 stipular,
993 1725 1040 1789 35,
1057 1719 1083 1775 u.
1122 1717 1199 1789 llum,
1211 1718 1292 1792 Quia
1302 1714 1923 1794 deJ‘eotussormoepropesubstaotiomret

285 1809 320 1867 de
340 1807 414 1865 verb.
431 1807 540 1882 obligat.
557 1809 583 1864 in
598 1823 653 1880 qua
667 1809 807 1866 manifeste
823 1825 913 1867 sermo
924 1817 966 1867 est
979 1810 1013 1868 de
1024 1826 1087 1882 pro·
1122 1805 1264 1869 destruit,
1283 1805 1423 1864 utdicitur
1438 1810 1464 1864 in
1485 1808 1545 1882 iege
1560 1809 1718 1877 Iulianus,
1736 1813 1874 1882 seipsis,
1891 1809 1919 1866 li.

284 1899 414 1957 missione
426 1903 524 1954 contra
536 1897 621 1972 legem
637 1897 678 1954 vel
697 1905 795 1956 contra
814 1899 899 1956 bonos
913 1914 1003 1958 mores
1015 1900 1088 1956 obie·
1123 1896 1156 1953 ad
1173 1895 1367 1954 exhibendum.
1383 1896 1459 1954 Unde
1475 1906 1517 1956 est
1531 1915 1677 1956 commune
1691 1901 1866 1972 prouerbium
1881 1899 1924 1956 iu·

285 1989 375 2059 ctire,
391 1986 418 2044 id
443 1993 486 2044 est
506 1987 539 2044 de
555 1988 732 2059 promissione
747 1988 862 2046 faciendi
876 1987 1086 2064 aliquidnturpe,
1122 1986 1266 2042 ristarum:
1283 1984 1783 2058 Exsormrtoooseruotoresoltat
1793 1988 1920 2047 nulibus

284 2078 328 2135 rel
343 2077 510 2150 prohibitum
528 2091 575 2148 per
589 2077 687 2152 regem:
705 2078 772 2135 baec
787 2081 878 2135 aute'm
893 2079 1036 2151 promissio
1050 2079 1090 2137 di-
1123 2079 1220 2132 cetos.
1237 2075 1315 2143 Quod
1327 2076 1397 2132 sumi
1410 2078 1501 2149 pot‘est
1514 2095 1548 2136 ex
1563 2077 1581 2134 Ι.
1599 2082 1624 2151 ι,
1637 2085 1666 2148 2,
1677 2087 1706 2137 ει
1717 2087 1745 2150 5,
1757 2079 1824 2137 Cod.
1838 2095 1927 2153 quan·

286 2169 359 2227 citur
380 2181 433 2224 nnn
457 2166 592 2240 obligare,
607 2169 740 2242 nunquia
754 2167 899 2240 probibitio
914 2167 980 2241 legis
1000 2170 1089 2226 irritet
1124 2165 1159 2222 do
1180 2180 1328 2238 provocare
1342 2182 1396 2224 non
1411 2175 1453 2225 est
1466 2183 1590 2241 neccsse,
1606 2184 1675 2243 quas
1688 2170 1742 2228 late
1757 2172 1840 2228 reiert
1852 2175 1920 2230 Gra-

286 2265 398 2327 actum,
414 2257 461 2314 sed
479 2259 546 2331 quia
562 2257 644 2330 iacit,
660 2264 692 2315 ut
709 2266 789 2316 aetus
803 2259 838 2314 sit
851 2274 968 2330 pravus,
984 2265 1013 2315 et
1025 2274 1090 2316 eon·
1124 2254 1214 2312 tianus
1229 2271 1254 2312 c.
1274 2254 1324 2312 ult.
1341 2262 1357 2323 d
1372 2255 1540 2330 Detiottivo,
1559 2264 1587 2330 ι,
1603 2267 1709 2334 quaest.
1727 2265 1758 2331 6,
1774 2268 1802 2318 et
1815 2275 1848 2319 ex
1862 2262 1923 2320 aliis

286 2355 444 2422 sequenter,
456 2349 519 2420 quia
541 2353 640 2404 natura
653 2363 703 2405 aua
714 2349 858 2421 promissio
867 2355 947 2405 actus
959 2351 1035 2420 pravi
1047 2355 1091 2407 est
1124 2345 1248 2418 ittribus,
1264 2361 1335 2419 quae
1356 2347 1424 2403 inira
1439 2349 1605 2423 reseremus,
1626 2357 1654 2408 et
1674 2367 1706 2408 ex
1720 2351 1815 2408 Glossa
1828 2355 1927 2412 iuncto

286 2440 377 2510 nulla,
393 2439 454 2496 inde
475 2439 516 2510 lit,
531 2444 563 2494 ut
577 2437 636 2495 talis
651 2439 794 2510 promissio
813 2454 846 2496 es
861 2444 959 2495 natura
972 2454 1022 2496 sua
1036 2454 1089 2496 non
1125 2440 1202 2492 textu
1217 2435 1242 2492 in
1258 2451 1319 2508 cap.
1338 2439 1414 2496 Cum
1428 2437 1554 2508 dilecto,
1573 2442 1655 2499 verbo
1674 2445 1810 2509 irritam,
1833 2443 1867 2500 de
1882 2460 1926 2501 re-

288 2529 497 2602 obliget.Etbic
508 2531 715 2600 sensusoptime
726 2530 905 2587 confirmatur
916 2543 948 2586 en
959 2529 1091 2604 eo,quod
1126 2527 1246 2596 seriptis.
1259 2527 1443 2583 Panormitan.
1460 2530 1486 2584 in
1499 2544 1560 2602 cap.
1573 2528 1666 2595 Nulli,
1683 2529 1717 2588 de
1734 2531 1817 2588 rebus
1827 2532 1927 2591 Eccle-

288 2621 371 2678 etiam
385 2619 475 2677 addito
492 2620 654 2690 iuramento,
667 2618 771 2676 dicitur
781 2620 823 2678 lex
834 2620 879 2677 illa
893 2635 946 2676 non
959 2619 1089 2692 obligare,
1125 2615 1180 2672 siae
1190 2630 1244 2671 non
1255 2615 1388 2674 alienand.
1402 2633 1478 2675 num.
1493 2621 1506 2676 7
1519 2660 1526 2689 ,
1539 2626 1567 2677 et
1578 2619 1603 2675 in
1618 2635 1679 2691 cap.
1693 2622 1805 2694 Siquis,
1815 2621 1925 2696 eodem,

288 2712 353 2785 quia
366 2712 495 2767 nimirum
514 2709 698 2766 iuramentum
716 2726 769 2766 non
783 2717 826 2766 est
838 2711 979 2768 vinculum
993 2711 1088 2784 iniqui·
1124 2722 1201 2762 num.
1218 2709 1247 2779 ι,
1263 2708 1330 2763 etin
1344 2723 1407 2781 cap.
1422 2707 1631 2778 Pmtdenttam,
1648 2710 1683 2768 de
1698 2711 1790 2768 cilicio
1801 2712 1922 2786 delegat.

288 2801 362 2870 tatis,
377 2815 466 2873 neque
485 2799 588 2872 obligat
601 2797 636 2856 ad
651 2814 707 2856 rem
723 2805 842 2872 turpem.
855 2801 883 2856 Si
898 2807 988 2857 autem
1000 2817 1091 2859 sermo
1124 2812 1201 2853 num.
1216 2799 1242 2865 5,
1255 2797 1338 2854 etalii
1353 2797 1461 2856 doctor.
1475 2799 1575 2857 eisdem
1588 2799 1656 2856 locis
1668 2843 1676 2873 ,
1687 2807 1714 2858 et
1724 2802 1824 2858 Dacius
1845 2818 1924 2860 cons.

287 2896 362 2949 esset
375 2890 408 2946 de
427 2889 485 2963 iege
499 2895 605 2947 tantum
621 2891 779 2963 prohibente
793 2897 888 2947 actum
902 2883 1090 2964 promittendi,
1126 2887 1449 2961 261,{num.i.iiliaque
1465 2888 1548 2946 refert
1560 2890 1772 2963 Tiraquellusin
1791 2892 1810 2948 l.
1828 2894 1854 2948 st
1869 2909 1926 2950 uu·

288 2980 329 3037 vel
351 2977 525 3052 paciscendi,
546 2994 600 3035 non
614 2987 689 3036 esset
709 2980 896 3037 universaliter
910 2996 1022 3052 rerum,
1038 2998 1091 3039 non
1126 2992 1228 3048 quum,
1245 2979 1328 3036 verbo
1343 2984 1520 3058 revertetur,
1538 2995 1615 3036 uum.
1633 2985 1680 3038 dl.

289 3071 426 3144 obligare,
441 3070 522 3126 etiam
543 3068 633 3126 addito
647 3071 813 3142 iuramento,
829 3075 860 3126 ut
871 3069 934 3126 alibi
949 3077 1091 3129 ostensum
1164 3071 1193 3126 ι’.
1209 3069 1282 3126 liaeo
1298 3076 1388 3126 tamen
1402 3069 1534 3127 sententia
1545 3085 1597 3126 non
1610 3077 1701 3143 potest
1712 3071 1866 3148 indistinete
1877 3088 1925 3130 ac·

288 3166 341 3218 est.
363 3156 487 3231 Accedit,
513 3157 587 3230 qarod
609 3158 635 3214 in
655 3157 701 3215 illa
720 3159 779 3232 lege
800 3176 854 3216 non
874 3159 964 3217 salum
979 3160 1091 3235 dieitur,
1127 3159 1195 3230 cipi:
1213 3176 1266 3216 non
1281 3159 1352 3215 enim
1367 3159 1453 3215 onanis
1472 3159 1558 3216 iorma
1573 3168 1665 3231 actus,
1681 3162 1823 3235 etiamper
1836 3163 1928 3237 legem

288 3249 341 3306 tale
361 3254 473 3321 pactum
497 3263 552 3304 non
573 3247 710 3322 obligare,
732 3249 780 3306 sed
799 3251 880 3307 etiam
895 3249 1007 3322 dicitur,
1027 3257 1093 3309 Nou
1127 3249 1266 3318 ordinata,
1286 3245 1472 3306 substantialis
1487 3256 1538 3308 est.
1554 3251 1640 3323 Saepe
1653 3252 1724 3309 enim
1738 3259 1781 3310 est
1795 3252 1927 3310 acciden-

288 3338 360 3397 debe
379 3355 427 3396 ser
445 3337 621 3414 quercitulo,
649 3339 675 3396 id
696 3346 752 3411 est,
775 3341 913 3398 observari
932 3357 984 3398 non
999 3340 1091 3415 debet,
1127 3340 1187 3396 talis
1201 3339 1370 3408 solemnitas,
1384 3345 1414 3394 ut
1427 3339 1451 3395 in
1464 3342 1641 3397 sacramentis
1652 3349 1771 3414 constat,
1787 3349 1815 3399 et
1828 3343 1853 3398 in
1868 3357 1927 3400 ma·
1969 3353 1971 3358 '

288 3446 359 3505 quae
380 3431 463 3487 verba
486 3429 639 3503 significare
659 3429 787 3488 videnlur
808 3433 888 3488 etiam
903 3431 1092 3505 obligationem
1127 3430 1256 3485 trimonio
1271 3443 1332 3498 cap.
1349 3431 1519 3488 Nostrates,
1538 3433 1589 3500 30,
1604 3438 1712 3503 quaest.
1730 3435 1762 3504 5,
1777 3438 1805 3489 ει
1821 3433 1847 3488 in
1866 3449 1928 3489 sen·

287 3538 342 3579 non
356 3519 533 3590 observandi,
555 3519 663 3592 signum
677 3535 744 3594 ergo
758 3527 815 3592 est,
828 3521 901 3594 loqui
917 3522 1002 3595 legem
1018 3523 1091 3579 illarn
1126 3519 1211 3574 tentia
1223 3515 1334 3574 serenda
1347 3531 1380 3572 ex
1396 3515 1453 3589 lege
1469 3522 1478 3574 l
1493 3517 1579 3585 ,cod
1596 3518 1629 3575 de
1644 3519 1845 3591 appellationib.
1861 3528 1889 3578 et
1902 3522 1928 3577 in

288 3610 322 3668 de
343 3610 524 3682 promissione
550 3608 682 3682 operandi
702 3618 799 3668 contra
814 3611 919 3686 legem,
935 3613 1012 3668 etita
1027 3611 1093 3668 nihil
1126 3607 1322 3696 electionibus,
1336 3612 1366 3662 ut
1377 3608 1403 3661 io
1415 3622 1476 3678 cap.
1494 3611 1715 3683 Quiapropier,
1734 3610 1767 3666 de
1782 3613 1927 3668 electione.

290 3699 323 3756 ad
338 3699 538 3757 causamiacit.
811 3741 814 3748 .
1126 3697 1242 3761 omissio
1255 3703 1345 3753 autem
1359 3695 1460 3752 iormae
1472 3696 1647 3754 accidentalis
1659 3714 1711 3754 non
1721 3699 1788 3756 tollit
1801 3700 1929 3756 substan-

1126 3788 1190 3844 tiarn
1205 3793 1300 3858 aetus,
1316 3792 1343 3842 ει
1357 3793 1557 3870 consequenter
1571 3803 1625 3846 non
1640 3788 1764 3846 annullat
1777 3789 1865 3848 illurn.
1878 3792 1930 3848 Er·

549 3887 690 3958 CAPUT
710 3887 833 3957 XXXI·
1125 3893 1160 3950 go
1181 3893 1234 3932 non
1250 3878 1336 3933 omnis
1351 3877 1491 3948 corruptio
1505 3878 1623 3951 formae,
1640 3895 1689 3936 seu
1704 3897 1759 3938 non
1773 3885 1859 3938 omnis
1874 3882 1928 3940 ior-

1126 3982 1186 4024 mae
1207 3967 1346 4040 corruptio
1366 3966 1489 4023 annullat
1506 3975 1617 4042 actum,
1633 3971 1680 4028 sed
1695 3987 1760 4027 cum
1778 3972 1928 4032 distinctio·

295 4100 402 4158 Utrum
422 4094 472 4154 lex
491 4092 715 4166 tlortssormcm
732 4097 816 4152 cetui
830 4096 963 4154 batmouo
978 4112 1092 4173 semper
1126 4056 1203 4158 111111
1217 4057 1303 4156 1011111
1319 4057 1504 4126 111111111111’
1517 4057 1558 4162 1111
1573 4074 1625 4160 111111
1641 4060 1821 4164 111111111111·
1837 4064 1927 4136 atque

1124 4152 1162 4203 rta
1186 4146 1412 4228 totasdtffiouitas
1438 4153 1604 4219 quaesuoms
1625 4164 1657 4205 ee
1680 4149 1871 4222 revocabatur,
1895 4158 1929 4209 ut

328 4189 427 4246 irritet
448 4184 551 4252 illum,
570 4187 620 4260 pul
632 4183 673 4256 fit
691 4188 753 4241 siue
766 4183 951 4258 talisormo,
967 4189 1088 4247 etiamst
1159 4237 1164 4248 ,
1684 4239 1689 4250 ¹
1768 4241 1773 4253 Ι

327 4275 499 4336 ,mmmm
514 4277 686 4332 ,mmmm
699 4291 757 4332 ,m
771 4273 877 4334 adda,
1125 4253 1257 4308 seramus,
1273 4235 1382 4308 quando
1397 4236 1481 4293 iorma
1497 4236 1556 4310 lege
1571 4247 1738 4311 praescripta
1752 4247 1788 4297 sit
1801 4242 1926 4298 substan-

1125 4327 1209 4396 tialis,
1230 4325 1273 4382 vel
1293 4332 1399 4382 tantum
1418 4326 1609 4400 accidentalis,
1627 4344 1680 4385 non
1699 4329 1770 4386 enlm
1791 4331 1817 4387 id
1836 4331 1928 4388 distin·

1034 4419 1037 4426 ⁴
1125 4431 1209 4490 guero
1228 4414 1306 4472 iaeile
1327 4431 1433 4486 semper
1446 4423 1503 4486 est,
1519 4417 1679 4488 praesertim
1694 4434 1758 4474 eum
1773 4423 1925 4496 contingat,

1126 4507 1154 4561 in
1173 4505 1269 4563 eodem
1289 4503 1419 4575 decreto,
1435 4511 1484 4562 aut
1503 4504 1560 4577 lege
1574 4507 1664 4579 aliqua
1679 4509 1756 4578 poni,
1771 4525 1841 4581 quae
1855 4513 1929 4568 aoei-

1125 4593 1240 4651 dentalia
1260 4601 1343 4664 sunt,
1358 4601 1386 4650 et
1406 4592 1474 4669 alia,
1497 4610 1567 4667 quae
1588 4594 1622 4651 ad
1643 4596 1822 4655 substantiam
1844 4605 1928 4673 perti·

291 4675 314 4725 p,
329 4673 434 4756 Fornace
446 4671 524 4753 etiam
541 4668 651 4721 morales
663 4666 791 4752 dantosse
805 4670 883 4721 rebus
895 4671 1044 4754 moralibus.
1056 4701 1092 4756 7-
1126 4689 1207 4757 nent,
1223 4690 1254 4740 ut
1273 4683 1299 4738 in
1320 4682 1394 4739 dieto
1415 4697 1476 4754 cap.
1496 4686 1577 4758 Quia
1593 4690 1729 4760 propter.
1747 4695 1824 4745 nolui
1837 4689 1925 4748 Glose.

323 4745 426 4793 A¹¹⁰¹¹¹²
444 4737 677 4790 ¹⁰¹¹⁵¹²¹⁴¹¹¹¹¹···²·
693 4738 1092 4796 0111111011111111111111111111111
1127 4775 1209 4832 verbo
1230 4777 1350 4838 sanior,
1368 4779 1396 4830 et
1416 4774 1498 4831 verbo
1513 4777 1601 4836 viris,
1618 4782 1646 4831 et
1659 4778 1686 4830 in
1701 4793 1763 4848 cap.
1784 4781 1807 4834 1.
1825 4777 1859 4836 de
1873 4781 1927 4837 ele·

324 4826 374 4865 uon
386 4811 466 4871 tollit,
480 4817 525 4860 aaut
541 4809 656 4859 annullat
665 4815 802 4860 actum-
812 4809 838 4860 3.
852 4811 935 4860 Prima
947 4814 1045 4878 regula.
1055 4839 1091 4851 —-

580 4466 805 4532 summarium

323 4883 350 4932 ι.
365 4881 462 4944 Duplex
478 4893 569 4930 sensus
586 4879 663 4928 huius
676 4879 771 4942 primae
789 4880 902 4945 regulae.
913 4907 947 4918 -
959 4883 983 4932 5.
995 4885 1091 4934 secun
1126 4865 1217 4922 ctione
1228 4906 1234 4935 ,
1247 4865 1274 4919 in
1290 4867 1317 4934 6,
1329 4859 1567 4934 verbosormam.
1581 4866 1695 4936 Propter
1709 4867 1784 4939 quod
1797 4867 1926 4928 doctores

322 4953 354 5003 da
368 4951 467 5014 regula.
479 4977 514 4985 —
523 4951 549 5000 o.
570 4947 635 4998 llaec
653 4962 703 4999 non
716 4955 756 4999 est
768 4951 906 5012 generatis.
917 4978 952 4988 -
962 4954 988 5003 7.
1003 4953 1090 5004 Tertia
1126 4955 1215 5010 varias
1227 4952 1335 5025 regulas
1345 4952 1485 5025 assignant
1494 4951 1527 5008 atl
1540 4952 1588 5008 has
1603 4953 1703 5010 formas
1714 4955 1921 5028 discernendas,

322 5019 1090 5154 tibimiri-{iiiiiitritititiiiitttiu
1125 5057 1245 5116 ‘tufum
1265 5043 1428 5114 pampas„
1449 5044 1746 5114 mummolinus·
1768 5062 1838 5119 suae
1859 5049 1924 5108 icet

322 5161 346 5212 9.
368 5160 518 5212 Declaratur
536 5165 629 5222 quarta
649 5159 748 5221 regula.
759 5185 793 5196 —
809 5161 851 5212 tu.
871 5161 1013 5225 Exponitur
1033 5176 1089 5212 ver.
1126 5131 1246 5206 singulae
1260 5146 1314 5188 non
1329 5130 1487 5203 subiciunt,
1504 5147 1598 5189 omnes
1614 5139 1703 5190 tanen
1718 5135 1880 5212 conserunt,
1895 5147 1927 5197 ut

322 5233 382 5285 bum
391 5228 723 5294 cooperiet-tibens
734 5231 813 5283 verbo
822 5231 1089 5294 impositionem·
1125 5239 1159 5281 ex
1173 5221 1299 5281 omnibus
1313 5221 1394 5280 simul
1409 5220 1511 5280 formae
1526 5220 1641 5296 qualitas
1656 5228 1789 5297 cognosci
1803 5230 1899 5299 possit.
