4278 6242
418 370 481 436 106
738 425 742 433 .
992 361 994 368 ’
1129 385 1228 434 amsa
1244 387 1278 434 v.
1341 431 1344 436 .

376 515 427 572 frat
448 515 500 571 hoc
523 519 666 583 tempore,
687 500 741 569 b'oc
763 509 835 569 loco.
849 512 890 567 lta
904 509 1005 568 Baldus
1019 524 1083 566 curn
1098 511 1175 567 Paul.
1214 511 1338 584 obligans
1352 510 1461 581 adnoa
1480 511 1635 568 faciendum
1656 517 1766 584 actum,
1781 510 1864 569 cuius
1886 513 2011 586 carentia,

377 605 516 662 Castreas.
533 605 561 658 ia
585 601 659 658 dicta
680 601 739 673 loge
761 617 821 657 non
839 598 972 662 cleobium,
989 615 1021 656 er
1036 600 1133 656 Glossa
1150 601 1176 654 in
1215 617 1262 658 seu
1278 603 1395 674 privatio
1410 605 1465 659 Deo
1479 609 1522 658 est
1537 603 1683 674 promissa,
1697 605 1761 658 satis
1775 602 1881 658 directe
1897 604 2012 674 probibet
2060 657 2061 662 ,

376 693 541 752 autenthica
557 690 697 759 decernit,
711 692 742 746 C.
755 689 789 748 de
803 691 921 764 receptis
935 691 1015 747 arbit.
1034 691 1117 746 verbo
1130 706 1179 747 so
1212 691 1297 748 talem
1319 699 1424 760 actum,
1441 697 1467 746 et
1487 691 1632 764 prohibitio
1651 691 1811 748 matrimonii
1826 699 1872 748 est
1892 699 2012 748 contenta
2060 737 2061 740 ,

376 785 534 848 crementi,
550 780 652 855 angelo
666 788 694 838 at
704 780 844 857 sylvestro
859 787 991 852 supra,et
1002 780 1057 836 fere
1069 780 1176 853 reliqui.
1215 782 1267 837 sub
1281 781 1325 839 illa
1340 781 1398 853 lege
1415 789 1546 854 tanquam
1563 783 1669 852 species
1684 781 1735 838 sub
1754 796 1873 853 genere,
1888 783 1960 854 quod
1975 801 2013 838 sa·
2060 773 2061 822 ἶ

375 873 405 929 lu
420 887 476 944 qua
489 870 660 927 distinctione
675 869 844 928 admittimus
858 871 1039 942 posteriorem
1058 877 1176 942 purtem,
1214 871 1248 927 tis
1259 876 1303 927 est
1315 871 1347 927 ad
1361 871 1581 942 prohihitionem,
1594 871 1627 926 de
1639 887 1692 942 qua
1705 870 1828 943 loquitur
1842 871 1886 926 les
1899 887 1957 926 non
1966 871 2013 926 daa-

375 976 449 1034 quac
469 961 625 1018 favorabilis
637 964 698 1034 lest.
714 962 772 1019 lion
793 967 838 1018 est
852 967 945 1018 autem
960 959 1177 1033 intelligendum,
1214 959 1305 1027 bium,
1320 966 1393 1016 utex
1409 959 1481 1016 illius
1492 968 1588 1016 tenore
1600 967 1793 1032 coustat3ergo
1805 962 1858 1016 erit
1872 961 1917 1016 illa
1931 962 2013 1032 probi·

376 1066 432 1108 aon
447 1067 528 1124 posse
543 1051 643 1108 irritari
657 1053 877 1122 actum,etiamai
889 1057 996 1108 tantum
1008 1051 1114 1107 ratione
1126 1051 1178 1106 cir·
1214 1047 1277 1106 bitio
1292 1049 1406 1106 directa.
1422 1052 1457 1128 ht
1471 1055 1609 1122 praeterea
1625 1050 1690 1107 licet
1703 1051 1816 1124 demus,
1831 1066 1866 1106 es
1888 1050 1946 1105 solo
1962 1052 2013 1106 iure

375 1141 669 1213 cumstaatiarum,vei
683 1141 774 1215 quoad
788 1141 862 1197 solas
876 1141 1100 1198 circumstantias
1113 1157 1176 1213 pro·
1213 1148 1326 1197 naturae
1340 1140 1421 1196 talem
1437 1139 1643 1212 prohihitionem
1655 1155 1715 1196 esse
1729 1139 1906 1208 indirectam,
1920 1141 2012 1196 nibila·
2060 1203 2061 1206 Ἴ

375 1229 517 1304 bibentur,
542 1232 691 1290 dummodo
719 1230 892 1304 prohibitioni
915 1231 1033 1288 addatur
1047 1231 1175 1288 irritatio.
1215 1232 1304 1287 minus
1319 1230 1360 1287 lex
1382 1230 1571 1288 ecclesiastica
1590 1230 1693 1289 directe
1713 1231 1842 1302 probibet
1856 1230 1903 1286 tali
1925 1247 2012 1302 perso·

318 1388 321 1394 ¹
376 1321 403 1379 Si
417 1322 488 1378 onina
502 1322 580 1379 irrita
592 1329 635 1379 est
649 1321 783 1393 professio
799 1321 873 1378 facta
883 1321 954 1378 intra
966 1337 1067 1378 anuum
1080 1321 1179 1392 proba·
1215 1336 1264 1377 nae
1280 1324 1499 1380 matrimonium.
1516 1320 1586 1376 Nihil
1608 1326 1698 1377 autem
1721 1321 1816 1392 refert,
1831 1319 1908 1393 quod
1930 1320 2012 1391 probi·

375 1411 466 1483 bonis,
482 1411 547 1469 licet
559 1428 613 1469 aon
628 1410 805 1483 prohibeatur
819 1411 951 1483 professio
967 1411 1108 1484 absolute,
1125 1426 1177 1468 nec
1213 1409 1276 1468 beat
1291 1413 1325 1469 oh
1341 1403 1415 1470 illa'm
1429 1410 1615 1469 conditionem
1631 1413 1703 1480 voti,
1719 1425 1784 1466 nam
1797 1412 1883 1467 etiam
1897 1409 2014 1482 prohibet

374 1503 480 1559 ratione
495 1503 554 1574 sui,
574 1501 621 1558 sod
637 1503 663 1557 ia
679 1502 724 1559 tali
740 1508 863 1573 tempore
887 1508 916 1558 et
934 1503 1040 1558 ratione
1056 1503 1176 1558 circum·
1215 1503 1420 1558 matrimonium
1434 1515 1498 1558 cum
1513 1501 1715 1572 consanguinea
1730 1500 1765 1555 ob
1785 1499 1869 1555 talem
1888 1497 2012 1555 conditio·

374 1592 646 1650 stantiaesicetlam
660 1598 722 1649 acta
737 1591 874 1648 iudicialis
888 1590 1024 1663 prohibita
1039 1593 1065 1646 in
1080 1590 1123 1647 dle
1138 1592 1176 1648 fe·
1213 1608 1286 1664 nem,
1300 1594 1353 1650 imo
1369 1593 1412 1650 hic
1428 1609 1481 1649 non
1501 1589 1625 1664 probibet
1639 1589 1798 1661 simpliciter
1814 1590 2012 1646 matrimonium

375 1687 419 1738 sto
435 1681 601 1754 irritasunt,
617 1688 649 1738 ut
662 1680 779 1739 vidimus
793 1686 878 1738 tract.
895 1684 923 1738 2.
939 1680 973 1738 de
987 1680 1128 1754 religione,
1144 1680 1176 1736 fi·
1214 1682 1261 1738 tali
1276 1697 1418 1754 personae,
1435 1682 1482 1739 sed
1497 1697 1561 1739 oum
1578 1681 1641 1752 tali,
1657 1679 1693 1736 ibi
1708 1689 1801 1738 autem
1816 1679 1944 1751 prohibet
1956 1683 2012 1736 sfrn-
2060 1711 2061 1728 ι

374 1770 426 1828 bro
437 1776 501 1843 2,c.
510 1777 556 1845 30,
567 1772 632 1829 licet
650 1772 740 1830 solum
752 1774 857 1828 ratione
871 1772 1097 1828 circumstantiae
1109 1779 1177 1828 tem·
1214 1772 1334 1844 pliciter,
1347 1775 1411 1846 quia
1428 1772 1530 1829 habeus
1542 1777 1637 1827 votum
1654 1775 1781 1840 respectu
1793 1770 1917 1825 omnium
1929 1769 2011 1840 probi·

373 1862 448 1932 poris
463 1862 676 1934 prohibeantur:
700 1869 729 1918 et
747 1861 818 1918 idean
832 1867 875 1917 est
890 1860 924 1918 de
940 1859 1072 1918 similibus
1087 1860 1179 1932 prohi-
1213 1863 1286 1920 bitus
1306 1869 1357 1920 ast.
1371 1865 1448 1922 Unde
1468 1860 1559 1936 quoad
1581 1860 1791 1932 prohibitionem
1813 1859 1939 1932 aequalia
1954 1865 2010 1914 sunt

373 1949 436 2007 bitis
449 1952 505 2008 fieri
518 1954 546 2008 ia
561 1952 622 2008 loco
637 1966 729 2016 sacro,
739 1959 768 2008 ut
777 1952 802 2008 ia
815 1950 912 2009 eodem
924 1957 1045 2008 tractatu
1057 1950 1177 2008 diximus
1214 1961 1309 2010 votum
1330 1954 1444 2026 simplex
1457 1960 1485 2010 et
1505 1951 1637 2021 solemne,
1655 1957 1687 2006 ut
1699 1949 1802 2007 dicitur
1816 1950 1840 2006 iu
1861 1949 1937 2006 dicto
1951 1965 2007 2020 cap.

300 2099 319 2118 κ
372 2038 420 2096 lib.
439 2025 547 2114 3,'csp.
562 2046 590 2114 f,
606 2057 684 2098 num.
705 2045 754 2114 ¹³3
769 2042 847 2098 irrita
867 2041 939 2098 enim
960 2048 1037 2115 sunt,
1052 2040 1117 2098 licet
1132 2058 1176 2098 so·
1214 2046 1338 2114 Rursus,
1355 2051 1383 2101 et
1397 2042 1572 2098 nihilominus
1586 2041 1715 2114 differunt
1728 2040 1752 2095 in
1770 2037 1933 2109 irritatione,
1948 2054 2010 2111 quae

374 2127 434 2186 lum
458 2137 572 2204 propter
596 2131 649 2188 loci
672 2131 912 2188 circumstantiam
938 2130 1000 2188 talis
1027 2130 1175 2203 prohibitio
1213 2133 1424 2204 perEccleslam
1439 2131 1545 2190 reddita
1556 2136 1598 2188 est
1608 2137 1673 2187 voto
1685 2129 1798 2186 solemni
1809 2137 1838 2186 et
1849 2146 1904 2186 uon
1917 2131 2009 2200 simpli-

338 2233 342 2244 ·
373 2219 431 2276 liat.
448 2221 504 2277 lfae
524 2226 614 2278 tamea
628 2220 795 2278 irritationes
809 2222 836 2276 in
851 2221 957 2294 legibus
970 2222 1174 2292 exprimuntur3
1213 2219 2010 2294 oi3ergosignumest,probibitionem,utsio,quantum·
2060 2245 2061 2272 1

373 2307 449 2381 quod
469 2310 491 2366 si
512 2325 566 2390 aon
589 2310 683 2383 fieret,
703 2326 757 2368 noa
772 2317 952 2368 censerentur
965 2312 1058 2368 irritae
1073 2311 1177 2367 ratione
1212 2310 1254 2366 vis
1271 2309 1402 2368 directam
1422 2318 1449 2368 et
1465 2311 1637 2382 specificam,
1652 2324 1706 2365 non
1726 2309 1842 2365 irritare.
1863 2309 1980 2380 Denique
1992 2309 2009 2361 si
2060 2333 2061 2356 r

371 2399 576 2472 prohibitionis,
598 2401 669 2456 utin
683 2400 784 2458 eisdem
800 2401 869 2458 locis
884 2401 1003 2457 diximus
1017 2400 1051 2456 de
1066 2407 1177 2457 contra·
1213 2401 1332 2458 rationes
1353 2403 1507 2458 communis
1528 2401 1675 2457 sententiae
1689 2400 1714 2455 in
1736 2399 1869 2470 principio
1884 2398 2009 2455 adductae
2031 2465 2035 2473 x
2060 2473 2061 2480 ἵ

372 2487 463 2544 ctibus
476 2488 554 2545 factis
573 2489 598 2544 in
623 2490 683 2546 loco
701 2496 749 2548 aut
762 2489 805 2547 die
828 2505 908 2547 sacro
923 2496 1020 2546 contra
1034 2489 1178 2548 Ecclesiae
1213 2497 1306 2547 essent
1318 2489 1441 2559 validae,
1457 2506 1510 2546 non
1532 2489 1648 2546 multam
1665 2487 1790 2559 refeiret,
1807 2487 2008 2558 prohibitionem

371 2577 593 2651 prohibitionem.
613 2579 660 2636 illa
680 2594 748 2653 ergo
769 2596 832 2653 pars
855 2596 921 2636 sera
934 2587 995 2652 est,
1018 2588 1178 2636 nontamen
1213 2595 1274 2637 esse
1288 2577 1439 2651 directam,
1459 2580 1501 2636 nel
1518 2579 1693 2646 indirectam,
1715 2579 1780 2650 quia
1801 2585 1921 2651 utroque
1935 2577 2007 2634 modo
2060 2619 2061 2626 a

373 2673 487 2739 propter
497 2683 555 2725 rem
568 2669 801 2741 prohibitam,sed
813 2677 925 2743 propter
935 2671 1050 2742 simplex
1062 2672 1177 2728 verbnm
1213 2672 1316 2728 resistit
1330 2671 1456 2728 voluntas
1471 2669 1649 2742 principis,et
1658 2674 1742 2724 actus
1755 2677 1798 2724 est
1808 2667 1938 2725 deficiens
1951 2683 2006 2738 gru·
2060 2683 2061 2716 ff

374 2756 552 2832 probibendi;
574 2764 603 2815 et
620 2761 659 2816 ita
674 2775 771 2832 parum
787 2761 894 2844 confert
909 2777 972 2833 pars
987 2761 1033 2818 illa
1046 2761 1080 2818 sd
1093 2777 1178 2834 erpe-
1213 2763 1298 2835 viter,
1316 2778 1380 2835 ergo
1393 2760 1433 2818 vel
1449 2769 1566 2833 uterquc
1581 2757 1677 2816 modus
1692 2757 1883 2830 prohibitionis
1897 2757 2002 2826 suflicit,
2060 2763 2061 2776 ¹

374 2845 501 2904 diendam
516 2847 721 2906 difficultatem.
733 2851 791 2906 imo
805 2865 838 2906 ex
851 2850 898 2907 illa
911 2851 1076 2908 nonnullum
1092 2853 1177 2908 sumi-
1214 2853 1256 2909 rel
1271 2857 1377 2908 neuter.

374 2941 421 2993 tur
435 2936 702 3005 iudicium,verbum
717 2939 879 3010 probibendi
890 2938 923 2996 de
940 2955 970 2996 se
982 2955 1037 2998 non
1048 2955 1109 2996 esse
1121 2943 1179 2999 suf·
1257 2943 1368 2999 Praeter
1382 2941 1453 2998 hauc
1468 2955 1532 2996 vero
1547 2945 1614 2996 suut
1626 2937 1696 2995 aliae
1710 2937 1908 3010 prohibitiones
1921 2935 2007 2992 Eccle-

374 3027 469 3084 hcieas
493 3027 527 3083 ad
555 3027 737 3101 irritandum,
764 3031 891 3102 quamvis
916 3029 983 3087 illud
1009 3030 1100 3089 solum
1124 3047 1178 3089 nou
1213 3033 1267 3089 siae
1281 3032 1315 3090 do
1330 3031 1499 3088 matrimonio
1513 3027 1701 3086 contrahendo
1718 3029 1783 3083 satis
1797 3026 1933 3096 directae,
1947 3039 2007 3098 quae
2060 3063 2061 3066 ,

375 3123 498 3189 ⁰⁰8⁰l01·
648 3111 651 3117 ¹
1213 3117 1267 3179 non
1281 3122 1398 3192 irritant,
1412 3127 1443 3178 ut
1457 3127 1522 3176 sunt
1534 3133 1641 3189 omnes,
1655 3132 1726 3191 quae
1740 3117 1919 3174 constituunt
1933 3118 2007 3185 impe·

412 3204 491 3263 atiud
507 3213 598 3264 autem
613 3209 765 3265 membrum
780 3222 835 3264 uon
850 3208 959 3266 videtur
971 3225 1051 3281 posse
1066 3213 1179 3270 unirer·
1211 3212 1331 3269 dimenta
1344 3211 1514 3284 prohibentia
1527 3215 1555 3266 et
1579 3225 1633 3266 non
1648 3207 1791 3278 irritantis,
1806 3214 1835 3264 et
1849 3207 1971 3280 signatim
1984 3206 2007 3260 ia

377 3294 470 3352 saliter
483 3295 601 3368 defendi,
617 3303 649 3354 at
663 3304 737 3370 patet
751 3299 838 3370 primo
852 3299 877 3354 ia
893 3298 1071 3370 prohibitione
1087 3302 1179 3358 matri·
1215 3319 1243 3358 c.
1263 3307 1329 3362 t.et
1341 3316 1367 3358 c.
1380 3305 1428 3358 Eo
1443 3298 1546 3367 literis,
1565 3298 1598 3355 de
1612 3313 1660 3368 eo,
1677 3299 1724 3370 qui
1739 3297 1872 3369 cognovit
1885 3309 2005 3365 consang.

377 3387 474 3460 monii,
485 3402 555 3460 quae
571 3388 600 3443 lit
613 3396 726 3461 propter
740 3389 961 3462 impedimentum
974 3391 1029 3446 voti
1043 3391 1176 3462 simplicis
1212 3397 1266 3449 etc.
1275 3392 1379 3449 directe
1387 3389 1547 3462 prohibetur
1559 3387 1933 3444 incestuosismatrimoaiuin
1947 3400 2005 3440 coa·

375 3479 521 3548 castitatis,
531 3484 579 3534 aut
589 3478 736 3552 reilgioais3
749 3495 812 3536 nam
825 3479 861 3536 ibi
874 3479 1037 3551 prohibetur
1048 3482 1178 3540 substan·
1212 3481 1335 3552 trabere3
1356 3495 1427 3555 quae
1446 3477 1588 3551 prohibitio
1607 3483 1756 3558 perpetua,
1771 3483 1799 3532 et
1818 3477 1961 3548 absolute,
1980 3489 2006 3530 ac

372 3567 413 3623 tia
429 3568 604 3641 matrimonii,
622 3575 651 3625 et
665 3575 745 3626 actus
762 3570 859 3641 ipsein
874 3585 903 3627 so
917 3576 945 3626 et
959 3571 1066 3627 ratione
1081 3572 1135 3642 sui,
1152 3580 1179 3630 et
1213 3571 1319 3629 directe
1334 3571 1374 3642 fit,
1385 3577 1414 3626 et
1429 3567 1518 3626 tamea
1533 3585 1586 3624 non
1602 3568 1700 3638 irritat3
1713 3582 1779 3640 ergo
1795 3566 1889 3623 solum
1904 3567 2008 3622 verbum

376 3662 535 3714 tamennon
557 3659 680 3716 irritatur
694 3675 728 3716 ex
741 3659 766 3714 vi
780 3659 840 3715 talis
854 3659 1052 3732 prohibitionis.
1070 3662 1109 3719 hd
1125 3663 1178 3720 hoo
1214 3659 1374 3734 prohibendi
1389 3675 1443 3715 non
1464 3659 1530 3715 satia
1546 3657 1645 3714 indicat
1667 3657 1836 3713 voluntatem
1855 3655 2007 3730 legislatoris

380 3754 573 3820 argumentum
592 3747 758 3805 eludendum
778 3747 882 3805 addunt
894 3749 978 3821 aliqui
997 3750 1076 3806 aliam
1095 3753 1180 3823 parti·
1213 3751 1383 3808 resistentem
1405 3748 1488 3805 valori
1512 3755 1607 3818 actus,
1628 3763 1661 3803 ao
1687 3747 1802 3803 subinde
1828 3747 2006 3803 necessarium

380 3836 489 3908 culam,
509 3853 559 3892 seu
581 3837 778 3909 limitationem,
801 3836 922 3910 scilicet,
945 3854 999 3894 noa
1020 3840 1087 3896 satis
1107 3856 1179 3911 esse,
1213 3838 1384 3913 esselaliquid
1395 3836 1544 3910 aliud,quo
1556 3837 1616 3894 talis
1628 3836 1754 3894 voluutas
1767 3835 1939 3906 ostendatur,
1950 3849 2005 3890 cuna

377 3923 451 3998 quod
465 3925 638 3997 probibentur
651 3927 806 3983 substantia
819 3932 911 3999 actus,
927 3929 979 3983 uisi
993 3930 1073 3985 etiam
1089 3930 1181 4001 probi·
1213 3943 1274 3985 essa
1288 3929 1373 4000 possit
1387 3925 1553 3999 prohibens,
1569 3931 1596 3981 et
1616 3941 1670 3981 non
1683 3925 1810 3986 irritans.
1828 3925 1914 3982 Extra
1934 3929 2006 3978 mate·

283 4029 288 4038 ·
377 4014 1180 4089 heaturdirecte‚quodnonitahtpernotum:aamibi
1216 4021 1284 4076 riam
1304 4018 1384 4074 etiam
1407 4017 1572 4073 matrimonii
1595 4013 2005 4086 inveniunturerempla5nan1

310 4165 321 4187 ι
378 4102 482 4160 directe
497 4104 667 4176 praecipitur
681 4103 795 4162 reddere
810 4108 863 4162 [too
879 4107 1064 4180 promissum,
1079 4115 1106 4165 et
1119 4109 1180 4166 inde
1215 4109 1257 4166 les
1272 4108 1416 4181 prohibens
1431 4105 1525 4162 ludum
1539 4105 1660 4162 alearum
1673 4106 1738 4162 satis
1753 4104 1860 4162 directe
1874 4111 1902 4160 et
1916 4100 2004 4174 simpli-

378 4210 428 4267 per
441 4193 586 4266 quamdam
602 4195 685 4252 veluti
702 4195 890 4253 resultantiana
905 4195 1068 4267 prohibetur
1088 4199 1181 4255 matri·
1215 4199 1282 4255 citer
1296 4196 1420 4269 prohibet
1434 4195 1527 4266 illum,
1546 4211 1600 4251 noa
1614 4193 1707 4267 quoad
1721 4195 1944 4251 circumstantias
1960 4188 2006 4246 loci

379 4287 518 4360 monium,
535 4285 608 4358 quod
622 4292 663 4342 est
683 4284 819 4358 prohiberi
833 4285 973 4343 indirecte.
990 4285 1043 4343 Sed
1058 4287 1111 4346 boc
1126 4289 1181 4345 dis·
1215 4293 1264 4344 aut
1276 4287 1417 4358 temporis,
1432 4284 1480 4342 sed
1494 4284 1585 4358 quoad
1600 4284 1780 4342 substantiam
1796 4290 1893 4355 actus,
1909 4288 1935 4338 et
1947 4278 2007 4336 nihi·

378 4376 478 4448 plicet,
493 4375 518 4431 in
533 4377 628 4446 primis
642 4375 707 4447 qula
726 4377 783 4432 siae
797 4378 901 4434 ratione
915 4383 943 4433 et
960 4377 1118 4450 probatione
1135 4380 1182 4436 nd·
1216 4377 1334 4434 lominus
1353 4391 1408 4432 noa
1426 4375 1517 4431 irritat
1535 4373 1611 4448 illum
1631 4382 1740 4447 actum,
1757 4389 1835 4446 ergo.
1849 4373 1934 4430 llaior
1951 4384 2006 4439 sup

378 4464 484 4521 duntur
496 4467 563 4521 istae
577 4465 793 4522 limitationes-et
810 4466 961 4539 particulae
975 4465 1009 4523 ad
1024 4468 1180 4541 fugiendam
1215 4467 1335 4539 ponitur.
1351 4453 1438 4522 lfihor
1452 4479 1519 4521 vero
1533 4469 1660 4536 coastat,
1675 4463 1740 4537 quia
1753 4463 1861 4520 lucrata
1876 4479 1924 4535 per
1937 4459 2006 4516 taleni

378 4554 663 4613 difficultatemUode
677 4557 757 4612 etiam
768 4556 883 4626 ht,utin
896 4572 1075 4630 quocumque
1091 4575 1181 4617 exem·
1214 4557 1310 4615 ludum
1326 4572 1381 4613 uon
1399 4560 1462 4611 sunt
1475 4554 1589 4612 obnoxia
1606 4553 1772 4612 restitutioni
1791 4555 1817 4610 in
1835 4551 2001 4610 conscientia.

378 4644 424 4718 plo
438 4647 525 4717 possit
539 4645 590 4702 alia
605 4645 698 4702 similis
714 4649 806 4703 evasio
821 4647 954 4718 inveniri,
970 4653 998 4704 et
1012 4648 1047 4704 ita
1061 4665 1105 4706 res
1120 4665 1182 4722 gra·
1215 4646 1292 4704 Licet
1304 4647 1377 4702 enim
1396 4643 1477 4701 detur
1490 4644 1563 4700 actio
1581 4644 1621 4715 el,
1637 4643 1683 4716 qui
1698 4643 1801 4716 perdit,
1818 4644 1851 4699 ad
1874 4641 2005 4715 petendum

379 4737 492 4794 sissima
502 4735 617 4792 confusa
633 4741 753 4806 maneat,
765 4742 794 4792 et
807 4737 866 4792 sine
881 4744 957 4792 certa
972 4736 1066 4808 regula
1077 4739 1111 4796 sd
1126 4737 1182 4795 dis·
1214 4735 1258 4792 illa
1269 4751 1362 4793 coram
1376 4733 1476 4816 iudice3
1492 4731 1666 4790 nibilominus
1687 4741 1750 4790 ante
1768 4734 1849 4791 latam
1860 4732 2006 4791 sententian

380 4824 562 4896 cernendum,
577 4823 688 4898 quando
704 4823 847 4895 probibitio
862 4826 962 4881 irritet.
979 4825 1080 4882 Deinde
1095 4843 1180 4900 urgeo
1214 4825 1282 4883 altor
1295 4826 1440 4882 restituere
1451 4839 1505 4881 aon
1519 4829 1640 4896 tenetur,
1653 4823 1760 4895 signum
1774 4839 1842 4895 ergo
1857 4825 1912 4893 ebt,
1925 4819 2006 4893 ncqiai-

381 4915 536 4988 exemplum
548 4913 715 4984 adductum,
729 4915 794 4986 quia
809 4913 873 4971 licet
886 4914 1029 4985 prohibitio
1042 4919 1181 4974 matrimo·
1216 4916 1311 4971 sivisse
1325 4913 1491 4984 dominium,
1505 4929 1537 4969 ac
1553 4911 1667 4984 proinde
1680 4905 1774 4968 actura
1788 4912 1872 4970 fuisse
1888 4911 2005 4973 validum,

204 5045 208 5052 ·
283 5027 289 5038 =
379 5007 428 5079 aii,
441 5009 597 5077 comparata
609 5002 642 5060 ad
656 5004 741 5076 legem
755 5004 906 5061 naturalem
918 5006 1127 5079 servandivota,
1141 5008 1181 5063 in·
1214 5005 1280 5062 licet
1293 5009 1391 5077 postea
1407 5003 1531 5059 revocari
1545 5005 1641 5074 possit:
1656 5009 1778 5076 quaeest
1792 5005 1943 5061 communis
1955 5014 2006 5054 aaa·

380 5093 537 5151 directanei
552 5095 760 5166 potiusremota
775 5091 912 5165 rideatur,
925 5096 990 5168 quia
1004 5095 1046 5168 lep
1062 5096 1104 5153 illa
1117 5097 1180 5154 abs·
1213 5097 1297 5152 tentia
1315 5093 1507 5166 theologorum
1528 5093 1555 5148 io
1573 5097 1601 5166 f,
1616 5091 1680 5148 dist.
1698 5096 1742 5163 ta,
1762 5096 1791 5148 et
1811 5094 2005 5148 summistarum

380 5183 463 5242 trabit
477 5184 511 5240 ab
532 5183 595 5254 bac,
609 5182 650 5240 rel
665 5183 709 5239 illa
723 5183 847 5244 materia.
860 5190 888 5240 et
901 5199 916 5239 a
930 5191 1078 5257 praecepto
1099 5201 1179 5260 nega·
1213 5186 1297 5242 serbo
1311 5181 1411 5250 ludos,
1426 5184 1527 5240 Naias.
1542 5183 1567 5238 in
1580 5183 1658 5239 Sum.
1671 5185 1790 5255 capto,
1803 5196 1881 5237 uum.
1899 5184 1940 5253 fil,
1950 5180 2004 5234 Sota

381 5274 452 5348 tiso,
471 5280 500 5332 et
519 5272 697 5344 affirmativo,
720 5279 753 5330 ut
773 5271 836 5330 alibi
856 5270 923 5344 disi3
939 5273 1114 5332 nihilomiuus
1135 5273 1177 5334 lex
1214 5275 1262 5334 lib.
1281 5279 1310 5336 f.
1326 5273 1362 5333 dc
1381 5275 1477 5332 instit.
1499 5289 1527 5347 q.
1542 5277 1570 5346 5,
1585 5278 1638 5331 art.
1654 5277 1683 5344 2,
1699 5278 1728 5330 et
1746 5273 1859 5330 Gorarr.
1876 5274 1903 5330 ia
1921 5263 2005 5342 regula
