<?xml version="1.0" encoding="UTF-8"?>
<!DOCTYPE html PUBLIC "-//W3C//DTD XHTML 1.0 Transitional//EN"
    "http://www.w3.org/TR/xhtml1/DTD/xhtml1-transitional.dtd">
<html xmlns="http://www.w3.org/1999/xhtml" xml:lang="en" lang="en">
 <head>
  <title>
</title>
<meta http-equiv="Content-Type" content="text/html;charset=utf-8" />
  <meta name='ocr-system' content='tesseract 3.04.00' />
  <meta name='ocr-capabilities' content='ocr_page ocr_carea ocr_par ocr_line ocrx_word'/>
</head>
<body>
  <div class='ocr_page' id='page_1' title='image "./tractatusdelegi00sugoog/tractatusdelegi00sugoog_0276.png"; bbox 0 0 4294 6238; ppageno 0'>
   <div class='ocr_carea' id='block_1_1' title="bbox 871 379 1744 444">
    <p class='ocr_par' dir='ltr' id='par_1_1' title="bbox 871 379 1744 444">
     <span class='ocr_line' id='line_1_1' title="bbox 871 379 1744 444; baseline -0.008 -4"><span class='ocrx_word' id='word_1_1' title='bbox 871 389 978 440; x_wconf 72' lang='lat' dir='ltr'><strong>carm</strong></span> <span class='ocrx_word' id='word_1_2' title='bbox 992 389 1090 439; x_wconf 82' lang='lat' dir='ltr'><strong>xxvi.</strong></span> <span class='ocrx_word' id='word_1_3' title='bbox 1682 379 1744 444; x_wconf 68' lang='lat'><strong>253</strong></span> 
     </span>
    </p>
   </div>
   <div class='ocr_carea' id='block_1_2' title="bbox 135 514 1786 4447">
    <p class='ocr_par' dir='ltr' id='par_1_2' title="bbox 135 514 1786 4447">
     <span class='ocr_line' id='line_1_2' title="bbox 135 514 1785 593; baseline -0.002 -13"><span class='ocrx_word' id='word_1_4' title='bbox 135 523 245 580; x_wconf 91' lang='lat' dir='ltr'><strong>scilicet</strong></span> <span class='ocrx_word' id='word_1_5' title='bbox 266 522 299 580; x_wconf 88' lang='lat' dir='ltr'><strong>de</strong></span> <span class='ocrx_word' id='word_1_6' title='bbox 314 520 529 591; x_wconf 88' lang='lat' dir='ltr'><strong>communitate,</strong></span> <span class='ocrx_word' id='word_1_7' title='bbox 544 535 615 593; x_wconf 91' lang='lat' dir='ltr'><strong>quae</strong></span> <span class='ocrx_word' id='word_1_8' title='bbox 630 535 682 575; x_wconf 92' lang='lat' dir='ltr'><strong>eon</strong></span> <span class='ocrx_word' id='word_1_9' title='bbox 698 524 789 590; x_wconf 91' lang='lat' dir='ltr'><strong>petest</strong></span> <span class='ocrx_word' id='word_1_10' title='bbox 803 515 946 576; x_wconf 81' lang='lat' dir='ltr'><strong>lacerela·</strong></span> <span class='ocrx_word' id='word_1_11' title='bbox 983 519 1087 570; x_wconf 89' lang='lat' dir='ltr'><strong>matum</strong></span> <span class='ocrx_word' id='word_1_12' title='bbox 1103 514 1178 572; x_wconf 90' lang='lat' dir='ltr'><strong>dicte</strong></span> <span class='ocrx_word' id='word_1_13' title='bbox 1197 514 1297 580; x_wconf 83' lang='lat' dir='ltr'><strong>medo,</strong></span> <span class='ocrx_word' id='word_1_14' title='bbox 1314 531 1454 589; x_wconf 81' lang='lat' dir='ltr'><strong>utinquam</strong></span> <span class='ocrx_word' id='word_1_15' title='bbox 1469 518 1568 574; x_wconf 90' lang='lat' dir='ltr'><strong>auicrri</strong></span> <span class='ocrx_word' id='word_1_16' title='bbox 1583 519 1641 576; x_wconf 90' lang='lat' dir='ltr'><strong>sine</strong></span> <span class='ocrx_word' id='word_1_17' title='bbox 1665 519 1785 576; x_wconf 91' lang='lat' dir='ltr'><strong>auctori·</strong></span> 
     </span>
     <span class='ocr_line' id='line_1_3' title="bbox 135 603 1784 688; baseline -0.002 -19"><span class='ocrx_word' id='word_1_18' title='bbox 135 629 199 688; x_wconf 85' lang='lat' dir='ltr'><strong>gena</strong></span> <span class='ocrx_word' id='word_1_19' title='bbox 211 611 332 668; x_wconf 84' lang='lat' dir='ltr'><strong>validam</strong></span> <span class='ocrx_word' id='word_1_20' title='bbox 347 611 404 668; x_wconf 91' lang='lat' dir='ltr'><strong>sine</strong></span> <span class='ocrx_word' id='word_1_21' title='bbox 419 611 623 668; x_wconf 88' lang='lat' dir='ltr'><strong>ecndrmatienc</strong></span> <span class='ocrx_word' id='word_1_22' title='bbox 638 608 800 681; x_wconf 72' lang='lat' dir='ltr'><strong>superioris,</strong></span> <span class='ocrx_word' id='word_1_23' title='bbox 811 620 872 662; x_wconf 90' lang='lat' dir='ltr'><strong>nam</strong></span> <span class='ocrx_word' id='word_1_24' title='bbox 885 605 947 660; x_wconf 89' lang='lat' dir='ltr'><strong>inde</strong></span> <span class='ocrx_word' id='word_1_25' title='bbox 983 609 1038 661; x_wconf 89' lang='lat' dir='ltr'><strong>tate</strong></span> <span class='ocrx_word' id='word_1_26' title='bbox 1052 605 1195 676; x_wconf 89' lang='lat' dir='ltr'><strong>principis,</strong></span> <span class='ocrx_word' id='word_1_27' title='bbox 1210 603 1256 661; x_wconf 91' lang='lat' dir='ltr'><strong>sed</strong></span> <span class='ocrx_word' id='word_1_28' title='bbox 1273 605 1361 664; x_wconf 89' lang='lat' dir='ltr'><strong>solum</strong></span> <span class='ocrx_word' id='word_1_29' title='bbox 1377 608 1532 663; x_wconf 86' lang='lat' dir='ltr'><strong>renunciari</strong></span> <span class='ocrx_word' id='word_1_30' title='bbox 1545 624 1577 664; x_wconf 79' lang='lat' dir='ltr'><strong>ex</strong></span> <span class='ocrx_word' id='word_1_31' title='bbox 1594 608 1784 667; x_wconf 88' lang='lat' dir='ltr'><strong>subintellecta</strong></span> 
     </span>
     <span class='ocr_line' id='line_1_4' title="bbox 135 692 1786 776; baseline -0.002 -16"><span class='ocrx_word' id='word_1_32' title='bbox 135 705 299 776; x_wconf 80' lang='lat' dir='ltr'><strong>necessario</strong></span> <span class='ocrx_word' id='word_1_33' title='bbox 321 702 465 775; x_wconf 90' lang='lat' dir='ltr'><strong>sequitur,</strong></span> <span class='ocrx_word' id='word_1_34' title='bbox 481 700 592 776; x_wconf 89' lang='lat' dir='ltr'><strong>quodsi</strong></span> <span class='ocrx_word' id='word_1_35' title='bbox 610 699 670 756; x_wconf 90' lang='lat' dir='ltr'><strong>talis</strong></span> <span class='ocrx_word' id='word_1_36' title='bbox 685 697 869 755; x_wconf 90' lang='lat' dir='ltr'><strong>communitas</strong></span> <span class='ocrx_word' id='word_1_37' title='bbox 883 693 949 752; x_wconf 78' lang='lat' dir='ltr'><strong>velit</strong></span> <span class='ocrx_word' id='word_1_38' title='bbox 983 693 1054 750; x_wconf 88' lang='lat' dir='ltr'><strong>illius</strong></span> <span class='ocrx_word' id='word_1_39' title='bbox 1069 692 1230 767; x_wconf 78' lang='lat' dir='ltr'><strong>voluntate3</strong></span> <span class='ocrx_word' id='word_1_40' title='bbox 1247 703 1275 751; x_wconf 91' lang='lat' dir='ltr'><strong>et</strong></span> <span class='ocrx_word' id='word_1_41' title='bbox 1290 696 1314 752; x_wconf 94' lang='lat' dir='ltr'><strong>in</strong></span> <span class='ocrx_word' id='word_1_42' title='bbox 1330 696 1383 753; x_wconf 92' lang='lat' dir='ltr'><strong>bec</strong></span> <span class='ocrx_word' id='word_1_43' title='bbox 1397 712 1457 752; x_wconf 88' lang='lat' dir='ltr'><strong>esse</strong></span> <span class='ocrx_word' id='word_1_44' title='bbox 1470 696 1646 755; x_wconf 79' lang='lat' dir='ltr'><strong>differentiam</strong></span> <span class='ocrx_word' id='word_1_45' title='bbox 1661 699 1730 756; x_wconf 87' lang='lat' dir='ltr'><strong>inter</strong></span> <span class='ocrx_word' id='word_1_46' title='bbox 1746 701 1786 756; x_wconf 91' lang='lat' dir='ltr'><strong>le·</strong></span> 
     </span>
     <span class='ocr_line' id='line_1_5' title="bbox 136 785 1785 868; baseline -0.002 -18"><span class='ocrx_word' id='word_1_47' title='bbox 136 795 264 868; x_wconf 83' lang='lat' dir='ltr'>priorem</span> <span class='ocrx_word' id='word_1_48' title='bbox 284 793 373 866; x_wconf 88' lang='lat' dir='ltr'><strong>legem</strong></span> <span class='ocrx_word' id='word_1_49' title='bbox 393 792 581 848; x_wconf 80' lang='lat' dir='ltr'><strong>confirmatam</strong></span> <span class='ocrx_word' id='word_1_50' title='bbox 596 805 643 862; x_wconf 88' lang='lat' dir='ltr'><strong>per</strong></span> <span class='ocrx_word' id='word_1_51' title='bbox 664 789 847 860; x_wconf 76' lang='lat' dir='ltr'><strong>posteriorem</strong></span> <span class='ocrx_word' id='word_1_52' title='bbox 868 800 948 842; x_wconf 85' lang='lat' dir='ltr'><strong>reve·</strong></span> <span class='ocrx_word' id='word_1_53' title='bbox 982 799 1045 856; x_wconf 89' lang='lat' dir='ltr'><strong>gem</strong></span> <span class='ocrx_word' id='word_1_54' title='bbox 1063 785 1167 840; x_wconf 88' lang='lat' dir='ltr'><strong>lectam</strong></span> <span class='ocrx_word' id='word_1_55' title='bbox 1182 785 1216 842; x_wconf 93' lang='lat' dir='ltr'><strong>ab</strong></span> <span class='ocrx_word' id='word_1_56' title='bbox 1240 785 1360 842; x_wconf 81' lang='lat' dir='ltr'><strong>interiori</strong></span> <span class='ocrx_word' id='word_1_57' title='bbox 1379 785 1532 858; x_wconf 80' lang='lat' dir='ltr'><strong>postulante</strong></span> <span class='ocrx_word' id='word_1_58' title='bbox 1553 789 1785 856; x_wconf 82' lang='lat' dir='ltr'><strong>confirmationem</strong></span> 
     </span>
     <span class='ocr_line' id='line_1_6' title="bbox 136 876 1784 953; baseline -0.002 -13"><span class='ocrx_word' id='word_1_59' title='bbox 136 883 420 952; x_wconf 87' lang='lat' dir='ltr'><strong>cerc,necessarium</strong></span> <span class='ocrx_word' id='word_1_60' title='bbox 433 883 479 951; x_wconf 89' lang='lat' dir='ltr'><strong>sit,</strong></span> <span class='ocrx_word' id='word_1_61' title='bbox 492 889 523 938; x_wconf 91' lang='lat' dir='ltr'><strong>ut</strong></span> <span class='ocrx_word' id='word_1_62' title='bbox 537 880 696 952; x_wconf 89' lang='lat' dir='ltr'><strong>posterioris</strong></span> <span class='ocrx_word' id='word_1_63' title='bbox 707 879 787 935; x_wconf 90' lang='lat' dir='ltr'><strong>etiam</strong></span> <span class='ocrx_word' id='word_1_64' title='bbox 803 876 948 932; x_wconf 80' lang='lat' dir='ltr'><strong>confirma·</strong></span> <span class='ocrx_word' id='word_1_65' title='bbox 982 876 1041 932; x_wconf 89' lang='lat' dir='ltr'><strong>eius</strong></span> <span class='ocrx_word' id='word_1_66' title='bbox 1063 890 1079 931; x_wconf 91' lang='lat' dir='ltr'><strong>a</strong></span> <span class='ocrx_word' id='word_1_67' title='bbox 1099 876 1237 948; x_wconf 82' lang='lat' dir='ltr'>principe,</span> <span class='ocrx_word' id='word_1_68' title='bbox 1260 882 1287 932; x_wconf 89' lang='lat' dir='ltr'><strong>ct</strong></span> <span class='ocrx_word' id='word_1_69' title='bbox 1307 877 1394 950; x_wconf 90' lang='lat' dir='ltr'><strong>legem</strong></span> <span class='ocrx_word' id='word_1_70' title='bbox 1415 876 1507 934; x_wconf 89' lang='lat' dir='ltr'><strong>datam</strong></span> <span class='ocrx_word' id='word_1_71' title='bbox 1528 893 1543 934; x_wconf 93' lang='lat' dir='ltr'><strong>a</strong></span> <span class='ocrx_word' id='word_1_72' title='bbox 1565 879 1684 951; x_wconf 78' lang='lat' dir='ltr'><strong>principe</strong></span> <span class='ocrx_word' id='word_1_73' title='bbox 1705 883 1784 953; x_wconf 87' lang='lat' dir='ltr'><strong>quasi</strong></span> 
     </span>
     <span class='ocr_line' id='line_1_7' title="bbox 137 966 1783 1040; baseline -0.003 -9"><span class='ocrx_word' id='word_1_74' title='bbox 137 977 245 1032; x_wconf 90' lang='lat' dir='ltr'><strong>tionem</strong></span> <span class='ocrx_word' id='word_1_75' title='bbox 262 974 400 1039; x_wconf 81' lang='lat' dir='ltr'><strong>obtineat,</strong></span> <span class='ocrx_word' id='word_1_76' title='bbox 416 971 480 1028; x_wconf 89' lang='lat' dir='ltr'><strong>elias</strong></span> <span class='ocrx_word' id='word_1_77' title='bbox 494 987 550 1028; x_wconf 93' lang='lat' dir='ltr'><strong>non</strong></span> <span class='ocrx_word' id='word_1_78' title='bbox 564 971 615 1028; x_wconf 90' lang='lat' dir='ltr'><strong>erit</strong></span> <span class='ocrx_word' id='word_1_79' title='bbox 629 969 688 1040; x_wconf 84' lang='lat' dir='ltr'><strong>ier,</strong></span> <span class='ocrx_word' id='word_1_80' title='bbox 704 975 733 1024; x_wconf 87' lang='lat' dir='ltr'><strong>et</strong></span> <span class='ocrx_word' id='word_1_81' title='bbox 746 971 948 1038; x_wconf 89' lang='lat' dir='ltr'><strong>consequenter</strong></span> <span class='ocrx_word' id='word_1_82' title='bbox 982 972 1059 1022; x_wconf 87' lang='lat' dir='ltr'><strong>motu</strong></span> <span class='ocrx_word' id='word_1_83' title='bbox 1074 966 1197 1038; x_wconf 92' lang='lat' dir='ltr'><strong>proprie,</strong></span> <span class='ocrx_word' id='word_1_84' title='bbox 1211 968 1267 1022; x_wconf 86' lang='lat' dir='ltr'><strong>sive</strong></span> <span class='ocrx_word' id='word_1_85' title='bbox 1281 981 1330 1038; x_wconf 92' lang='lat' dir='ltr'><strong>per</strong></span> <span class='ocrx_word' id='word_1_86' title='bbox 1344 982 1383 1038; x_wconf 90' lang='lat' dir='ltr'><strong>se,</strong></span> <span class='ocrx_word' id='word_1_87' title='bbox 1400 968 1455 1023; x_wconf 86' lang='lat' dir='ltr'><strong>sive</strong></span> <span class='ocrx_word' id='word_1_88' title='bbox 1470 968 1628 1038; x_wconf 85' lang='lat' dir='ltr'><strong>paralium,</strong></span> <span class='ocrx_word' id='word_1_89' title='bbox 1644 969 1689 1025; x_wconf 91' lang='lat' dir='ltr'><strong>cui</strong></span> <span class='ocrx_word' id='word_1_90' title='bbox 1705 986 1783 1026; x_wconf 89' lang='lat' dir='ltr'><strong>suem</strong></span> 
     </span>
     <span class='ocr_line' id='line_1_8' title="bbox 138 1056 1785 1135; baseline -0.002 -15"><span class='ocrx_word' id='word_1_91' title='bbox 138 1080 191 1120; x_wconf 90' lang='lat' dir='ltr'><strong>nec</strong></span> <span class='ocrx_word' id='word_1_92' title='bbox 208 1065 312 1135; x_wconf 89' lang='lat' dir='ltr'><strong>poterit</strong></span> <span class='ocrx_word' id='word_1_93' title='bbox 323 1062 455 1134; x_wconf 88' lang='lat' dir='ltr'><strong>abrogare</strong></span> <span class='ocrx_word' id='word_1_94' title='bbox 468 1062 594 1132; x_wconf 85' lang='lat' dir='ltr'><strong>priorem.</strong></span> <span class='ocrx_word' id='word_1_95' title='bbox 604 1058 742 1116; x_wconf 77' lang='lat' dir='ltr'><strong>Posterius</strong></span> <span class='ocrx_word' id='word_1_96' title='bbox 754 1064 846 1113; x_wconf 91' lang='lat' dir='ltr'><strong>autern</strong></span> <span class='ocrx_word' id='word_1_97' title='bbox 861 1071 947 1112; x_wconf 89' lang='lat' dir='ltr'><strong>mern-</strong></span> <span class='ocrx_word' id='word_1_98' title='bbox 984 1062 1148 1128; x_wconf 85' lang='lat' dir='ltr'><strong>potestatem</strong></span> <span class='ocrx_word' id='word_1_99' title='bbox 1160 1056 1307 1112; x_wconf 84' lang='lat' dir='ltr'><strong>commisit.</strong></span> <span class='ocrx_word' id='word_1_100' title='bbox 1317 1060 1383 1114; x_wconf 84' lang='lat' dir='ltr'><strong>Nam</strong></span> <span class='ocrx_word' id='word_1_101' title='bbox 1395 1059 1468 1129; x_wconf 91' lang='lat' dir='ltr'><strong>prior</strong></span> <span class='ocrx_word' id='word_1_102' title='bbox 1480 1064 1610 1116; x_wconf 89' lang='lat' dir='ltr'><strong>censetur</strong></span> <span class='ocrx_word' id='word_1_103' title='bbox 1621 1059 1785 1118; x_wconf 88' lang='lat' dir='ltr'><strong>columcon·</strong></span> 
     </span>
     <span class='ocr_line' id='line_1_9' title="bbox 137 1144 1784 1224; baseline -0.002 -15"><span class='ocrx_word' id='word_1_104' title='bbox 137 1153 222 1210; x_wconf 90' lang='lat' dir='ltr'><strong>brum</strong></span> <span class='ocrx_word' id='word_1_105' title='bbox 240 1151 374 1224; x_wconf 81' lang='lat' dir='ltr'><strong>probetur</strong></span> <span class='ocrx_word' id='word_1_106' title='bbox 388 1151 422 1206; x_wconf 92' lang='lat' dir='ltr'><strong>ed</strong></span> <span class='ocrx_word' id='word_1_107' title='bbox 433 1151 618 1207; x_wconf 89' lang='lat' dir='ltr'><strong>Panormitan.</strong></span> <span class='ocrx_word' id='word_1_108' title='bbox 635 1149 661 1203; x_wconf 91' lang='lat' dir='ltr'><strong>in</strong></span> <span class='ocrx_word' id='word_1_109' title='bbox 675 1146 751 1202; x_wconf 89' lang='lat' dir='ltr'><strong>dicto</strong></span> <span class='ocrx_word' id='word_1_110' title='bbox 765 1162 792 1202; x_wconf 92' lang='grc' dir='ltr'><strong>ο.</strong></span> <span class='ocrx_word' id='word_1_111' title='bbox 804 1147 883 1203; x_wconf 85' lang='lat' dir='ltr'><strong>Cum</strong></span> <span class='ocrx_word' id='word_1_112' title='bbox 896 1161 947 1201; x_wconf 85' lang='lat' dir='ltr'><strong>uc·</strong></span> <span class='ocrx_word' id='word_1_113' title='bbox 983 1144 1089 1202; x_wconf 85' lang='lat' dir='ltr'><strong>firmata</strong></span> <span class='ocrx_word' id='word_1_114' title='bbox 1103 1147 1129 1200; x_wconf 92' lang='lat' dir='ltr'><strong>in</strong></span> <span class='ocrx_word' id='word_1_115' title='bbox 1155 1147 1270 1217; x_wconf 88' lang='lat' dir='ltr'><strong>gratiam</strong></span> <span class='ocrx_word' id='word_1_116' title='bbox 1290 1147 1456 1218; x_wconf 89' lang='lat' dir='ltr'><strong>petentium,</strong></span> <span class='ocrx_word' id='word_1_117' title='bbox 1472 1146 1514 1203; x_wconf 86' lang='lat' dir='ltr'><strong>vel</strong></span> <span class='ocrx_word' id='word_1_118' title='bbox 1535 1148 1644 1220; x_wconf 93' lang='lat' dir='ltr'><strong>populi,</strong></span> <span class='ocrx_word' id='word_1_119' title='bbox 1659 1151 1686 1204; x_wconf 90' lang='lat' dir='ltr'><strong>in</strong></span> <span class='ocrx_word' id='word_1_120' title='bbox 1703 1150 1784 1206; x_wconf 88' lang='lat' dir='ltr'><strong>cuius</strong></span> 
     </span>
     <span class='ocr_line' id='line_1_10' title="bbox 137 1234 1784 1312; baseline -0.003 -12"><span class='ocrx_word' id='word_1_121' title='bbox 137 1247 307 1304; x_wconf 82' lang='lat' dir='ltr'><strong>cessissent.</strong></span> <span class='ocrx_word' id='word_1_122' title='bbox 320 1239 474 1297; x_wconf 90' lang='lat' dir='ltr'><strong>inducendo</strong></span> <span class='ocrx_word' id='word_1_123' title='bbox 486 1237 618 1312; x_wconf 91' lang='lat' dir='ltr'><strong>quasdam</strong></span> <span class='ocrx_word' id='word_1_124' title='bbox 630 1236 704 1310; x_wconf 90' lang='lat' dir='ltr'><strong>leges</strong></span> <span class='ocrx_word' id='word_1_125' title='bbox 715 1235 749 1292; x_wconf 90' lang='lat' dir='ltr'><strong>de</strong></span> <span class='ocrx_word' id='word_1_126' title='bbox 761 1237 945 1293; x_wconf 71' lang='lat' dir='ltr'><strong>testamentis.</strong></span> <span class='ocrx_word' id='word_1_127' title='bbox 982 1234 1161 1291; x_wconf 88' lang='lat' dir='ltr'><strong>commodum</strong></span> <span class='ocrx_word' id='word_1_128' title='bbox 1176 1236 1259 1306; x_wconf 88' lang='lat' dir='ltr'><strong>cedit,</strong></span> <span class='ocrx_word' id='word_1_129' title='bbox 1273 1242 1300 1290; x_wconf 89' lang='lat' dir='ltr'><strong>et</strong></span> <span class='ocrx_word' id='word_1_130' title='bbox 1314 1235 1372 1292; x_wconf 89' lang='lat' dir='ltr'><strong>ideo</strong></span> <span class='ocrx_word' id='word_1_131' title='bbox 1388 1234 1471 1292; x_wconf 90' lang='lat' dir='ltr'><strong>babet</strong></span> <span class='ocrx_word' id='word_1_132' title='bbox 1485 1236 1704 1295; x_wconf 88' lang='lat' dir='ltr'><strong>subintellectam</strong></span> <span class='ocrx_word' id='word_1_133' title='bbox 1717 1255 1784 1296; x_wconf 91' lang='lat' dir='ltr'><strong>con·</strong></span> 
     </span>
     <span class='ocr_line' id='line_1_11' title="bbox 137 1323 1784 1406; baseline -0.003 -17"><span class='ocrx_word' id='word_1_134' title='bbox 137 1333 274 1406; x_wconf 87' lang='lat' dir='ltr'><strong>Sequitur</strong></span> <span class='ocrx_word' id='word_1_135' title='bbox 287 1333 370 1390; x_wconf 87' lang='lat' dir='ltr'><strong>etiam</strong></span> <span class='ocrx_word' id='word_1_136' title='bbox 381 1331 491 1387; x_wconf 91' lang='lat' dir='ltr'><strong>Bald.in</strong></span> <span class='ocrx_word' id='word_1_137' title='bbox 502 1329 556 1403; x_wconf 90' lang='lat' dir='ltr'><strong>leg.</strong></span> <span class='ocrx_word' id='word_1_138' title='bbox 566 1344 605 1386; x_wconf 74' lang='lat' dir='ltr'><strong>ee</strong></span> <span class='ocrx_word' id='word_1_139' title='bbox 614 1326 736 1402; x_wconf 83' lang='lat' dir='ltr'><strong>placito.</strong></span> <span class='ocrx_word' id='word_1_140' title='bbox 752 1343 779 1382; x_wconf 88' lang='lat' dir='ltr'><strong>n.</strong></span> <span class='ocrx_word' id='word_1_141' title='bbox 792 1329 835 1386; x_wconf 85' lang='lat' dir='ltr'><strong>ta.</strong></span> <span class='ocrx_word' id='word_1_142' title='bbox 846 1342 879 1382; x_wconf 84' lang='lat' dir='ltr'><strong>cr</strong></span> <span class='ocrx_word' id='word_1_143' title='bbox 895 1325 946 1382; x_wconf 89' lang='lat' dir='ltr'><strong>elio</strong></span> <span class='ocrx_word' id='word_1_144' title='bbox 981 1323 1122 1393; x_wconf 77' lang='lat' dir='ltr'><strong>ditionem,</strong></span> <span class='ocrx_word' id='word_1_145' title='bbox 1135 1325 1158 1379; x_wconf 90' lang='lat' dir='ltr'><strong>si</strong></span> <span class='ocrx_word' id='word_1_146' title='bbox 1174 1325 1222 1396; x_wconf 88' lang='lat' dir='ltr'><strong>ipsi</strong></span> <span class='ocrx_word' id='word_1_147' title='bbox 1238 1327 1438 1381; x_wconf 86' lang='lat' dir='ltr'><strong>consenserint.</strong></span> <span class='ocrx_word' id='word_1_148' title='bbox 1450 1327 1587 1382; x_wconf 89' lang='lat' dir='ltr'><strong>Posterior</strong></span> <span class='ocrx_word' id='word_1_149' title='bbox 1602 1343 1667 1385; x_wconf 85' lang='lat' dir='ltr'><strong>rere</strong></span> <span class='ocrx_word' id='word_1_150' title='bbox 1683 1328 1726 1386; x_wconf 87' lang='lat' dir='ltr'><strong>ier</strong></span> <span class='ocrx_word' id='word_1_151' title='bbox 1742 1329 1784 1385; x_wconf 93' lang='lat' dir='ltr'><strong>in·</strong></span> 
     </span>
     <span class='ocr_line' id='line_1_12' title="bbox 138 1413 1785 1493; baseline -0.003 -13"><span class='ocrx_word' id='word_1_152' title='bbox 138 1423 332 1493; x_wconf 78' lang='lat' dir='ltr'><strong>fundamento,</strong></span> <span class='ocrx_word' id='word_1_153' title='bbox 350 1421 455 1478; x_wconf 90' lang='lat' dir='ltr'><strong>seilicet</strong></span> <span class='ocrx_word' id='word_1_154' title='bbox 465 1419 538 1493; x_wconf 95' lang='lat' dir='ltr'><strong>quod</strong></span> <span class='ocrx_word' id='word_1_155' title='bbox 552 1423 687 1475; x_wconf 89' lang='lat' dir='ltr'><strong>statutum</strong></span> <span class='ocrx_word' id='word_1_156' title='bbox 698 1423 740 1473; x_wconf 91' lang='lat' dir='ltr'><strong>est</strong></span> <span class='ocrx_word' id='word_1_157' title='bbox 751 1417 826 1472; x_wconf 88' lang='lat' dir='ltr'><strong>iuver</strong></span> <span class='ocrx_word' id='word_1_158' title='bbox 841 1414 942 1486; x_wconf 90' lang='lat' dir='ltr'><strong>pepuli,</strong></span> <span class='ocrx_word' id='word_1_159' title='bbox 982 1413 1097 1470; x_wconf 91' lang='lat' dir='ltr'><strong>ducitur</strong></span> <span class='ocrx_word' id='word_1_160' title='bbox 1116 1430 1149 1469; x_wconf 87' lang='lat' dir='ltr'><strong>cx</strong></span> <span class='ocrx_word' id='word_1_161' title='bbox 1171 1430 1239 1486; x_wconf 92' lang='lat' dir='ltr'><strong>pura</strong></span> <span class='ocrx_word' id='word_1_162' title='bbox 1259 1421 1395 1487; x_wconf 79' lang='lat' dir='ltr'><strong>potestate</strong></span> <span class='ocrx_word' id='word_1_163' title='bbox 1416 1414 1565 1488; x_wconf 86' lang='lat' dir='ltr'><strong>legislativc</strong></span> <span class='ocrx_word' id='word_1_164' title='bbox 1589 1419 1735 1490; x_wconf 83' lang='lat' dir='ltr'><strong>principis,</strong></span> <span class='ocrx_word' id='word_1_165' title='bbox 1756 1425 1785 1475; x_wconf 90' lang='lat' dir='ltr'><strong>et</strong></span> 
     </span>
     <span class='ocr_line' id='line_1_13' title="bbox 139 1503 1782 1584; baseline -0.003 -14"><span class='ocrx_word' id='word_1_166' title='bbox 139 1521 167 1570; x_wconf 93' lang='lat' dir='ltr'><strong>et</strong></span> <span class='ocrx_word' id='word_1_167' title='bbox 178 1512 241 1570; x_wconf 88' lang='lat' dir='ltr'><strong>ideo</strong></span> <span class='ocrx_word' id='word_1_168' title='bbox 263 1518 356 1584; x_wconf 86' lang='lat' dir='ltr'><strong>petest</strong></span> <span class='ocrx_word' id='word_1_169' title='bbox 371 1511 502 1583; x_wconf 89' lang='lat' dir='ltr'><strong>populum</strong></span> <span class='ocrx_word' id='word_1_170' title='bbox 522 1511 673 1581; x_wconf 89' lang='lat' dir='ltr'><strong>poenitere,</strong></span> <span class='ocrx_word' id='word_1_171' title='bbox 696 1515 725 1563; x_wconf 86' lang='lat' dir='ltr'><strong>et</strong></span> <span class='ocrx_word' id='word_1_172' title='bbox 744 1505 833 1562; x_wconf 90' lang='lat' dir='ltr'><strong>redire</strong></span> <span class='ocrx_word' id='word_1_173' title='bbox 848 1503 882 1561; x_wconf 93' lang='lat' dir='ltr'><strong>ad</strong></span> <span class='ocrx_word' id='word_1_174' title='bbox 902 1505 946 1559; x_wconf 89' lang='lat' dir='ltr'><strong>ius</strong></span> <span class='ocrx_word' id='word_1_175' title='bbox 981 1503 1039 1560; x_wconf 90' lang='lat' dir='ltr'><strong>ideo</strong></span> <span class='ocrx_word' id='word_1_176' title='bbox 1053 1519 1106 1558; x_wconf 93' lang='lat' dir='ltr'><strong>non</strong></span> <span class='ocrx_word' id='word_1_177' title='bbox 1121 1503 1202 1560; x_wconf 89' lang='lat' dir='ltr'><strong>babet</strong></span> <span class='ocrx_word' id='word_1_178' title='bbox 1217 1503 1241 1558; x_wconf 94' lang='lat' dir='ltr'><strong>in</strong></span> <span class='ocrx_word' id='word_1_179' title='bbox 1258 1504 1302 1560; x_wconf 90' lang='lat' dir='ltr'><strong>illa</strong></span> <span class='ocrx_word' id='word_1_180' title='bbox 1318 1503 1409 1560; x_wconf 88' lang='lat' dir='ltr'><strong>lecum</strong></span> <span class='ocrx_word' id='word_1_181' title='bbox 1425 1507 1605 1580; x_wconf 82' lang='lat' dir='ltr'><strong>renunciatio,</strong></span> <span class='ocrx_word' id='word_1_182' title='bbox 1628 1507 1676 1564; x_wconf 90' lang='lat' dir='ltr'><strong>sed</strong></span> <span class='ocrx_word' id='word_1_183' title='bbox 1688 1508 1782 1566; x_wconf 86' lang='lat' dir='ltr'><strong>eadem</strong></span> 
     </span>
     <span class='ocr_line' id='line_1_14' title="bbox 139 1592 1353 1673; baseline -0.008 -13"><span class='ocrx_word' id='word_1_184' title='bbox 139 1617 304 1660; x_wconf 88' lang='lat' dir='ltr'><strong>commune.</strong></span> <span class='ocrx_word' id='word_1_185' title='bbox 322 1601 395 1658; x_wconf 90' lang='lat' dir='ltr'><strong>idem</strong></span> <span class='ocrx_word' id='word_1_186' title='bbox 416 1600 539 1673; x_wconf 88' lang='lat' dir='ltr'><strong>sequitur</strong></span> <span class='ocrx_word' id='word_1_187' title='bbox 553 1597 662 1655; x_wconf 81' lang='lat' dir='ltr'><strong>Felinus</strong></span> <span class='ocrx_word' id='word_1_188' title='bbox 677 1611 761 1666; x_wconf 89' lang='lat' dir='ltr'><strong>supro</strong></span> <span class='ocrx_word' id='word_1_189' title='bbox 776 1611 804 1650; x_wconf 92' lang='lat' dir='ltr'><strong>n.</strong></span> <span class='ocrx_word' id='word_1_190' title='bbox 819 1599 846 1662; x_wconf 81' lang='lat'><strong>5,</strong></span> <span class='ocrx_word' id='word_1_191' title='bbox 864 1593 946 1650; x_wconf 88' lang='lat' dir='ltr'><strong>verbo</strong></span> <span class='ocrx_word' id='word_1_192' title='bbox 981 1599 1116 1665; x_wconf 77' lang='lat' dir='ltr'><strong>potestate</strong></span> <span class='ocrx_word' id='word_1_193' title='bbox 1132 1592 1286 1650; x_wconf 85' lang='lat' dir='ltr'><strong>revocanda</strong></span> <span class='ocrx_word' id='word_1_194' title='bbox 1301 1600 1353 1651; x_wconf 87' lang='lat' dir='ltr'><strong>cst.</strong></span> 
     </span>
     <span class='ocr_line' id='line_1_15' title="bbox 138 1683 1782 1760; baseline -0.004 -10"><span class='ocrx_word' id='word_1_195' title='bbox 138 1695 220 1750; x_wconf 81' lang='lat' dir='ltr'><strong>banc</strong></span> <span class='ocrx_word' id='word_1_196' title='bbox 241 1691 493 1756; x_wconf 77' lang='lat' dir='ltr'><strong>declarationem,</strong></span> <span class='ocrx_word' id='word_1_197' title='bbox 517 1686 643 1744; x_wconf 82' lang='lat' dir='ltr'><strong>atraciis</strong></span> <span class='ocrx_word' id='word_1_198' title='bbox 667 1683 795 1756; x_wconf 79' lang='lat' dir='ltr'><strong>cecropiis</strong></span> <span class='ocrx_word' id='word_1_199' title='bbox 816 1689 845 1739; x_wconf 91' lang='lat' dir='ltr'><strong>et</strong></span> <span class='ocrx_word' id='word_1_200' title='bbox 863 1697 946 1755; x_wconf 91' lang='lat' dir='ltr'><strong>argu·</strong></span> <span class='ocrx_word' id='word_1_201' title='bbox 1020 1683 1093 1738; x_wconf 90' lang='lat' dir='ltr'><strong>llaec</strong></span> <span class='ocrx_word' id='word_1_202' title='bbox 1108 1683 1264 1754; x_wconf 85' lang='lat' dir='ltr'><strong>responsio,</strong></span> <span class='ocrx_word' id='word_1_203' title='bbox 1281 1690 1308 1740; x_wconf 90' lang='lat' dir='ltr'><strong>et</strong></span> <span class='ocrx_word' id='word_1_204' title='bbox 1328 1685 1460 1744; x_wconf 88' lang='lat' dir='ltr'><strong>sententia</strong></span> <span class='ocrx_word' id='word_1_205' title='bbox 1480 1683 1627 1756; x_wconf 86' lang='lat' dir='ltr'><strong>Probabilis</strong></span> <span class='ocrx_word' id='word_1_206' title='bbox 1641 1685 1712 1744; x_wconf 83' lang='lat' dir='ltr'><strong>terte</strong></span> <span class='ocrx_word' id='word_1_207' title='bbox 1730 1693 1782 1760; x_wconf 92' lang='lat' dir='ltr'><strong>cst,</strong></span> 
     </span>
     <span class='ocr_line' id='line_1_16' title="bbox 139 1767 1783 1848; baseline -0.003 -10"><span class='ocrx_word' id='word_1_208' title='bbox 139 1783 239 1838; x_wconf 90' lang='lat' dir='ltr'><strong>mentis</strong></span> <span class='ocrx_word' id='word_1_209' title='bbox 254 1780 329 1837; x_wconf 91' lang='lat' dir='ltr'><strong>illam</strong></span> <span class='ocrx_word' id='word_1_210' title='bbox 345 1776 607 1844; x_wconf 82' lang='lat' dir='ltr'><strong>confirmat.Quibus</strong></span> <span class='ocrx_word' id='word_1_211' title='bbox 622 1773 683 1830; x_wconf 86' lang='lat' dir='ltr'><strong>eddi</strong></span> <span class='ocrx_word' id='word_1_212' title='bbox 697 1779 799 1845; x_wconf 91' lang='lat' dir='ltr'><strong>potest,</strong></span> <span class='ocrx_word' id='word_1_213' title='bbox 812 1771 888 1844; x_wconf 91' lang='lat' dir='ltr'><strong>qued</strong></span> <span class='ocrx_word' id='word_1_214' title='bbox 904 1773 946 1827; x_wconf 90' lang='lat' dir='ltr'><strong>ius</strong></span> <span class='ocrx_word' id='word_1_215' title='bbox 981 1771 1045 1828; x_wconf 88' lang='lat' dir='ltr'><strong>mibi</strong></span> <span class='ocrx_word' id='word_1_216' title='bbox 1062 1787 1126 1828; x_wconf 88' lang='lat' dir='ltr'><strong>vero</strong></span> <span class='ocrx_word' id='word_1_217' title='bbox 1142 1775 1198 1828; x_wconf 88' lang='lat' dir='ltr'><strong>nen&#39;</strong></span> <span class='ocrx_word' id='word_1_218' title='bbox 1211 1773 1353 1844; x_wconf 79' lang='lat' dir='ltr'><strong>satisfacit,</strong></span> <span class='ocrx_word' id='word_1_219' title='bbox 1364 1777 1428 1848; x_wconf 90' lang='lat' dir='ltr'><strong>quia</strong></span> <span class='ocrx_word' id='word_1_220' title='bbox 1439 1774 1513 1831; x_wconf 92' lang='lat' dir='ltr'><strong>nulla</strong></span> <span class='ocrx_word' id='word_1_221' title='bbox 1527 1780 1569 1832; x_wconf 89' lang='lat' dir='ltr'><strong>est</strong></span> <span class='ocrx_word' id='word_1_222' title='bbox 1584 1775 1635 1844; x_wconf 82' lang='lat' dir='ltr'><strong>les,</strong></span> <span class='ocrx_word' id='word_1_223' title='bbox 1646 1790 1718 1848; x_wconf 90' lang='lat' dir='ltr'><strong>quac</strong></span> <span class='ocrx_word' id='word_1_224' title='bbox 1730 1767 1783 1833; x_wconf 84' lang='lat' dir='ltr'><strong>non</strong></span> 
     </span>
     <span class='ocr_line' id='line_1_17' title="bbox 138 1861 1785 1937; baseline -0.003 -9"><span class='ocrx_word' id='word_1_225' title='bbox 138 1885 290 1928; x_wconf 89' lang='lat' dir='ltr'><strong>commune</strong></span> <span class='ocrx_word' id='word_1_226' title='bbox 308 1871 390 1928; x_wconf 90' lang='lat' dir='ltr'><strong>etiam</strong></span> <span class='ocrx_word' id='word_1_227' title='bbox 408 1873 451 1924; x_wconf 90' lang='lat' dir='ltr'><strong>est</strong></span> <span class='ocrx_word' id='word_1_228' title='bbox 468 1883 500 1923; x_wconf 84' lang='lat' dir='ltr'><strong>cx</strong></span> <span class='ocrx_word' id='word_1_229' title='bbox 521 1867 686 1922; x_wconf 89' lang='lat' dir='ltr'><strong>auctoritate</strong></span> <span class='ocrx_word' id='word_1_230' title='bbox 708 1863 855 1935; x_wconf 87' lang='lat' dir='ltr'><strong>principis,</strong></span> <span class='ocrx_word' id='word_1_231' title='bbox 872 1863 946 1920; x_wconf 90' lang='lat' dir='ltr'><strong>sicut</strong></span> <span class='ocrx_word' id='word_1_232' title='bbox 981 1861 1085 1918; x_wconf 87' lang='lat' dir='ltr'><strong>ieratur</strong></span> <span class='ocrx_word' id='word_1_233' title='bbox 1103 1870 1217 1935; x_wconf 91' lang='lat' dir='ltr'><strong>propter</strong></span> <span class='ocrx_word' id='word_1_234' title='bbox 1237 1862 1340 1919; x_wconf 91' lang='lat' dir='ltr'><strong>bonurn</strong></span> <span class='ocrx_word' id='word_1_235' title='bbox 1356 1865 1496 1937; x_wconf 90' lang='lat' dir='ltr'><strong>pubiicum</strong></span> <span class='ocrx_word' id='word_1_236' title='bbox 1518 1867 1742 1936; x_wconf 77' lang='lat' dir='ltr'><strong>communitatis,</strong></span> <span class='ocrx_word' id='word_1_237' title='bbox 1758 1872 1785 1923; x_wconf 91' lang='lat' dir='ltr'><strong>ct</strong></span> 
     </span>
     <span class='ocr_line' id='line_1_18' title="bbox 138 1951 1782 2029; baseline -0.004 -11"><span class='ocrx_word' id='word_1_238' title='bbox 138 1967 275 2018; x_wconf 89' lang='lat' dir='ltr'><strong>statutum</strong></span> <span class='ocrx_word' id='word_1_239' title='bbox 288 1960 321 2016; x_wconf 94' lang='lat' dir='ltr'><strong>ab</strong></span> <span class='ocrx_word' id='word_1_240' title='bbox 332 1957 426 2016; x_wconf 88' lang='lat' dir='ltr'><strong>eodem</strong></span> <span class='ocrx_word' id='word_1_241' title='bbox 442 1957 565 2029; x_wconf 92' lang='lat' dir='ltr'><strong>principe</strong></span> <span class='ocrx_word' id='word_1_242' title='bbox 577 1954 816 2022; x_wconf 71' lang='lat' dir='ltr'><strong>confirmatunuet</strong></span> <span class='ocrx_word' id='word_1_243' title='bbox 830 1953 869 2008; x_wconf 84' lang='lat' dir='ltr'><strong>ita</strong></span> <span class='ocrx_word' id='word_1_244' title='bbox 879 1967 944 2008; x_wconf 81' lang='lat' dir='ltr'><strong>cuna</strong></span> <span class='ocrx_word' id='word_1_245' title='bbox 981 1951 1156 2009; x_wconf 88' lang='lat' dir='ltr'><strong>nibilominus</strong></span> <span class='ocrx_word' id='word_1_246' title='bbox 1186 1968 1241 2008; x_wconf 93' lang='lat' dir='ltr'><strong>non</strong></span> <span class='ocrx_word' id='word_1_247' title='bbox 1267 1959 1356 2024; x_wconf 90' lang='lat' dir='ltr'><strong>potest</strong></span> <span class='ocrx_word' id='word_1_248' title='bbox 1382 1955 1566 2011; x_wconf 89' lang='lat' dir='ltr'><strong>communitas</strong></span> <span class='ocrx_word' id='word_1_249' title='bbox 1592 1969 1650 2010; x_wconf 91' lang='lat' dir='ltr'><strong>cam</strong></span> <span class='ocrx_word' id='word_1_250' title='bbox 1677 1954 1782 2028; x_wconf 90' lang='lat' dir='ltr'><strong>tollere,</strong></span> 
     </span>
     <span class='ocr_line' id='line_1_19' title="bbox 138 2035 1784 2124; baseline -0.003 -17"><span class='ocrx_word' id='word_1_251' title='bbox 138 2051 308 2124; x_wconf 89' lang='lat' dir='ltr'><strong>relinquitur</strong></span> <span class='ocrx_word' id='word_1_252' title='bbox 326 2046 441 2120; x_wconf 89' lang='lat' dir='ltr'><strong>speciale</strong></span> <span class='ocrx_word' id='word_1_253' title='bbox 455 2050 589 2101; x_wconf 89' lang='lat' dir='ltr'><strong>statutum</strong></span> <span class='ocrx_word' id='word_1_254' title='bbox 604 2049 716 2116; x_wconf 91' lang='lat' dir='ltr'><strong>propter</strong></span> <span class='ocrx_word' id='word_1_255' title='bbox 731 2043 772 2098; x_wconf 92' lang='lat' dir='ltr'><strong>ius</strong></span> <span class='ocrx_word' id='word_1_256' title='bbox 786 2056 944 2113; x_wconf 88' lang='lat' dir='ltr'><strong>commune,</strong></span> <span class='ocrx_word' id='word_1_257' title='bbox 980 2035 1059 2115; x_wconf 81' lang='lat' dir='ltr'><strong>quasi</strong></span> <span class='ocrx_word' id='word_1_258' title='bbox 1076 2041 1261 2099; x_wconf 90' lang='lat' dir='ltr'><strong>renunciandc</strong></span> <span class='ocrx_word' id='word_1_259' title='bbox 1277 2043 1363 2099; x_wconf 80' lang='lat' dir='ltr'><strong>laseri</strong></span> <span class='ocrx_word' id='word_1_260' title='bbox 1378 2060 1441 2114; x_wconf 69' lang='lat' dir='ltr'><strong>suo,</strong></span> <span class='ocrx_word' id='word_1_261' title='bbox 1453 2058 1520 2116; x_wconf 89' lang='lat' dir='ltr'><strong>crgo</strong></span> <span class='ocrx_word' id='word_1_262' title='bbox 1535 2043 1605 2100; x_wconf 90' lang='lat' dir='ltr'><strong>idern</strong></span> <span class='ocrx_word' id='word_1_263' title='bbox 1619 2044 1668 2100; x_wconf 89' lang='lat' dir='ltr'><strong>erit</strong></span> <span class='ocrx_word' id='word_1_264' title='bbox 1681 2045 1708 2100; x_wconf 91' lang='lat' dir='ltr'><strong>in</strong></span> <span class='ocrx_word' id='word_1_265' title='bbox 1724 2045 1784 2117; x_wconf 86' lang='lat' dir='ltr'><strong>lega</strong></span> 
     </span>
     <span class='ocr_line' id='line_1_20' title="bbox 138 2130 1783 2211; baseline -0.002 -16"><span class='ocrx_word' id='word_1_266' title='bbox 138 2155 192 2195; x_wconf 92' lang='lat' dir='ltr'><strong>non</strong></span> <span class='ocrx_word' id='word_1_267' title='bbox 208 2139 379 2211; x_wconf 82' lang='lat' dir='ltr'><strong>relinquitur</strong></span> <span class='ocrx_word' id='word_1_268' title='bbox 389 2136 445 2192; x_wconf 90' lang='lat' dir='ltr'><strong>sine</strong></span> <span class='ocrx_word' id='word_1_269' title='bbox 460 2134 622 2190; x_wconf 90' lang='lat' dir='ltr'><strong>auctoritate</strong></span> <span class='ocrx_word' id='word_1_270' title='bbox 635 2131 776 2204; x_wconf 91' lang='lat' dir='ltr'><strong>principis,</strong></span> <span class='ocrx_word' id='word_1_271' title='bbox 790 2131 855 2204; x_wconf 92' lang='lat' dir='ltr'><strong>quia</strong></span> <span class='ocrx_word' id='word_1_272' title='bbox 870 2131 945 2202; x_wconf 89' lang='lat' dir='ltr'><strong>prin·</strong></span> <span class='ocrx_word' id='word_1_273' title='bbox 981 2130 1042 2188; x_wconf 89' lang='lat' dir='ltr'><strong>deta</strong></span> <span class='ocrx_word' id='word_1_274' title='bbox 1053 2147 1102 2203; x_wconf 89' lang='lat' dir='ltr'><strong>per</strong></span> <span class='ocrx_word' id='word_1_275' title='bbox 1125 2133 1308 2188; x_wconf 88' lang='lat' dir='ltr'><strong>necessariam</strong></span> <span class='ocrx_word' id='word_1_276' title='bbox 1320 2133 1555 2190; x_wconf 85' lang='lat' dir='ltr'><strong>confirmationem</strong></span> <span class='ocrx_word' id='word_1_277' title='bbox 1569 2134 1706 2205; x_wconf 90' lang='lat' dir='ltr'><strong>principis:</strong></span> <span class='ocrx_word' id='word_1_278' title='bbox 1721 2149 1783 2191; x_wconf 88' lang='lat' dir='ltr'><strong>narn</strong></span> 
     </span>
     <span class='ocr_line' id='line_1_21' title="bbox 138 2221 1783 2301; baseline -0.004 -16"><span class='ocrx_word' id='word_1_279' title='bbox 138 2245 217 2300; x_wconf 87' lang='lat' dir='ltr'><strong>ceps,</strong></span> <span class='ocrx_word' id='word_1_280' title='bbox 227 2245 278 2301; x_wconf 90' lang='lat' dir='ltr'><strong>per</strong></span> <span class='ocrx_word' id='word_1_281' title='bbox 292 2243 322 2283; x_wconf 91' lang='lat' dir='ltr'><strong>se</strong></span> <span class='ocrx_word' id='word_1_282' title='bbox 339 2221 550 2298; x_wconf 87' lang='lat' dir='ltr'><strong>loquendo,rult</strong></span> <span class='ocrx_word' id='word_1_283' title='bbox 565 2223 656 2294; x_wconf 92' lang='lat' dir='ltr'><strong>petius</strong></span> <span class='ocrx_word' id='word_1_284' title='bbox 670 2235 817 2278; x_wconf 89' lang='lat' dir='ltr'><strong>commune</strong></span> <span class='ocrx_word' id='word_1_285' title='bbox 832 2222 874 2276; x_wconf 89' lang='lat' dir='ltr'><strong>ins</strong></span> <span class='ocrx_word' id='word_1_286' title='bbox 888 2234 945 2274; x_wconf 91' lang='lat' dir='ltr'><strong>ser·</strong></span> <span class='ocrx_word' id='word_1_287' title='bbox 981 2225 1047 2276; x_wconf 90' lang='lat' dir='ltr'><strong>tune</strong></span> <span class='ocrx_word' id='word_1_288' title='bbox 1065 2236 1094 2276; x_wconf 92' lang='lat' dir='ltr'><strong>rc</strong></span> <span class='ocrx_word' id='word_1_289' title='bbox 1110 2235 1173 2276; x_wconf 85' lang='lat' dir='ltr'><strong>vera</strong></span> <span class='ocrx_word' id='word_1_290' title='bbox 1188 2237 1203 2275; x_wconf 94' lang='lat' dir='ltr'><strong>a</strong></span> <span class='ocrx_word' id='word_1_291' title='bbox 1223 2221 1344 2292; x_wconf 86' lang='lat' dir='ltr'><strong>principe</strong></span> <span class='ocrx_word' id='word_1_292' title='bbox 1358 2221 1460 2292; x_wconf 82' lang='lat' dir='ltr'><strong>fertur,</strong></span> <span class='ocrx_word' id='word_1_293' title='bbox 1476 2222 1539 2279; x_wconf 91' lang='lat' dir='ltr'><strong>licet</strong></span> <span class='ocrx_word' id='word_1_294' title='bbox 1558 2223 1703 2295; x_wconf 89' lang='lat' dir='ltr'><strong>praecedat</strong></span> <span class='ocrx_word' id='word_1_295' title='bbox 1717 2238 1783 2280; x_wconf 92' lang='lat' dir='ltr'><strong>con·</strong></span> 
     </span>
     <span class='ocr_line' id='line_1_22' title="bbox 138 2303 1783 2392; baseline -0.004 -16"><span class='ocrx_word' id='word_1_296' title='bbox 138 2321 207 2392; x_wconf 85' lang='lat' dir='ltr'><strong>rari,</strong></span> <span class='ocrx_word' id='word_1_297' title='bbox 224 2334 309 2392; x_wconf 89' lang='lat' dir='ltr'><strong>quem</strong></span> <span class='ocrx_word' id='word_1_298' title='bbox 323 2303 619 2388; x_wconf 86' lang='lat' dir='ltr'><strong>specialia,quaecun&#39;t</strong></span> <span class='ocrx_word' id='word_1_299' title='bbox 634 2311 712 2383; x_wconf 88' lang='lat' dir='ltr'><strong>quasi</strong></span> <span class='ocrx_word' id='word_1_300' title='bbox 732 2309 944 2380; x_wconf 82' lang='lat' dir='ltr'><strong>dispensationes</strong></span> <span class='ocrx_word' id='word_1_301' title='bbox 980 2309 1086 2366; x_wconf 91' lang='lat' dir='ltr'><strong>stitutio</strong></span> <span class='ocrx_word' id='word_1_302' title='bbox 1109 2309 1184 2366; x_wconf 83' lang='lat' dir='ltr'><strong>tacta</strong></span> <span class='ocrx_word' id='word_1_303' title='bbox 1207 2310 1241 2366; x_wconf 88' lang='lat' dir='ltr'><strong>ab</strong></span> <span class='ocrx_word' id='word_1_304' title='bbox 1262 2310 1380 2368; x_wconf 83' lang='lat' dir='ltr'><strong>inferiori</strong></span> <span class='ocrx_word' id='word_1_305' title='bbox 1399 2319 1516 2382; x_wconf 90' lang='lat' dir='ltr'><strong>senatu,</strong></span> <span class='ocrx_word' id='word_1_306' title='bbox 1538 2311 1580 2368; x_wconf 85' lang='lat' dir='ltr'><strong>sel</strong></span> <span class='ocrx_word' id='word_1_307' title='bbox 1605 2313 1732 2383; x_wconf 88' lang='lat' dir='ltr'><strong>consilio,</strong></span> <span class='ocrx_word' id='word_1_308' title='bbox 1755 2319 1783 2370; x_wconf 91' lang='lat' dir='ltr'><strong>et</strong></span> 
     </span>
     <span class='ocr_line' id='line_1_23' title="bbox 138 2397 1782 2480; baseline -0.005 -13"><span class='ocrx_word' id='word_1_309' title='bbox 138 2417 166 2467; x_wconf 90' lang='lat' dir='ltr'><strong>et</strong></span> <span class='ocrx_word' id='word_1_310' title='bbox 176 2410 356 2480; x_wconf 78' lang='lat' dir='ltr'><strong>exceptiones</strong></span> <span class='ocrx_word' id='word_1_311' title='bbox 370 2421 386 2461; x_wconf 93' lang='lat' dir='ltr'><strong>a</strong></span> <span class='ocrx_word' id='word_1_312' title='bbox 404 2405 462 2462; x_wconf 89' lang='lat' dir='ltr'><strong>iure</strong></span> <span class='ocrx_word' id='word_1_313' title='bbox 479 2401 629 2474; x_wconf 68' lang='lat' dir='ltr'><strong>communi,</strong></span> <span class='ocrx_word' id='word_1_314' title='bbox 642 2408 670 2458; x_wconf 88' lang='lat' dir='ltr'><strong>et</strong></span> <span class='ocrx_word' id='word_1_315' title='bbox 680 2400 739 2457; x_wconf 91' lang='lat' dir='ltr'><strong>ideo</strong></span> <span class='ocrx_word' id='word_1_316' title='bbox 754 2414 896 2472; x_wconf 82' lang='lat' dir='ltr'><strong>regressus</strong></span> <span class='ocrx_word' id='word_1_317' title='bbox 912 2397 945 2454; x_wconf 92' lang='lat' dir='ltr'><strong>ad</strong></span> <span class='ocrx_word' id='word_1_318' title='bbox 980 2400 1093 2472; x_wconf 89' lang='lat' dir='ltr'><strong>principi</strong></span> <span class='ocrx_word' id='word_1_319' title='bbox 1111 2405 1293 2470; x_wconf 89' lang='lat' dir='ltr'><strong>praesentata,</strong></span> <span class='ocrx_word' id='word_1_320' title='bbox 1310 2406 1339 2456; x_wconf 94' lang='lat' dir='ltr'><strong>ut</strong></span> <span class='ocrx_word' id='word_1_321' title='bbox 1354 2402 1387 2459; x_wconf 91' lang='lat' dir='ltr'><strong>ab</strong></span> <span class='ocrx_word' id='word_1_322' title='bbox 1401 2417 1435 2457; x_wconf 88' lang='lat' dir='ltr'><strong>ee</strong></span> <span class='ocrx_word' id='word_1_323' title='bbox 1450 2401 1638 2458; x_wconf 83' lang='lat' dir='ltr'><strong>confirmetur.</strong></span> <span class='ocrx_word' id='word_1_324' title='bbox 1658 2404 1724 2460; x_wconf 84' lang='lat' dir='ltr'><strong>Nam</strong></span> <span class='ocrx_word' id='word_1_325' title='bbox 1739 2402 1782 2458; x_wconf 88' lang='lat' dir='ltr'><strong>illa</strong></span> 
     </span>
     <span class='ocr_line' id='line_1_24' title="bbox 139 2487 1781 2564; baseline -0.005 -7"><span class='ocrx_word' id='word_1_326' title='bbox 139 2514 291 2557; x_wconf 89' lang='lat' dir='ltr'><strong>commune</strong></span> <span class='ocrx_word' id='word_1_327' title='bbox 305 2499 350 2553; x_wconf 90' lang='lat' dir='ltr'><strong>ius</strong></span> <span class='ocrx_word' id='word_1_328' title='bbox 364 2492 517 2552; x_wconf 79' lang='lat' dir='ltr'><strong>fauorabilis</strong></span> <span class='ocrx_word' id='word_1_329' title='bbox 531 2497 673 2562; x_wconf 86' lang='lat' dir='ltr'><strong>censetur,</strong></span> <span class='ocrx_word' id='word_1_330' title='bbox 685 2496 714 2547; x_wconf 91' lang='lat' dir='ltr'><strong>et</strong></span> <span class='ocrx_word' id='word_1_331' title='bbox 727 2489 859 2547; x_wconf 83' lang='lat' dir='ltr'><strong>voluntati</strong></span> <span class='ocrx_word' id='word_1_332' title='bbox 873 2489 946 2561; x_wconf 91' lang='lat' dir='ltr'><strong>prio·</strong></span> <span class='ocrx_word' id='word_1_333' title='bbox 980 2488 1068 2544; x_wconf 89' lang='lat' dir='ltr'><strong>solum</strong></span> <span class='ocrx_word' id='word_1_334' title='bbox 1081 2497 1124 2545; x_wconf 88' lang='lat' dir='ltr'><strong>est</strong></span> <span class='ocrx_word' id='word_1_335' title='bbox 1138 2487 1220 2544; x_wconf 89' lang='lat' dir='ltr'><strong>veluti</strong></span> <span class='ocrx_word' id='word_1_336' title='bbox 1232 2489 1359 2545; x_wconf 80' lang='lat' dir='ltr'><strong>excitatio</strong></span> <span class='ocrx_word' id='word_1_337' title='bbox 1371 2492 1516 2562; x_wconf 86' lang='lat' dir='ltr'><strong>potestatis</strong></span> <span class='ocrx_word' id='word_1_338' title='bbox 1527 2491 1669 2563; x_wconf 88' lang='lat' dir='ltr'><strong>principis,</strong></span> <span class='ocrx_word' id='word_1_339' title='bbox 1680 2499 1708 2550; x_wconf 91' lang='lat' dir='ltr'><strong>et</strong></span> <span class='ocrx_word' id='word_1_340' title='bbox 1718 2508 1781 2564; x_wconf 91' lang='lat' dir='ltr'><strong>pre·</strong></span> 
     </span>
     <span class='ocr_line' id='line_1_25' title="bbox 139 2571 1781 2661; baseline -0.006 -15"><span class='ocrx_word' id='word_1_341' title='bbox 139 2590 209 2661; x_wconf 88' lang='lat' dir='ltr'><strong>cipis</strong></span> <span class='ocrx_word' id='word_1_342' title='bbox 225 2594 440 2646; x_wconf 88' lang='lat' dir='ltr'><strong>consentaneus.</strong></span> <span class='ocrx_word' id='word_1_343' title='bbox 979 2571 1079 2650; x_wconf 85' lang='lat' dir='ltr'><strong>positid</strong></span> <span class='ocrx_word' id='word_1_344' title='bbox 1091 2577 1158 2651; x_wconf 91' lang='lat' dir='ltr'><strong>legis</strong></span> <span class='ocrx_word' id='word_1_345' title='bbox 1173 2579 1361 2634; x_wconf 80' lang='lat' dir='ltr'><strong>convenientis</strong></span> <span class='ocrx_word' id='word_1_346' title='bbox 1376 2581 1517 2636; x_wconf 88' lang='lat' dir='ltr'><strong>communi</strong></span> <span class='ocrx_word' id='word_1_347' title='bbox 1531 2581 1613 2653; x_wconf 88' lang='lat' dir='ltr'><strong>bono;</strong></span> <span class='ocrx_word' id='word_1_348' title='bbox 1626 2596 1692 2653; x_wconf 89' lang='lat' dir='ltr'><strong>erge</strong></span> <span class='ocrx_word' id='word_1_349' title='bbox 1707 2587 1781 2651; x_wconf 88' lang='lat' dir='ltr'><strong>post·</strong></span> 
     </span>
     <span class='ocr_line' id='line_1_26' title="bbox 178 2667 1779 2750; baseline -0.004 -17"><span class='ocrx_word' id='word_1_350' title='bbox 178 2677 233 2736; x_wconf 90' lang='lat' dir='ltr'><strong>sed</strong></span> <span class='ocrx_word' id='word_1_351' title='bbox 254 2675 336 2750; x_wconf 91' lang='lat' dir='ltr'><strong>quid,</strong></span> <span class='ocrx_word' id='word_1_352' title='bbox 359 2677 380 2730; x_wconf 90' lang='lat' dir='ltr'><strong>si</strong></span> <span class='ocrx_word' id='word_1_353' title='bbox 401 2679 535 2729; x_wconf 87' lang='lat' dir='ltr'><strong>statutum</strong></span> <span class='ocrx_word' id='word_1_354' title='bbox 557 2672 596 2726; x_wconf 86' lang='lat' dir='ltr'><strong>sic</strong></span> <span class='ocrx_word' id='word_1_355' title='bbox 622 2669 812 2726; x_wconf 83' lang='lat' dir='ltr'><strong>confirmatum</strong></span> <span class='ocrx_word' id='word_1_356' title='bbox 834 2668 945 2726; x_wconf 89' lang='lat' dir='ltr'><strong>tollatur</strong></span> <span class='ocrx_word' id='word_1_357' title='bbox 979 2682 1061 2739; x_wconf 89' lang='lat' dir='ltr'><strong>quam</strong></span> <span class='ocrx_word' id='word_1_358' title='bbox 1077 2683 1124 2724; x_wconf 85' lang='lat' dir='ltr'><strong>rex</strong></span> <span class='ocrx_word' id='word_1_359' title='bbox 1139 2667 1211 2724; x_wconf 90' lang='lat' dir='ltr'><strong>illam</strong></span> <span class='ocrx_word' id='word_1_360' title='bbox 1226 2670 1381 2741; x_wconf 70' lang='lat' dir='ltr'><strong>confirmat,</strong></span> <span class='ocrx_word' id='word_1_361' title='bbox 1396 2675 1451 2726; x_wconf 91' lang='lat' dir='ltr'><strong>tarn</strong></span> <span class='ocrx_word' id='word_1_362' title='bbox 1465 2669 1567 2726; x_wconf 89' lang='lat' dir='ltr'><strong>stabilis</strong></span> <span class='ocrx_word' id='word_1_363' title='bbox 1584 2675 1733 2741; x_wconf 89' lang='lat' dir='ltr'><strong>permanet,</strong></span> <span class='ocrx_word' id='word_1_364' title='bbox 1746 2685 1779 2727; x_wconf 91' lang='lat' dir='ltr'><strong>ac</strong></span> 
     </span>
     <span class='ocr_line' id='line_1_27' title="bbox 141 2755 1779 2833; baseline -0.009 -6"><span class='ocrx_word' id='word_1_365' title='bbox 141 2773 198 2827; x_wconf 88' lang='lat' dir='ltr'><strong>sine</strong></span> <span class='ocrx_word' id='word_1_366' title='bbox 220 2783 293 2824; x_wconf 87' lang='lat' dir='ltr'><strong>noro</strong></span> <span class='ocrx_word' id='word_1_367' title='bbox 313 2771 432 2833; x_wconf 80' lang='lat' dir='ltr'><strong>statmo,</strong></span> <span class='ocrx_word' id='word_1_368' title='bbox 448 2767 476 2818; x_wconf 90' lang='lat' dir='ltr'><strong>et</strong></span> <span class='ocrx_word' id='word_1_369' title='bbox 493 2761 549 2817; x_wconf 90' lang='lat' dir='ltr'><strong>sine</strong></span> <span class='ocrx_word' id='word_1_370' title='bbox 564 2759 653 2816; x_wconf 89' lang='lat' dir='ltr'><strong>reditu</strong></span> <span class='ocrx_word' id='word_1_371' title='bbox 673 2758 705 2815; x_wconf 94' lang='lat' dir='ltr'><strong>ad</strong></span> <span class='ocrx_word' id='word_1_372' title='bbox 724 2759 765 2814; x_wconf 90' lang='lat' dir='ltr'><strong>ius</strong></span> <span class='ocrx_word' id='word_1_373' title='bbox 784 2755 945 2814; x_wconf 81' lang='lat' dir='ltr'><strong>commune?</strong></span> <span class='ocrx_word' id='word_1_374' title='bbox 979 2757 1001 2814; x_wconf 91' lang='lat' dir='ltr'><strong>si</strong></span> <span class='ocrx_word' id='word_1_375' title='bbox 1013 2757 1116 2830; x_wconf 90' lang='lat' dir='ltr'><strong>abipso</strong></span> <span class='ocrx_word' id='word_1_376' title='bbox 1131 2773 1178 2830; x_wconf 88' lang='lat' dir='ltr'><strong>per</strong></span> <span class='ocrx_word' id='word_1_377' title='bbox 1193 2772 1222 2814; x_wconf 91' lang='lat' dir='ltr'><strong>se</strong></span> <span class='ocrx_word' id='word_1_378' title='bbox 1234 2756 1285 2814; x_wconf 91' lang='lat' dir='ltr'><strong>lata</strong></span> <span class='ocrx_word' id='word_1_379' title='bbox 1299 2759 1406 2815; x_wconf 86' lang='lat' dir='ltr'><strong>luisset.</strong></span> <span class='ocrx_word' id='word_1_380' title='bbox 1424 2759 1779 2828; x_wconf 81' lang='lat' dir='ltr'><strong>Declaratur,etconlirma-</strong></span> 
     </span>
     <span class='ocr_line' id='line_1_28' title="bbox 140 2831 1778 2922; baseline -0.007 -5"><span class='ocrx_word' id='word_1_381' title='bbox 140 2861 193 2916; x_wconf 90' lang='lat' dir='ltr'><strong>boe</strong></span> <span class='ocrx_word' id='word_1_382' title='bbox 208 2859 281 2914; x_wconf 90' lang='lat' dir='ltr'><strong>enirn</strong></span> <span class='ocrx_word' id='word_1_383' title='bbox 298 2854 451 2911; x_wconf 87' lang='lat' dir='ltr'><strong>membrum</strong></span> <span class='ocrx_word' id='word_1_384' title='bbox 467 2850 639 2922; x_wconf 86' lang='lat' dir='ltr'><strong>reliquerunt</strong></span> <span class='ocrx_word' id='word_1_385' title='bbox 652 2847 751 2904; x_wconf 88' lang='lat' dir='ltr'><strong>Bartel.</strong></span> <span class='ocrx_word' id='word_1_386' title='bbox 765 2853 792 2902; x_wconf 91' lang='lat' dir='ltr'><strong>et</strong></span> <span class='ocrx_word' id='word_1_387' title='bbox 806 2847 862 2914; x_wconf 81' lang='lat' dir='ltr'><strong>alii,</strong></span> <span class='ocrx_word' id='word_1_388' title='bbox 877 2862 942 2904; x_wconf 88' lang='lat' dir='ltr'><strong>cum</strong></span> <span class='ocrx_word' id='word_1_389' title='bbox 979 2855 1043 2916; x_wconf 90' lang='lat' dir='ltr'><strong>tur,</strong></span> <span class='ocrx_word' id='word_1_390' title='bbox 1059 2848 1124 2920; x_wconf 92' lang='lat' dir='ltr'><strong>quia</strong></span> <span class='ocrx_word' id='word_1_391' title='bbox 1139 2847 1164 2902; x_wconf 91' lang='lat' dir='ltr'><strong>in</strong></span> <span class='ocrx_word' id='word_1_392' title='bbox 1178 2845 1225 2903; x_wconf 93' lang='lat' dir='ltr'><strong>illo</strong></span> <span class='ocrx_word' id='word_1_393' title='bbox 1241 2831 1359 2918; x_wconf 83' lang='lat' dir='ltr'><strong>statuto,</strong></span> <span class='ocrx_word' id='word_1_394' title='bbox 1375 2847 1416 2904; x_wconf 85' lang='lat' dir='ltr'><strong>rel</strong></span> <span class='ocrx_word' id='word_1_395' title='bbox 1436 2849 1493 2922; x_wconf 89' lang='lat' dir='ltr'><strong>lege</strong></span> <span class='ocrx_word' id='word_1_396' title='bbox 1507 2855 1614 2921; x_wconf 89' lang='lat' dir='ltr'><strong>praeter</strong></span> <span class='ocrx_word' id='word_1_397' title='bbox 1630 2849 1778 2922; x_wconf 90' lang='lat' dir='ltr'><strong>principem</strong></span> 
     </span>
     <span class='ocr_line' id='line_1_29' title="bbox 141 2937 1775 3012; baseline -0.007 -6"><span class='ocrx_word' id='word_1_398' title='bbox 141 2957 233 3006; x_wconf 81' lang='lat' dir='ltr'><strong>umen</strong></span> <span class='ocrx_word' id='word_1_399' title='bbox 249 2947 287 3002; x_wconf 87' lang='lat' dir='ltr'><strong>sit</strong></span> <span class='ocrx_word' id='word_1_400' title='bbox 305 2943 383 3000; x_wconf 89' lang='lat' dir='ltr'><strong>iacile</strong></span> <span class='ocrx_word' id='word_1_401' title='bbox 402 2939 537 3012; x_wconf 90' lang='lat' dir='ltr'><strong>possibile.</strong></span> <span class='ocrx_word' id='word_1_402' title='bbox 554 2940 619 2994; x_wconf 86' lang='lat' dir='ltr'><strong>Nam</strong></span> <span class='ocrx_word' id='word_1_403' title='bbox 639 2951 719 3008; x_wconf 88' lang='lat' dir='ltr'><strong>saepe</strong></span> <span class='ocrx_word' id='word_1_404' title='bbox 734 2943 868 2993; x_wconf 89' lang='lat' dir='ltr'><strong>statutum</strong></span> <span class='ocrx_word' id='word_1_405' title='bbox 885 2953 946 3008; x_wconf 89' lang='lat' dir='ltr'><strong>spe·</strong></span> <span class='ocrx_word' id='word_1_406' title='bbox 978 2937 1183 2993; x_wconf 79' lang='lat' dir='ltr'><strong>confirmantem</strong></span> <span class='ocrx_word' id='word_1_407' title='bbox 1208 2943 1316 3007; x_wconf 86' lang='lat' dir='ltr'><strong>oportet</strong></span> <span class='ocrx_word' id='word_1_408' title='bbox 1339 2937 1509 3012; x_wconf 80' lang='lat' dir='ltr'><strong>distinguere</strong></span> <span class='ocrx_word' id='word_1_409' title='bbox 1534 2939 1696 3010; x_wconf 90' lang='lat' dir='ltr'><strong>eonsilium,</strong></span> <span class='ocrx_word' id='word_1_410' title='bbox 1726 2954 1775 2995; x_wconf 91' lang='lat' dir='ltr'><strong>scu</strong></span> 
     </span>
     <span class='ocr_line' id='line_1_30' title="bbox 139 3025 1775 3107; baseline -0.007 -13"><span class='ocrx_word' id='word_1_411' title='bbox 139 3039 209 3094; x_wconf 87' lang='lat' dir='ltr'><strong>ciale</strong></span> <span class='ocrx_word' id='word_1_412' title='bbox 223 3043 268 3092; x_wconf 91' lang='lat' dir='ltr'><strong>est</strong></span> <span class='ocrx_word' id='word_1_413' title='bbox 286 3041 395 3107; x_wconf 87' lang='lat' dir='ltr'><strong>praeter</strong></span> <span class='ocrx_word' id='word_1_414' title='bbox 409 3032 450 3086; x_wconf 93' lang='lat' dir='ltr'><strong>ius</strong></span> <span class='ocrx_word' id='word_1_415' title='bbox 465 3043 622 3096; x_wconf 90' lang='lat' dir='ltr'><strong>commune,</strong></span> <span class='ocrx_word' id='word_1_416' title='bbox 637 3033 665 3082; x_wconf 87' lang='lat' dir='ltr'><strong>et</strong></span> <span class='ocrx_word' id='word_1_417' title='bbox 680 3041 734 3082; x_wconf 93' lang='lat' dir='ltr'><strong>eon</strong></span> <span class='ocrx_word' id='word_1_418' title='bbox 749 3031 857 3096; x_wconf 81' lang='lat' dir='ltr'><strong>centra3</strong></span> <span class='ocrx_word' id='word_1_419' title='bbox 877 3032 943 3082; x_wconf 91' lang='lat' dir='ltr'><strong>tune</strong></span> <span class='ocrx_word' id='word_1_420' title='bbox 978 3025 1216 3098; x_wconf 80' lang='lat' dir='ltr'><strong>congregationem</strong></span> <span class='ocrx_word' id='word_1_421' title='bbox 1239 3027 1431 3098; x_wconf 82' lang='lat' dir='ltr'><strong>statuentium,</strong></span> <span class='ocrx_word' id='word_1_422' title='bbox 1447 3032 1474 3082; x_wconf 90' lang='lat' dir='ltr'><strong>el</strong></span> <span class='ocrx_word' id='word_1_423' title='bbox 1492 3033 1576 3086; x_wconf 91' lang='lat' dir='ltr'><strong>totam</strong></span> <span class='ocrx_word' id='word_1_424' title='bbox 1593 3029 1775 3084; x_wconf 85' lang='lat' dir='ltr'><strong>communita·</strong></span> 
     </span>
     <span class='ocr_line' id='line_1_31' title="bbox 139 3113 1776 3200; baseline -0.006 -17"><span class='ocrx_word' id='word_1_425' title='bbox 139 3143 205 3200; x_wconf 88' lang='lat' dir='ltr'><strong>ergo</strong></span> <span class='ocrx_word' id='word_1_426' title='bbox 225 3126 328 3197; x_wconf 89' lang='lat' dir='ltr'><strong>poterit</strong></span> <span class='ocrx_word' id='word_1_427' title='bbox 349 3119 474 3191; x_wconf 89' lang='lat' dir='ltr'><strong>abrogari</strong></span> <span class='ocrx_word' id='word_1_428' title='bbox 488 3119 545 3196; x_wconf 82' lang='lat' dir='ltr'><strong>sine</strong></span> <span class='ocrx_word' id='word_1_429' title='bbox 565 3115 656 3172; x_wconf 91' lang='lat' dir='ltr'><strong>reditu</strong></span> <span class='ocrx_word' id='word_1_430' title='bbox 675 3113 708 3170; x_wconf 89' lang='lat' dir='ltr'><strong>ad</strong></span> <span class='ocrx_word' id='word_1_431' title='bbox 722 3114 764 3170; x_wconf 90' lang='lat' dir='ltr'><strong>ius</strong></span> <span class='ocrx_word' id='word_1_432' title='bbox 784 3129 943 3184; x_wconf 89' lang='lat' dir='ltr'><strong>commune,</strong></span> <span class='ocrx_word' id='word_1_433' title='bbox 978 3119 1031 3169; x_wconf 90' lang='lat' dir='ltr'><strong>tem</strong></span> <span class='ocrx_word' id='word_1_434' title='bbox 1047 3115 1196 3188; x_wconf 89' lang='lat' dir='ltr'><strong>integram,</strong></span> <span class='ocrx_word' id='word_1_435' title='bbox 1212 3130 1260 3185; x_wconf 92' lang='lat' dir='ltr'><strong>pre</strong></span> <span class='ocrx_word' id='word_1_436' title='bbox 1274 3115 1380 3188; x_wconf 77' lang='lat' dir='ltr'><strong>quales</strong></span> <span class='ocrx_word' id='word_1_437' title='bbox 1396 3116 1497 3188; x_wconf 87' lang='lat' dir='ltr'><strong>lertur,</strong></span> <span class='ocrx_word' id='word_1_438' title='bbox 1511 3123 1541 3173; x_wconf 92' lang='lat' dir='ltr'><strong>ut</strong></span> <span class='ocrx_word' id='word_1_439' title='bbox 1552 3123 1593 3173; x_wconf 90' lang='lat' dir='ltr'><strong>est</strong></span> <span class='ocrx_word' id='word_1_440' title='bbox 1605 3118 1629 3173; x_wconf 94' lang='lat' dir='ltr'><strong>in</strong></span> <span class='ocrx_word' id='word_1_441' title='bbox 1646 3116 1776 3190; x_wconf 89' lang='lat' dir='ltr'><strong>religione</strong></span> 
     </span>
     <span class='ocr_line' id='line_1_32' title="bbox 140 3203 1777 3286; baseline -0.006 -14"><span class='ocrx_word' id='word_1_442' title='bbox 140 3217 189 3272; x_wconf 86' lang='lat' dir='ltr'><strong>nisi</strong></span> <span class='ocrx_word' id='word_1_443' title='bbox 212 3216 332 3286; x_wconf 85' lang='lat' dir='ltr'><strong>largest</strong></span> <span class='ocrx_word' id='word_1_444' title='bbox 352 3210 499 3282; x_wconf 90' lang='lat' dir='ltr'><strong>improprie</strong></span> <span class='ocrx_word' id='word_1_445' title='bbox 514 3221 562 3278; x_wconf 89' lang='lat' dir='ltr'><strong>per</strong></span> <span class='ocrx_word' id='word_1_446' title='bbox 582 3206 667 3262; x_wconf 89' lang='lat' dir='ltr'><strong>selam</strong></span> <span class='ocrx_word' id='word_1_447' title='bbox 686 3204 856 3277; x_wconf 90' lang='lat' dir='ltr'><strong>negationem</strong></span> <span class='ocrx_word' id='word_1_448' title='bbox 870 3203 945 3261; x_wconf 90' lang='lat' dir='ltr'><strong>addi·</strong></span> <span class='ocrx_word' id='word_1_449' title='bbox 978 3203 1130 3274; x_wconf 86' lang='lat' dir='ltr'><strong>capitulum</strong></span> <span class='ocrx_word' id='word_1_450' title='bbox 1152 3211 1358 3274; x_wconf 86' lang='lat' dir='ltr'><strong>repraesentans</strong></span> <span class='ocrx_word' id='word_1_451' title='bbox 1378 3205 1553 3279; x_wconf 89' lang='lat' dir='ltr'><strong>religionem,</strong></span> <span class='ocrx_word' id='word_1_452' title='bbox 1568 3211 1597 3261; x_wconf 88' lang='lat' dir='ltr'><strong>ct</strong></span> <span class='ocrx_word' id='word_1_453' title='bbox 1610 3211 1667 3262; x_wconf 91' lang='lat' dir='ltr'><strong>tcta</strong></span> <span class='ocrx_word' id='word_1_454' title='bbox 1682 3204 1777 3278; x_wconf 91' lang='lat' dir='ltr'><strong>religio</strong></span> 
     </span>
     <span class='ocr_line' id='line_1_33' title="bbox 141 3293 1775 3372; baseline -0.007 -10"><span class='ocrx_word' id='word_1_455' title='bbox 141 3307 220 3362; x_wconf 90' lang='lat' dir='ltr'><strong>tionis</strong></span> <span class='ocrx_word' id='word_1_456' title='bbox 235 3303 268 3358; x_wconf 92' lang='lat' dir='ltr'><strong>ed</strong></span> <span class='ocrx_word' id='word_1_457' title='bbox 284 3300 366 3369; x_wconf 91' lang='lat' dir='ltr'><strong>illud,</strong></span> <span class='ocrx_word' id='word_1_458' title='bbox 382 3313 452 3372; x_wconf 93' lang='lat' dir='ltr'><strong>quae</strong></span> <span class='ocrx_word' id='word_1_459' title='bbox 468 3311 520 3352; x_wconf 93' lang='lat' dir='ltr'><strong>non</strong></span> <span class='ocrx_word' id='word_1_460' title='bbox 535 3294 642 3350; x_wconf 84' lang='lat' dir='ltr'><strong>ridetur</strong></span> <span class='ocrx_word' id='word_1_461' title='bbox 657 3295 695 3350; x_wconf 89' lang='lat' dir='ltr'><strong>ila</strong></span> <span class='ocrx_word' id='word_1_462' title='bbox 710 3293 874 3363; x_wconf 83' lang='lat' dir='ltr'><strong>favorabilis,</strong></span> <span class='ocrx_word' id='word_1_463' title='bbox 891 3297 943 3350; x_wconf 88' lang='lat' dir='ltr'><strong>sic·</strong></span> <span class='ocrx_word' id='word_1_464' title='bbox 979 3295 1004 3348; x_wconf 93' lang='lat' dir='ltr'><strong>in</strong></span> <span class='ocrx_word' id='word_1_465' title='bbox 1027 3309 1055 3349; x_wconf 90' lang='lat' dir='ltr'><strong>se</strong></span> <span class='ocrx_word' id='word_1_466' title='bbox 1077 3300 1209 3366; x_wconf 89' lang='lat' dir='ltr'><strong>spectata.</strong></span> <span class='ocrx_word' id='word_1_467' title='bbox 1226 3296 1255 3350; x_wconf 97' lang='lat' dir='ltr'><strong>ln</strong></span> <span class='ocrx_word' id='word_1_468' title='bbox 1276 3295 1322 3350; x_wconf 93' lang='lat' dir='ltr'><strong>illc</strong></span> <span class='ocrx_word' id='word_1_469' title='bbox 1342 3294 1423 3366; x_wconf 89' lang='lat' dir='ltr'><strong>igitur</strong></span> <span class='ocrx_word' id='word_1_470' title='bbox 1444 3309 1512 3350; x_wconf 88' lang='lat' dir='ltr'><strong>casu</strong></span> <span class='ocrx_word' id='word_1_471' title='bbox 1532 3295 1702 3367; x_wconf 88' lang='lat' dir='ltr'><strong>capitulum,</strong></span> <span class='ocrx_word' id='word_1_472' title='bbox 1725 3311 1775 3351; x_wconf 88' lang='lat' dir='ltr'><strong>seu</strong></span> 
     </span>
     <span class='ocr_line' id='line_1_34' title="bbox 140 3382 1776 3464; baseline -0.008 -14"><span class='ocrx_word' id='word_1_473' title='bbox 140 3401 170 3450; x_wconf 89' lang='lat' dir='ltr'><strong>ut</strong></span> <span class='ocrx_word' id='word_1_474' title='bbox 192 3391 325 3464; x_wconf 82' lang='lat' dir='ltr'><strong>positivus</strong></span> <span class='ocrx_word' id='word_1_475' title='bbox 349 3387 453 3444; x_wconf 89' lang='lat' dir='ltr'><strong>reditus</strong></span> <span class='ocrx_word' id='word_1_476' title='bbox 477 3384 509 3442; x_wconf 94' lang='lat' dir='ltr'><strong>ad</strong></span> <span class='ocrx_word' id='word_1_477' title='bbox 526 3385 567 3440; x_wconf 89' lang='lat' dir='ltr'><strong>ius</strong></span> <span class='ocrx_word' id='word_1_478' title='bbox 587 3399 744 3440; x_wconf 88' lang='lat' dir='ltr'><strong>commune.</strong></span> <span class='ocrx_word' id='word_1_479' title='bbox 764 3382 943 3439; x_wconf 81' lang='lat' dir='ltr'><strong>Nihilominus</strong></span> <span class='ocrx_word' id='word_1_480' title='bbox 977 3389 1130 3440; x_wconf 87' lang='lat' dir='ltr'><strong>statuentes</strong></span> <span class='ocrx_word' id='word_1_481' title='bbox 1146 3399 1200 3438; x_wconf 92' lang='lat' dir='ltr'><strong>nen</strong></span> <span class='ocrx_word' id='word_1_482' title='bbox 1212 3389 1326 3454; x_wconf 89' lang='lat' dir='ltr'><strong>possunt</strong></span> <span class='ocrx_word' id='word_1_483' title='bbox 1337 3398 1467 3439; x_wconf 87' lang='lat' dir='ltr'><strong>revocare</strong></span> <span class='ocrx_word' id='word_1_484' title='bbox 1479 3383 1564 3455; x_wconf 90' lang='lat' dir='ltr'><strong>legem</strong></span> <span class='ocrx_word' id='word_1_485' title='bbox 1576 3385 1616 3438; x_wconf 90' lang='lat' dir='ltr'><strong>sic</strong></span> <span class='ocrx_word' id='word_1_486' title='bbox 1630 3383 1776 3439; x_wconf 79' lang='lat' dir='ltr'><strong>confirma·</strong></span> 
     </span>
     <span class='ocr_line' id='line_1_35' title="bbox 140 3465 1775 3544; baseline -0.008 -3"><span class='ocrx_word' id='word_1_487' title='bbox 140 3493 229 3540; x_wconf 72' lang='lat' dir='ltr'><strong>emen</strong></span> <span class='ocrx_word' id='word_1_488' title='bbox 244 3497 277 3537; x_wconf 82' lang='lat' dir='ltr'><strong>es</strong></span> <span class='ocrx_word' id='word_1_489' title='bbox 293 3477 469 3536; x_wconf 77' lang='lat' dir='ltr'><strong>fundamento</strong></span> <span class='ocrx_word' id='word_1_490' title='bbox 482 3474 556 3531; x_wconf 92' lang='lat' dir='ltr'><strong>Baldi</strong></span> <span class='ocrx_word' id='word_1_491' title='bbox 571 3475 623 3530; x_wconf 92' lang='lat' dir='ltr'><strong>crit</strong></span> <span class='ocrx_word' id='word_1_492' title='bbox 637 3480 705 3530; x_wconf 91' lang='lat' dir='ltr'><strong>tunc</strong></span> <span class='ocrx_word' id='word_1_493' title='bbox 721 3470 786 3528; x_wconf 92' lang='lat' dir='ltr'><strong>iilud</strong></span> <span class='ocrx_word' id='word_1_494' title='bbox 807 3479 942 3530; x_wconf 86' lang='lat' dir='ltr'><strong>statutum</strong></span> <span class='ocrx_word' id='word_1_495' title='bbox 977 3479 1033 3530; x_wconf 91' lang='lat' dir='ltr'><strong>tam</strong></span> <span class='ocrx_word' id='word_1_496' title='bbox 1047 3465 1063 3530; x_wconf 80' lang='lat' dir='ltr'><strong>&#39;a</strong></span> <span class='ocrx_word' id='word_1_497' title='bbox 1079 3473 1213 3544; x_wconf 90' lang='lat' dir='ltr'><strong>principe,</strong></span> <span class='ocrx_word' id='word_1_498' title='bbox 1227 3473 1301 3529; x_wconf 82' lang='lat' dir='ltr'><strong>iuxta</strong></span> <span class='ocrx_word' id='word_1_499' title='bbox 1315 3471 1467 3529; x_wconf 90' lang='lat' dir='ltr'><strong>doctrinam</strong></span> <span class='ocrx_word' id='word_1_500' title='bbox 1483 3473 1592 3529; x_wconf 75' lang='lat' dir='ltr'><strong>abbatis</strong></span> <span class='ocrx_word' id='word_1_501' title='bbox 1607 3488 1691 3544; x_wconf 91' lang='lat' dir='ltr'><strong>supra</strong></span> <span class='ocrx_word' id='word_1_502' title='bbox 1704 3473 1775 3528; x_wconf 89' lang='lat' dir='ltr'><strong>rela-</strong></span> 
     </span>
     <span class='ocr_line' id='line_1_36' title="bbox 138 3559 1774 3640; baseline -0.009 -10"><span class='ocrx_word' id='word_1_503' title='bbox 138 3569 379 3640; x_wconf 83' lang='lat' dir='ltr'><strong>resocabile,quia</strong></span> <span class='ocrx_word' id='word_1_504' title='bbox 394 3567 562 3623; x_wconf 80' lang='lat' dir='ltr'><strong>confirmatio</strong></span> <span class='ocrx_word' id='word_1_505' title='bbox 576 3564 639 3619; x_wconf 89' lang='lat' dir='ltr'><strong>data</strong></span> <span class='ocrx_word' id='word_1_506' title='bbox 654 3570 696 3619; x_wconf 91' lang='lat' dir='ltr'><strong>est</strong></span> <span class='ocrx_word' id='word_1_507' title='bbox 710 3563 734 3617; x_wconf 94' lang='lat' dir='ltr'><strong>in</strong></span> <span class='ocrx_word' id='word_1_508' title='bbox 749 3562 880 3632; x_wconf 78' lang='lat' dir='ltr'><strong>laverant,</strong></span> <span class='ocrx_word' id='word_1_509' title='bbox 894 3562 940 3619; x_wconf 89' lang='lat' dir='ltr'><strong>cui</strong></span> <span class='ocrx_word' id='word_1_510' title='bbox 978 3568 1048 3633; x_wconf 89' lang='lat' dir='ltr'><strong>tarn,</strong></span> <span class='ocrx_word' id='word_1_511' title='bbox 1065 3562 1128 3634; x_wconf 89' lang='lat' dir='ltr'><strong>qnia</strong></span> <span class='ocrx_word' id='word_1_512' title='bbox 1149 3578 1201 3616; x_wconf 92' lang='lat' dir='ltr'><strong>non</strong></span> <span class='ocrx_word' id='word_1_513' title='bbox 1216 3569 1258 3617; x_wconf 90' lang='lat' dir='ltr'><strong>est</strong></span> <span class='ocrx_word' id='word_1_514' title='bbox 1276 3561 1347 3617; x_wconf 86' lang='lat' dir='ltr'><strong>iacta</strong></span> <span class='ocrx_word' id='word_1_515' title='bbox 1363 3561 1388 3616; x_wconf 91' lang='lat' dir='ltr'><strong>in</strong></span> <span class='ocrx_word' id='word_1_516' title='bbox 1402 3577 1499 3618; x_wconf 89' lang='lat' dir='ltr'><strong>eorum</strong></span> <span class='ocrx_word' id='word_1_517' title='bbox 1514 3562 1652 3628; x_wconf 86' lang='lat' dir='ltr'><strong>levorem,</strong></span> <span class='ocrx_word' id='word_1_518' title='bbox 1669 3559 1716 3617; x_wconf 88' lang='lat' dir='ltr'><strong>sed</strong></span> <span class='ocrx_word' id='word_1_519' title='bbox 1733 3568 1774 3618; x_wconf 90' lang='lat' dir='ltr'><strong>tc-</strong></span> 
     </span>
     <span class='ocr_line' id='line_1_37' title="bbox 140 3648 1774 3736; baseline -0.007 -17"><span class='ocrx_word' id='word_1_520' title='bbox 140 3667 258 3736; x_wconf 88' lang='lat' dir='ltr'><strong>pcssunt</strong></span> <span class='ocrx_word' id='word_1_521' title='bbox 284 3658 382 3716; x_wconf 87' lang='lat' dir='ltr'><strong>cedere</strong></span> <span class='ocrx_word' id='word_1_522' title='bbox 403 3656 453 3726; x_wconf 90' lang='lat' dir='ltr'><strong>illi,</strong></span> <span class='ocrx_word' id='word_1_523' title='bbox 477 3655 503 3710; x_wconf 93' lang='lat' dir='ltr'><strong>in</strong></span> <span class='ocrx_word' id='word_1_524' title='bbox 527 3669 647 3726; x_wconf 87' lang='lat' dir='ltr'><strong>querum</strong></span> <span class='ocrx_word' id='word_1_525' title='bbox 667 3654 781 3724; x_wconf 88' lang='lat' dir='ltr'><strong>gratiam</strong></span> <span class='ocrx_word' id='word_1_526' title='bbox 805 3650 868 3708; x_wconf 95' lang='lat' dir='ltr'><strong>data</strong></span> <span class='ocrx_word' id='word_1_527' title='bbox 887 3656 939 3708; x_wconf 89' lang='lat' dir='ltr'><strong>est.</strong></span> <span class='ocrx_word' id='word_1_528' title='bbox 978 3653 1032 3708; x_wconf 90' lang='lat' dir='ltr'><strong>tius</strong></span> <span class='ocrx_word' id='word_1_529' title='bbox 1053 3651 1204 3724; x_wconf 87' lang='lat' dir='ltr'><strong>religionis.</strong></span> <span class='ocrx_word' id='word_1_530' title='bbox 1222 3652 1296 3722; x_wconf 86' lang='lat' dir='ltr'><strong>Ergo</strong></span> <span class='ocrx_word' id='word_1_531' title='bbox 1318 3665 1405 3722; x_wconf 92' lang='lat' dir='ltr'><strong>neque</strong></span> <span class='ocrx_word' id='word_1_532' title='bbox 1424 3648 1515 3723; x_wconf 89' lang='lat' dir='ltr'><strong>religio</strong></span> <span class='ocrx_word' id='word_1_533' title='bbox 1531 3658 1619 3724; x_wconf 91' lang='lat' dir='ltr'><strong>petest</strong></span> <span class='ocrx_word' id='word_1_534' title='bbox 1635 3649 1706 3706; x_wconf 90' lang='lat' dir='ltr'><strong>illam</strong></span> <span class='ocrx_word' id='word_1_535' title='bbox 1721 3651 1774 3708; x_wconf 91' lang='lat' dir='ltr'><strong>tol-</strong></span> 
     </span>
     <span class='ocr_line' id='line_1_38' title="bbox 139 3740 1773 3812; baseline -0.009 -2"><span class='ocrx_word' id='word_1_536' title='bbox 139 3755 215 3810; x_wconf 85' lang='lat' dir='ltr'><strong>lunc</strong></span> <span class='ocrx_word' id='word_1_537' title='bbox 230 3755 322 3806; x_wconf 78' lang='lat' dir='ltr'><strong>aretem</strong></span> <span class='ocrx_word' id='word_1_538' title='bbox 342 3746 512 3802; x_wconf 84' lang='lat' dir='ltr'><strong>necessarius</strong></span> <span class='ocrx_word' id='word_1_539' title='bbox 526 3745 578 3800; x_wconf 91' lang='lat' dir='ltr'><strong>erit</strong></span> <span class='ocrx_word' id='word_1_540' title='bbox 596 3753 749 3798; x_wconf 86' lang='lat' dir='ltr'><strong>consensus</strong></span> <span class='ocrx_word' id='word_1_541' title='bbox 764 3743 848 3798; x_wconf 91' lang='lat' dir='ltr'><strong>totius</strong></span> <span class='ocrx_word' id='word_1_542' title='bbox 868 3758 944 3798; x_wconf 88' lang='lat' dir='ltr'><strong>ccm-</strong></span> <span class='ocrx_word' id='word_1_543' title='bbox 977 3740 1048 3811; x_wconf 90' lang='lat' dir='ltr'><strong>lere,</strong></span> <span class='ocrx_word' id='word_1_544' title='bbox 1068 3756 1116 3797; x_wconf 89' lang='lat' dir='ltr'><strong>nec</strong></span> <span class='ocrx_word' id='word_1_545' title='bbox 1132 3741 1229 3798; x_wconf 88' lang='lat' dir='ltr'><strong>cedere</strong></span> <span class='ocrx_word' id='word_1_546' title='bbox 1244 3757 1295 3797; x_wconf 89' lang='lat' dir='ltr'><strong>suo</strong></span> <span class='ocrx_word' id='word_1_547' title='bbox 1309 3740 1409 3810; x_wconf 80' lang='lat' dir='ltr'><strong>leucri,</strong></span> <span class='ocrx_word' id='word_1_548' title='bbox 1426 3742 1557 3812; x_wconf 88' lang='lat' dir='ltr'><strong>quianon</strong></span> <span class='ocrx_word' id='word_1_549' title='bbox 1580 3746 1711 3812; x_wconf 91' lang='lat' dir='ltr'><strong>operatur</strong></span> <span class='ocrx_word' id='word_1_550' title='bbox 1724 3755 1773 3812; x_wconf 90' lang='lat' dir='ltr'><strong>per</strong></span> 
     </span>
     <span class='ocr_line' id='line_1_39' title="bbox 139 3827 1773 3909; baseline -0.007 -11"><span class='ocrx_word' id='word_1_551' title='bbox 139 3842 298 3909; x_wconf 89' lang='lat' dir='ltr'><strong>munitatis,</strong></span> <span class='ocrx_word' id='word_1_552' title='bbox 316 3827 587 3894; x_wconf 72' lang='lat' dir='ltr'><strong>cuius&#39;eemmodum</strong></span> <span class='ocrx_word' id='word_1_553' title='bbox 603 3829 744 3904; x_wconf 90' lang='lat' dir='ltr'><strong>publicum</strong></span> <span class='ocrx_word' id='word_1_554' title='bbox 761 3831 887 3902; x_wconf 88' lang='lat' dir='ltr'><strong>princeps</strong></span> <span class='ocrx_word' id='word_1_555' title='bbox 902 3831 943 3886; x_wconf 95' lang='lat' dir='ltr'><strong>in·</strong></span> <span class='ocrx_word' id='word_1_556' title='bbox 978 3831 1089 3887; x_wconf 91' lang='lat' dir='ltr'><strong>medum</strong></span> <span class='ocrx_word' id='word_1_557' title='bbox 1105 3831 1202 3898; x_wconf 93' lang='lat' dir='ltr'><strong>unius,</strong></span> <span class='ocrx_word' id='word_1_558' title='bbox 1214 3831 1265 3886; x_wconf 91' lang='lat' dir='ltr'><strong>nisi</strong></span> <span class='ocrx_word' id='word_1_559' title='bbox 1279 3828 1413 3886; x_wconf 89' lang='lat' dir='ltr'><strong>medianle</strong></span> <span class='ocrx_word' id='word_1_560' title='bbox 1424 3829 1552 3902; x_wconf 90' lang='lat' dir='ltr'><strong>capitulo.</strong></span> <span class='ocrx_word' id='word_1_561' title='bbox 1567 3829 1644 3887; x_wconf 90' lang='lat' dir='ltr'><strong>Unde</strong></span> <span class='ocrx_word' id='word_1_562' title='bbox 1658 3845 1712 3885; x_wconf 92' lang='lat' dir='ltr'><strong>neu</strong></span> <span class='ocrx_word' id='word_1_563' title='bbox 1725 3845 1773 3900; x_wconf 93' lang='lat' dir='ltr'><strong>pe·</strong></span> 
     </span>
     <span class='ocr_line' id='line_1_40' title="bbox 137 3917 1775 3993; baseline -0.008 -6"><span class='ocrx_word' id='word_1_564' title='bbox 137 3931 235 3988; x_wconf 91' lang='lat' dir='ltr'><strong>tendit.</strong></span> <span class='ocrx_word' id='word_1_565' title='bbox 976 3929 1031 3978; x_wconf 87' lang='lat' dir='ltr'><strong>test</strong></span> <span class='ocrx_word' id='word_1_566' title='bbox 1043 3919 1156 3993; x_wconf 87' lang='lat' dir='ltr'><strong>intelligi</strong></span> <span class='ocrx_word' id='word_1_567' title='bbox 1168 3919 1306 3992; x_wconf 91' lang='lat' dir='ltr'><strong>quomodo</strong></span> <span class='ocrx_word' id='word_1_568' title='bbox 1321 3926 1377 3975; x_wconf 89' lang='lat' dir='ltr'><strong>tota</strong></span> <span class='ocrx_word' id='word_1_569' title='bbox 1388 3919 1495 3989; x_wconf 83' lang='lat' dir='ltr'><strong>civitas,</strong></span> <span class='ocrx_word' id='word_1_570' title='bbox 1510 3917 1551 3974; x_wconf 86' lang='lat' dir='ltr'><strong>vel</strong></span> <span class='ocrx_word' id='word_1_571' title='bbox 1564 3918 1657 3992; x_wconf 90' lang='lat' dir='ltr'><strong>religio</strong></span> <span class='ocrx_word' id='word_1_572' title='bbox 1673 3933 1775 3974; x_wconf 90' lang='lat' dir='ltr'><strong>renue·</strong></span> 
     </span>
     <span class='ocr_line' id='line_1_41' title="bbox 176 4007 1771 4085; baseline -0.006 -10"><span class='ocrx_word' id='word_1_573' title='bbox 176 4017 276 4076; x_wconf 74' lang='lat' dir='ltr'><strong>adbuc</strong></span> <span class='ocrx_word' id='word_1_574' title='bbox 298 4029 364 4071; x_wconf 87' lang='lat' dir='ltr'><strong>vere</strong></span> <span class='ocrx_word' id='word_1_575' title='bbox 385 4018 511 4085; x_wconf 87' lang='lat' dir='ltr'><strong>superest</strong></span> <span class='ocrx_word' id='word_1_576' title='bbox 529 4010 679 4068; x_wconf 82' lang='lat' dir='ltr'><strong>difficultas</strong></span> <span class='ocrx_word' id='word_1_577' title='bbox 699 4011 726 4066; x_wconf 87' lang='lat' dir='ltr'><strong>in</strong></span> <span class='ocrx_word' id='word_1_578' title='bbox 752 4009 797 4066; x_wconf 94' lang='lat' dir='ltr'><strong>illo</strong></span> <span class='ocrx_word' id='word_1_579' title='bbox 818 4009 941 4068; x_wconf 89' lang='lat' dir='ltr'><strong>secundo</strong></span> <span class='ocrx_word' id='word_1_580' title='bbox 976 4012 1031 4067; x_wconf 90' lang='lat' dir='ltr'><strong>ciet</strong></span> <span class='ocrx_word' id='word_1_581' title='bbox 1050 4011 1098 4067; x_wconf 92' lang='lat' dir='ltr'><strong>tali</strong></span> <span class='ocrx_word' id='word_1_582' title='bbox 1119 4010 1188 4082; x_wconf 87' lang='lat' dir='ltr'><strong>legi,</strong></span> <span class='ocrx_word' id='word_1_583' title='bbox 1205 4010 1254 4065; x_wconf 86' lang='lat' dir='ltr'><strong>nisi</strong></span> <span class='ocrx_word' id='word_1_584' title='bbox 1275 4023 1323 4080; x_wconf 88' lang='lat' dir='ltr'><strong>per</strong></span> <span class='ocrx_word' id='word_1_585' title='bbox 1343 4009 1511 4065; x_wconf 89' lang='lat' dir='ltr'><strong>contrariam</strong></span> <span class='ocrx_word' id='word_1_586' title='bbox 1530 4007 1771 4081; x_wconf 89' lang='lat' dir='ltr'><strong>consuetudinem,</strong></span> 
     </span>
     <span class='ocr_line' id='line_1_42' title="bbox 139 4097 1773 4178; baseline -0.008 -11"><span class='ocrx_word' id='word_1_587' title='bbox 139 4109 281 4178; x_wconf 85' lang='lat' dir='ltr'><strong>membro;</strong></span> <span class='ocrx_word' id='word_1_588' title='bbox 297 4121 359 4162; x_wconf 92' lang='lat' dir='ltr'><strong>nam</strong></span> <span class='ocrx_word' id='word_1_589' title='bbox 381 4109 519 4160; x_wconf 87' lang='lat' dir='ltr'><strong>statutum</strong></span> <span class='ocrx_word' id='word_1_590' title='bbox 539 4101 731 4157; x_wconf 77' lang='lat' dir='ltr'><strong>confirmatum</strong></span> <span class='ocrx_word' id='word_1_591' title='bbox 751 4099 939 4172; x_wconf 87' lang='lat' dir='ltr'><strong>essentialiter,</strong></span> <span class='ocrx_word' id='word_1_592' title='bbox 976 4115 1059 4172; x_wconf 89' lang='lat' dir='ltr'><strong>quam</strong></span> <span class='ocrx_word' id='word_1_593' title='bbox 1075 4097 1212 4172; x_wconf 85' lang='lat' dir='ltr'><strong>oportebit</strong></span> <span class='ocrx_word' id='word_1_594' title='bbox 1229 4115 1289 4156; x_wconf 91' lang='lat' dir='ltr'><strong>esse</strong></span> <span class='ocrx_word' id='word_1_595' title='bbox 1304 4097 1446 4154; x_wconf 89' lang='lat' dir='ltr'><strong>toleratam</strong></span> <span class='ocrx_word' id='word_1_596' title='bbox 1461 4113 1476 4153; x_wconf 91' lang='lat' dir='ltr'><strong>c</strong></span> <span class='ocrx_word' id='word_1_597' title='bbox 1491 4098 1627 4170; x_wconf 92' lang='lat' dir='ltr'><strong>principe,</strong></span> <span class='ocrx_word' id='word_1_598' title='bbox 1644 4100 1719 4155; x_wconf 84' lang='lat' dir='ltr'><strong>iuxta</strong></span> <span class='ocrx_word' id='word_1_599' title='bbox 1733 4098 1773 4154; x_wconf 94' lang='lat' dir='ltr'><strong>di·</strong></span> 
     </span>
     <span class='ocr_line' id='line_1_43' title="bbox 140 4186 1772 4266; baseline -0.007 -10"><span class='ocrx_word' id='word_1_600' title='bbox 140 4207 170 4256; x_wconf 92' lang='lat' dir='ltr'><strong>ut</strong></span> <span class='ocrx_word' id='word_1_601' title='bbox 188 4201 230 4256; x_wconf 87' lang='lat' dir='ltr'><strong>sic</strong></span> <span class='ocrx_word' id='word_1_602' title='bbox 245 4198 350 4266; x_wconf 88' lang='lat' dir='ltr'><strong>dicem,</strong></span> <span class='ocrx_word' id='word_1_603' title='bbox 363 4208 412 4266; x_wconf 90' lang='lat' dir='ltr'><strong>per</strong></span> <span class='ocrx_word' id='word_1_604' title='bbox 425 4196 524 4265; x_wconf 89' lang='lat' dir='ltr'><strong>Papam</strong></span> <span class='ocrx_word' id='word_1_605' title='bbox 535 4235 541 4262; x_wconf 95' lang='lat'><strong>,</strong></span> <span class='ocrx_word' id='word_1_606' title='bbox 554 4197 595 4247; x_wconf 87' lang='lat' dir='ltr'><strong>est</strong></span> <span class='ocrx_word' id='word_1_607' title='bbox 611 4191 717 4264; x_wconf 87' lang='lat' dir='ltr'><strong>papale,</strong></span> <span class='ocrx_word' id='word_1_608' title='bbox 733 4191 797 4263; x_wconf 91' lang='lat' dir='ltr'><strong>quia</strong></span> <span class='ocrx_word' id='word_1_609' title='bbox 811 4191 845 4246; x_wconf 91' lang='lat' dir='ltr'><strong>ibi</strong></span> <span class='ocrx_word' id='word_1_610' title='bbox 858 4192 943 4247; x_wconf 90' lang='lat' dir='ltr'><strong>inter·</strong></span> <span class='ocrx_word' id='word_1_611' title='bbox 978 4190 1067 4248; x_wconf 89' lang='lat' dir='ltr'><strong>cende</strong></span> <span class='ocrx_word' id='word_1_612' title='bbox 1088 4191 1114 4244; x_wconf 93' lang='lat' dir='ltr'><strong>in</strong></span> <span class='ocrx_word' id='word_1_613' title='bbox 1137 4191 1260 4260; x_wconf 87' lang='lat' dir='ltr'><strong>sequenti</strong></span> <span class='ocrx_word' id='word_1_614' title='bbox 1282 4187 1359 4243; x_wconf 91' lang='lat' dir='ltr'><strong>libro.</strong></span> <span class='ocrx_word' id='word_1_615' title='bbox 1374 4186 1449 4245; x_wconf 87' lang='lat' dir='ltr'><strong>Unde</strong></span> <span class='ocrx_word' id='word_1_616' title='bbox 1471 4189 1513 4243; x_wconf 84' lang='lat' dir='ltr'><strong>rix</strong></span> <span class='ocrx_word' id='word_1_617' title='bbox 1534 4187 1651 4260; x_wconf 90' lang='lat' dir='ltr'><strong>aliquam</strong></span> <span class='ocrx_word' id='word_1_618' title='bbox 1667 4189 1772 4244; x_wconf 84' lang='lat' dir='ltr'><strong>invenio</strong></span> 
     </span>
     <span class='ocr_line' id='line_1_44' title="bbox 140 4277 1774 4354; baseline -0.007 -9"><span class='ocrx_word' id='word_1_619' title='bbox 140 4291 214 4345; x_wconf 81' lang='lat' dir='ltr'><strong>venit</strong></span> <span class='ocrx_word' id='word_1_620' title='bbox 228 4287 382 4344; x_wconf 77' lang='lat' dir='ltr'><strong>alletoritas</strong></span> <span class='ocrx_word' id='word_1_621' title='bbox 393 4285 492 4354; x_wconf 90' lang='lat' dir='ltr'><strong>Papae,</strong></span> <span class='ocrx_word' id='word_1_622' title='bbox 507 4297 560 4338; x_wconf 94' lang='lat' dir='ltr'><strong>uon</strong></span> <span class='ocrx_word' id='word_1_623' title='bbox 575 4286 681 4336; x_wconf 91' lang='lat' dir='ltr'><strong>tantum</strong></span> <span class='ocrx_word' id='word_1_624' title='bbox 694 4285 725 4336; x_wconf 92' lang='lat' dir='ltr'><strong>ut</strong></span> <span class='ocrx_word' id='word_1_625' title='bbox 737 4295 822 4335; x_wconf 90' lang='lat' dir='ltr'><strong>causa</strong></span> <span class='ocrx_word' id='word_1_626' title='bbox 834 4280 940 4336; x_wconf 84' lang='lat' dir='ltr'><strong>univer·</strong></span> <span class='ocrx_word' id='word_1_627' title='bbox 976 4279 1152 4337; x_wconf 89' lang='lat' dir='ltr'><strong>dillerentiam</strong></span> <span class='ocrx_word' id='word_1_628' title='bbox 1174 4279 1242 4334; x_wconf 91' lang='lat' dir='ltr'><strong>inter</strong></span> <span class='ocrx_word' id='word_1_629' title='bbox 1265 4277 1351 4349; x_wconf 88' lang='lat' dir='ltr'><strong>legem</strong></span> <span class='ocrx_word' id='word_1_630' title='bbox 1372 4277 1411 4333; x_wconf 85' lang='lat' dir='ltr'><strong>sic</strong></span> <span class='ocrx_word' id='word_1_631' title='bbox 1433 4277 1513 4332; x_wconf 91' lang='lat' dir='ltr'><strong>latam</strong></span> <span class='ocrx_word' id='word_1_632' title='bbox 1529 4293 1577 4349; x_wconf 91' lang='lat' dir='ltr'><strong>per</strong></span> <span class='ocrx_word' id='word_1_633' title='bbox 1591 4277 1774 4334; x_wconf 87' lang='lat' dir='ltr'><strong>conlirmatic·</strong></span> 
     </span>
     <span class='ocr_line' id='line_1_45' title="bbox 139 4366 1772 4447; baseline -0.005 -14"><span class='ocrx_word' id='word_1_634' title='bbox 139 4377 220 4447; x_wconf 89' lang='lat' dir='ltr'><strong>salis,</strong></span> <span class='ocrx_word' id='word_1_635' title='bbox 238 4375 287 4432; x_wconf 87' lang='lat' dir='ltr'><strong>aed</strong></span> <span class='ocrx_word' id='word_1_636' title='bbox 302 4380 332 4430; x_wconf 91' lang='lat' dir='ltr'><strong>ut</strong></span> <span class='ocrx_word' id='word_1_637' title='bbox 351 4372 476 4443; x_wconf 90' lang='lat' dir='ltr'><strong>specilicn</strong></span> <span class='ocrx_word' id='word_1_638' title='bbox 495 4377 523 4428; x_wconf 90' lang='lat' dir='ltr'><strong>et</strong></span> <span class='ocrx_word' id='word_1_639' title='bbox 544 4370 667 4442; x_wconf 90' lang='lat' dir='ltr'><strong>propria,</strong></span> <span class='ocrx_word' id='word_1_640' title='bbox 689 4375 719 4426; x_wconf 93' lang='lat' dir='ltr'><strong>ut</strong></span> <span class='ocrx_word' id='word_1_641' title='bbox 740 4376 814 4426; x_wconf 88' lang='lat' dir='ltr'><strong>recte</strong></span> <span class='ocrx_word' id='word_1_642' title='bbox 832 4371 943 4440; x_wconf 88' lang='lat' dir='ltr'><strong>exponit</strong></span> <span class='ocrx_word' id='word_1_643' title='bbox 976 4386 1036 4426; x_wconf 88' lang='lat' dir='ltr'><strong>nem</strong></span> <span class='ocrx_word' id='word_1_644' title='bbox 1053 4368 1236 4426; x_wconf 90' lang='lat' dir='ltr'><strong>necessariam</strong></span> <span class='ocrx_word' id='word_1_645' title='bbox 1256 4367 1399 4439; x_wconf 88' lang='lat' dir='ltr'><strong>principis,</strong></span> <span class='ocrx_word' id='word_1_646' title='bbox 1415 4366 1455 4422; x_wconf 87' lang='lat' dir='ltr'><strong>vel</strong></span> <span class='ocrx_word' id='word_1_647' title='bbox 1471 4382 1520 4438; x_wconf 89' lang='lat' dir='ltr'><strong>per</strong></span> <span class='ocrx_word' id='word_1_648' title='bbox 1534 4368 1670 4438; x_wconf 84' lang='lat' dir='ltr'><strong>propriam</strong></span> <span class='ocrx_word' id='word_1_649' title='bbox 1687 4367 1772 4439; x_wconf 88' lang='lat' dir='ltr'><strong>ipsius</strong></span> 
     </span>
    </p>
   </div>
   <div class='ocr_carea' id='block_1_3' title="bbox 138 4457 1969 4534">
    <p class='ocr_par' dir='ltr' id='par_1_3' title="bbox 138 4457 1969 4534">
     <span class='ocr_line' id='line_1_46' title="bbox 138 4457 1969 4534; baseline -0.006 -10"><span class='ocrx_word' id='word_1_650' title='bbox 138 4464 305 4524; x_wconf 81' lang='lat' dir='ltr'><strong>Raiddicte</strong></span> <span class='ocrx_word' id='word_1_651' title='bbox 328 4465 468 4519; x_wconf 76' lang='lat' dir='ltr'><strong>uomit:</strong></span> <span class='ocrx_word' id='word_1_652' title='bbox 489 4475 555 4534; x_wconf 88' lang='lat' dir='ltr'><strong>ergc</strong></span> <span class='ocrx_word' id='word_1_653' title='bbox 576 4459 650 4516; x_wconf 92' lang='lat' dir='ltr'><strong>nulle</strong></span> <span class='ocrx_word' id='word_1_654' title='bbox 671 4459 752 4516; x_wconf 91' lang='lat' dir='ltr'><strong>mede</strong></span> <span class='ocrx_word' id='word_1_655' title='bbox 773 4464 863 4531; x_wconf 89' lang='lat' dir='ltr'><strong>petest</strong></span> <span class='ocrx_word' id='word_1_656' title='bbox 882 4459 941 4514; x_wconf 90' lang='lat' dir='ltr'><strong>talis</strong></span> <span class='ocrx_word' id='word_1_657' title='bbox 975 4457 1275 4531; x_wconf 75' lang='lat' dir='ltr'><strong>editionem3ideoque</strong></span> <span class='ocrx_word' id='word_1_658' title='bbox 1295 4472 1394 4513; x_wconf 89' lang='lat' dir='ltr'><strong>censeo</strong></span> <span class='ocrx_word' id='word_1_659' title='bbox 1414 4457 1771 4529; x_wconf 85' lang='lat' dir='ltr'><strong>nonpossetolliasubdi·</strong></span> <span class='ocrx_word' id='word_1_660' title='bbox 1857 4527 1859 4532; x_wconf 23' lang='grc' dir='ltr'>Ι</span> <span class='ocrx_word' id='word_1_661' title='bbox 1963 4481 1969 4496; x_wconf 88' lang='grc'><em>·</em></span> 
     </span>
    </p>
   </div>
   <div class='ocr_carea' id='block_1_4' title="bbox 138 4545 1775 5340">
    <p class='ocr_par' dir='ltr' id='par_1_4' title="bbox 138 4545 1775 5340">
     <span class='ocr_line' id='line_1_47' title="bbox 139 4545 1775 4623; baseline -0.006 -10"><span class='ocrx_word' id='word_1_662' title='bbox 139 4559 180 4616; x_wconf 85' lang='lat' dir='ltr'><strong>lex</strong></span> <span class='ocrx_word' id='word_1_663' title='bbox 197 4555 317 4623; x_wconf 83' lang='lat' dir='ltr'><strong>auferri,</strong></span> <span class='ocrx_word' id='word_1_664' title='bbox 333 4553 384 4608; x_wconf 89' lang='lat' dir='ltr'><strong>nisi</strong></span> <span class='ocrx_word' id='word_1_665' title='bbox 399 4567 447 4622; x_wconf 90' lang='lat' dir='ltr'><strong>per</strong></span> <span class='ocrx_word' id='word_1_666' title='bbox 465 4551 660 4606; x_wconf 88' lang='lat' dir='ltr'><strong>auctoritatem</strong></span> <span class='ocrx_word' id='word_1_667' title='bbox 675 4551 780 4621; x_wconf 91' lang='lat' dir='ltr'><strong>Papae,</strong></span> <span class='ocrx_word' id='word_1_668' title='bbox 796 4551 852 4604; x_wconf 86' lang='lat' dir='ltr'><strong>sive</strong></span> <span class='ocrx_word' id='word_1_669' title='bbox 866 4549 942 4605; x_wconf 86' lang='lat' dir='ltr'><strong>autc·</strong></span> <span class='ocrx_word' id='word_1_670' title='bbox 977 4552 1026 4622; x_wconf 94' lang='lat' dir='ltr'><strong>tis,</strong></span> <span class='ocrx_word' id='word_1_671' title='bbox 1042 4549 1094 4604; x_wconf 91' lang='lat' dir='ltr'><strong>nisi</strong></span> <span class='ocrx_word' id='word_1_672' title='bbox 1116 4549 1161 4605; x_wconf 94' lang='lat' dir='ltr'><strong>ubi</strong></span> <span class='ocrx_word' id='word_1_673' title='bbox 1182 4548 1338 4603; x_wconf 89' lang='lat' dir='ltr'><strong>constiterit</strong></span> <span class='ocrx_word' id='word_1_674' title='bbox 1358 4545 1446 4603; x_wconf 89' lang='lat' dir='ltr'><strong>selum</strong></span> <span class='ocrx_word' id='word_1_675' title='bbox 1468 4549 1624 4603; x_wconf 82' lang='lat' dir='ltr'><strong>eonlirnnari</strong></span> <span class='ocrx_word' id='word_1_676' title='bbox 1646 4563 1714 4604; x_wconf 90' lang='lat' dir='ltr'><strong>cum</strong></span> <span class='ocrx_word' id='word_1_677' title='bbox 1730 4547 1775 4604; x_wconf 89' lang='lat' dir='ltr'><strong>illc</strong></span> 
     </span>
     <span class='ocr_line' id='line_1_48' title="bbox 138 4635 1772 4718; baseline -0.007 -14"><span class='ocrx_word' id='word_1_678' title='bbox 138 4656 216 4704; x_wconf 86' lang='lat' dir='ltr'><strong>retur</strong></span> <span class='ocrx_word' id='word_1_679' title='bbox 227 4662 276 4718; x_wconf 89' lang='lat' dir='ltr'><strong>per</strong></span> <span class='ocrx_word' id='word_1_680' title='bbox 294 4643 380 4700; x_wconf 90' lang='lat' dir='ltr'><strong>sclam</strong></span> <span class='ocrx_word' id='word_1_681' title='bbox 396 4640 556 4706; x_wconf 78' lang='lat' dir='ltr'><strong>ablationem</strong></span> <span class='ocrx_word' id='word_1_682' title='bbox 570 4638 648 4710; x_wconf 90' lang='lat' dir='ltr'><strong>legis,</strong></span> <span class='ocrx_word' id='word_1_683' title='bbox 661 4639 715 4694; x_wconf 83' lang='lat' dir='ltr'><strong>sire</strong></span> <span class='ocrx_word' id='word_1_684' title='bbox 727 4637 894 4694; x_wconf 88' lang='lat' dir='ltr'><strong>transeundo</strong></span> <span class='ocrx_word' id='word_1_685' title='bbox 906 4639 941 4695; x_wconf 91' lang='lat' dir='ltr'><strong>ed</strong></span> <span class='ocrx_word' id='word_1_686' title='bbox 976 4636 1169 4709; x_wconf 89' lang='lat' dir='ltr'><strong>amplitudine,</strong></span> <span class='ocrx_word' id='word_1_687' title='bbox 1184 4636 1226 4692; x_wconf 82' lang='lat' dir='ltr'><strong>rel</strong></span> <span class='ocrx_word' id='word_1_688' title='bbox 1242 4650 1289 4707; x_wconf 91' lang='lat' dir='ltr'><strong>per</strong></span> <span class='ocrx_word' id='word_1_689' title='bbox 1305 4635 1417 4691; x_wconf 89' lang='lat' dir='ltr'><strong>modurn</strong></span> <span class='ocrx_word' id='word_1_690' title='bbox 1433 4636 1547 4706; x_wconf 85' lang='lat' dir='ltr'><strong>laveris,</strong></span> <span class='ocrx_word' id='word_1_691' title='bbox 1563 4637 1608 4692; x_wconf 94' lang='lat' dir='ltr'><strong>cui</strong></span> <span class='ocrx_word' id='word_1_692' title='bbox 1625 4637 1713 4708; x_wconf 88' lang='lat' dir='ltr'><strong>pessit</strong></span> <span class='ocrx_word' id='word_1_693' title='bbox 1729 4652 1772 4693; x_wconf 92' lang='lat' dir='ltr'><strong>re·</strong></span> 
     </span>
     <span class='ocr_line' id='line_1_49' title="bbox 138 4724 1772 4800; baseline -0.013 -8"><span class='ocrx_word' id='word_1_694' title='bbox 138 4736 209 4794; x_wconf 88' lang='lat' dir='ltr'><strong>aliud</strong></span> <span class='ocrx_word' id='word_1_695' title='bbox 230 4737 276 4792; x_wconf 94' lang='lat' dir='ltr'><strong>ius</strong></span> <span class='ocrx_word' id='word_1_696' title='bbox 301 4745 459 4788; x_wconf 90' lang='lat' dir='ltr'><strong>commune.</strong></span> <span class='ocrx_word' id='word_1_697' title='bbox 481 4727 614 4786; x_wconf 86' lang='lat' dir='ltr'><strong>Probatur</strong></span> <span class='ocrx_word' id='word_1_698' title='bbox 640 4727 853 4800; x_wconf 88' lang='lat' dir='ltr'><strong>consequentia,</strong></span> <span class='ocrx_word' id='word_1_699' title='bbox 876 4729 941 4800; x_wconf 90' lang='lat' dir='ltr'><strong>quia</strong></span> <span class='ocrx_word' id='word_1_700' title='bbox 975 4727 1111 4782; x_wconf 90' lang='lat' dir='ltr'><strong>nunciari.</strong></span> <span class='ocrx_word' id='word_1_701' title='bbox 1128 4726 1161 4796; x_wconf 82' lang='lat' dir='ltr'><strong>Et</strong></span> <span class='ocrx_word' id='word_1_702' title='bbox 1177 4732 1242 4780; x_wconf 93' lang='lat' dir='ltr'><strong>tunc</strong></span> <span class='ocrx_word' id='word_1_703' title='bbox 1257 4725 1431 4780; x_wconf 85' lang='lat' dir='ltr'><strong>verisimilius</strong></span> <span class='ocrx_word' id='word_1_704' title='bbox 1445 4726 1512 4792; x_wconf 88' lang='lat' dir='ltr'><strong>erit,</strong></span> <span class='ocrx_word' id='word_1_705' title='bbox 1530 4724 1609 4784; x_wconf 87' lang='lat' dir='ltr'><strong>talem</strong></span> <span class='ocrx_word' id='word_1_706' title='bbox 1628 4728 1772 4784; x_wconf 88' lang='lat' dir='ltr'><strong>renuncia.</strong></span> 
     </span>
     <span class='ocr_line' id='line_1_50' title="bbox 139 4814 1773 4891; baseline -0.015 -7"><span class='ocrx_word' id='word_1_707' title='bbox 139 4829 219 4884; x_wconf 87' lang='lat' dir='ltr'><strong>iidem</strong></span> <span class='ocrx_word' id='word_1_708' title='bbox 233 4829 365 4882; x_wconf 87' lang='lat' dir='ltr'><strong>auctores</strong></span> <span class='ocrx_word' id='word_1_709' title='bbox 377 4835 426 4891; x_wconf 92' lang='lat' dir='ltr'><strong>pre</strong></span> <span class='ocrx_word' id='word_1_710' title='bbox 441 4818 534 4891; x_wconf 90' lang='lat' dir='ltr'><strong>regula</strong></span> <span class='ocrx_word' id='word_1_711' title='bbox 548 4822 686 4884; x_wconf 86' lang='lat' dir='ltr'><strong>statuunt,</strong></span> <span class='ocrx_word' id='word_1_712' title='bbox 697 4817 806 4889; x_wconf 91' lang='lat' dir='ltr'><strong>quoties</strong></span> <span class='ocrx_word' id='word_1_713' title='bbox 818 4823 941 4873; x_wconf 68' lang='lat' dir='ltr'><strong>statuens</strong></span> <span class='ocrx_word' id='word_1_714' title='bbox 978 4818 1077 4872; x_wconf 87' lang='lat' dir='ltr'><strong>tionem</strong></span> <span class='ocrx_word' id='word_1_715' title='bbox 1098 4815 1154 4870; x_wconf 87' lang='lat' dir='ltr'><strong>ficri</strong></span> <span class='ocrx_word' id='word_1_716' title='bbox 1175 4828 1254 4886; x_wconf 91' lang='lat' dir='ltr'><strong>pesse</strong></span> <span class='ocrx_word' id='word_1_717' title='bbox 1273 4829 1321 4885; x_wconf 88' lang='lat' dir='ltr'><strong>per</strong></span> <span class='ocrx_word' id='word_1_718' title='bbox 1335 4814 1505 4886; x_wconf 90' lang='lat' dir='ltr'><strong>capitulum,</strong></span> <span class='ocrx_word' id='word_1_719' title='bbox 1527 4829 1576 4870; x_wconf 89' lang='lat' dir='ltr'><strong>seu</strong></span> <span class='ocrx_word' id='word_1_720' title='bbox 1592 4831 1640 4887; x_wconf 90' lang='lat' dir='ltr'><strong>per</strong></span> <span class='ocrx_word' id='word_1_721' title='bbox 1654 4831 1773 4890; x_wconf 59' lang='lat' dir='ltr'><strong>congre.</strong></span> 
     </span>
     <span class='ocr_line' id='line_1_51' title="bbox 140 4902 1772 4979; baseline -0.009 -3"><span class='ocrx_word' id='word_1_722' title='bbox 140 4926 178 4976; x_wconf 86' lang='lat' dir='ltr'><strong>tes</strong></span> <span class='ocrx_word' id='word_1_723' title='bbox 192 4917 320 4972; x_wconf 89' lang='lat' dir='ltr'><strong>iecerunt</strong></span> <span class='ocrx_word' id='word_1_724' title='bbox 334 4916 489 4978; x_wconf 88' lang='lat' dir='ltr'><strong>statutum,</strong></span> <span class='ocrx_word' id='word_1_725' title='bbox 507 4923 558 4963; x_wconf 93' lang='lat' dir='ltr'><strong>nen</strong></span> <span class='ocrx_word' id='word_1_726' title='bbox 575 4908 684 4979; x_wconf 89' lang='lat' dir='ltr'><strong>propria</strong></span> <span class='ocrx_word' id='word_1_727' title='bbox 698 4907 875 4977; x_wconf 86' lang='lat' dir='ltr'><strong>auctoritate,</strong></span> <span class='ocrx_word' id='word_1_728' title='bbox 893 4907 940 4964; x_wconf 89' lang='lat' dir='ltr'><strong>sed</strong></span> <span class='ocrx_word' id='word_1_729' title='bbox 975 4908 1111 4977; x_wconf 90' lang='lat' dir='ltr'><strong>gationcm</strong></span> <span class='ocrx_word' id='word_1_730' title='bbox 1126 4903 1320 4976; x_wconf 88' lang='lat' dir='ltr'><strong>statuentium,</strong></span> <span class='ocrx_word' id='word_1_731' title='bbox 1336 4902 1401 4976; x_wconf 91' lang='lat' dir='ltr'><strong>quia</strong></span> <span class='ocrx_word' id='word_1_732' title='bbox 1416 4910 1603 4974; x_wconf 89' lang='lat' dir='ltr'><strong>repraesentat</strong></span> <span class='ocrx_word' id='word_1_733' title='bbox 1619 4909 1772 4962; x_wconf 88' lang='lat' dir='ltr'><strong>communi-</strong></span> 
     </span>
     <span class='ocr_line' id='line_1_52' title="bbox 139 4991 1771 5069; baseline -0.006 -7"><span class='ocrx_word' id='word_1_734' title='bbox 139 5011 195 5064; x_wconf 85' lang='lat' dir='ltr'><strong>rice</strong></span> <span class='ocrx_word' id='word_1_735' title='bbox 209 5013 238 5063; x_wconf 85' lang='lat' dir='ltr'><strong>et</strong></span> <span class='ocrx_word' id='word_1_736' title='bbox 254 5001 420 5062; x_wconf 89' lang='lat' dir='ltr'><strong>auctoritate</strong></span> <span class='ocrx_word' id='word_1_737' title='bbox 435 4998 593 5069; x_wconf 89' lang='lat' dir='ltr'><strong>superioris,</strong></span> <span class='ocrx_word' id='word_1_738' title='bbox 610 5012 662 5051; x_wconf 93' lang='lat' dir='ltr'><strong>non</strong></span> <span class='ocrx_word' id='word_1_739' title='bbox 679 5012 758 5067; x_wconf 88' lang='lat' dir='ltr'><strong>posse</strong></span> <span class='ocrx_word' id='word_1_740' title='bbox 774 4997 868 5054; x_wconf 88' lang='lat' dir='ltr'><strong>tollere</strong></span> <span class='ocrx_word' id='word_1_741' title='bbox 884 5003 938 5054; x_wconf 85' lang='lat' dir='ltr'><strong>sta·</strong></span> <span class='ocrx_word' id='word_1_742' title='bbox 975 5001 1074 5064; x_wconf 89' lang='lat' dir='ltr'><strong>tatem,</strong></span> <span class='ocrx_word' id='word_1_743' title='bbox 1090 5001 1118 5050; x_wconf 90' lang='lat' dir='ltr'><strong>et</strong></span> <span class='ocrx_word' id='word_1_744' title='bbox 1138 4994 1213 5049; x_wconf 84' lang='lat' dir='ltr'><strong>laser</strong></span> <span class='ocrx_word' id='word_1_745' title='bbox 1235 4993 1277 5049; x_wconf 90' lang='lat' dir='ltr'><strong>ille</strong></span> <span class='ocrx_word' id='word_1_746' title='bbox 1298 4992 1377 5049; x_wconf 91' lang='lat' dir='ltr'><strong>debet</strong></span> <span class='ocrx_word' id='word_1_747' title='bbox 1391 4991 1504 5064; x_wconf 89' lang='lat' dir='ltr'><strong>intelligi</strong></span> <span class='ocrx_word' id='word_1_748' title='bbox 1522 5007 1673 5051; x_wconf 86' lang='lat' dir='ltr'><strong>concessus</strong></span> <span class='ocrx_word' id='word_1_749' title='bbox 1689 4995 1771 5054; x_wconf 88' lang='lat' dir='ltr'><strong>mode</strong></span> 
     </span>
     <span class='ocr_line' id='line_1_53' title="bbox 140 5082 1770 5168; baseline -0.009 -12"><span class='ocrx_word' id='word_1_750' title='bbox 140 5104 239 5168; x_wconf 88' lang='lat' dir='ltr'><strong>tutum,</strong></span> <span class='ocrx_word' id='word_1_751' title='bbox 253 5093 303 5151; x_wconf 88' lang='lat' dir='ltr'><strong>sed</strong></span> <span class='ocrx_word' id='word_1_752' title='bbox 318 5090 406 5147; x_wconf 89' lang='lat' dir='ltr'><strong>solum</strong></span> <span class='ocrx_word' id='word_1_753' title='bbox 422 5089 601 5160; x_wconf 91' lang='lat' dir='ltr'><strong>superiorem,</strong></span> <span class='ocrx_word' id='word_1_754' title='bbox 615 5099 679 5141; x_wconf 90' lang='lat' dir='ltr'><strong>cum</strong></span> <span class='ocrx_word' id='word_1_755' title='bbox 690 5087 799 5141; x_wconf 72' lang='lat' dir='ltr'><strong>Baitai</strong></span> <span class='ocrx_word' id='word_1_756' title='bbox 814 5086 869 5142; x_wconf 91' lang='lat' dir='ltr'><strong>aliis</strong></span> <span class='ocrx_word' id='word_1_757' title='bbox 886 5092 940 5143; x_wconf 89' lang='lat' dir='ltr'><strong>tre·</strong></span> <span class='ocrx_word' id='word_1_758' title='bbox 974 5083 1182 5142; x_wconf 89' lang='lat' dir='ltr'><strong>accommodato</strong></span> <span class='ocrx_word' id='word_1_759' title='bbox 1205 5082 1249 5139; x_wconf 87' lang='lat' dir='ltr'><strong>tali</strong></span> <span class='ocrx_word' id='word_1_760' title='bbox 1268 5082 1466 5138; x_wconf 89' lang='lat' dir='ltr'><strong>communitati.</strong></span> <span class='ocrx_word' id='word_1_761' title='bbox 1483 5083 1518 5139; x_wconf 84' lang='lat' dir='ltr'><strong>Et</strong></span> <span class='ocrx_word' id='word_1_762' title='bbox 1532 5084 1559 5138; x_wconf 91' lang='lat' dir='ltr'><strong>in</strong></span> <span class='ocrx_word' id='word_1_763' title='bbox 1574 5099 1606 5141; x_wconf 90' lang='lat' dir='ltr'><strong>co</strong></span> <span class='ocrx_word' id='word_1_764' title='bbox 1622 5099 1689 5140; x_wconf 91' lang='lat' dir='ltr'><strong>casu</strong></span> <span class='ocrx_word' id='word_1_765' title='bbox 1704 5085 1770 5141; x_wconf 93' lang='lat' dir='ltr'><strong>nibil</strong></span> 
     </span>
     <span class='ocr_line' id='line_1_54' title="bbox 138 5171 1772 5252; baseline -0.01 -8"><span class='ocrx_word' id='word_1_766' title='bbox 138 5187 175 5244; x_wconf 88' lang='lat' dir='ltr'><strong>dit</strong></span> <span class='ocrx_word' id='word_1_767' title='bbox 188 5186 273 5245; x_wconf 84' lang='lat' dir='ltr'><strong>Pelin.</strong></span> <span class='ocrx_word' id='word_1_768' title='bbox 285 5195 371 5252; x_wconf 89' lang='lat' dir='ltr'><strong>supra</strong></span> <span class='ocrx_word' id='word_1_769' title='bbox 386 5183 451 5248; x_wconf 82' lang='lat' dir='ltr'><strong>nti,</strong></span> <span class='ocrx_word' id='word_1_770' title='bbox 466 5182 494 5232; x_wconf 89' lang='lat' dir='ltr'><strong>et</strong></span> <span class='ocrx_word' id='word_1_771' title='bbox 507 5177 635 5248; x_wconf 89' lang='lat' dir='ltr'><strong>sequitur</strong></span> <span class='ocrx_word' id='word_1_772' title='bbox 650 5175 764 5230; x_wconf 86' lang='lat' dir='ltr'><strong>Navarr.</strong></span> <span class='ocrx_word' id='word_1_773' title='bbox 775 5191 851 5230; x_wconf 91' lang='lat' dir='ltr'><strong>coos.</strong></span> <span class='ocrx_word' id='word_1_774' title='bbox 863 5181 888 5233; x_wconf 88' lang='lat'><strong>8.</strong></span> <span class='ocrx_word' id='word_1_775' title='bbox 905 5175 938 5232; x_wconf 91' lang='lat' dir='ltr'><strong>de</strong></span> <span class='ocrx_word' id='word_1_776' title='bbox 975 5175 1095 5232; x_wconf 88' lang='lat' dir='ltr'><strong>obstabit</strong></span> <span class='ocrx_word' id='word_1_777' title='bbox 1110 5173 1225 5231; x_wconf 91' lang='lat' dir='ltr'><strong>obiectio</strong></span> <span class='ocrx_word' id='word_1_778' title='bbox 1240 5172 1326 5242; x_wconf 87' lang='lat' dir='ltr'><strong>lacta,</strong></span> <span class='ocrx_word' id='word_1_779' title='bbox 1341 5173 1406 5245; x_wconf 91' lang='lat' dir='ltr'><strong>quia</strong></span> <span class='ocrx_word' id='word_1_780' title='bbox 1421 5188 1486 5228; x_wconf 91' lang='lat' dir='ltr'><strong>cum</strong></span> <span class='ocrx_word' id='word_1_781' title='bbox 1508 5171 1619 5243; x_wconf 70' lang='lat' dir='ltr'><strong>escaus,</strong></span> <span class='ocrx_word' id='word_1_782' title='bbox 1633 5189 1708 5247; x_wconf 89' lang='lat' dir='ltr'><strong>cum,</strong></span> <span class='ocrx_word' id='word_1_783' title='bbox 1725 5177 1772 5249; x_wconf 82' lang='lat' dir='ltr'><strong>qui</strong></span> 
     </span>
     <span class='ocr_line' id='line_1_55' title="bbox 138 5261 1772 5340; baseline -0.008 -6"><span class='ocrx_word' id='word_1_784' title='bbox 138 5276 281 5334; x_wconf 87' lang='lat' dir='ltr'><strong>constitut.</strong></span> <span class='ocrx_word' id='word_1_785' title='bbox 293 5287 323 5327; x_wconf 93' lang='lat' dir='ltr'><strong>n.</strong></span> <span class='ocrx_word' id='word_1_786' title='bbox 337 5275 362 5329; x_wconf 89' lang='lat' dir='ltr'><strong>l.</strong></span> <span class='ocrx_word' id='word_1_787' title='bbox 378 5265 546 5340; x_wconf 86' lang='lat' dir='ltr'><strong>Responderi</strong></span> <span class='ocrx_word' id='word_1_788' title='bbox 565 5269 670 5337; x_wconf 89' lang='lat' dir='ltr'><strong>potest,</strong></span> <span class='ocrx_word' id='word_1_789' title='bbox 688 5270 822 5320; x_wconf 89' lang='lat' dir='ltr'><strong>statutum</strong></span> <span class='ocrx_word' id='word_1_790' title='bbox 840 5265 938 5321; x_wconf 88' lang='lat' dir='ltr'><strong>contir-</strong></span> <span class='ocrx_word' id='word_1_791' title='bbox 977 5265 1035 5321; x_wconf 87' lang='lat' dir='ltr'><strong>vice</strong></span> <span class='ocrx_word' id='word_1_792' title='bbox 1058 5263 1188 5336; x_wconf 93' lang='lat' dir='ltr'><strong>principis</strong></span> <span class='ocrx_word' id='word_1_793' title='bbox 1212 5262 1298 5336; x_wconf 89' lang='lat' dir='ltr'><strong>legem</strong></span> <span class='ocrx_word' id='word_1_794' title='bbox 1321 5261 1413 5334; x_wconf 88' lang='lat' dir='ltr'><strong>posuit</strong></span> <span class='ocrx_word' id='word_1_795' title='bbox 1431 5263 1489 5318; x_wconf 89' lang='lat' dir='ltr'><strong>cius</strong></span> <span class='ocrx_word' id='word_1_796' title='bbox 1514 5265 1697 5336; x_wconf 90' lang='lat' dir='ltr'><strong>auctoritate,</strong></span> <span class='ocrx_word' id='word_1_797' title='bbox 1719 5281 1772 5324; x_wconf 88' lang='lat' dir='ltr'><strong>non</strong></span> 
     </span>
    </p>
   </div>
   <div class='ocr_carea' id='block_1_5' title="bbox 0 0 2156 6228">
    <p class='ocr_par' dir='ltr' id='par_1_5' title="bbox 0 0 2156 6228">
     <span class='ocr_line' id='line_1_56' title="bbox 0 0 2156 6228; baseline 0 0"><span class='ocrx_word' id='word_1_798' title='bbox 0 0 2156 6228; x_wconf 95' lang='lat' dir='ltr'><strong> </strong></span> 
     </span>
    </p>
   </div>
  </div>
 </body>
</html>
