4284 6246
386 391 448 454 226
1100 409 1201 458 avenn
1215 408 1264 458 vv.

346 545 407 603 sua,
420 531 484 604 quia
497 547 550 588 non
565 531 702 606 obligatur
713 547 761 604 per
776 530 847 589 illam
859 539 890 590 ut
901 547 951 590 sue
964 539 1017 606 ast,
1027 532 1074 590 sed
1089 531 1144 590 dis·
1181 531 1360 608 legislatoris,
1374 532 1439 607 quia
1453 530 1588 588 ordinarie
1602 537 1644 588 est
1659 530 1796 604 poenalis,
1813 530 1854 588 vel
1878 528 1989 603 quando

344 627 442 692 pensat
455 622 480 678 in
495 623 629 693 superiori
645 623 728 696 legeq
744 637 810 694 ergo
825 623 877 678 nisi
893 622 916 679 id
933 624 1014 690 iaciat
1028 640 1061 680 ex
1073 625 1145 681 irrata
1180 623 1242 679 talis
1262 638 1316 679 non
1337 629 1396 692 est,
1420 624 1445 678 in
1462 621 1513 678 hoc
1529 622 1551 678 ei
1575 622 1763 694 assimilatur,
1782 621 1856 695 quod
1872 619 1990 678 includit

345 726 441 782 cauea,
455 727 507 767 non
522 713 572 769 erit
587 711 673 770 valida
688 711 864 783 dispensatio.
874 713 962 770 ilices:
977 713 1029 770 imo
1044 730 1094 769 uec
1110 730 1143 771 ex
1181 712 1328 786 quamdam
1351 711 1434 768 veluti
1456 713 1630 768 coactionem
1652 711 1801 768 voluntatis
1816 752 1824 780 ,
1851 717 1988 782 quatenus

345 800 418 857 iusta
433 815 517 858 causa
531 801 715 874 valebit‚qnia
730 818 782 858 non
795 803 1144 876 potestprincepsdispen·
1173 805 1239 860 eius
1259 818 1411 877 consensus
1430 801 1526 874 irritus
1543 801 1589 872 dt3
1604 800 1679 874 quod
1695 801 1812 874 requirit
1834 800 1988 857 efficaciam

346 905 407 947 sare
422 892 447 947 in
462 893 522 948 iure
535 892 664 949 naturali.
674 892 977 966 Respondeo,negando
990 893 1143 967 sequelam,
1181 893 1329 964 superioris
1341 893 1502 961 voluntatis,
1515 906 1565 947 nec
1582 897 1673 962 potest
1687 892 1743 948 lieri
1758 892 1792 947 ab
1813 891 1903 964 aliquo
1913 893 1989 947 circa

345 981 410 1053 quia
435 984 524 1053 ipsum
550 982 593 1040 ius
618 980 740 1038 naturale
761 982 861 1052 dicut,
883 983 1032 1056 principem
1047 982 1146 1042 debere
1180 981 1311 1054 seipsum.
1328 983 1383 1038 Neo
1405 979 1536 1038 naturalis
1554 978 1679 1053 obligatio
1694 979 1818 1036 servandi
1840 980 1991 1037 ooolormi·

345 1084 425 1126 suam
440 1068 527 1143 legem
544 1085 669 1141 servare,
685 1071 734 1126 nisi
748 1087 780 1128 err
796 1073 867 1129 iusta
882 1088 968 1130 causa
983 1087 1077 1130 secum
1091 1070 1146 1129 dis·
1181 1078 1264 1128 tatem
1284 1071 1440 1150 extenditur
1460 1068 1494 1126 ad
1517 1067 1567 1126 bos
1581 1071 1712 1136 allectus,
1733 1072 1813 1143 quasi
1837 1077 1950 1127 coactos
1963 1077 1991 1126 et

345 1165 460 1232 penset,
483 1160 548 1233 quia
564 1176 618 1217 non
632 1160 712 1218 debet
725 1161 750 1216 in
766 1161 818 1222 boc
832 1177 893 1219 esse
904 1163 1002 1235 peioris
1013 1162 1147 1220 conditio·
1181 1161 1324 1230 violentos,
1334 1161 1382 1217 sed
1397 1160 1487 1218 solum
1504 1166 1631 1216 versatur
1643 1161 1719 1216 circa
1732 1174 1821 1216 mores
1841 1159 1987 1232 humanos,

344 1249 403 1320 nis,
418 1255 446 1305 et
461 1251 548 1322 magle
562 1250 598 1306 ita
613 1257 740 1307 servatur
755 1251 846 1308 debita
861 1255 1013 1325 proportio.
1031 1253 1066 1309 Et
1080 1269 1147 1309 con·
1180 1266 1269 1323 neque
1284 1249 1346 1323 plus
1361 1250 1448 1306 dictat
1461 1247 1594 1306 naturalis
1608 1249 1755 1305 ratio.lmo
1767 1248 1832 1307 lieet
1847 1251 1912 1322 quis
1922 1265 1988 1306 oon-

345 1336 471 1394 firmatur
488 1338 622 1409 secundo,
632 1340 696 1412 quia
710 1341 733 1396 si
748 1357 762 1396 a
775 1342 906 1414 principio
919 1342 1047 1413 princeps
1058 1342 1145 1414 legem
1182 1341 1289 1410 tendat,
1310 1341 1393 1397 etiam
1417 1354 1561 1411 personam
1587 1339 1719 1410 principis
1740 1355 1801 1395 esse
1829 1339 1986 1410 inhabilem,

346 1426 416 1482 ierat
430 1428 520 1484 animo
537 1445 591 1485 uon
606 1445 635 1485 se
651 1429 787 1502 obligandi
798 1431 855 1486 sine
866 1431 1018 1504 causa,sed
1030 1430 1090 1489 sola
1100 1447 1147 1486 vo·
1181 1428 1290 1502 quaudo
1306 1429 1348 1487 len
1363 1429 1423 1485 eius
1437 1427 1588 1485 inhabililat
1599 1427 1724 1485 subditos
1735 1428 1771 1485 ad
1790 1428 1909 1501 aliquem
1922 1445 1988 1486 con·

346 1515 463 1588 luntate,
486 1517 660 1576 nibilominus
681 1520 801 1577 manebit
821 1521 957 1596 obligatus
979 1537 1011 1578 ex
1032 1521 1056 1576 vi
1079 1522 1145 1594 legis
1182 1523 1319 1589 tractum3
1343 1517 1515 1575 nibilominus
1537 1533 1637 1590 negare
1656 1535 1708 1574 non
1725 1525 1857 1591 possunt,
1879 1516 1990 1590 dispen-

345 1614 480 1681 nulurac,
502 1615 535 1665 ut
553 1615 695 1666 ostensum
709 1616 766 1681 est,
776 1613 806 1665 =si
821 1617 912 1667 autem
927 1627 961 1667 ex
975 1611 1048 1667 iusto
1062 1625 1148 1667 causa
1182 1607 1266 1665 sande
1292 1624 1405 1679 secum,
1430 1609 1512 1664 etiam
1536 1609 1595 1662 sine
1617 1622 1714 1679 caqsa,
1731 1606 1826 1664 tollere
1840 1623 1856 1664 a
1870 1623 1900 1664 se
1914 1607 1986 1663 illam

346 1710 376 1762 se
395 1697 540 1769 eximeret,
556 1698 660 1755 valeret
673 1700 814 1772 exeepti03
830 1716 897 1773 ergo
912 1697 984 1756 idem
999 1701 1024 1756 in
1039 1699 1146 1773 dispen-
1181 1697 1394 1769 inhabilitatem,
1416 1697 1480 1770 quia
1499 1712 1641 1768 nunquam
1660 1705 1705 1753 est
1723 1695 1877 1754 immediate
1893 1712 1910 1752 a
1928 1695 1988 1768 lege

347 1786 458 1843 satione.
1182 1787 1311 1856 naturali,
1327 1787 1375 1844 sed
1390 1803 1404 1842 a
1419 1785 1478 1858 lege
1493 1785 1622 1857 bumana,
1632 1787 1706 1842 siout
1719 1787 1742 1841 ei
1755 1787 1828 1858 Papa
1850 1784 1998 1857 dispenset

389 1880 432 1934 lt.
449 1878 541 1949 hique
561 1878 599 1934 ita
617 1884 693 1949 patet
713 1881 854 1949 responsio
873 1877 907 1935 ad
921 1886 1050 1951 quartum
1065 1894 1148 1952 argu·
1183 1878 1240 1932 sine
1262 1891 1348 1932 causa
1361 1877 1386 1931 in
1403 1873 1593 1947 impedimento
1609 1873 1724 1931 habente
1749 1874 1942 1948 obligationem
1955 1889 1987 1930 ex

347 1967 694 2038 mentuuqnegaturenim
707 1968 1148 2041 sequela,nimirum,posseprin·
1182 1966 1299 2024 naturali
1324 1967 1398 2039 lege,
1425 1972 1453 2022 et
1473 1965 1652 2020 irritationem
1672 1979 1706 2021 ex
1727 1963 1866 2033 bumana,
1893 1962 1991 2020 valebit

347 2055 437 2126 cipem
457 2057 516 2112 siue
537 2071 624 2112 causa
639 2055 728 2113 valide
747 2072 775 2112 se
791 2057 909 2115 eximere
924 2058 958 2114 ab
973 2057 1147 2130 obligatione,
1183 2057 1348 2130 dispensatio
1368 2055 1460 2129 quoad
1480 2053 1627 2112 tollendam
1642 2055 1831 2124 irritationem,
1849 2054 1919 2111 licet
1933 2068 1986 2108 non

347 2159 431 2216 quam
449 2144 676 2216 habet,servandi
691 2163 770 2203 suam
785 2146 882 2219 legem.
892 2149 987 2222 Neque
1001 2149 1026 2204 in
1040 2148 1092 2205 hoc
1106 2154 1150 2204 est
1184 2147 1274 2205 valeat
1292 2145 1384 2220 quoad
1405 2144 1599 2218 obligationem
1614 2143 1801 2201 aulerendam.
1826 2141 1988 2214 Exemplum

348 2235 569 2307 aequiparandus
586 2252 651 2294 oum
667 2235 787 2310 subdit03
804 2254 866 2294 uam
882 2240 909 2294 iu
921 2238 1030 2295 subdito
1045 2237 1148 2311 obliga·
1184 2245 1242 2311 est,
1258 2239 1280 2294 si
1297 2239 1368 2308 Papa
1383 2237 1523 2306 dispenset
1536 2237 1593 2291 sine
1608 2249 1693 2292 cauea
1707 2251 1772 2292 cum
1790 2234 1891 2291 clerico
1907 2235 1932 2290 in
1947 2247 1989 2308 sa·

348 2325 386 2379 tio
406 2330 498 2380 manat
518 2324 672 2382 immediate
692 2333 721 2382 et
741 2341 790 2398 per
810 2344 839 2384 se
860 2343 876 2384 a
895 2327 952 2402 lege
967 2336 994 2385 et
1009 2327 1149 2386 volomtate
1184 2329 1255 2397 cris,
1272 2333 1304 2385 ut
1318 2342 1432 2385 uxorem
1445 2326 1541 2397 ducat,
1557 2324 1679 2382 validum
1692 2340 1753 2381 esse
1771 2325 1987 2396 matrimonium,

349 2411 531 2486 bominis,qtri
546 2422 637 2485 potest
650 2415 722 2472 illam
733 2416 884 2476 ellicaciter
897 2423 1151 2490 mutarequaoum·
1184 2417 1309 2490 quamvis
1330 2422 1428 2487 peccet
1450 2414 1602 2473 mortaliter
1620 2414 1808 2472 contrahendo
1825 2413 1910 2480 illud,
1925 2415 1989 2488 quia

234 2511 241 2524 '
348 2519 403 2576 que
417 2519 450 2560 ex
464 2519 566 2560 eausa:
585 2503 712 2577 obligatio
728 2512 819 2562 autem
834 2507 963 2579 principis
973 2523 1029 2564 non
1043 2513 1086 2563 est
1101 2522 1149 2579 per
1184 2507 1309 2580 obligatio
1330 2507 1383 2562 voti
1402 2506 1500 2563 aulerri
1516 2521 1569 2562 nou
1583 2507 1674 2577 potnit
1689 2519 1738 2577 per
1751 2504 1833 2562 talem
1847 2504 1988 2576 dispensa·

349 2607 378 2648 ae
393 2609 408 2648 s
422 2593 480 2666 lege
495 2609 556 2664 sua,
568 2592 615 2650 sed
636 2596 769 2652 aratione
783 2597 912 2671 aptarali,
927 2598 1040 2670 eiusque
1055 2605 1150 2655 aucto·
1185 2599 1300 2666 tionem3
1323 2595 1544 2668 impedimentum
1565 2601 1658 2653 autem
1679 2595 1806 2668 irritans,
1821 2594 1898 2667 quod
1913 2609 1987 2653 ruere

351 2696 398 2751 re3
414 2686 442 2738 et
456 2682 527 2754 ideo,
541 2683 590 2739 nisi
605 2684 731 2756 princeps
746 2685 852 2742 aulerat
868 2702 945 2744 suam
961 2687 1047 2760 legem
1059 2701 1151 2758 respe·
1185 2686 1336 2742 humanum
1349 2693 1403 2756 est,
1419 2684 1506 2742 aalide
1520 2684 1642 2742 ablatum
1657 2683 1719 2755 luit,
1736 2685 1793 2740 sine
1808 2699 1906 2741 causa.

351 2780 400 2829 otu
415 2774 631 2846 communitatis,
649 2789 703 2829 non
718 2782 809 2846 potest
823 2776 880 2832 sola
891 2777 1032 2835 voluntate
1042 2777 1150 2849 propria
1228 2780 1271 2834 lt.
1287 2779 1378 2850 Atque
1390 2790 1424 2832 ex
1440 2774 1480 2830 bis
1497 2773 1605 2830 tandem
1620 2773 1880 2846 concluditur,quid
1895 2771 1987 2829 dicen·

351 2861 460 2920 auterre
480 2878 495 2918 a
515 2877 543 2918 se
558 2863 769 2935 obligationem,
789 2881 861 2938 quae
876 2866 901 2922 in
916 2867 975 2939 ipso
989 2866 1151 2924 naturaliter
1186 2864 1251 2923 dum
1267 2865 1300 2921 sit
1314 2865 1348 2921 de
1362 2863 1564 2936 dispensatione
1575 2863 1633 2920 sine
1647 2877 1733 2920 eausa
1743 2862 1806 2919 data
1818 2878 1833 2918 a
1845 2861 1986 2934 superiore

350 2951 477 3025 resultat,
493 2954 582 3024 posita
597 2952 640 3008 tali
656 2952 725 3024 lege.
737 2955 831 3028 Neque
847 2957 945 3012 mirum
959 2955 1043 3013 videri
1058 2954 1149 3027 debet,
1186 2956 1212 3010 in
1234 2954 1292 3027 lege
1313 2953 1468 3024 interioris,
1490 2968 1524 3009 an
1543 2953 1648 3016 mear.
1668 2967 1719 3008 nec
1735 2966 1778 3010 ne.
1794 2952 1860 3008 Nam
1876 2939 1942 3008 lieet'
1954 2967 1987 3007 ex

351 3041 427 3115 quod
446 3043 473 3097 in
496 3041 549 3098 hoc
563 3042 766 3113 quodammodo
781 3044 816 3100 sit
829 3043 926 3102 durior
940 3045 1061 3102 conditio
1076 3046 1151 3117 plin·
1186 3045 1282 3101 maiori
1302 3049 1440 3116 potestate
1463 3041 1588 3100 videatur
1608 3041 1761 3098 necessario
1782 3041 1840 3098 lore
1859 3040 1986 3114 validam,

351 3131 434 3204 cipis,
446 3131 511 3204 quia
524 3132 605 3188 etiam
619 3131 701 3188 datus
714 3134 775 3189 eius
789 3135 903 3207 requirit
917 3134 1038 3192 altionem
1050 3133 1151 3207 obliga·
1187 3132 1295 3190 aliunde
1314 3148 1347 3191 ex
1366 3133 1525 3190 diversitate
1538 3131 1712 3190 voluntatum
1727 3130 1835 3188 videtur
1849 3130 1902 3188 boc
1916 3129 1998 3228 diffi'«

351 3222 465 3290 tionem,
475 3235 541 3277 cram
556 3236 609 3276 noa
625 3222 710 3292 possit
723 3221 828 3280 directe
842 3239 892 3295 per
905 3241 986 3281 suum
1001 3225 1043 3280 ius
1055 3224 1151 3281 buma-
1185 3223 1253 3297 cile,
1274 3224 1339 3297 quia
1355 3239 1408 3279 non
1424 3229 1478 3278 tam
1494 3221 1572 3279 laeile
1586 3227 1675 3278 mutat
1688 3221 1751 3293 quis
1765 3220 1934 3278 voluntatem
1949 3220 1988 3276 al·

351 3327 418 3368 num
433 3309 562 3385 obligari3
577 3318 606 3368 et
620 3311 678 3367 ideo
692 3313 719 3367 in
734 3313 854 3384 principe
869 3312 1003 3371 naturalis
1018 3309 1149 3386 obligatio
1187 3313 1291 3382 terius,
1305 3313 1386 3369 etiam
1402 3312 1547 3382 inferioris,
1564 3312 1636 3368 sicut
1649 3326 1741 3368 suam.
1757 3309 1906 3368 [licendum
1921 3326 1988 3368 vero

352 3401 386 3458 ad
400 3401 614 3458 uniformitatem
629 3401 792 3460 servandam
805 3405 832 3458 in
848 3404 914 3478 legis
929 3405 1101 3478 executione,
1116 3421 1151 3464 ex
1184 3412 1239 3476 est,
1255 3404 1307 3462 boc
1323 3402 1440 3476 pendere
1454 3417 1488 3460 ex
1502 3400 1583 3459 modo
1598 3401 1748 3474 superioris
1763 3401 1915 3474 potestatis,
1923 3403 1989 3474 quia

352 3496 431 3563 parte
445 3491 517 3547 illius
532 3491 686 3547 immediate
696 3491 828 3548 landatur
840 3493 865 3548 in
876 3491 1009 3567 dignitate
1020 3501 1049 3551 et
1060 3495 1150 3552 officio
1185 3495 1207 3551 si
1230 3500 1336 3551 tantum
1357 3493 1392 3549 sit
1411 3498 1532 3564 potestas
1551 3491 1677 3562 superior
1691 3491 1770 3563 quasi
1784 3497 1906 3561 remota,
1922 3491 1988 3563 quia

353 3596 416 3652 suo,
433 3581 457 3636 io
472 3579 590 3638 subditis
605 3595 669 3637 vero
684 3580 815 3639 tundatur
830 3583 921 3654 potius
944 3585 971 3640 in
985 3582 1149 3658 obligatione
1185 3583 1330 3654 videlicet,
1353 3581 1445 3638 solum
1466 3583 1493 3637 ln
1508 3579 1595 3653 gradu
1611 3569 1815 3652 appellationis,'
1829 3578 1871 3636 vel
1885 3580 1988 3650 suppli·

353 3669 420 3742 legis
436 3670 577 3740 positivae,
591 3677 621 3727 ut
635 3686 719 3742 supra
732 3670 923 3730 declaravillt
936 3673 997 3730 ideo
1011 3677 1095 3732 etiam
1109 3682 1151 3733 est
1185 3674 1314 3742 cationis,
1330 3677 1379 3728 aut
1394 3671 1506 3728 alterius
1523 3669 1614 3728 similis
1629 3685 1762 3727 recursus
1778 3675 1869 3742 potest
1882 3671 1987 3727 versari

353 3761 381 3816 in
397 3760 518 3831 principe
532 3761 611 3833 longe
622 3763 732 3835 gravior
747 3762 791 3818 illa
805 3762 935 3837 obligatio
945 3765 1070 3824 servandi
1082 3781 1151 3822 con·
1185 3763 1260 3819 circa
1275 3760 1399 3818 subditos
1413 3758 1547 3816 inferioris
1562 3759 1684 3831 praelati3
1702 3767 1768 3816 tunc
1783 3768 1860 3816 certe
1875 3758 1985 3829 dispen-

353 3850 530 3918 lornaitatem,
548 3866 631 3923 quam
646 3853 673 3907 in
687 3851 815 3923 subditis,
828 3855 893 3925 quia
906 3859 933 3910 et
947 3854 981 3911 ud
995 3855 1150 3927 exemplum
1186 3852 1254 3908 salio
1279 3867 1331 3907 non
1357 3848 1474 3921 valebit,
1494 3848 1555 3906 data
1571 3849 1628 3906 sinc
1642 3848 1714 3907 iuste
1728 3865 1826 3917 causa,
1841 3849 1987 3922 quietudo

354 3937 545 4008 subditorum,
566 3945 595 3995 et
614 3939 647 3996 ad
669 3955 844 3998 communem
865 3942 1068 4001 observantiam
1084 3943 1150 4019 legis
1184 3942 1259 3999 nulla
1275 3947 1318 3998 est
1337 3941 1406 3997 ratio
1428 3938 1588 3997 recurrendi
1610 3937 1644 3995 ad
1665 3939 1746 3997 talem
1761 3941 1943 4012 superiorem,
1959 3947 1990 3998 et

352 4027 442 4085 multo
457 4030 542 4101 magis
557 4031 710 4086 necessaria
725 4036 777 4086 est.
1184 4036 1387 4104 consequenter
1407 4043 1499 4102 neque,
1516 4027 1589 4085 illius
1611 4027 1766 4086 iurisdictio
1780 4028 1815 4085 ihi
1830 4028 1923 4086 locum
1939 4029 1988 4086 ba·

391 4117 485 4173 Solum
507 4123 632 4188 superest
653 4117 679 4173 in
701 4118 752 4175 hac
772 4119 939 4177 resolutione
954 4118 1102 4180 difficultas
1117 4121 1150 4179 do
1186 4121 1241 4177 bet.
1255 4120 1289 4176 Et
1303 4120 1339 4175 ita
1353 4117 1522 4190 dispensatio
1534 4117 1599 4176 data
1614 4118 1648 4176 ab
1662 4118 1870 4190 archiepiscopo
1884 4119 1910 4174 in
1926 4119 1986 4193 lege

353 4207 452 4264 ellectu
467 4205 532 4279 legis
547 4205 681 4263 humanae
697 4206 819 4264 irritandi
833 4215 924 4280 actus,
941 4225 1001 4277 seu,
1016 4207 1151 4284 quod'pe-
1186 4209 1308 4281 episcopi
1329 4210 1386 4264 sine
1407 4223 1511 4280 causa,
1534 4207 1608 4265 nulla
1621 4208 1684 4264 erit.
1700 4210 1735 4265 lt
1748 4221 1814 4264 vero
1829 4207 1851 4264 si
1865 4214 1986 4280 potestas

353 4294 847 4368 rindeest,inhabilitandipersonam
859 4298 1149 4372 adcontractum,etc.
1186 4301 1312 4372 superior
1334 4313 1362 4355 se
1382 4296 1510 4355 extendat
1529 4296 1682 4354 immediate
1701 4295 1735 4353 ad
1748 4299 1870 4372 regimen
1885 4296 1987 4354 subditi

353 4403 416 4443 nam
432 4386 559 4459 sequitur
573 4401 605 4442 ex
619 4383 710 4458 dictis,
726 4387 748 4442 si
762 4387 888 4460 princeps
903 4404 999 4446 secum
1013 4388 1152 4462 dispenset
1185 4405 1235 4462 per
1256 4389 1368 4445 modum
1390 4401 1491 4445 causae
1506 4385 1708 4469 universalioris
1721 4389 1803 4444 etiam
1817 4386 1984 4460 immediate,

353 4478 381 4533 in
395 4475 441 4534 tali
455 4476 514 4548 lege
535 4478 592 4533 sine
606 4489 709 4544 causa,
725 4476 899 4534 nibilominus
913 4484 1005 4536 aetum
1020 4481 1081 4537 hius
1096 4497 1151 4539 non
1186 4485 1253 4537 tunc
1268 4478 1354 4538 valida
1375 4478 1428 4534 erit
1448 4476 1508 4534 talis
1522 4475 1687 4549 dispensatio
1701 4479 1789 4550 Papae
1808 4478 1837 4534 in
1857 4476 1915 4550 lege
1930 4478 1988 4549 epi·

353 4581 413 4623 esse
428 4565 560 4635 validum,
572 4564 647 4637 quod
662 4565 805 4622 verisimile
819 4583 871 4623 non
883 4575 934 4640 est3
948 4575 1057 4626 constat
1067 4571 1150 4640 enim,
1186 4569 1278 4641 scopi,
1298 4575 1326 4624 et
1338 4567 1503 4639 dispensatio
1517 4566 1653 4624 Generalis
1669 4568 1695 4623 io
1710 4573 1857 4639 praecepto
1871 4566 1987 4624 Provin-

353 4662 531 4713 eontractum
553 4655 660 4711 irritum
681 4655 739 4712 iure
760 4657 892 4729 positivo,
908 4657 929 4712 si
944 4660 1062 4716 scienter
1070 4660 1150 4716 data
1185 4660 1282 4730 cletis,
1304 4663 1332 4714 et
1352 4659 1391 4714 sio
1412 4655 1446 4714 de
1466 4656 1608 4714 similibus.
1622 4657 1690 4726 Quia
1704 4656 1767 4714 lieet
1781 4658 1907 4729 superior
1921 4671 1987 4728 pro·

353 4747 489 4819 principe,
505 4744 626 4802 validum
642 4761 714 4818 esse,
725 4747 780 4802 imo
794 4761 827 4802 eo
842 4746 900 4818 ipso
915 4746 1072 4818 dispensare
1086 4763 1151 4806 cum
1186 4748 1244 4820 prie
1263 4763 1318 4803 non
1339 4751 1427 4804 mutat
1441 4746 1609 4804 voluntatem
1624 4745 1777 4814 interieris,
1794 4753 1884 4819 potest
1896 4753 1988 4806 muta·

353 4837 405 4894 alio
421 4851 516 4892 secum
532 4835 723 4899 contrahente,
740 4840 770 4890 ut
784 4835 871 4892 valide
886 4836 1044 4908 contrabat,
1058 4843 1087 4894 ut
1102 4853 1152 4893 su·
1185 4853 1231 4910 re,
1252 4851 1300 4893 seu
1323 4836 1417 4894 tollere
1432 4835 1560 4894 effectum
1573 4837 1631 4893 cirre
1646 4849 1695 4909 per
1709 4836 1924 4895 iurisdictionem
1938 4853 1987 4894 su·

354 4927 437 4984 mitur
451 4940 484 4981 ex
500 4924 557 4996 his,
577 4940 647 4999 quae
665 4922 748 4980 trudit
762 4923 878 4980 Navarr.
893 4927 920 4982 in
935 4927 1041 4982 Summ.
1058 4941 1084 4982 c.
1101 4929 1149 4998 23,
1185 4927 1331 5000 perierem,
1352 4924 1472 4998 quaeda
1488 4941 1517 4982 se
1531 4941 1584 4982 non
1601 4925 1701 4999 pendet
1714 4928 1748 4984 ab
1762 4926 1893 4984 interiori.
1909 4928 1987 4985 Siout

354 5033 382 5072 n.
403 5021 464 5086 ida,
479 5015 592 5071 Cavarr.
610 5015 635 5069 in
650 5029 714 5086 cap.
735 5017 879 5088 Quamuis
892 5021 1026 5089 paetum,
1043 5031 1106 5089 pag.
1124 5023 1149 5090 l,
1185 5016 1268 5074 eliam
1286 5019 1376 5088 potest
1396 5015 1457 5071 talis
1481 5014 1619 5087 praelatus
1644 5016 1769 5088 superior
1783 5031 1923 5074 reservare
1936 5016 1987 5074 silai

353 5108 499 5178 §haum
518 5087 974 5176 5.Respondeturergo'negando
995 5107 1147 5180 sequelam,
1186 5103 1372 5162 immediatum
1400 5103 1520 5177 regimen
1549 5104 1611 5160 talis
1637 5105 1749 5162 subditi.
1773 5106 1853 5175 Quod
1878 5121 1986 5178 semper

353 5196 417 5268 quia
441 5193 609 5265 probabilius
629 5201 682 5264 est,
700 5193 786 5264 legem
812 5193 958 5252 humanam
982 5211 1035 5252 non
1050 5196 1150 5254 babere
1185 5194 1388 5268 intelligendum
1409 5199 1469 5268 est,
1494 5193 1542 5250 nisi
1565 5193 1625 5250 eius
1649 5201 1777 5266 potestas·
1794 5211 1844 5268 per
1865 5195 1985 5268 aliquam

353 5283 427 5342 hunc
441 5283 569 5341 ellectum
588 5283 664 5340 eirca
679 5281 846 5341 voluntatem
860 5291 888 5342 et
902 5298 1047 5357 personam
1063 5287 1149 5357 ipsius
1187 5285 1272 5360 legem
1287 5284 1401 5343 limitata
1425 5284 1476 5356 sits
1500 5289 1529 5340 et
1552 5288 1637 5357 tuno,
1654 5289 1684 5342 ut
1696 5282 1764 5357 disi,
1780 5286 1868 5344 solunt
1883 5285 1981 5344 valebit
