4190 6234
391 301 433 367 18
1090 315 1239 368 amnnv.

348 444 435 518 iacto,
450 445 527 518 quod
548 446 615 503 soto
635 449 727 518 negat.
743 445 778 504 Et
798 443 932 518 probatur
952 443 1152 516 consequentia
1231 445 1275 503 ll.
1290 441 1469 502 Nihilominus
1480 441 1547 500 baec
1559 441 1692 501 sententia
1702 442 1945 502 unirersaliteret
1959 441 1998 499 in·

249 537 255 556 ⁸
348 537 384 594 od
400 535 553 610 bominem,
576 539 639 610 quia
658 538 687 592 in
707 535 760 594 lroc
781 536 993 610 aequiparantur
1013 534 1152 604 censuris,
1187 533 1314 592 distincte
1334 541 1444 608 sumpta
1464 533 1572 607 probari
1592 549 1645 591 non
1661 539 1765 606 potest,
1781 549 1833 592 nco
1850 533 2000 591 distinctio

273 681 278 692 ,
349 632 379 682 et
391 624 466 684 nulla
477 627 530 683 alia
543 626 613 684 ratio
631 625 797 684 dillerentiae
808 625 842 682 ab
856 641 890 684 eo
905 624 1040 685 redditur.
1053 623 1095 683 nd
1109 641 1151 684 se·
1187 625 1250 682 data
1268 632 1359 698 potest
1378 623 1538 684 subsistere.
1559 623 1638 693 Quod
1658 626 1696 681 ita
1716 623 1840 696 declaro,
1864 625 1937 697 quia
1959 624 2000 681 rei
2076 628 2077 640 ¹

349 715 471 773 cundem
492 731 570 787 vero,
586 730 670 789 quam
690 732 741 773 nos
761 714 939 789 adduximus,
954 715 1149 788 respondetur,
1187 715 1263 786 prior
1278 731 1341 788 pore
1355 713 1389 772 de
1403 714 1497 788 poenis
1511 729 1580 787 pura
1594 713 1719 788 passivis,
1731 729 1781 772 sen
1796 713 1944 788 negativis
1959 715 2001 770 in·

349 807 430 864 etiam
445 806 511 862 alias
526 821 629 879 poenas
644 820 706 862 esse
719 821 800 878 posse
815 804 1001 879 medicinales,
1013 812 1070 864 ete
1085 822 1152 863 con·
1186 805 1321 880 telligitur
1340 805 1541 878 universaliter,
1555 811 1584 862 et
1603 807 1662 863 sine
1681 802 1736 861 ulla
1755 806 1943 877 exceptione,
1960 801 2002 859 vel
2077 806 2078 900 τ

349 909 431 953 verso
445 897 528 954 etiam
549 912 682 954 censuras
696 911 757 953 esse
778 911 878 968 poenas
899 895 1068 954 vindicantes
1085 894 1152 952 deli·
1187 911 1253 954 cum
1273 895 1326 955 bac
1347 893 1547 954 moderatione:
1569 897 1638 951 Nisi
1652 909 1753 970 posco
1772 895 1937 952 coacescat
1956 895 2002 950 rri-
2077 901 2078 970 τ

350 992 407 1059 cta,
422 984 700 1060 praeterquamquod
713 984 859 1043 vindicatio
871 991 1004 1059 respectu
1016 985 1152 1043 uniusest
1185 989 1281 1044 uriom
1302 985 1496 1044 ocmbttctcm
1515 986 1909 1061 repuqoootemltamonae
1932 1000 2000 1040 eon·

349 1074 487 1134 modiciae
507 1077 713 1149 praeservativa
733 1082 864 1149 respectu
884 1075 1020 1147 aliorum,
1041 1082 1070 1132 et
1090 1074 1150 1133 ideo
1185 1075 1339 1134 ditionem
1351 1077 1435 1149 priori
1449 1091 1532 1134 sensu
1547 1091 1600 1133 non
1615 1084 1658 1134 est
1676 1091 1741 1133 rora
1752 1075 1827 1148 prior
1842 1076 2003 1148 paraliam

347 1165 488 1239 postulare
508 1173 600 1238 potest
619 1165 741 1224 eamdem
762 1167 817 1222 vim
832 1171 860 1222 et
880 1163 1046 1222 efficaciam.
1061 1165 1149 1223 Tertia
1187 1167 1210 1224 si
1224 1168 1286 1240 quis
1299 1182 1349 1240 por
1359 1165 1448 1240 legem
1461 1165 1620 1240 damnetur,
1631 1171 1664 1222 ot
1674 1165 1745 1222 lame
1755 1171 1863 1238 pereat,
1876 1179 1938 1222 nnn
1953 1179 2003 1236 po-

348 1257 413 1313 item
427 1255 579 1314 differentia
592 1255 667 1314 nulla
680 1262 737 1328 est,
763 1257 827 1330 quia
846 1258 929 1314 etiam
949 1253 1103 1313 inhabilitas
1117 1253 1151 1312 ad
1187 1263 1242 1314 teat
1260 1257 1287 1313 in
1306 1255 1475 1314 conscicntia
1494 1254 1620 1329 obligari,
1642 1253 1676 1312 ad
1697 1271 1750 1312 non
1770 1254 1999 1322 comedentium,
2078 1266 2079 1326 τ

348 1347 554 1404 matrimonium
576 1363 624 1420 ρετ
646 1347 732 1420 legem
753 1346 880 1419 imposita
901 1344 1018 1404 includit
1038 1359 1152 1419 pracce-
1185 1345 1310 1418 quamvis
1323 1343 1392 1402 illud
1405 1361 1458 1402 non
1473 1345 1597 1419 requirat
1609 1347 1756 1416 actionem,
1768 1344 1818 1403 sed
1833 1344 2000 1402 carentiam
2078 1333 2079 1370 ³

346 1443 427 1512 ptum
438 1454 494 1494 non
508 1436 690 1496 contrahendi
701 1452 766 1494 cum
779 1438 1150 1509 irritatione,etcoonrersc
1187 1437 1316 1510 acdonis3
1338 1436 1419 1493 onitas
1440 1434 1616 1492 maniieatum
1636 1442 1828 1509 argumentum
1848 1441 1913 1504 est,
1935 1432 2004 1508 quia

347 1529 465 1601 privatio
486 1527 599 1585 inducta
619 1544 668 1600 ρετ
688 1542 856 1600 censuram,
879 1542 961 1599 saepe
981 1542 1036 1583 non
1056 1525 1148 1584 solum
1177 1527 1270 1583 etiam
1288 1531 1353 1598 post
1373 1523 1533 1582 sententiam
1555 1523 1653 1582 iudicis
1674 1523 1708 1582 ad
1728 1523 1756 1582 id
1776 1539 1830 1581 non
1851 1523 2004 1597 obligatur

347 1625 540 1692 praeceptum,
553 1616 602 1676 sed
613 1618 693 1676 etiam
704 1617 884 1675 irritationem
896 1613 1074 1688 includit3est
1083 1630 1151 1690 ergo
1186 1631 1251 1673 reus
1267 1617 1295 1672 in
1308 1617 1488 1688 conscientia,
1502 1621 1536 1672 ot
1549 1612 1667 1673 traditur
1681 1617 1709 1674 2.
1722 1620 1752 1688 2,
1763 1631 1793 1688 q.
1810 1618 1858 1690 st,
1877 1621 1910 1672 et
1930 1613 2002 1671 bene

347 1709 444 1768 cadem
457 1709 541 1766 ratio.
1186 1706 1293 1764 Victor.
1308 1705 1335 1764 in
1349 1705 1446 1764 relect.
1460 1703 1495 1763 de
1506 1704 1638 1763 homicid.
1651 1719 1729 1762 cnm.
1741 1709 1789 1763 τε.
1804 1703 1884 1762 idern
1900 1709 1960 1773 est,
1977 1704 2001 1758 si
2079 1724 2080 1752 τ

390 1803 434 1856 to.
450 1799 553 1868 Quarta
566 1797 701 1854 sententia
715 1795 861 1870 distinguit
871 1795 1011 1869 duplicem
1021 1809 1150 1868 poenam.
1185 1811 1235 1869 per
1253 1795 1342 1870 legens
1356 1798 1419 1870 quis
1439 1795 1577 1868 obligatur
1590 1793 1625 1852 ad
1646 1811 1700 1852 non
1714 1793 1878 1869 fugiendum
1895 1809 1913 1850 c
1935 1808 2001 1850 car·

346 1893 407 1949 ilua
419 1895 475 1959 est,
489 1889 602 1961 quaein
618 1886 676 1945 sola
690 1889 817 1959 passione
831 1887 973 1958 consistit,
988 1899 1039 1942 aec
1059 1885 1152 1958 requi·
1186 1900 1261 1958 cere,
1274 1886 1300 1943 in
1311 1901 1367 1959 quo
1377 1886 1455 1944 timet
1466 1883 1577 1959 aliquod
1588 1900 1672 1960 grave
1682 1892 1898 1956 nocumentum,
1914 1900 1999 1942 nemo

347 1982 386 2038 rit
405 1979 552 2049 actionem,
568 1992 618 2036 seu
639 1977 831 2034 executionem
852 1975 987 2048 hominis,
1003 1973 1066 2046 alia,
1081 1989 1152 2047 quae
1187 1977 1261 2034 enim
1274 1974 1308 2033 ad
1322 1975 1377 2033 boo
1390 1976 1417 2032 in
1431 1975 1601 2033 conscientia
1614 1975 1764 2049 obligatur,
1780 1983 1812 2034 ut
1826 1973 1934 2033 ibidem
1950 1973 2001 2031 do·

348 2073 407 2126 aine
421 2069 537 2126 bominis
553 2067 676 2138 actione,
687 2073 716 2123 et
729 2067 892 2124 executione
905 2065 963 2122 ieri
977 2079 1032 2121 non
1048 2068 1149 2136 potest.
1187 2073 1232 2125 oet
1245 2065 1349 2125 llictor.
1368 2071 1396 2124 ot
1408 2065 1480 2123 inira
1493 2065 1669 2140 attingemus,
1683 2072 1713 2122 et
1731 2073 1822 2124 temen
1836 2065 1886 2124 illa
1908 2081 2001 2139 poena

337 2147 388 2218 ¹llo
402 2159 488 2231 priori
503 2157 624 2214 affirmat
637 2156 705 2213 haec
725 2157 828 2227 opinio,
844 2171 927 2228 posse
942 2170 990 2228 per
1012 2154 1100 2227 legem
1114 2155 1152 2211 ita
1188 2174 1244 2216 oon
1256 2157 1372 2231 requirit
1383 2154 1575 2214 actioosmvcl
1588 2163 1706 2230 motum,
1716 2155 1765 2213 sad
1775 2158 1911 2230 quictem.
1921 2154 2000 2212 ldem

350 2249 465 2322 imponi,
480 2255 512 2306 ut
531 2252 593 2304 ante
608 2261 716 2304 omnem
731 2247 894 2304 sententiam
909 2245 1046 2320 obligetur
1066 2244 1149 2303 bomo
1186 2255 1240 2320 est,
1253 2265 1280 2304 τ.
1293 2262 1321 2321 g.
1334 2246 1368 2305 de
1384 2261 1472 2319 poena
1482 2261 1536 2304 non
1550 2244 1716 2317 celebrandi,
1728 2252 1776 2304 aut
1790 2262 1845 2304 non
1860 2261 1996 2304 commu·

347 2341 376 2395 in
390 2338 560 2396 conscientia
574 2335 607 2392 ad
622 2334 783 2392 servandam
798 2335 880 2407 illam3
893 2334 927 2392 de
941 2333 1088 2407 posteriori
1103 2349 1152 2392 au·
1189 2335 1313 2410 nicandi3
1329 2352 1393 2394 nam
1407 2337 1429 2392 ai
1442 2351 1475 2393 es
1488 2337 1590 2393 ellectu
1604 2342 1713 2407 secuto,
1731 2352 1757 2392 r.
1773 2351 1802 2410 g.
1819 2335 1938 2392 infamia
1952 2336 2000 2393 liat

350 2435 406 2486 tem
421 2432 510 2500 nogat.
526 2427 599 2482 liaeo
614 2424 667 2481 init
680 2425 768 2497 opinio
782 2425 866 2481 Caiet.
876 2429 905 2482 2.
915 2429 944 2496 2,
958 2441 986 2498 q.
996 2427 1045 2498 tt,
1056 2430 1109 2480 art.
1121 2428 1150 2495 3,
1187 2428 1267 2486 nimis
1288 2426 1400 2498 acerba,
1415 2441 1470 2482 non
1490 2425 1629 2499 obligatur
1643 2427 1746 2500 quirin
1768 2425 1945 2483 oonacieotia
1963 2424 1998 2482 ad

349 2526 379 2577 et
393 2518 418 2574 in
435 2520 547 2574 Summa
561 2515 646 2572 rerba
661 2517 772 2581 Poeno,
791 2514 837 2570 ubi
853 2513 980 2572 videntur
992 2516 1031 2570 ita
1050 2513 1151 2570 sentire
1189 2516 1352 2573 servandam
1363 2515 1447 2572 illam.
1457 2517 1573 2587 Propter
1583 2513 1659 2588 quod
1673 2513 1768 2573 dicunt
1779 2531 1877 2572 omncs
1892 2522 1996 2573 aucto·

351 2607 447 2682 Argei.
460 2606 556 2664 Armil.
572 2612 600 2663 ct
614 2605 657 2662 alii
672 2606 847 2662 summistae.
860 2603 1003 2676 approbat
1016 2603 1097 2660 etiam
1112 2600 1152 2658 di·
1187 2623 1243 2681 res,
1254 2607 1527 2665 excommunicatum
1537 2605 1682 2663 occultum
1697 2620 1778 2678 posse
1789 2604 1864 2664 licite
1876 2605 1993 2679 publice

351 2699 526 2756 atinotionem
540 2697 623 2754 Caiet.
638 2694 759 2752 Simone.
773 2693 806 2750 de
821 2693 950 2750 catholic.
965 2691 1051 2750 instit.
1064 2694 1105 2749 tit.
1121 2694 1150 2765 9,
1186 2699 1404 2767 communicare,
1424 2693 1535 2768 quando
1555 2697 1612 2752 sine
1631 2695 1709 2769 gravi
1728 2695 1836 2752 iniamia
1856 2696 1885 2754 id
1907 2698 1997 2754 vitare

350 2803 379 2847 n.
394 2792 442 2862 at,
457 2795 486 2845 et
498 2785 687 2860 sequentibus,
703 2790 729 2842 et
743 2783 856 2841 inclinat
868 2783 986 2859 sylvest.
998 2783 1082 2840 verbo
1095 2789 1151 2839 As·
1186 2803 1239 2844 non
1260 2792 1361 2860 potest.
1383 2787 1527 2844 Praeterea
1546 2785 1635 2859 ratio,
1657 2800 1740 2858 quam
1761 2783 1836 2843 dicta
1857 2787 1997 2844 sententia

351 2881 484 2941 acsiaus,
501 2881 616 2934 numi.
629 2877 654 2930 in
670 2875 733 2945 linc,
749 2881 839 2932 tamen
855 2877 919 2931 n-t.
936 2873 962 2928 in
976 2888 1007 2932 ca
1022 2888 1076 2929 aon
1091 2888 1152 2945 per·
1186 2893 1237 2950 pro
1251 2893 1281 2933 se
1295 2874 1419 2948 adducit,
1431 2873 1589 2947 persuadet,
1602 2875 1628 2930 in
1644 2873 1691 2930 illa
1704 2875 1789 2947 priori
1801 2883 1879 2948 parte
1894 2891 1996 2934 neces·

351 2969 434 3025 sistit.
442 2967 549 3025 citatur
561 2967 644 3022 etiarn
659 2963 799 3021 victorin
813 2961 911 3020 relect.
921 2961 1005 3034 priori
1018 2959 1052 3018 de
1066 2961 1150 3034 indis,
1186 2967 1288 3024 soriam
1309 2980 1370 3023 esse
1380 2964 1456 3022 -banc
1479 2962 1703 3036 moderationem,
1718 2964 1792 3038 qnod
1812 2981 1914 3040 poena,
1931 2965 1997 3024 lieet

348 3073 378 3114 n.
396 3061 441 3129 ii,
457 3055 568 3114 Adrion.
584 3052 688 3127 quoiib.
706 3056 734 3126 6,
750 3069 778 3126 q.
795 3054 821 3124 τ,
832 3049 950 3109 conrad.
964 3049 998 3108 de
1012 3055 1149 3108 contract.
1188 3057 1225 3112 sit
1236 3071 1306 3129 pure
1320 3055 1438 3129 passiva,
1452 3053 1625 3112 nibilominus
1638 3053 1737 3112 debeat
1754 3071 1808 3113 non
1831 3072 1895 3115 ease
1910 3056 1993 3114 nimia

349 3163 380 3220 q.
397 3149 424 3219 7,
440 3143 560 3203 Cordub.
573 3145 592 3201 l.
611 3149 635 3202 t.
646 3148 753 3216 quaest.
766 3157 794 3216 q.
810 3145 858 3215 36,
872 3146 900 3198 et
913 3140 1007 3218 plures
1020 3157 1053 3198 cx
1072 3139 1153 3197 iuria·
1187 3145 1287 3203 acerba
1301 3152 1329 3203 et
1342 3145 1500 3203 inhumana.
1516 3146 1551 3202 nt
1569 3160 1635 3203 vero
1648 3147 1737 3217 posita
1750 3143 1802 3204 bac
1824 3146 1995 3205 moderatio-

350 3237 457 3308 peritis,
470 3233 629 3307 Ρττθτθΐῑῑῐῃ
643 3231 746 3289 Βτῐῐθῑ·
759 3233 786 3288 5¹¹
801 3231 820 3287 Ι·
832 3234 893 3288 etus
908 3233 959 3302 illi
971 3227 1145 3296 demmin,
1185 3251 1230 3308 ns,
1242 3236 1324 3294 etiam
1334 3237 1386 3294 erit
1400 3233 1554 3293 adhibenda
1563 3233 1591 3292 in
1602 3232 1688 3294 altero
1700 3235 1823 3293 membro
1834 3235 1993 3296 distinctio-

348 3325 378 3383 n.
394 3324 428 3382 de
442 3325 501 3382 iure
516 3323 585 3396 fisci,
600 3329 628 3379 et
640 3321 715 3378 Bald-
730 3323 757 3377 in
773 3320 792 3380 Ι.
806 3321 841 3377 id
854 3318 934 3393 quod
947 3318 1144 3396 pauperibus,
1186 3327 1239 3396 nis,
1255 3333 1285 3383 et
1306 3326 1346 3383 sic
1360 3326 1413 3383 erit
1432 3325 1544 3398 salsum,
1558 3331 1586 3382 et
1605 3331 1669 3383 ruet
1681 3332 1742 3383 tota
1755 3324 1906 3385 distinctio.
1923 3328 1994 3385 nam

350 3417 381 3474 c.
398 3415 432 3474 de
446 3415 577 3488 Episcop.
589 3421 618 3471 ct
631 3411 729 3470 Clario.
744 3413 821 3468 loan-
835 3409 919 3468 Andr·
937 3425 999 3483 erp·
1017 3415 1042 3468 i·
1055 3407 1089 3465 de
1103 3407 1152 3465 ho·
1186 3415 1246 3489 pari
1267 3417 1372 3473 ratione
1393 3415 1540 3474 dicendum
1560 3422 1614 3489 est,
1633 3431 1762 3489 poenam,
1784 3432 1855 3491 quae
1874 3416 1995 3492 requirit

348 3505 442 3565 micid.
459 3506 486 3562 in
506 3509 535 3577 6,
549 3511 577 3561 at
590 3503 710 3560 bochar.
728 3503 755 3558 in
776 3516 838 3574 cap·
854 3499 972 3566 Felicis,
990 3498 1023 3556 dc
1043 3500 1150 3573 poenit,
1186 3507 1335 3579 actionem,
1348 3510 1416 3563 tuno
1430 3505 1520 3562 solnm
1535 3520 1590 3562 uon
1603 3503 1770 3579 possedicto
1785 3507 1909 3566 modain
1925 3521 1993 3565 con·

349 3597 376 3653 in
392 3599 419 3654 6.
435 3593 489 3653 Sed
502 3595 528 3651 bi
548 3601 678 3650 auctores
693 3606 722 3648 τε
744 3607 809 3648 τετε
822 3607 878 3648 non
898 3590 1051 3664 loquuntur
1070 3603 1152 3662 gena·
1186 3595 1301 3653 scientia
1318 3595 1431 3667 imponi,
1443 3593 1553 3668 quando
1566 3601 1610 3652 eat
1622 3594 1702 3652 nimis
1716 3597 1821 3670 gravis,
1836 3603 1865 3656 et
1879 3604 1993 3670 praeter

350 3686 456 3759 raiiter,
472 3684 519 3741 sed
534 3683 567 3740 de
582 3698 648 3756 una,
664 3682 705 3738 vel
721 3681 773 3738 alia
787 3681 863 3755 gravi
878 3695 977 3754 poena.
992 3680 1069 3736 Prior
1083 3694 1150 3752 ergo
1187 3682 1334 3742 humanam
1346 3683 1533 3758 tragilitatem3
1546 3699 1629 3742 secus
1640 3691 1732 3744 autem
1745 3701 1819 3760 ease,
1833 3689 1855 3744 si
1869 3687 1942 3745 intra
1953 3686 1994 3742 la·

350 3790 414 3848 pars
434 3774 517 3832 buius
542 3774 690 3830 sententiae
712 3771 745 3828 de
771 3772 864 3844 poenis
885 3769 1101 3827 consistentibus
1122 3769 1150 3825 in
1187 3771 1330 3831 titudinem
1343 3773 1416 3830 iliius
1436 3775 1545 3848 generis
1560 3788 1663 3845 poenae
1683 3774 1901 3834 moderationem
1924 3778 1991 3834 reti·

350 3867 479 3938 passione
489 3863 659 3920 sufficienter
669 3862 802 3933 probatur
814 3861 983 3933 argumentis
994 3857 1073 3915 iactis
1084 3873 1152 3915 con-
1187 3869 1262 3921 neat.
1276 3863 1345 3921 'ium
1365 3862 1436 3920 enim
1457 3869 1550 3920 cessat
1564 3862 1774 3922 tundamentum
1789 3863 1860 3922 illios
1882 3871 1992 3924 sentcn-

351 3964 396 4014 tra
409 3954 562 4013 secundam
575 3953 740 4026 opinionem.
753 3950 851 4024 Aliqua
865 3965 975 4007 veruca
990 3948 1151 4006 fundamen·
1186 3954 1249 4024 tiae,
1270 3959 1363 4011 cessat
1382 3953 1463 4010 etiam
1485 3953 1573 4010 omnis
1594 3953 1662 4011 ratio
1684 3954 1842 4028 iniustitiae,
1862 3957 1928 4030 quia
1948 3955 1991 4013 lex

352 4047 387 4104 tis
406 4045 478 4102 itlius
499 4042 638 4100 secundae
659 4028 793 4114 opinionis
813 4040 986 4113 applicantur
1006 4039 1040 4097 ad
1060 4043 1151 4111 posta·
1185 4045 1306 4102 bumana
1320 4050 1412 4117 potest
1425 4044 1585 4118 praecipere
1600 4043 1735 4118 quidquid
1749 4059 1801 4104 nec
1813 4045 1918 4105 malum
1934 4050 1990 4117 est,

351 4135 453 4192 riorcm
466 4139 571 4206 partem
584 4129 763 4188 suadendam.
776 4128 830 4186 Sed
843 4129 889 4187 illa
901 4131 955 4188 inm
970 4129 1059 4187 soluta
1073 4135 1148 4201 aunt,
1184 4149 1236 4191 neo
1256 4134 1335 4192 nimis
1355 4149 1449 4209 grave,
1470 4141 1519 4191 aut
1538 4140 1676 4209 repugnat
1694 4141 1820 4209 naturae,
1836 4138 1860 4193 si
1880 4135 1993 4194 aliunde

352 4223 561 4282 unde-unicum
581 4235 726 4294 superesse
740 4225 830 4293 potest
850 4219 932 4276 battua
948 4219 1033 4293 partis
1054 4217 1151 4276 lunda·
1185 4225 1272 4295 possit
1291 4221 1391 4282 babere
1412 4225 1591 4298 aequitatem,
1613 4230 1642 4283 ct
1661 4225 1808 4284 utilitatem
1826 4225 1890 4285 boni
1910 4241 1990 4284 com·

349 4322 485 4383 mentum,
502 4311 620 4383 scilicet,
635 4311 700 4386 quia
720 4310 793 4383 leges
815 4308 951 4369 humanae
968 4308 1070 4368 debent
1088 4325 1150 4369 esse
1184 4312 1289 4370 munis.

350 4402 527 4478 tolerabiles,
547 4409 577 4460 et
599 4398 822 4458 accommodatae
841 4400 976 4458 humanae
989 4398 1149 4472 conditioni,
1228 4405 1271 4460 it.
1287 4403 1418 4476 Superest
1431 4409 1535 4477 mmor,
1549 4409 1581 4462 ut
1594 4403 1759 4479 probemus,
1777 4403 1846 4464 baec
1860 4404 1917 4466 duo
1935 4420 1988 4465 non

352 4511 415 4567 cap.
424 4497 492 4553 Erit
502 4496 604 4551 cutem
614 4489 673 4558 lec,
688 4491 785 4553 dist-i,
799 4487 1012 4563 superluceat,
1027 4493 1111 4563 26,q.
1121 4493 1147 4551 l.
1184 4492 1464 4566 repugnarapclioet
1474 4507 1590 4566 poenam
1601 4497 1740 4570 requirere
1752 4497 1888 4554 actionem
1901 4497 1989 4571 ipsius

352 4601 418 4642 oum
432 4599 518 4656 supra
531 4582 631 4640 notatis
645 4579 679 4638 de
699 4580 750 4638 bac
765 4595 805 4653 re,
821 4578 870 4637 aed
890 4578 945 4650 ier,
960 4594 1032 4653 quac
1047 4577 1151 4654 obliga·
1184 4579 1240 4655 rei,¹
1250 4589 1280 4639 et
1294 4583 1470 4641 nibilominus
1484 4599 1546 4641 esse
1560 4583 1728 4644 moderatam
1742 4592 1770 4643 et
1783 4585 1944 4662 humanam,
1962 4585 1989 4643 id

350 4682 394 4733 ret
414 4673 551 4762 hominepr
571 4673 599 4729 in
619 4671 788 4728 conscientia
806 4669 842 4727 ad
861 4669 1055 4742 exequendum
1073 4670 1100 4726 io
1121 4685 1150 4727 se
1187 4675 1278 4730 autem
1300 4672 1488 4745 multipliciter
1509 4672 1632 4733 ostendo.
1649 4677 1753 4748 Primo,
1770 4677 1835 4750 quia
1855 4675 1920 4735 dicti
1941 4691 1989 4736 au·

349 4781 479 4839 poenam,
494 4778 564 4837 quac
579 4763 716 4836 propriam
731 4761 791 4818 eiua
813 4761 948 4818 actionem
962 4759 1091 4833 requirit,
1107 4774 1153 4816 es·
1185 4767 1278 4819 atores
1289 4760 1422 4834 latentur,
1436 4777 1485 4834 per
1498 4765 1659 4821 sententiam
1670 4763 1883 4824 declaratoriom
1896 4767 1987 4826 crimi-

350 4863 393 4914 set
406 4855 485 4920 nimis
499 4854 591 4927 gravis
604 4858 632 4908 et
645 4850 835 4922 intolerabilis,
847 4857 876 4907 et
886 4850 997 4908 alienaa
1011 4851 1152 4908 communi
1187 4850 1228 4908 nis
1240 4850 1344 4909 incurri
1357 4867 1440 4922 posse
1451 4851 1570 4925 aliquam
1581 4867 1697 4925 poenam
1708 4856 1735 4910 in
1748 4857 1917 4914 conscientia
1929 4859 1987 4914 sinc

351 4945 495 5002 hominum
508 4959 571 5017 usu,
587 4940 725 5016 ergatalia
739 4941 839 4998 modus
850 4939 917 5013 legis
931 4938 1038 4998 excedit
1051 4939 1147 4997 buma-
1186 4940 1239 4997 alia
1253 4939 1496 5013 condemnatione,
1511 4941 1553 4999 vel
1569 4945 1731 5002 executione
1745 4944 1855 5021 iudicis,
1871 4953 1920 5004 aut
1938 4947 1987 5004 mi·

350 5051 414 5093 nam
425 5035 644 5108 potestatemlie
655 5047 711 5111 (τττε
722 5032 824 5088 τεττεεε
835 5036 944 5103 praeter
954 5031 1055 5096 citatos
1067 5029 1151 5089 videri
1186 5030 1339 5089 nistrorum
1353 5030 1423 5106 eiusq
1436 5046 1503 5105 ergo
1517 5030 1589 5089 idem
1604 5039 1699 5106 posset
1712 5034 1802 5093 iacere
1813 5035 1856 5093 lex
1869 5051 1923 5093 non
1939 5053 1987 5110 po·

351 5132 442 5200 potest
461 5125 618 5185 navorum
640 5124 793 5180 Commeat.
809 5120 843 5179 de
863 5118 934 5180 datis
948 5129 977 5179 st
997 5121 1150 5195 promissis,
1187 5119 1315 5179 atuiaorlo
1331 5122 1492 5180 sentemiam
1506 5121 1727 5182 declaratoriam.
1740 5125 1878 5184 Probatur
1889 5141 1987 5184 conse·

352 5231 428 5276 nona.
446 5219 494 5276 tt.
1189 5211 1313 5286 quentia,
1328 5214 1393 5288 quia
1410 5227 1460 5287 per
1479 5211 1641 5276 sententiam
1664 5211 1875 5277 declaratcriam
1890 5230 1944 5277 non
1957 5216 1986 5273 aa
