4232 6220
866 375 973 428 aaran
987 380 1027 429 11.
1646 359 1709 426 637

110 504 168 572 hit,·
186 519 240 564 one
261 506 340 564 ssim
363 505 438 564 mihi
456 509 513 572 est,
538 507 565 562 si
582 519 642 563 con
659 501 910 577 marrqeltsooerm
948 504 1063 576 Domini,
1076 518 1147 579 quae
1161 504 1277 578 positiva
1291 503 1348 563 sine
1362 502 1447 564 dubio
1459 509 1585 577 est,cum
1599 519 1653 563 non
1666 501 1749 562 tuerit

108 596 160 654 hoc
174 601 267 654 autem
282 602 462 668 praeceptum
477 596 624 668 positivum
637 596 719 653 etiam
732 599 785 651 est.
949 593 1109 665 simpliciter
1130 595 1296 651 necessaris.
1317 593 1393 652 Unde
1412 594 1443 652 ht
1460 596 1542 652 etiam
1562 609 1747 667 consequens,

148 691 176 742 8.
198 684 354 756 incipiendo
380 685 414 741 ab
438 684 492 742 hoc
517 685 628 757 ultimo,
649 685 760 742 maioris
779 681 910 739 claritatis
947 693 1125 756 praeceptum
1148 684 1209 742 talis
1223 683 1294 754 fidei,
1310 691 1394 755 prout
1407 691 1450 742 est
1463 686 1604 757 proprium
1619 682 1685 756 legis
1699 697 1748 738 no·

110 775 209 848 gratia,
223 773 387 846 respondeo,
397 780 577 848 praeceptum
593 774 658 833 illud
673 770 858 845 praedicandi,
869 768 911 826 vel
946 788 1009 843 rao,
1024 781 1052 831 at
1065 774 1186 831 divinum
1201 773 1348 846 positivum
1362 775 1467 832 censeri
1482 789 1575 846 posse,
1591 773 1687 830 saltem
1703 788 1747 829 rs·

109 863 225 921 docendi
240 865 335 921 datram
346 863 503 936 pastoribus
513 864 666 935 Ecclesiae,
677 866 705 920 in
719 861 820 932 radico,
834 859 912 916 idest
946 865 1019 920 tione
1032 863 1320 922 institutionis.Posita
1331 871 1422 921 autem
1432 865 1602 922 institutione
1615 868 1746 934 respectu

109 954 134 1010 in
151 953 332 1024 institutione,
347 969 408 1010 esse
422 954 613 1025 positivum,in
627 969 655 1010 se
666 958 797 1010 autemst
811 951 911 1008 torrna·
946 951 1035 1024 itlius,
1054 958 1083 1009 et
1102 959 1190 1010 status
1205 952 1272 1026 legis
1286 955 1406 1026 gratiae,
1424 954 1478 1011 talo
1498 959 1676 1025 praeceptum
1690 968 1748 1010 mo·

109 1043 169 1100 liter
186 1057 247 1100 esse
266 1044 402 1102 naturale.
419 1046 518 1103 hunus
536 1044 608 1100 enim
629 1041 783 1115 episcopale
797 1055 847 1097 seu
863 1053 911 1111 pa·
945 1044 996 1099 rito
1017 1043 1166 1100 existimari
1187 1049 1278 1114 potest
1297 1043 1474 1100 connaturale
1496 1043 1541 1100 illi.
1559 1042 1663 1111 Primo,
1679 1043 1747 1116 quia

108 1132 208 1190 storale
229 1139 272 1189 est
290 1134 317 1188 in
333 1132 503 1190 Ecclesiam
518 1135 637 1206 positiva
650 1130 819 1188 institutione
832 1128 911 1186 Chri·
945 1138 1121 1205 praeceptum
1140 1132 1356 1205 recognoscendi
1375 1140 1518 1191 auctorem
1533 1133 1618 1206 legis,
1635 1138 1664 1190 et
1682 1132 1746 1190 ohe·

108 1221 157 1292 sti,
175 1227 207 1277 ut
222 1236 270 1292 per
286 1237 315 1278 se
327 1223 605 1294 conatam-supposito
619 1231 710 1278 autem
725 1220 770 1276 tali
784 1232 909 1286 munere,
944 1221 1034 1280 diendi
1048 1222 1096 1290 illi,
1108 1229 1151 1280 est
1166 1221 1242 1280 valde
1256 1223 1435 1280 connaturale
1448 1225 1617 1294 cuicumque
1630 1221 1693 1294 legi3
1711 1220 1746 1278 ad

107 1309 237 1383 obligatio
262 1309 394 1380 damnat,
422 1317 471 1366 aut
493 1309 666 1384 praedicandi
682 1307 853 1382 evangelium
874 1305 909 1362 de
946 1309 998 1367 boc
1021 1317 1114 1368 autern
1136 1311 1291 1368 necessaria
1308 1318 1351 1367 ast
1369 1327 1497 1382 expressa
1514 1317 1542 1368 et
1554 1310 1684 1368 distincta
1699 1325 1747 1367 co·

108 1399 166 1457 iura
184 1397 276 1456 divino
295 1398 412 1457 naturali
433 1405 493 1470 est,
515 1401 654 1472 pertinens
668 1398 703 1455 ad
717 1397 909 1470 obligationem
943 1399 1029 1472 goitio
1050 1401 1124 1456 eius:
1149 1416 1213 1456 cum
1228 1415 1294 1472 ergo
1308 1400 1434 1457 Christus
1448 1402 1484 1457 sit
1499 1405 1596 1457 auctor
1612 1398 1695 1456 huius
1710 1398 1747 1455 le·

107 1490 227 1548 iustitiae
240 1496 269 1546 et
281 1490 430 1561 fidelitatis,
439 1505 510 1562 quae
524 1490 669 1546 intrinsece
680 1503 713 1544 er
726 1487 771 1543 tali
784 1500 907 1555 munere,
943 1487 1001 1561 gis,
1024 1488 1101 1545 valde
1114 1489 1294 1546 connaturale
1308 1497 1351 1546 cst
1369 1490 1406 1546 illi
1421 1496 1598 1562 praeceptum
1617 1489 1746 1547 credendi

106 1578 240 1647 nascitur3
255 1578 330 1649 quod
346 1577 506 1650 significavit
518 1578 620 1635 Paulus
633 1593 718 1649 supra
728 1575 834 1631 dicens:
844 1576 910 1630 Dis·
943 1576 969 1632 in
988 1577 1137 1635 Christum.
1153 1580 1222 1634 Cum
1237 1578 1292 1634 hoc
1312 1584 1405 1636 autem
1419 1579 1596 1636 coniunctum
1610 1584 1654 1634 ast
1667 1593 1746 1650 prae·

101 1667 241 1740 pensatio
254 1667 329 1722 mihi
342 1665 459 1724 credita
471 1673 523 1724 est.
539 1668 580 1724 hd
594 1669 713 1735 primum
732 1679 798 1737 ergo
816 1663 841 1718 io
853 1663 908 1734 pri·
943 1672 1054 1738 ceptum
1077 1666 1261 1738 cognoscendi
1275 1667 1452 1736 Trinitatem,
1474 1673 1505 1724 ut
1519 1682 1591 1724 nunc
1606 1682 1745 1739 suppono,
1775 1715 1777 1721 s

106 1758 156 1812 mis
171 1755 340 1828 respondeo,
356 1771 420 1812 cunr
435 1757 624 1828 proportione,
637 1770 690 1812 non
705 1769 765 1811 esse
783 1765 908 1809 necessa·
932 1757 1008 1830 quia
1029 1772 1095 1813 cum
1114 1755 1240 1814 Christus
1261 1757 1295 1822 sit
1314 1757 1437 1814 secunda
1455 1757 1591 1814 trinitatis
1616 1771 1745 1828 persona,

105 1845 231 1915 rium,ut
240 1860 273 1901 ex
285 1851 360 1916 parte
369 1844 538 1902 audientium
550 1844 696 1917 praecedat
704 1841 821 1914 speciale
830 1857 908 1916 prae·
936 1863 997 1912 ,non
1019 1851 1110 1918 potest
1133 1845 1227 1903 haberi
1248 1845 1313 1904 tides
1327 1845 1361 1903 de
1377 1847 1424 1903 illc
1439 1845 1608 1904 sufficienter
1621 1845 1747 1918 explicita

105 1940 219 2006 ceptum
231 1935 381 2006 positivum
394 1933 519 1991 audiendi
533 1934 697 2001 doctrinam,
714 1931 755 1988 vel
770 1930 910 2003 praedica·
943 1937 1000 1992 sine
1011 1934 1064 1992 tide
1073 1935 1201 2006 explicita
1211 1935 1358 1993 trinitatis.
1367 1935 1507 2003 Secundo,
1519 1935 1583 2009 quis
1593 1933 1658 1992 tides
1670 1951 1746 2008 prae·

106 2024 206 2080 donem
222 2023 295 2080 fidei.
305 2025 373 2080 llam
384 2025 407 2080 si
418 2026 452 2079 sit
465 2039 555 2081 sermo
568 2024 601 2080 de
616 2023 772 2080 hominihus
787 2019 908 2077 nondum
942 2026 1047 2098 cipitur
1067 2039 1121 2080 non
1136 2023 1224 2080 solum
1237 2031 1369 2098 tanquam
1380 2025 1547 2097 speculativa
1559 2021 1687 2098 cognitio,
1697 2023 1745 2080 ssd

105 2113 284 2170 credentibus
295 2113 520 2186 inchristum,illi
534 2131 587 2170 non
598 2121 663 2171 sunt
673 2127 790 2185 capaces
803 2110 908 2183 obliga·
942 2115 1025 2171 etiam
1046 2120 1174 2185 tanquam
1190 2115 1312 2184 practica
1330 2121 1358 2170 et
1377 2114 1530 2184 operatium
1552 2113 1586 2170 ad
1602 2129 1682 2170 usum
1697 2129 1747 2170 au·

105 2204 187 2259 tionis
206 2204 391 2274 provenientis
402 2219 434 2261 es
445 2199 907 2276 praeceptosupernaturali,donec
942 2210 997 2261 tem
1017 2208 1253 2260 sacramentorum
1275 2202 1355 2260 huius
1370 2202 1437 2276 logis
1450 2203 1604 2260 necessaria
1617 2209 1661 2259 est
1679 2200 1745 2258 tides

105 2292 155 2350 illis
182 2291 353 2349 sufficienter
378 2299 548 2364 proponatur
566 2293 647 2363 fides,
672 2291 736 2363 quia
755 2289 907 2362 propositio
941 2292 1068 2364 explicita
1086 2291 1239 2362 Trinitatis,
1256 2307 1339 2364 quam
1354 2298 1463 2364 oportet
1477 2291 1502 2348 in
1517 2292 1650 2363 baptismo
1665 2291 1745 2362 proii-

105 2381 237 2453 supponit
250 2381 386 2453 auditum,
396 2397 462 2454 ergo
474 2388 553 2439 antea
568 2397 622 2438 non
637 2386 729 2453 potest
742 2378 907 2452 praecedere
942 2383 992 2440 teri
1001 2423 1008 2453 ,
1029 2387 1057 2438 et
1076 2382 1142 2438 tides
1156 2381 1284 2454 explicita
1296 2380 1409 2452 Christi,
1425 2398 1507 2461 quem
1523 2387 1630 2453 oportet
1645 2381 1671 2437 in
1689 2382 1745 2438 Eu·

105 2471 236 2550 obligatio
251 2470 379 2528 audiendi
394 2473 601 2544 provenienses
615 2469 817 2543 supernaturali
829 2483 907 2541 prae·
941 2471 1072 2528 charistia
1086 2471 1218 2543 recipere,
1229 2478 1257 2528 et
1270 2471 1342 2528 Patri
1357 2471 1381 2527 in
1396 2471 1563 2528 sacrificium
1580 2471 1690 2544 offerreq
1702 2487 1746 2528 er·

105 2566 198 2632 cepto.
214 2560 299 2632 igitur
319 2560 393 2617 nulla
412 2559 540 2634 obligatio
561 2559 700 2634 praecedit
716 2575 748 2617 ex
764 2565 840 2631 parts
859 2573 907 2614 au·
941 2576 975 2633 go
992 2561 1134 2633 supposita
1149 2561 1317 2618 institutione
1333 2562 1449 2618 maxime
1460 2567 1646 2618 consentanea
1658 2561 1746 2634 perie-

104 2649 253 2719 dientinm,
273 2648 320 2705 sed
336 2656 441 2708 tantum
454 2665 487 2706 es
503 2657 579 2722 parte
594 2647 907 2720 praedicantiquuas
941 2651 1025 2708 ctioni
1043 2651 1125 2708 huius
1140 2657 1241 2721 status,
1258 2651 1340 2708 etism
1355 2651 1415 2708 tatis
1429 2649 1505 2719 fides,
1520 2656 1550 2706 et
1569 2657 1745 2723 praeceptum

106 2737 247 2795 moraliter
264 2741 385 2810 reputari
402 2745 491 2811 potest
503 2739 657 2810 subiciens,
671 2739 734 2813 quia
747 2739 770 2794 si
782 2753 816 2793 ex
831 2743 907 2809 parts
941 2741 999 2797 etus
1021 2741 1118 2797 merito
1136 2739 1190 2797 dici
1208 2745 1373 2812 potestesse
1387 2738 1492 2796 deiure
1506 2740 1595 2796 divino
1610 2746 1745 2797 connatu-

104 2827 347 2902 evaugelizantium
371 2830 409 2886 sit
429 2828 520 2901 zelus,
540 2835 568 2886 et
586 2827 748 2899 solicitudo,
769 2843 822 2884 non
844 2825 908 2882 dee·
941 2830 991 2888 rati
1008 2831 1133 2904 gratiae,
1154 2837 1185 2887 ut
1197 2830 1324 2886 existenti
1344 2831 1370 2886 in
1385 2830 1430 2887 tati
1445 2836 1531 2904 statu,
1547 2831 1572 2887 in
1586 2846 1643 2904 quo
1657 2832 1746 2904 gratia

105 2926 172 2975 runt
193 2920 241 2991 qui
262 2916 295 2974 de
316 2918 388 2974 lacto
403 2918 526 2989 audiant,
543 2918 577 2975 ad
590 2917 664 2992 quod
679 2917 766 3002 magis
783 2915 907 2974 trahendi
941 2927 996 2978 tam
1011 2919 1132 2992 perlecto
1146 2918 1228 2976 modo
1242 2921 1476 2978 communicatur.

105 3009 267 3080 sunt,suari
283 3007 439 3065 inductione
455 3007 592 3065 invitando
609 3007 908 3081 illos,quamrigorosa
984 3013 1026 3067 to.
1048 3013 1138 3082 htque
1158 3009 1220 3066 hinc
1239 3009 1317 3066 laoile
1338 3009 1519 3082 respondetur
1539 3008 1573 3066 ad
1595 3007 1746 3067 secundam

104 3098 281 3172 obligatione.
298 3098 346 3156 Vel
361 3104 436 3154 certe
449 3098 560 3172 quando
575 3097 641 3154 haec
656 3097 784 3170 obligatio
798 3095 905 3168 incipit,
942 3106 1047 3172 partem
1063 3098 1097 3156 de
1112 3103 1259 3170 praecepto
1273 3098 1341 3170 spei3
1358 3098 1475 3155 iatemur
1489 3100 1573 3170 eninr,
1593 3105 1674 3157 utum
1688 3101 1745 3171 spei

103 3189 192 3260 magis
212 3193 256 3243 est
274 3201 307 3243 es
326 3188 429 3243 ratione
444 3187 576 3258 naturali,
591 3203 674 3260 quant
689 3201 722 3243 es
737 3186 796 3256 lege
812 3200 908 3256 super·
944 3188 1029 3246 multo
1045 3187 1235 3259 perfectiorem
1251 3187 1382 3257 postulari
1397 3187 1421 3242 in
1438 3188 1497 3261 lege
1510 3187 1745 3261 evangelii,quam

102 3276 323 3344 nutricationis
343 3277 423 3332 homo
437 3277 601 3334 naturaliter
615 3281 740 3348 tenetur,
753 3289 846 3331 reram
860 3272 907 3329 usi
942 3284 1038 3344 antes,
1063 3282 1121 3332 turn
1142 3274 1233 3348 quoad
1255 3275 1368 3333 modum
1389 3275 1514 3347 sperandi
1532 3277 1664 3350 gloriam,
1686 3283 1744 3333 tum

102 3367 304 3440 cognitionem,
329 3379 476 3440 veramque
495 3367 650 3422 felicitatem
670 3378 818 3436 quaerere,
835 3362 908 3419 unda
942 3365 1031 3440 quoad
1052 3365 1138 3422 multa
1152 3364 1242 3422 media
1257 3365 1491 3436 supernaturalia,
1510 3381 1583 3422 nunc
1598 3367 1669 3423 enim
1683 3381 1746 3436 sps·

4 3533 5 3536 ¹
103 3455 378 3530 quomodocumque,
396 3456 437 3511 rel
451 3470 500 3528 per
518 3471 614 3512 vocem
628 3453 849 3526 praedicationis,
865 3451 907 3508 rel
943 3471 1004 3513 rare
1030 3461 1154 3512 tenemur
1178 3453 1363 3510 mmissionem
1384 3461 1563 3527 peccatorum
1589 3469 1637 3527 per
1656 3454 1745 3526 bapti·

104 3561 151 3616 per
176 3544 291 3614 lamam,
313 3543 354 3601 vel
376 3558 425 3616 per
445 3544 586 3617 proprium
601 3543 758 3601 discursum
776 3541 909 3614 inceperit
943 3561 1033 3603 smtrm
1045 3542 1343 3616 etperabsolutionem
1357 3543 1745 3617 sacerdotis,etaugmentum

104 3635 233 3693 dubitare
249 3633 283 3690 de
298 3649 349 3690 sua
363 3633 438 3708 lege,
455 3633 497 3690 rel
512 3639 598 3706 statu,
616 3633 754 3697 tenebitur
768 3631 807 3687 eis
820 3639 909 3688 atten·
942 3637 1062 3692 iustitiae
1076 3651 1124 3706 per
1138 3634 1189 3691 alia
1204 3642 1390 3691 sacramenta:
1409 3641 1467 3690 tum
1480 3639 1563 3691 ettam
1577 3633 1669 3707 quoad
1689 3650 1747 3691 mo

100 3725 188 3794 dere,
210 3724 257 3795 qui
279 3725 350 3780 viam
369 3723 466 3780 salutis
479 3723 580 3780 docere
595 3723 768 3798 profitentur3
784 3736 850 3793 ergo
866 3735 908 3776 re·
942 3725 1009 3782 dum
1032 3723 1157 3796 sperandi
1177 3739 1225 3796 per
1246 3721 1401 3796 Christum,
1421 3733 1449 3780 et
1466 3739 1514 3796 per
1535 3722 1668 3796 speciales
1682 3738 1746 3794 pro·

103 3821 205 3888 spectu
223 3812 369 3870 infidelium
391 3829 443 3870 non
465 3819 508 3871 est
528 3813 715 3870 necessarium
734 3826 834 3885 ponere
855 3810 908 3868 boc
943 3815 1084 3873 missiones
1101 3815 1251 3886 peripsum
1266 3813 1363 3872 lactas.
1381 3815 1600 3871 llonestautem
1619 3829 1745 3885 necesse,

103 3902 225 3975 speciale
239 3910 417 3975 praeceptum
439 3903 597 3974 positivum.
613 3905 707 3976 lleque
720 3902 800 3959 etiam
816 3917 908 3973 respe-
944 3911 976 3962 ut
991 3910 1103 3977 propter
1118 3903 1166 3959 has
1180 3909 1208 3959 et
1221 3902 1321 3960 similes
1332 3902 1510 3974 perfectiones
1524 3903 1587 3960 deta
1605 3903 1704 3960 tuerint
1717 3903 1745 3958 in

103 4001 154 4050 ctu
175 3991 227 4048 iam
246 3991 415 4048 credentium
438 3993 464 4047 in
477 3992 633 4063 Christum,
650 3997 707 4048 tum
723 3991 787 4064 quia
801 3992 840 4048 illi
855 3991 907 4048 iam
943 3993 993 4051 hac
1010 3993 1068 4067 lege
1082 3991 1209 4064 specialia
1225 3999 1371 4065 praecepta
1385 3993 1498 4065 positiva
1512 3993 1589 4051 circa
1603 3995 1746 4051 materiem

104 4081 264 4154 obligantur
279 4089 427 4153 praecepto
442 4082 565 4138 caritatis
581 4081 687 4138 inlusae
700 4082 765 4154 erga
785 4097 814 4138 se
836 4073 908 4153 ipsos
943 4087 1017 4157 spei,
1033 4084 1099 4157 quia
1114 4089 1171 4139 tota
1192 4083 1259 4140 haec
1274 4083 1424 4156 perlectio,
1445 4089 1473 4140 et
1487 4083 1612 4158 obligatio
1626 4083 1660 4142 ad
1674 4083 1746 4140 illam

104 4169 137 4228 ad
163 4171 302 4241 propriam
327 4169 445 4227 salntem
468 4170 637 4242 spiritualem
663 4171 865 4244 quaerendam,
881 4175 910 4226 et
943 4191 977 4231 er
999 4179 1096 4230 natura
1118 4173 1157 4228 rei
1181 4171 1317 4245 sequitur,
1337 4174 1480 4244 supposito
1498 4171 1664 4245 perlectione
1686 4171 1746 4229 idei

104 4265 308 4332 consequenter
322 4258 355 4316 ad
369 4258 534 4316 audiendum
551 4262 597 4316 liei
613 4261 740 4332 verbum,
754 4259 863 4332 quando
875 4259 908 4317 ad
944 4263 1019 4320 circa
1033 4262 1189 4334 Christum,
1206 4270 1234 4318 et
1248 4262 1463 4333 redemptionem
1476 4263 1549 4332 eius,
1563 4269 1591 4319 et
1606 4262 1746 4334 supposita

103 4365 185 4407 suam
205 4348 321 4406 salutem
342 4348 424 4406 luerit
443 4350 648 4424 necessarium3
670 4366 760 4423 neque
780 4350 850 4406 enim
875 4365 908 4406 ex
945 4353 990 4409 tali
1007 4357 1245 4409 sacramentorum
1259 4351 1440 4409 institutione.
1454 4353 1533 4410 Sicut
1546 4355 1627 4408 etiam
1642 4366 1745 4422 suppo·
1770 4339 1774 4350 '

105 4442 168 4497 iure
187 4438 277 4496 divino
296 4438 427 4495 maiorem
442 4439 542 4496 hahent
563 4438 763 4513 obligationem.
780 4439 815 4496 Et
828 4440 907 4497 simili
944 4443 998 4499 sita
1017 4440 1069 4498 tide
1087 4441 1295 4510 incarnationis,
1310 4446 1339 4498 et
1352 4442 1523 4498 institutione
1540 4439 1744 4510 Eucharistiae,

104 4528 189 4586 modo
206 4528 291 4584 teneri
305 4535 435 4599 poterunt
448 4528 483 4586 ad
497 4528 661 4585 audiendam
671 4528 824 4586 doctrinam
837 4529 908 4601 tidei,
943 4547 976 4588 ac
992 4530 1043 4588 ude
1057 4531 1132 4599 eius,
1152 4531 1274 4586 nascitur
1290 4529 1315 4586 in
1331 4529 1383 4587 hac
1400 4531 1456 4602 lege
1471 4529 1599 4603 obligatio
1614 4527 1745 4586 adorandi

105 4617 217 4692 quando
232 4617 315 4675 tuerit
329 4619 516 4676 necessarium
531 4617 565 4674 ad
580 4617 759 4690 credendum,
775 4627 909 4692 quantum
943 4621 1022 4678 cultu
1041 4619 1137 4676 latriae
1156 4617 1310 4688 Christum,
1328 4625 1383 4676 tam
1399 4619 1423 4674 in
1439 4634 1483 4689 se,
1499 4633 1583 4691 quam
1596 4619 1622 4674 in
1637 4617 1746 4674 Eucha-

105 4712 234 4778 oportet3
257 4714 324 4763 tunc
345 4713 437 4764 autem
457 4708 584 4783 obligatio
605 4709 728 4766 nascitur
746 4725 778 4767 ex
792 4713 910 4782 ipsomet
944 4710 1040 4781 sistis,
1066 4715 1093 4765 et
1116 4706 1291 4764 nihilominus
1316 4707 1360 4764 illa
1381 4707 1509 4780 obligatio
1532 4723 1585 4764 non
1607 4708 1696 4764 oritur
1713 4722 1747 4764 ex

105 4805 253 4870 praecepto
267 4796 338 4871 tidei,
353 4797 386 4854 de
400 4813 455 4870 quo
469 4796 616 4856 dicendum
632 4805 769 4872 superest.
943 4805 1091 4871 praecepto
1110 4797 1228 4869 positivo
1240 4795 1355 4870 jdivino,
1375 4796 1421 4852 sed
1436 4811 1467 4852 ea
1483 4796 1542 4852 iure
1560 4796 1652 4853 divino
1666 4803 1746 4852 natu-

147 4891 174 4944 a.
191 4886 231 4944 td
245 4886 360 4944 alterum
378 4901 445 4960 ergo
458 4895 566 4959 partem
580 4887 745 4962 respondeo,
768 4887 911 4946 admitten·
943 4891 995 4948 rati
1011 4933 1018 4961 ,
1039 4896 1069 4945 et
1088 4886 1262 4944 connaturali
1285 4885 1384 4942 talibus
1405 4885 1557 4961 mysteriis:
1582 4886 1618 4943 ita
1631 4901 1697 4960 ergo
1710 4883 1745 4942 ds

105 4977 188 5046 do,in
204 4975 261 5049 lege
272 4991 343 5034 nova
356 4991 417 5034 esso
428 4977 574 5050 specialem
586 4979 775 5035 necessitatem
791 4976 852 5034 fidei
862 4993 909 5036 ex·
944 4996 992 5053 spe
1006 4975 1152 5036 dicendum
1168 4981 1220 5032 est.

106 5067 234 5139 plicitae,
258 5073 313 5123 tam
327 5065 361 5122 ad
379 5066 525 5134 iustitiam,
539 5082 624 5140 quam
638 5067 672 5124 ad
686 5067 803 5124 salntem
822 5075 909 5124 aeter·
986 5071 1029 5126 tt.
1045 5071 1136 5140 atque
1157 5065 1254 5124 eodem
1269 5062 1350 5122 modo
1363 5061 1510 5121 dicendum
1525 5079 1624 5122 censeo
1645 5062 1679 5120 de
1698 5079 1746 5122 ca·

105 5171 171 5214 nam
190 5153 420 5230 consequendam.
433 5155 614 5214 Concedendo
627 5158 709 5228 item,
726 5157 795 5214 hanc
814 5171 909 5216 nsces-
943 5158 1031 5218 sitatis
1055 5159 1212 5228 praecepto.
1229 5152 1307 5221 Quod
1320 5155 1349 5210 in
1363 5152 1508 5212 dilectione
1522 5153 1557 5212 ad
1570 5157 1657 5213 Mum
1671 5151 1746 5210 vide·
1852 5193 1857 5200 .

106 5247 217 5305 sitatem
240 5245 384 5320 provenire
405 5260 440 5305 cx
464 5246 595 5320 peculiari
619 5246 787 5306 institutione
809 5247 908 5306 Christi
945 5253 989 5307 tur
1005 5243 1267 5305 montesiumtlam
1283 5249 1314 5322 ut
1327 5259 1424 5303 versun
1439 5243 1591 5318 sit,dobere
1606 5261 1655 5302 nos
1670 5259 1744 5301 nunc
