4278 6242
303 435 305 440 .
415 391 479 457 tna
1112 407 1213 454 aranu
1227 407 1275 455 vr.

376 547 537 603 possumus,
553 529 626 588 alind
639 547 699 588 εεεε
713 547 766 587 non
778 529 923 588 extendere
936 530 1034 603 legem,
1048 529 1121 586 aliud
1133 545 1175 586 re·
1213 531 1261 588 rali
1276 530 1417 588 ostendere
1429 531 1645 603 iniustitiam,vel
1657 532 1853 589 absurditatem
1865 532 1890 589 in
1901 532 1969 606 lege,
1981 533 2001 590 si

376 623 507 696 stringere
524 623 614 694 illam3
632 638 693 678 nam
710 623 780 678 inter
793 621 974 678 extensionem
985 627 1013 676 et
1024 621 1175 676 restrictio·
1210 620 1312 694 absque
1328 621 1497 679 restrictione
1512 620 1693 694 intelligatur:
1710 638 1772 678 nam
1784 621 1806 678 si
1818 621 1904 679 solum
1918 630 2002 679 osten·

375 728 436 768 nem
456 718 546 783 potest
565 710 682 768 medium
697 703 824 784 intelligi,
841 727 889 783 per
903 709 1127 783 adaequationem
1141 710 1174 767 ad
1209 709 1256 766 dat
1269 726 1328 766 esse
1344 727 1458 784 aequam
1471 710 1512 767 rel
1525 712 1621 766 rationi
1633 726 1781 767 consonam
1797 712 2000 784 restrictionem,

375 801 457 859 uerba
477 801 629 858 secundum
647 817 744 858 eorum
758 801 969 872 proprietatem,
985 806 1013 855 et
1026 799 1171 854 rationem.
1210 815 1289 870 posse
1311 807 1399 856 tamen
1421 800 1477 856 sine
1498 798 1543 856 illa
1564 801 1649 872 legem
1664 815 1724 856 esse
1737 801 1836 856 iustam
1851 807 1878 858 et
1893 801 2002 856 rationa-

374 893 446 948 liaec
467 899 559 948 autem
580 907 634 947 non
650 897 739 963 potest
753 889 852 946 babere
866 890 977 959 locaxm,
994 889 1038 944 ubi
1051 893 1079 945 et
1092 888 1175 944 verba
1211 889 1274 961 leun
1291 890 1353 947 talis
1368 890 1436 947 ratio
1452 906 1504 946 non
1519 889 1571 946 erit
1584 889 1723 946 sufficiens
1738 890 1773 948 ad
1788 888 2003 963 restringendam

373 978 439 1054 legis
459 997 512 1037 non
532 987 665 1053 possunt,
686 979 735 1036 nisi
754 995 836 1036 uuam
851 978 988 1052 propriam
1003 977 1182 1049 significatio<
1210 977 1296 1050 legem
1319 986 1419 1036 contra
1439 979 1636 1051 proprietatem
1655 978 1806 1036 verborum
1825 979 1896 1050 eius,
1910 995 1941 1035 er
1956 979 2003 1034 alio

373 1086 435 1126 nem
450 1069 561 1138 babere,
576 1069 740 1140 naturalem,
755 1067 797 1125 vel
812 1067 936 1138 ciuilem,
952 1081 1014 1122 nam
1030 1067 1054 1121 si
1070 1072 1173 1122 utram·
1209 1068 1342 1141 principio
1357 1070 1383 1124 in
1397 1068 1584 1140 superioribus
1598 1067 1755 1137 declarato,
1772 1068 1846 1141 quod
1862 1068 1926 1141 legis
1941 1067 2003 1125 obli·

373 1175 427 1233 que
441 1159 576 1231 babeant,
591 1175 624 1216 eo
638 1163 712 1232 ipso,
727 1159 802 1232 qaaod
817 1157 970 1214 secundum
986 1157 1098 1214 alteram
1113 1162 1173 1213 tan·
1208 1161 1285 1230 gatio
1299 1165 1392 1228 cessat
1410 1159 1434 1214 in
1454 1159 1631 1230 particulari,
1648 1159 1712 1215 licet
1726 1160 1795 1216 ratio
1810 1161 1870 1216 eius
1885 1159 2002 1232 negative

374 1255 433 1305 tum
453 1249 656 1322 intelliguntur,
672 1255 715 1306 est
728 1251 885 1318 restrictio,
900 1254 929 1304 et
944 1249 965 1302 si
980 1245 1012 1302 ad
1029 1252 1172 1319 utramque
1207 1247 1326 1318 deficiat,
1342 1249 1363 1305 si
1378 1263 1431 1304 noa
1449 1247 1540 1305 delicit
1554 1248 1708 1320 contrarie,
1725 1263 1786 1304 nam
1801 1247 1896 1316 eadem
1909 1253 1950 1304 est
1963 1262 2003 1304 ra·

373 1338 551 1409 amplientur,
567 1346 610 1395 εει
623 1339 759 1409 extensio,
775 1343 802 1394 et
815 1338 874 1393 ideo
886 1352 946 1392 rara
962 1342 1004 1392 est
1015 1335 1081 1392 baec
1093 1335 1174 1392 adae·
1209 1337 1245 1394 tio
1266 1339 1291 1393 in
1307 1339 1453 1409 praesenti.
1471 1339 1537 1394 bico
1550 1343 1660 1407 autem,
1675 1336 1728 1394 boc
1743 1336 1855 1408 intelligi
1870 1336 1902 1393 de
1915 1337 2003 1393 restri-

373 1434 457 1499 quata
476 1427 663 1498 interpretatio
683 1429 740 1484 sine
760 1427 949 1496 restrictione,
966 1425 1007 1482 ael
1022 1424 1174 1496 ampliatio·
1208 1427 1297 1482 ctione
1311 1435 1408 1483 contra
1423 1427 1616 1498 proprietatem
1632 1427 1796 1483 verborum:
1811 1442 1872 1484 nam
1884 1427 1906 1482 si
1919 1428 1945 1482 in
1957 1425 2001 1482 aii-

371 1531 417 1586 nc,
437 1516 553 1588 ideoque
573 1516 638 1573 nihil
657 1516 690 1573 de
708 1516 752 1572 illa
772 1515 925 1588 specialiter
939 1515 1030 1572 dicere
1052 1521 1170 1588 oportet,
1207 1530 1262 1587 quo
1278 1531 1360 1572 sensu
1375 1517 1487 1587 proprio
1501 1515 1542 1572 lex
1557 1516 1642 1586 possit
1654 1516 1734 1573 talem
1748 1516 1946 1573 restrictionem
1959 1514 2002 1571 ad·

371 1606 435 1677 quia
460 1605 484 1660 in
507 1605 641 1677 capitibus
662 1605 905 1676 praecedentibus,
928 1603 1088 1676 explicando
1103 1620 1171 1676 quo·
1206 1606 1333 1678 mittere,
1356 1613 1421 1662 tuac
1437 1607 1507 1663 ratio
1521 1607 1669 1663 ostendens
1684 1607 1709 1663 in
1725 1607 1897 1663 restrictione
1916 1605 2002 1677 aequi·

371 1693 453 1751 modo
473 1696 553 1751 liceat
563 1695 709 1752 extendere
721 1695 805 1766 leges,
818 1693 897 1751 simul
909 1693 1119 1765 declaravimus,
1133 1693 1171 1748 in·
1207 1699 1306 1764 ιιιιειιι,
1329 1693 1391 1751 licei
1413 1710 1468 1751 aon
1488 1695 1614 1751 ostendat
1633 1697 1786 1767 praecisam
1806 1695 2001 1768 necessitatem,

371 1788 413 1842 tra
436 1799 505 1856 quos
523 1783 653 1841 terminos
672 1779 806 1840 contineri
819 1781 917 1840 debeat
929 1781 1066 1855 quaelibet
1078 1788 1172 1838 exten·
1207 1784 1309 1852 poterit
1322 1783 1451 1841 sufficere
1466 1784 1500 1841 ad
1514 1787 1714 1843 restrictionem
1729 1785 1895 1856 taciendam,
1907 1787 1929 1840 si
1941 1785 2003 1842 alio-

371 1876 430 1945 sio,
453 1881 481 1931 et
501 1879 701 1946 consequenter
715 1871 868 1947 declaravi,
883 1888 954 1946 qnae
968 1872 1106 1946 extensio,
1122 1888 1171 1929 eeu
1206 1875 1253 1945 qui
1273 1876 1384 1931 materia
1406 1875 1494 1946 iuvet,
1510 1881 1538 1932 ct
1552 1875 1689 1932 restrictio
1703 1874 1783 1932 cedat
1797 1876 1823 1932 in
1843 1875 1961 1932 levorem
1976 1881 2001 1932 et

372 1964 508 2036 ampliatio
522 1978 575 2020 non
590 1963 664 2020 licet.
690 2027 700 2046 .
1208 1964 1337 2021 maiorem
1351 1963 1557 2038 benignitatem,
1572 1965 1647 2022 iuxta
1657 1963 1676 2022 l.
1689 1980 1812 2040 semper,
1827 1965 1855 2022 n.
1867 1962 1900 2021 de
1915 1964 2000 2036 regul.

409 2059 436 2111 2.
453 2057 541 2126 itque
556 2052 617 2109 binc
631 2051 712 2109 etiam
727 2049 805 2108 lacile
819 2050 948 2122 explicari
959 2056 1051 2124 potest
1061 2048 1170 2123 quando
1205 2053 1285 2107 iuris.

371 2143 510 2200 restrictio
530 2141 597 2214 legis
619 2157 672 2197 non
692 2140 782 2198 liceat.
798 2143 869 2197 llum
884 2141 956 2197 enim
969 2140 1108 2198 restrictio
1122 2156 1170 2197 ex·
1242 2144 1333 2214 Atque
1346 2158 1378 2200 ex
1394 2142 1447 2200 hoc
1461 2144 1593 2216 principio
1608 2144 1734 2218 infertur,
1746 2142 1949 2215 dispositionem
1965 2143 2003 2199 le-

370 2233 485 2290 tensioni
503 2233 640 2288 contraria
655 2232 698 2303 sit,
714 2233 823 2304 quoties
837 2231 972 2303 ampliatio
988 2231 1054 2303 legis
1069 2245 1169 2286 sccua-
1204 2229 1245 2303 gis
1259 2231 1416 2289 indistinete
1430 2233 1581 2306 loquentis,
1597 2235 1634 2292 ita
1647 2249 1707 2291 esse
1721 2235 1953 2308 restringendam,
1973 2239 2003 2290 ut

370 2322 437 2379 dum
456 2321 566 2393 regulas
586 2320 664 2377 datas
679 2320 832 2377 necessario
847 2321 972 2377 iacienda
987 2317 1086 2388 luerit,
1102 2327 1169 2376 tunc
1204 2336 1258 2376 non
1273 2321 1352 2378 cedat
1375 2323 1402 2379 in
1419 2323 1618 2394 praeiudicium
1633 2325 1802 2396 innocentis,
1819 2341 1881 2382 nam
1898 2324 2002 2382 ¹auterre

370 2427 425 2469 non
438 2411 704 2482 licebitrestringere
713 2409 811 2484 legem,
822 2410 915 2483 utique
924 2409 1167 2481 secundumidem3
1203 2410 1340 2468 innocenti
1353 2418 1560 2486 nocumentum,
1573 2412 1691 2470 alienum
1701 2429 1761 2470 esse
1772 2414 1957 2486 praesumitur
1970 2413 2002 2470 ab

371 2516 433 2557 nem
447 2501 469 2557 si
485 2499 621 2572 ampliatio
636 2501 682 2555 liat
695 2499 720 2555 ia
732 2516 798 2571 uno,
811 2501 985 2557 etrestrictio
998 2500 1023 2554 in
1036 2499 1101 2570 alio,
1116 2515 1181 2556 non·
1204 2499 1350 2557 intentione
1369 2501 1548 2575 legislatoris,
1565 2505 1630 2575 quia
1651 2503 1809 2560 iniustitiam
1829 2503 1955 2570 involvit,
1972 2507 2001 2558 ut

371 2598 454 2649 erunt
476 2591 630 2660 contraria,
649 2596 676 2645 et
695 2591 734 2645 sic
755 2606 807 2644 non
827 2588 993 2663 repugnabit
1013 2587 1093 2645 simul
1114 2589 1169 2645 lieri
1203 2596 1278 2646 recte
1298 2591 1429 2662 probetur
1443 2607 1476 2648 ex
1492 2593 1511 2648 l.
1526 2596 1561 2663 2,
1576 2593 1608 2649 G.
1624 2591 1657 2660 de
1677 2593 1795 2649 noxalib.
1811 2601 1840 2650 et
1854 2593 1925 2650 lavet
1939 2607 1998 2664 cap.

371 2683 447 2738 circa
461 2679 583 2736 eamdem
599 2679 685 2750 legem
699 2677 813 2736 diversis
826 2679 1009 2751 respectibus.
1024 2681 1112 2752 itque
1124 2695 1169 2735 ea·
1204 2681 1300 2753 Super
1314 2695 1355 2746 eo,
1375 2679 1407 2736 de
1422 2679 1496 2736 ollio.
1513 2680 1600 2752 deleg.
1618 2681 1680 2738 ubi:
1698 2685 1765 2738 Non
1783 2687 1885 2739 tamen
1898 2685 1941 2738 cst
1955 2696 2003 2737 rso·

370 2771 431 2828 dem
446 2771 550 2827 ratione
566 2769 672 2842 quoties
688 2785 739 2825 nnn
755 2768 821 2825 licet
834 2767 1083 2840 extenderalegem
1097 2767 1170 2825 ultra
1203 2771 1284 2825 strae
1303 2771 1472 2826 intentionis
1492 2768 1666 2827 dioecesano
1676 2770 1907 2844 praeiudicium
1920 2785 2000 2843 pene-

370 2860 518 2918 vcrborum
537 2859 751 2931 proprietatem,
772 2863 839 2913 tunc
859 2856 932 2913 licita
946 2863 998 2928 est,
1016 2857 1069 2912 imo
1084 2863 1170 2934 etpe-
1203 2873 1282 2914 rure.
1293 2857 1343 2915 Ubi
1357 2873 1447 2915 sermo
1459 2856 1568 2932 quidem
1580 2867 1623 2916 εει
1634 2859 1667 2916 de
1677 2859 1859 2934 delegatione,
1872 2868 1900 2918 et
1910 2860 2002 2916 Glossa
2035 2847 2037 2852 ’

370 2950 491 3010 cessaria
506 2947 654 3018 restrictio,
669 2947 778 3020 quando
792 2945 875 3002 verba
889 2945 940 3001 alia
955 2947 1105 3018 signiticata
1120 2947 1168 3004 mi·
1202 2946 1238 3002 ibi
1259 2945 1324 3003 illud
1345 2947 1466 3005 extendit
1485 2946 1518 3003 ad
1533 2949 1621 3004 omnia
1636 2951 1787 3022 rescripta,
1803 2957 1895 3008 tamen
1910 2949 2002 3006 eadem

369 3056 423 3097 nus
438 3039 550 3111 propria
563 3036 662 3093 babere
678 3041 804 3108 possunt,
820 3037 884 3108 quia
898 3042 964 3092 tunc
980 3050 1032 3091 non
1047 3037 1168 3092 extensio
1202 3036 1271 3092 ratio
1288 3045 1331 3094 est
1346 3039 1371 3094 in
1387 3037 1491 3110 legibus
1504 3079 1512 3107 ,
1527 3039 1592 3110 quia
1606 3037 1674 3095 baec
1690 3039 1830 3096 restrictio
1844 3042 1872 3096 iu
1889 3039 2001 3096 naturali

369 3129 437 3202 legis
454 3135 497 3185 est
514 3127 587 3184 illius
602 3127 751 3182 restrictio.
767 3127 846 3182 Νιιιιε
860 3140 926 3197 erga
943 3141 1031 3197 pauca
1046 3123 1168 3182 addenda
1203 3125 1305 3182 iustitia
1318 3125 1430 3183 lundata
1441 3133 1492 3183 eet.
1506 3126 1540 3182 Et
1551 3131 1589 3182 ita
1599 3125 1681 3192 docet
1691 3127 1750 3185 Alb.
1764 3129 1791 3185 in
1803 3143 1833 3186 e.
1852 3131 1995 3194 Causam,

370 3223 518 3291 supersunt
532 3219 558 3272 in
574 3214 734 3287 particulari
748 3212 781 3271 ad
796 3215 926 3271 maiorem
940 3213 1164 3281 declarationem,
1201 3229 1293 3287 qno-e,
1314 3216 1347 3272 de
1362 3216 1477 3286 rescrip.
1493 3215 1611 3273 Eiidem
1626 3217 1696 3273 solet
1709 3216 1763 3274 dici
1778 3217 1811 3274 de
1830 3215 2001 3275 consuctudi-

370 3308 493 3382 quamvis
509 3322 606 3378 magna
619 3321 651 3361 ex
666 3309 742 3377 parte
753 3318 802 3375 per
814 3305 1018 3376 proportionem
1030 3303 1063 3362 ad
1074 3311 1167 3362 ειιειι-
1204 3320 1253 3375 ne,
1270 3321 1340 3378 qliae
1360 3305 1411 3379 legi
1425 3306 1634 3378 aequiparatur,
1650 3305 1734 3364 Felix.
1751 3308 1777 3363 in
1790 3323 1854 3380 cap.
1870 3305 1996 3374 Auditis,

368 3397 472 3454 sionem
488 3395 649 3467 accipienda
664 3395 728 3449 sint.
1202 3392 1234 3450 de
1250 3396 1403 3466 praescrip.
1419 3395 1503 3451 verbo
1518 3398 1626 3467 quinto
1635 3393 1810 3464 declaratio,
1825 3403 1854 3454 et
1865 3399 1961 3454 innoc.
1974 3397 2001 3451 in

407 3491 433 3544 3.
450 3488 517 3543 Dico
536 3501 603 3558 ergo
623 3485 727 3555 primo:
743 3483 892 3539 Restrictio
907 3482 973 3555 legis
988 3483 1044 3539 lieri
1062 3490 1164 3556 potest,
1204 3497 1267 3556 cap.
1282 3481 1410 3550 Dilecto,
1429 3482 1462 3539 de
1476 3482 1552 3541 ollio.
1568 3483 1653 3540 nach.
1668 3501 1746 3542 num.
1764 3487 1790 3544 i.

366 3591 398 3634 ac
424 3575 505 3633 debet
524 3575 559 3632 ad
581 3572 715 3630 vitandam
736 3571 893 3629 iniustitiam
913 3589 963 3630 seu
983 3574 1164 3645 iniquitatem,
1241 3577 1270 3632 l.
1286 3575 1352 3631 bico
1367 3572 1505 3630 secundo:
1518 3573 1631 3641 Quando
1641 3576 1710 3632 ratio
1721 3575 1789 3649 legis
1800 3591 1854 3632 non
1866 3582 1910 3634 est
1925 3573 2001 3633 adae·

368 3666 411 3723 ιει
433 3666 512 3722 aliam
530 3663 728 3721 absurditatem
743 3661 768 3718 in
782 3663 841 3735 ipsa
854 3661 925 3735 lege.
940 3665 981 3719 lta
994 3663 1095 3719 docent
1108 3679 1167 3719 om·
1201 3669 1285 3736 quata
1300 3662 1389 3719 verbis
1400 3660 1478 3734 legis,
1491 3662 1681 3738 restringenda
1691 3671 1734 3720 εει
1745 3663 1778 3720 ad
1790 3666 1923 3722 terminos
1936 3677 2000 3720 suae

365 3773 432 3824 nes,
449 3763 478 3812 et
492 3760 536 3812 est
549 3753 657 3810 clarum
671 3768 704 3808 ex
725 3751 818 3809 eadem
840 3752 944 3809 ratione
958 3753 1031 3809 lecta
1045 3752 1071 3808 in
1085 3753 1165 3810 simili
1200 3753 1331 3824 rationis,
1352 3758 1381 3808 et
1398 3766 1453 3807 non
1467 3759 1510 3808 est
1524 3753 1677 3810 secundum
1692 3759 1776 3811 totam
1791 3755 1940 3812 verborum
1955 3766 1999 3825 ge·

365 3845 399 3903 de
413 3845 588 3916 extensione,
604 3843 670 3915 quia
684 3841 721 3898 ita
734 3840 814 3898 debet
828 3841 870 3897 lex
885 3839 1013 3914 intelligi,
1030 3848 1061 3897 ut
1074 3843 1109 3898 sit
1124 3843 1167 3898 iu·
1200 3841 1368 3899 neralitatem
1383 3839 1566 3914 intelligenda.
1583 3843 1656 3898 llaec
1669 3843 1784 3900 assertio
1798 3843 1864 3900 satis
1879 3856 2000 3918 commu·

367 3941 410 3991 ste
430 3939 457 3990 et
475 3931 607 4002 honesta,
622 3936 651 3986 et
668 3930 805 4001 praesumi
824 3928 905 3986 debet
922 3945 954 3984 ex
973 3935 1062 3986 mente
1081 3929 1164 4002 lacta,
1201 3931 1308 4000 nisset,
1321 3937 1353 3987 ιιι
1368 3936 1522 3987 constater
1537 3930 1660 4004 allegatis
1677 3932 1702 3987 in
1716 3949 1779 4004 cap.
1794 3934 1828 3989 ll.
1841 3939 1869 3990 et
1878 3934 1928 4004 1113
1940 3945 1999 3988 nam

366 4039 439 4099 qnae
449 4021 552 4079 nullam
564 4008 759 4077 absurditatem
771 4018 987 4089 complantatam
1000 4033 1066 4092 ergo
1079 4034 1166 4092 qiian·
1201 4019 1291 4092 quoad
1306 4020 1359 4075 boc
1375 4018 1447 4076 idem
1462 4036 1527 4076 cum
1541 4022 1717 4092 proportione
1732 4022 1854 4080 sentiunt
1864 4021 1898 4078 de
1911 4027 2000 4078 exteu·

348 4167 351 4174 .
366 4120 425 4170 tum
448 4111 504 4167 fieri
519 4109 621 4182 possit,
637 4110 674 4165 ita
696 4105 884 4179 restringenda
897 4114 939 4164 est
953 4106 987 4164 ad
1002 4108 1110 4166 vitanda
1130 4111 1165 4166 si·
1201 4110 1277 4166 sione
1290 4117 1318 4166 ει
1328 4110 1513 4181 restrictione,
1525 4116 1553 4166 et
1564 4111 1716 4182 specialiter
1726 4110 1808 4167 docet
1819 4111 1889 4168 nbi.
1900 4113 1925 4166 in
1938 4126 1998 4181 cap.

328 4261 335 4276 ,
365 4202 439 4262 utilia
458 4198 645 4270 incommoda,
667 4195 776 4270 quando
797 4195 830 4252 ad
852 4212 914 4253 eum
930 4197 1009 4252 finem
1028 4196 1164 4256 restrictio
1204 4201 1287 4274 Quia
1299 4201 1331 4256 tn
1343 4197 1462 4265 insulis,
1482 4198 1516 4255 de
1530 4198 1651 4272 regular.
1664 4207 1691 4255 et
1705 4202 1732 4255 in
1743 4216 1805 4271 cap.
1818 4203 1890 4258 Post
1904 4204 2000 4257 treats·

365 4291 520 4350 necessaria
535 4288 624 4346 luerit.
640 4287 718 4355 Quod
733 4285 834 4358 optime
848 4285 946 4358 probat
956 4287 1024 4343 ratio
1036 4292 1128 4344 textus
1139 4288 1165 4344 in
1201 4286 1357 4354 lationem,
1382 4288 1415 4345 de
1435 4303 1551 4345 renunc.
1567 4296 1595 4346 ει
1613 4289 1639 4344 in
1654 4288 1742 4360 capite
1756 4292 1949 4361 cappaciana,
1966 4287 1999 4344 de

366 4399 427 4455 cap.
447 4384 642 4454 Sttppestam,
666 4375 699 4432 de
720 4375 846 4447 appellat.
867 4375 916 4432 ibi:
937 4378 1020 4451 Quia
1033 4375 1167 4435 decreto-
1200 4377 1327 4450 appellat.
1344 4383 1373 4432 et
1386 4376 1420 4432 ibi
1437 4379 1502 4433 bec.
1519 4377 1611 4433 notab.
1631 4381 1655 4435 l.
1672 4384 1700 4434 et
1714 4383 1743 4445 2,
1760 4381 1859 4434 loton.
1876 4379 1996 4436 deButr.

366 4471 423 4530 lem
437 4467 606 4544 epistolam,
623 4483 716 4540 patant
730 4464 804 4524 tales
818 4468 932 4523 muniri
941 4465 1089 4534 videnter,
1106 4484 1165 4526 non
1199 4467 1226 4522 in
1243 4481 1304 4537 cap.
1323 4468 1394 4524 Post
1409 4463 1645 4534 translationem,
1660 4465 1693 4524 de
1703 4469 1858 4524 renunciat.
1872 4484 1900 4524 n.
1914 4471 1959 4537 st,
1973 4472 2000 4523 ει

365 4560 408 4620 ad
421 4557 645 4636 deprinaendans
661 4559 801 4630 caiusque
819 4558 981 4618 iustitium,
998 4555 1049 4613 sed
1063 4555 1106 4614 nd
1119 4573 1165 4614 re·
1198 4555 1328 4612 latissime
1341 4553 1433 4627 Tiraq.
1453 4553 1575 4612 reterens
1588 4541 1707 4626 natalias,
1722 4557 1749 4611 in
1763 4561 1846 4612 tract.
1865 4561 1997 4614 cessante

367 4649 540 4710 annuendum
557 4663 730 4721 gravamen,
743 4643 916 4717 nossecisse
927 4661 1099 4719 cognoscas.
1114 4646 1164 4704 Ubi
1200 4661 1308 4711 ennaea,
1330 4647 1355 4701 1.
1370 4658 1398 4715 p.
1414 4660 1442 4699 n.
1463 4648 1528 4717 lli,
1544 4644 1691 4702 ubimulta
1705 4645 1848 4716 repetitex
1863 4644 1915 4718 bis,
1930 4657 1999 4717 quae

363 4742 513 4801 Panormit.
530 4755 558 4794 n.
574 4743 603 4796 2.
619 4737 748 4808 advertit,
768 4735 853 4808 legem
874 4751 954 4808 posse
973 4736 1102 4808 restringi
1121 4752 1164 4793 ss·
1198 4736 1279 4791 ctiam
1293 4733 1376 4790 babet
1389 4735 1415 4790 in
1430 4732 1505 4790 dicta
1520 4734 1537 4789 Ι.
1555 4736 1581 4789 ει
1594 4749 1742 4805 anquam,
1759 4730 1911 4800 §libertis
1929 4734 1999 4788 llaec

365 4833 488 4889 cundum
503 4831 633 4885 rationem
648 4825 814 4897 naturalem,
826 4826 933 4882 etiamsi
948 4841 1001 4882 non
1016 4825 1051 4883 sit
1065 4827 1090 4881 in
1105 4826 1164 4898 lege
1199 4831 1292 4882 autem
1312 4823 1408 4898 regula
1429 4823 1585 4879 necessario
1611 4822 1724 4896 intelligi
1744 4822 1825 4880 debet
1844 4821 1877 4879 de
1898 4824 1999 4880 ratione

364 4935 505 4994 expressa.
522 4919 555 4974 Et
569 4916 639 4974 idem
652 4915 784 4988 repetitio
796 4931 858 4987 cap.
872 4917 1041 4988 Proposait,
1055 4914 1162 4988 codem,
1200 4929 1347 4987 expressa,
1363 4921 1391 4970 et
1403 4914 1508 4986 scripta
1522 4913 1547 4969 in
1563 4911 1633 4986 lege,
1649 4914 1713 4986 quia
1728 4912 1772 4969 ubi
1787 4912 1829 4970 lex
1845 4927 1898 4968 non
1913 4911 1999 4983 expri-

363 5027 442 5068 num.
459 5013 486 5068 ι.
502 5005 578 5066 Unde
597 5006 730 5063 Glossa‘in
746 5005 874 5062 natitent.
895 5007 933 5064 Ut
948 5008 1010 5062 stne
1021 5007 1164 5080 probitio·
1199 5007 1249 5062 mit
1263 5006 1409 5075 rationem,
1422 5019 1502 5060 nemo
1513 5008 1604 5075 potest
1614 5003 1763 5074 prudenter
1774 5002 1854 5059 talem
1867 5004 1998 5059 rationem

363 5099 422 5167 oe,
433 5105 489 5157 etc.
506 5096 589 5153 verbo
602 5097 815 5153 scistimantus
828 5099 906 5151 reete
922 5092 1010 5161 diarii,
1028 5094 1163 5167 ineptum
1200 5093 1269 5169 legis
1282 5093 1450 5165 excogitare,
1466 5107 1537 5166 quae
1552 5107 1606 5148 non
1621 5092 1657 5148 sit
1670 5091 1822 5164 adaequata
1833 5091 1999 5164 dispositioni

363 5188 470 5257 dicere,
486 5184 664 5258 consultare
677 5182 825 5258 repetens,
841 5184 891 5241 nbi
901 5187 1039 5257 aequitas
1049 5180 1083 5238 tat
1094 5199 1163 5240 sune
1199 5181 1281 5256 legis,
1300 5189 1329 5240 et
1342 5184 1380 5240 ita
1395 5197 1537 5255 nunquam
1550 5187 1641 5253 potest
1655 5180 1698 5237 lex
1712 5180 1837 5254 restringi
1850 5196 1883 5236 ex
1897 5180 1998 5237 ratione

363 5279 422 5342 det.
444 5278 493 5337 list
512 5283 605 5336 autem
625 5276 677 5334 boc
692 5273 902 5350 intelligendum
916 5273 949 5331 de
963 5274 1069 5332 rationo
1084 5277 1165 5331 natu·
1199 5280 1308 5332 tantum
1326 5272 1465 5346 cogitata,
1480 5271 1522 5329 vel
1541 5275 1728 5344 praesumpta,
1743 5277 1999 5344 quantumcumque
