4190 6234
855 399 961 449 arsur
974 401 1012 449 ιι.
1700 398 1721 458 3

125 531 160 588 rel
174 532 408 589 communitatum
423 530 634 604 particularium
652 527 779 601 distingui
801 531 921 600 possunt
959 525 1033 600 leges
1047 529 1252 590 ecclesiasticae
1267 532 1467 608 significantur,
1480 533 1613 594 dicuntur
1626 538 1697 594 enim
1708 521 1762 595 Er-

126 624 209 680 ruine
224 621 309 696 leges,
327 638 378 680 ssu
398 621 471 694 iura,
485 629 515 679 et
533 623 574 679 sic
589 627 679 694 potest
696 617 848 694 specialiter
867 615 922 673 dici
958 622 1143 694 trauagautes,
1163 623 1250 681 llotus
1271 624 1384 698 proprii,
1399 625 1506 696 Bullae,
1521 632 1576 683 etc.
1592 627 1648 684 llae
1668 634 1762 686 autem

128 715 166 770 ius
176 710 360 784 sacerdotale,
373 712 417 769 rel
431 711 572 785 clericale,
584 709 659 786 quod
669 727 723 768 non
734 708 824 766 solum
835 723 920 766 cano·
958 725 1040 767 voces
1051 719 1080 770 et
1094 712 1197 771 similes
1212 713 1277 772 solis
1297 715 1460 788 quibusdam
1472 715 1578 792 legibus
1587 718 1762 776 Pontificibus

126 806 213 860 uicum
227 809 282 875 est,
297 802 346 860 sod
368 803 523 876 specialiter
536 819 587 875 pra
608 808 683 859 statu
697 798 858 859 sacerdotali
876 798 920 856 rel
959 801 1070 861 attribui
1084 804 1184 876 solent,
1198 811 1226 862 et
1241 807 1332 862 varias
1346 806 1447 863 babent
1459 809 1580 883 origines
1590 813 1617 866 et
1629 809 1763 885 etymolo-

126 894 239 953 elericall
251 893 353 952 lertur:
368 897 409 952 sic
424 894 508 951 etiam
521 893 574 951 dici
587 894 731 966 potestius
746 888 916 960 monachale,
958 892 1032 966 glas,
1048 909 1119 967 quae
1135 911 1209 952 nunc
1229 895 1310 952 uobis
1332 900 1505 954 necessariae
1526 914 1580 955 non
1602 906 1677 958 sunt.
1693 901 1762 958 Nam

126 1001 172 1044 seu
181 985 310 1059 regulare
325 987 469 1059 proprium
483 984 627 1059 religiosis.
640 984 709 1042 item
719 982 772 1039 boc
786 980 869 1039 modo
882 979 922 1036 di·
958 984 999 1040 uie
1016 983 1117 1058 legum,
1134 1001 1205 1059 quae
1214 1002 1269 1068 per
1283 985 1333 1043 has
1345 1003 1428 1044 voces
1447 989 1649 1064 significantur,
1664 991 1761 1050 eadem

126 1079 302 1150 stinguuntur
316 1077 379 1134 iura
392 1075 532 1152 synodalia
543 1073 697 1133 secundum
707 1073 798 1130 varios
811 1073 920 1146 episco·
959 1091 1020 1132 esse
1032 1074 1188 1148 videtur,et
1198 1075 1273 1150 quod
1283 1079 1438 1136 occurrerit
1448 1081 1632 1155 proprium,in
1645 1097 1763 1157 sequen-

126 1174 213 1242 patus,
224 1165 380 1238 dioeceses,
396 1166 437 1223 rel
452 1166 640 1240 provinciana
653 1164 754 1240 quibus
768 1162 849 1221 etiam
860 1175 919 1218 sae·
960 1166 1032 1224 tibus
1047 1167 1232 1224 adnotabitur.

126 1255 424 1330 pedeuominautur,et
435 1255 563 1328 appellari
573 1257 656 1314 etiam
667 1259 785 1328 possunt
793 1253 852 1310 iura
863 1267 924 1308 mu·
997 1258 1099 1326 Quarto
1113 1257 1202 1315 solent
1215 1257 1347 1334 distingui
1362 1260 1436 1333 leges
1454 1276 1487 1318 ex
1502 1263 1598 1333 rebus,
1613 1278 1662 1321 seu
1676 1271 1763 1323 mate-

126 1347 249 1421 nicipalia
261 1347 405 1404 canonica.
960 1349 1016 1420 ria,
1038 1364 1121 1421 quam
1142 1351 1334 1422 praecipiunt,
1356 1357 1458 1423 estque
1483 1350 1552 1410 haec
1579 1352 1762 1413 denominatio

164 1443 190 1495 5.
205 1439 276 1495 ilinc
286 1438 370 1494 etiam
382 1436 549 1511 distinguere
559 1435 642 1510 aliqui
654 1434 743 1492 solent
754 1434 822 1491 inter
834 1432 922 1507 legem
959 1439 1037 1496 valde
1053 1442 1155 1497 usitata
1168 1441 1194 1496 in
1208 1441 1271 1498 iure
1284 1439 1372 1512 civili,
1388 1449 1417 1498 et
1432 1441 1572 1500 interdum
1593 1444 1623 1502 lit
1640 1446 1761 1520 interpo-

124 1535 151 1587 et
167 1533 323 1590 statutum:
337 1527 402 1600 quio
417 1526 460 1584 len
479 1525 578 1583 dicitur
591 1528 702 1599 proprie
715 1525 748 1582 de
768 1525 827 1597 lege
841 1522 926 1597 porli-
960 1531 1012 1588 sito
1027 1531 1134 1587 nomine
1150 1531 1284 1601 auctoris,
1300 1538 1333 1588 ut
1346 1530 1380 1588 ad
1394 1531 1486 1605 legem
1501 1532 1597 1590 luliam
1611 1533 1645 1591 de
1660 1533 1764 1594 adulte-

126 1624 203 1676 uente
217 1617 252 1675 ad
272 1623 360 1674 totam
380 1617 604 1674 communitatem
625 1616 708 1673 alicui
728 1616 796 1689 regi,
811 1613 855 1671 vol
877 1630 924 1670 su·
959 1622 1018 1692 riis,
1031 1619 1064 1678 ad
1076 1620 1163 1696 legem
1177 1621 1329 1679 Corneliam
1342 1621 1375 1680 de
1387 1623 1508 1695 sicariis,
1521 1623 1555 1681 ad
1565 1623 1652 1699 legem
1665 1627 1761 1685 luliam

125 1724 218 1782 premo
238 1709 358 1782 principi
378 1707 552 1778 subiectum,
574 1713 711 1764 statutum
730 1720 796 1764 rere
821 1703 923 1762 dicitur
960 1711 994 1768 de
1009 1711 1123 1784 ambitu,
1140 1713 1299 1783 maiestatis,
1315 1719 1370 1770 etc.
1383 1715 1467 1786 Saepe
1480 1729 1547 1771 vero
1561 1715 1591 1772 fit
1604 1716 1761 1789 simpliciter

125 1799 230 1872 proprio
243 1797 278 1854 de
292 1798 352 1871 lege
367 1796 534 1870 municipali.
550 1796 595 1854 Sic
611 1799 683 1854 enim
698 1796 771 1868 leges
792 1794 924 1851 universi·
961 1800 1142 1860 denominatio
1157 1817 1191 1859 er
1205 1802 1328 1876 materia,
1344 1808 1379 1860 ut
1392 1802 1434 1862 lex
1449 1805 1637 1880 frumentaria,
1650 1793 1760 1883 agraria

125 1897 220 1962 tatum,
231 1888 427 1961 collegiorum,
441 1888 613 1962 religionum,
626 1893 681 1944 etc.
696 1890 800 1943 statuta
810 1883 865 1942 dici
879 1900 924 1941 sn·
962 1897 991 1948 et
1005 1891 1194 1949 commissoris
1207 1897 1262 1948 etc.
1278 1893 1313 1949 Et
1331 1891 1387 1951 lere
1406 1909 1501 1951 omues
1515 1895 1588 1953 tituli
1610 1898 1757 1972 utriusque

126 1979 187 2038 lent.
201 1978 257 2036 Sed
267 1978 324 2036 boc
339 1978 428 2035 solum
441 1976 475 2034 ad
486 1977 710 2051 significationem
724 1975 925 2034 vocabulorum
958 1981 1027 2040 iuris
1043 1982 1095 2038 hoe
1109 1980 1191 2039 modo
1205 1981 1423 2056 distinguuntur.
1440 1983 1494 2042 Sed
1507 1985 1574 2043 haec
1589 1989 1670 2044 eliam
1685 1987 1754 2045 (1575.

126 2075 286 2144 spectator
306 2068 369 2125 ideo
389 2070 546 2125 communis
565 2083 633 2124 usus
656 2067 844 2124 observandus
865 2072 919 2122 est.
959 2072 999 2130 sio
1009 2071 1153 2129 materialis
1166 2078 1210 2129 est
1220 2075 1247 2129 ia
1262 2071 1357 2130 ordine
1369 2072 1403 2130 ad
1422 2073 1563 2134 formalem
1574 2077 1707 2136 rationem
1720 2079 1759 2137 le·

125 2162 191 2218 llam
201 2161 262 2216 sine
272 2157 358 2216 dubio
369 2163 473 2216 statuta
484 2157 659 2230 municipalia
670 2163 735 2214 sunt
746 2171 826 2215 verae
836 2155 922 2232 leges3
959 2163 1011 2236 gis,
1027 2178 1109 2237 quam
1123 2179 1173 2220 nos
1187 2162 1408 2234 consideramus
1424 2173 1453 2223 et
1465 2165 1525 2224 ideo
1539 2166 1605 2225 licet
1618 2170 1646 2225 in
1660 2170 1756 2231 ordine

128 2251 175 2308 illis
188 2252 263 2307 enim
277 2265 345 2306 cum
360 2250 538 2321 proportione
552 2248 733 2320 conveniunt,
746 2263 817 2321 quao
830 2245 925 2304 hacto·
960 2252 995 2310 ad
1009 2269 1092 2311 ιιιιιιιι
1109 2260 1136 2310 ιι
1156 2251 1190 2310 ad
1204 2254 1356 2326 practicam
1377 2255 1500 2314 notitiam
1520 2255 1611 2330 legum
1631 2275 1758 2317 necessa·

128 2357 176 2398 uus
188 2339 222 2397 de
236 2338 320 2414 lego
314 2356 340 2396 ιιι
360 2340 517 2411 communi,
532 2337 574 2394 rel
588 2337 622 2395 do
643 2338 702 2411 lege
716 2336 836 2394 humone
850 2335 925 2393 dioto
959 2346 1032 2401 rium
1048 2345 1085 2400 sit
1098 2343 1182 2417 scire,
1197 2342 1265 2417 quid
1278 2360 1328 2418 per
1342 2361 1565 2420 unamquamque
1579 2347 1665 2422 legem
1679 2367 1757 2424 prae-

127 2440 203 2504 sunt,
218 2441 247 2490 et
265 2434 307 2488 its
320 2444 402 2503 saepe
416 2429 607 2502 appellantur
621 2435 650 2485 el
669 2442 834 2484 econverso
852 2426 926 2500 logon
960 2435 1094 2509 cipiatur,
1109 2436 1188 2493 uobis
1205 2441 1296 2494 tumen
1309 2435 1343 2494 ad
1362 2437 1518 2510 generalem
1532 2438 1686 2498 doctrinam
1707 2459 1754 2500 uc·

127 2537 291 2582 communes
304 2526 335 2578 et
348 2519 519 2577 universales
533 2519 627 2576 vocari
641 2523 762 2590 possunt
776 2509 888 2587 statuta,
899 2521 928 2573 et
960 2527 1111 2583 cessarium
1125 2542 1178 2582 non
1193 2533 1247 2584 est
1263 2527 1298 2582 Ει
1311 2526 1372 2584 ideo
1386 2525 1419 2584 de
1438 2527 1479 2584 his
1494 2529 1618 2587 omnibus
1633 2532 1758 2603 partitio.
1787 2589 1790 2597 Ι

128 2615 284 2687 frequenter
299 2612 337 2668 itn
349 2615 487 2667 vocentur
490 2609 574 2682 quin
584 2609 626 2664 vie
640 2607 717 2665 vocis
727 2623 780 2664 non
795 2610 885 2664 minuo
899 2623 926 2662 ¹1¹
960 2616 1041 2674 nibus
1055 2632 1105 2674 seu
1120 2616 1388 2674 denominationibus
1402 2617 1493 2691 legum
1507 2618 1572 2677 nihil
1586 2621 1702 2694 amplius
1715 2622 1757 2680 di·

128 2705 183 2762 ilbs
203 2701 464 2774 convenil,ul1oer
485 2715 514 2756 so
534 2705 657 2771 ooootott
680 2699 771 2757 solum
791 2713 857 2772 ergo
878 2711 927 2770 lter
961 2723 1025 2765 cere
1044 2707 1190 2781 oportebit.
1212 2706 1307 2764 Solum
1324 2709 1397 2764 enim
1417 2707 1476 2765 illas
1495 2714 1707 2786 proposuimus,
1728 2721 1760 2774 ut

128 2794 275 2868 quemdem
286 2790 567 2850 accommodationem
581 2790 671 2847 soloni
682 2789 728 2847 illo
742 2787 875 2846 vocabulo
888 2788 926 2845 ilo
961 2799 1068 2855 illarum
1082 2813 1182 2854 vocum
1197 2797 1355 2871 significatio
1367 2814 1422 2855 non
1436 2801 1590 2874 ignoretur3
1603 2801 1628 2859 id
1639 2804 1710 2862 euim
1721 2805 1755 2862 ad

128 2885 267 2958 distingui
278 2880 479 2956 brotsorilffliss
490 2880 616 2937 d⁰sslf¹⁰o
628 2879 771 2950 tradendos
786 2879 928 2937 othobon-
960 2896 1087 2947 nostrum
1107 2904 1189 2946 usum
1207 2889 1394 2946 necessarium
1413 2896 1488 2966 erat,
1504 2891 1538 2950 ad
1550 2892 1677 2953 eumdem
1690 2912 1757 2955 nero

129 2994 186 3034 mus
196 2973 336 3032 vocabula
340 2971 454 3046 ,quibus
465 2971 584 3028 breviter
595 2977 622 3028 et
635 2969 762 3028 distincte
773 2970 849 3043 loqui
862 2986 927 3043 pus·
962 2979 1114 3052 sufficiunt
1129 2993 1200 3053 quae
1213 2977 1287 3036 (ιιιιι
1300 2985 1376 3037 sunt

130 3069 224 3124 dinus.
240 3063 283 3121 ad
303 3061 434 3120 eumdem
453 3059 565 3118 modum
584 3058 860 3119 censendumestde
878 3077 928 3118 uo-
1029 3099 1032 3104 -

131 3160 197 3215 mine
212 3152 432 3212 constitutionis.
445 3149 533 3224 Aliqui
547 3153 620 3208 enim
634 3157 745 3224 putant,
760 3145 847 3225 legem
862 3152 928 3209 sim·

130 3247 233 3320 pliciter
245 3244 302 3302 dici
313 3243 349 3300 de
363 3242 422 3317 lege
436 3241 522 3314 cirili,
537 3257 592 3299 uon
606 3241 640 3298 de
653 3242 806 3313 canonica,
822 3245 927 3300 consti·

132 3341 263 3397 tudonem
277 3351 343 3392 aero
356 3350 372 3390 e
387 3333 534 3390 contrario:
550 3332 599 3390 sed
612 3331 666 3390 laoo
679 3334 761 3390 etiam
776 3349 829 3390 nou
844 3333 927 3392 babet

132 3429 341 3488 laudamentum
361 3425 388 3481 in
408 3439 449 3498 re,
468 3440 531 3481 nam
551 3423 624 3497 leges
644 3424 724 3480 etiam
745 3423 838 3481 civiles
858 3439 925 3482 con·

133 3519 287 3578 stitutiones
296 3515 452 3590 principum
465 3513 637 3587 appellantur
648 3515 675 3570 in
686 3513 801 3588 digestis
813 3513 846 3571 de
860 3529 928 3571 con-

131 3612 267 3670 stitution.
282 3607 450 3680 principum.
466 3603 587 3662 isidorus
600 3605 628 3661 iu
647 3619 709 3677 cap.
730 3606 922 3673 constitutio,

131 3701 248 3758 distinct
265 3704 295 3756 2.
312 3700 364 3768 ait,
379 3695 600 3754 constitutionem
616 3710 677 3752 esse
696 3694 833 3768 edictum,
850 3695 926 3769 quod

131 3807 175 3848 res
188 3791 231 3848 rel
252 3790 401 3861 imperator
414 3787 567 3858 constituit,
581 3792 609 3841 et
627 3800 643 3841 e
663 3799 799 3842 converso
823 3785 928 3843 cousti-

132 3883 247 3939 tutiores
261 3879 413 3936 canonicae
429 3891 492 3934 rore
505 3876 578 3949 leges
593 3882 706 3948 sunt,et
719 3875 755 3932 ita
769 3877 851 3934 etiam
865 3893 927 3950 pas·

134 3974 181 4029 sim
192 3971 378 4028 ιιιιιιιὶιιιιιῐιιι.
392 3968 492 4024 Tamen
517 3980 565 4038 per
585 3967 868 4024 accommodationem
883 3968 927 4025 ille

135 4061 228 4119 modus
241 4057 374 4133 loquendi
386 4057 496 4114 videtur
509 4072 569 4114 esse
585 4057 652 4114 satis
667 4059 800 4130 usitatus,
814 4064 843 4115 ot
859 4075 925 4117 con·

135 4153 224 4210 lormis
237 4150 367 4208 rubricae
381 4147 414 4206 de
428 4147 671 4204 constitutionibus
687 4147 712 4204 iu
726 4145 922 4225 decretalibus,

135 4243 177 4300 ubi
190 4240 276 4299 rideri
290 4244 410 4313 possunt
422 4241 596 4311 interpretes.

167 4332 223 4390 llio
245 4345 311 4387 rero
325 4336 391 4385 sunt
411 4329 518 4385 ιιιιίιιι
533 4329 620 4401 magis
641 4327 751 4401 propria
767 4329 860 4404 legum
879 4347 926 4388 ec-

135 4421 359 4491 clesiasticarum
374 4424 509 4476 vocantur
520 4418 593 4475 enim
608 4433 739 4491 canones,
755 4417 867 4477 decreta
879 4437 926 4494 pa-

134 4521 213 4583 trum,
229 4509 380 4568 decretalia
392 4510 503 4582 utique,
519 4509 579 4564 iura
594 4523 643 4565 seu
658 4507 812 4566 decretales
825 4513 926 4584 episto-

133 4603 189 4674 lae,
203 4609 235 4659 ut
253 4605 366 4658 constat
378 4614 413 4655 ex
426 4598 504 4655 titulo
517 4597 711 4671 Decretalium,
724 4607 754 4658 et
766 4617 801 4657 ex
815 4618 877 4675 cap.
898 4605 923 4672 l,

132 4701 158 4750 et
171 4699 197 4763 5,
212 4689 289 4749 etde
307 4689 437 4746 Costitut.
453 4693 482 4745 et
498 4704 531 4745 ex
543 4703 607 4762 cap.
627 4691 653 4761 l,
667 4695 697 4746 et
710 4693 738 4762 2,
754 4688 817 4748 dist.
834 4697 862 4764 3,
878 4693 925 4750 ubi

130 4785 223 4842 Glossa
235 4783 263 4840 iu
277 4784 356 4840 Sum.
371 4780 502 4836 rationem
516 4779 656 4837 nominum
674 4778 810 4844 declarat,
825 4788 853 4839 et
873 4782 925 4840 alia

131 4874 262 4947 adiungit.
282 4873 339 4929 Nos
359 4869 451 4927 solum
471 4867 658 4941 advertimus,
680 4868 725 4926 illa
743 4873 795 4929 tria
814 4872 924 4932 nomina

129 4965 298 5037 pot'msimum
311 4959 366 5018 dici
387 4956 477 5015 solere
496 4958 529 5016 de
546 4959 653 5033 legibus
667 4975 839 5018 summorum
850 4964 923 5019 Pon·

129 5056 252 5128 tidcuru,
272 5052 315 5110 rel
339 5049 540 5122 conciliorum,
561 5065 626 5107 nam
649 5048 723 5124 leges
751 5052 920 5126 episcopales

130 5161 182 5203 nou
194 5144 285 5202 solent
305 5155 445 5205 canones,
459 5138 501 5195 vel
522 5137 633 5196 decreta
652 5139 796 5213 appellari,
812 5140 845 5199 de
865 5158 921 5216 quo

1255 3181 1396 3253 CAPUT
1418 3185 1460 3256 ll.

1110 3379 1233 3456 Detege
1250 3378 1365 3450 odioso,
1387 3385 1415 3438 el
1423 3379 1605 3456 fauorabili,

1197 3486 1359 3546 eorumque
1374 3476 1527 3532 oarmtole.

1229 3651 1496 3717 summarium

962 3843 987 3893 l.
1002 3843 1095 3906 Quinta
1112 3841 1205 3892 divisio
1217 3841 1282 3903 legis
1294 3838 1418 3892 humanae
1431 3842 1458 3892 iu
1469 3842 1581 3896 odiosam
1593 3852 1619 3897 et
1632 3847 1758 3905 lavorabi-

996 3914 1104 3964 lcm.-
1118 3913 1144 3962 2.
1159 3911 1233 3962 llario
1245 3909 1395 3961 dubitandi
1391 3925 1422 3962 ex
1435 3925 1465 3963 eo
1472 3914 1561 3977 ,quod
1573 3919 1654 3969 omnis
1666 3920 1706 3971 lex
1720 3925 1758 3974 ui-

995 3984 1073 4034 detur
1091 3983 1297 4034 favorabilisoe-
1309 3982 1336 4032 3.
1355 3982 1411 4032 Alia
1430 3983 1497 4035 ratio
1514 3984 1650 4040 dubitandi
1667 4003 1698 4041 ex
1714 4007 1757 4056 eo,

995 4053 1063 4119 quod
1080 4053 1162 4104 omnis
1179 4053 1220 4103 lex
1240 4051 1350 4102 bumana
1367 4052 1469 4104 ridetur
1481 4053 1577 4106 odiosa.
1587 4060 1658 4111 -l.
1673 4061 1759 4115 Prima

995 4125 1137 4176 murensis:
1151 4123 1189 4174 lix
1209 4122 1259 4173 line
1280 4123 1443 4174 iudicandum
1459 4123 1491 4174 de
1508 4125 1621 4188 lege-
1632 4131 1701 4182 Finis
1713 4134 1759 4186 (ιιι

995 4197 1108 4260 speciem
1120 4195 1220 4245 actibus
1232 4199 1259 4243 et
1268 4200 1455 4257 consequenter
1464 4197 1712 4260 proprietates—5.
1720 4205 1758 4256 1⁴11

996 4267 1136 4317 intrinseca
1148 4265 1255 4314 materia
1266 4263 1388 4314 sumenda
1400 4270 1440 4315 est
1454 4266 1597 4330 proprietas
1609 4269 1674 4334 legis
1688 4273 1758 4326 odic-

996 4349 1040 4388 sac
1057 4343 1102 4386 aut
1120 4334 1324 4385 favorabilisoe-
1337 4334 1363 4385 6.
1378 4335 1432 4387 Non
1450 4343 1591 4400 repugnat,
1606 4339 1758 4404 legemem

995 4406 1161 4458 favorabilem
1173 4410 1200 4454 et
1212 4404 1324 4455 odiosam
1336 4405 1478 4456 secundum
1487 4406 1602 4459 diversus
1612 4421 1758 4478 respectus,

994 4483 1055 4529 suut
1073 4477 1141 4526 enim
1161 4479 1190 4524 ut
1208 4474 1273 4524 aliae
1291 4475 1428 4526 relationes
1440 4477 1579 4541 oppositae
1590 4480 1661 4532 -7.
1676 4483 1758 4538 Fauor

994 4555 1040 4599 aut
1057 4545 1142 4598 odium
1159 4551 1219 4596 suut
1236 4544 1415 4608 praeferenda,
1433 4547 1545 4610 pensatis
1556 4549 1766 4608 circumstantiis

994 4618 1130 4679 materiae,
1149 4614 1313 4675 intentionis,
1327 4622 1354 4666 et
1367 4617 1474 4667 maxime
1486 4617 1546 4668 honi
1559 4625 1708 4676 communis
1722 4654 1757 4664 -

993 4690 1045 4740 Lex
1048 4699 1126 4752 ,quae
1138 4685 1245 4736 seminas
1256 4685 1368 4736 excludit
1378 4687 1411 4736 ab
1420 4685 1564 4738 hereditate
1566 4692 1719 4752 ,estodiosa
1722 4723 1758 4735 -

992 4759 1018 4810 8.
1039 4759 1064 4808 ln
1083 4757 1162 4808 dubio
1179 4755 1249 4807 lavor
1266 4763 1306 4805 est
1324 4755 1520 4821 praeferendus,
1534 4765 1561 4808 et
1579 4761 1620 4826 lex
1632 4766 1754 4829 amplian-

993 4829 1035 4891 da,
1048 4828 1108 4893 quia
1122 4827 1162 4877 lex
1175 4839 1220 4891 per
1233 4838 1261 4876 se
1274 4826 1384 4877 intendit
1395 4825 1517 4879 savorem.
1529 4829 1600 4882 -9
1606 4831 1658 4882 ber
1670 4843 1756 4900 potest

993 4913 1049 4950 esse
1065 4898 1143 4949 mirre
1161 4895 1246 4948 odiosa
1263 4903 1291 4946 ct
1303 4896 1505 4948 favorabilis—
1516 4899 1557 4952 lo.
1569 4901 1683 4964 Quatuor
1695 4914 1756 4960 sunt

973 4996 976 5006 ·
992 4969 1090 5034 species
1101 4967 1253 5034 praecipuae
1266 4967 1352 5030 legum
1363 4966 1516 5020 odiosarum.

999 5146 1022 5199 l.
1039 5140 1219 5200 Diuisionibua
1241 5139 1307 5215 legis
1331 5141 1437 5198 traditis
1461 5143 1488 5199 in
1510 5145 1643 5218 superiori
1664 5153 1756 5225 capite

131 5235 211 5294 rideri
228 5241 320 5309 potest
331 5230 445 5291 Feliuus
459 5229 486 5286 in
500 5245 562 5303 cap.
579 5235 603 5289 l.
618 5229 652 5288 de
666 5233 854 5290 constitution.
871 5235 923 5291 Ile·
958 5233 1057 5293 addere
1079 5248 1228 5306 possumus
1246 5231 1369 5304 quintam
1389 5246 1422 5289 ιιι
1446 5230 1586 5294 edentibus
1604 5247 1753 5316 sumptam,

130 5328 206 5403 nique
220 5326 261 5384 liis
282 5320 440 5384 nominibus
453 5319 543 5380 addito
563 5328 630 5380 sunt
643 5321 693 5379 alia
711 5322 805 5399 plura,
820 5323 921 5398 quibus
958 5339 1030 5399 quaa
1043 5323 1168 5382 instituto
1181 5329 1276 5380 nostro
1291 5323 1407 5381 maxime
1420 5321 1672 5397 deserviet.Quinto
1686 5348 1753 5408 ergo
