4290 6222
415 347 480 412 422
853 325 860 334 ’
1111 361 1213 418 ornan
1226 367 1302 424 rur,

375 487 572 562 proprietatem
590 503 687 556 snam,
703 496 735 547 ut
747 492 930 562 supponitur,
944 497 974 548 et
987 492 1062 551 nulla
1075 497 1120 548 cst
1130 505 1176 547 ne·
1211 491 1245 550 ad
1260 491 1350 550 solum
1361 507 1464 550 norum
1476 492 1604 563 titulum,
1617 508 1667 551 seu
1679 491 1807 565 modurn,
1818 494 1918 551 etiarnsi
1930 495 1993 554 ilum
2084 501 2085 514 ¹

376 578 492 636 cessitas
506 577 698 652 impropriaodi
712 578 757 636 illa
770 595 805 636 ex
817 581 905 652 prima
926 580 1029 638 ratione
1048 581 1177 652 superius
1212 579 1446 652 comprehendere
1460 582 1555 656 possit.
1571 583 1607 640 lit
1621 599 1649 639 r.
1663 599 1692 656 g.
1705 584 1727 640 sl
1741 583 1824 642 detur
1837 584 1947 658 simplici
1959 601 1993 642 aa·
2084 607 2085 628 i

375 667 462 738 lacta,
478 681 556 738 ergo.
572 663 884 741 Declaratur‘eremplo:
907 685 969 727 narn
990 673 1012 726 si
1033 670 1117 728 alicui
1130 669 1177 727 de·
1212 667 1318 728 cerdoti
1332 671 1502 743 privilegium
1517 671 1686 751 ministrandi
1701 680 1901 730 sacramentum
1914 675 1993 745 poeni·

376 762 423 813 tur
444 756 617 830 privilegium
637 757 745 816 dicendi
759 759 870 816 missam
884 761 1106 816 anterecitatam
1119 761 1177 816 Pri·
1212 759 1329 831 tentiae,
1345 777 1394 832 per
1414 759 1483 817 illud
1504 760 1676 833 privilegium
1690 760 1772 818 delur
1786 769 1907 834 potestas
1919 762 1994 820 abaci·

375 860 466 917 mam,
482 847 556 919 quod
576 853 684 905 constat
704 849 765 905 iure
779 848 919 905 communi
933 863 993 904 esse
1007 848 1128 921 licitum,
1143 863 1177 906 ex
1214 847 1297 905 rendi
1310 864 1326 905 a
1340 848 1501 907 mortalibus
1512 851 1634 921 peccatis
1644 849 1742 908 saltem
1753 849 1907 922 ordinariis,
1917 859 1994 908 etnon

375 935 402 991 si
416 934 489 992 illius
503 936 635 1010 privilegii
653 937 717 994 nihil
733 937 806 994 aliud
823 938 947 1008 habebit,
964 953 1015 996 nec
1030 938 1132 1010 poterit
1145 939 1178 995 il·
1212 937 1375 1008 reserantis3
1390 939 1455 1010 quia
1469 938 1535 995 licet
1545 945 1749 996 sacramentum
1760 940 1996 1013 poenitentiacpos·

375 1023 423 1081 lud
446 1025 617 1098 priuilegium
632 1025 743 1083 extendi
767 1025 801 1082 ad
819 1025 962 1083 dicentium
984 1027 1093 1082 missam
1114 1032 1178 1083 ante
1211 1025 1246 1082 sit
1259 1027 1408 1084 ministrari
1422 1026 1590 1084 absolvendo
1605 1032 1712 1084 tanturn
1726 1028 1912 1097 avenialihus,
1924 1045 1996 1101 quan·

318 1115 320 1122 “
376 1112 662 1187 Laudes,utaliquid
684 1114 1177 1187 praeteriusoperari,relduhium
1210 1114 1247 1170 do
1267 1115 1409 1184 poenitens
1429 1115 1481 1172 alia
1501 1131 1554 1172 non
1575 1116 1671 1187 habot3
1688 1116 1996 1188 nihilominusillapotc-
2085 1121 2086 1124 ’

376 1201 473 1259 tollere
486 1201 621 1273 rideatur,
635 1203 699 1276 quia
714 1193 796 1260 r'erha
809 1204 867 1273 illa,
883 1220 938 1260 non
949 1206 1065 1262 recitata
1076 1205 1175 1275 Prima,
1211 1208 1269 1258 stas
1283 1203 1341 1260 lure
1356 1207 1495 1261 communi
1510 1219 1645 1262 concessa
1658 1211 1701 1261 est
1719 1204 1846 1261 omnihus
1861 1205 1996 1264 sacerdoti·

375 1307 429 1348 non
451 1291 603 1364 significant
621 1292 745 1365 Laudes,
767 1309 818 1350 nec
838 1301 956 1365 possunt
969 1294 1019 1350 nisi
1037 1293 1115 1351 rnlde
1130 1309 1177 1351 ao·
1212 1290 1278 1364 bus,
1301 1291 1416 1366 ideoque
1439 1307 1486 1365 per
1506 1293 1574 1351 illud
1596 1293 1767 1366 privilegium
1787 1296 1875 1350 maior
1891 1299 1996 1364 potestas

376 1380 492 1438 luntario
515 1381 594 1438 talem
615 1383 738 1455 recipere
758 1383 959 1453 extensionem,
975 1383 1050 1456 quod
1069 1384 1178 1441 asimili
1210 1379 1362 1438 eonlertur.
1379 1383 1445 1438 item
1466 1382 1488 1438 si
1508 1382 1645 1453 parochus
1659 1383 1785 1440 conterat
1798 1381 1904 1439 subdito
1918 1382 1992 1439 lacui·

376 1471 479 1542 optime
494 1472 651 1529 confirmari
666 1477 773 1544 potest,
787 1487 820 1528 er
835 1485 862 1529 o.
880 1471 930 1530 ult.
946 1471 980 1529 de
993 1473 1069 1530 verb.
1086 1473 1175 1545 sigali.
1212 1477 1295 1528 tatem
1315 1471 1460 1528 confitendi
1481 1471 1584 1540 alieno,
1605 1471 1762 1544 intelligitur
1781 1471 1905 1529 conferre
1923 1473 1994 1528 licen·
2084 1531 2085 1538 ,

362 1551 456 1626 'Quod
472 1561 495 1616 si
510 1560 561 1616 tale
575 1560 746 1634 privilegium
760 1559 885 1619 videatur
899 1561 1011 1632 inutile,
1027 1562 1077 1632 sibi
1089 1563 1178 1633 impu·
1211 1558 1292 1628 aab,
1313 1560 1344 1616 ut
1363 1560 1506 1632 confiteri,
1520 1567 1547 1616 et
1562 1560 1672 1617 absolvi
1687 1561 1775 1631 possit
1791 1562 1873 1617 eliam
1886 1561 1918 1618 de
1935 1577 1996 1618 moa

376 1655 432 1720 tet,
450 1650 496 1722 qui
512 1649 577 1707 illud
593 1651 755 1723 postulavit,
775 1651 913 1708 ordinarie
932 1652 1004 1707 onina
1020 1651 1083 1708 talin
1096 1651 1177 1722 privi·
1212 1647 1311 1705 talibus
1326 1663 1379 1705 non
1390 1651 1548 1720 reservatis,
1559 1651 1623 1722 quia
1633 1657 1765 1708 censetur
1776 1648 1844 1707 dare
1855 1651 1951 1723 aliquid
1962 1652 1995 1708 ul·

376 1738 446 1812 legia
463 1739 504 1796 tel
520 1755 573 1796 non
588 1741 705 1812 dantur,
718 1740 760 1796 rel
775 1741 880 1796 nonnisi
896 1739 930 1798 ad
944 1741 1177 1812 importunitatem
1213 1744 1255 1794 tre
1269 1737 1314 1795 ius
1328 1753 1486 1795 commune.
1503 1741 1577 1807 Quae
1591 1739 1716 1812 exempla
1729 1747 1806 1796 eerla
1817 1747 1846 1797 et
1856 1742 1997 1798 eommunia

377 1829 535 1898 petentium.
553 1830 590 1908 lie
610 1844 640 1885 se
661 1835 753 1886 aulem
773 1843 881 1901 semper
902 1829 1003 1886 habent
1023 1829 1177 1912 buccelle-
1213 1831 1294 1898 sunt,
1310 1833 1336 1882 si
1356 1827 1392 1884 ita
1413 1827 1521 1886 ridetur
1540 1831 1697 1885 essentiam
1712 1829 1839 1886 assertio.
1855 1831 1929 1887 Rau'o
1943 1845 1997 1886 roro

377 1921 470 1990 ctum,
488 1917 563 1991 quod
577 1917 659 1989 iliud,
676 1916 742 1974 licet
755 1933 827 1974 novo
841 1916 921 1974 titulo
935 1922 963 1974 et
977 1917 1088 1989 speciali
1104 1917 1173 1975 iure.
1211 1917 1270 1971 eius
1290 1915 1430 1974 sufficiens
1450 1923 1506 1986 est,
1523 1932 1594 1989 quae
1615 1917 1641 1972 in
1663 1918 1796 1990 principio
1817 1919 1870 1976 luit
1890 1919 1995 1976 secundo

377 2005 428 2074 Qut
441 2021 496 2063 non
510 2013 554 2064 est
567 2006 676 2063 omnino
690 2005 810 2077 trustra,
823 2021 885 2063 narn
898 2022 947 2079 per
962 2021 991 2062 se
1002 2005 1036 2062 ad
1048 2007 1101 2064 hoc
1111 2021 1177 2063 con·
1208 2002 1274 2080 loco
1296 2005 1400 2076 posita,
1417 2007 1481 2079 qula
1501 2005 1659 2064 huiusmodi
1672 2007 1815 2080 privilegia
1829 2014 1895 2066 sunt
1906 2009 1996 2065 lacon·

377 2094 445 2168 lert,
460 2102 492 2153 ut
506 2096 569 2152 licet
584 2102 679 2168 postea
691 2096 734 2154 ius
744 2111 890 2153 commune
901 2099 927 2152 in
937 2097 1110 2154 contrarium
1122 2101 1176 2153 sta·
1212 2092 1288 2165 bilia,
1299 2102 1328 2151 et
1340 2094 1506 2167 amplianda.
1520 2097 1589 2152 item
1602 2095 1667 2168 quia
1682 2095 1725 2153 hic
1739 2097 1850 2155 ridetur
1863 2112 1921 2156 esso
1934 2113 1996 2155 con·

378 2190 488 2257 tuatur3
511 2185 685 2242 nihilominus
706 2192 786 2242 actus
807 2171 888 2243 liceat
907 2186 1013 2244 ratione
1035 2186 1176 2258 privilegii,
1213 2183 1303 2239 munis
1322 2199 1421 2240 sensus
1441 2185 1536 2241 talium
1555 2185 1782 2257 concessionum,
1797 2193 1828 2242 et
1843 2188 1948 2242 maxime
1960 2202 1995 2242 ac

377 2274 441 2347 quia
463 2290 511 2346 per
533 2275 706 2347 subsequens
727 2277 770 2332 ius
786 2291 933 2332 commune
948 2290 1001 2330 non
1017 2282 1176 2346 revocatur,
1213 2270 1407 2329 commodatus
1428 2272 1548 2328 materiis
1573 2272 1666 2329 talium
1687 2274 1910 2348 privilegiorum,
1927 2281 1952 2332 et
1967 2275 1997 2330 io·

378 2363 429 2419 nisi
448 2365 633 2434 exprimatur3
651 2370 681 2420 ut
699 2362 769 2420 inira
787 2363 906 2420 dicetur.
921 2364 958 2421 lit
971 2363 997 2419 in
1012 2378 1080 2420 casu
1095 2363 1116 2419 si
1130 2379 1178 2434 po·
1212 2361 1324 2419 teotiooi
1339 2361 1501 2432 petentium
1515 2377 1578 2418 nana
1594 2365 1720 2434 superior
1742 2365 1898 2422 concodeus
1908 2365 1998 2436 privile·

377 2457 475 2508 nerent
489 2459 666 2523 pracceptum
688 2451 820 2510 recitandi
840 2453 958 2509 Primam
977 2460 1040 2510 ante
1055 2453 1176 2524 illesam,
1211 2450 1301 2521 glun,
1318 2450 1358 2506 ael
1374 2449 1527 2520 licentiam,
1539 2449 1698 2525 intelligitur
1722 2451 1796 2524 loqui
1808 2455 1998 2510 communimo·

378 2540 479 2598 hebens
504 2541 572 2598 illud
594 2540 764 2615 privilegium
786 2547 909 2599 maneret
928 2549 1073 2614 exemptus
1094 2558 1110 2598 a
1131 2542 1178 2600 tall
1211 2553 1241 2594 re
1262 2544 1289 2594 et
1304 2539 1514 2596 accommodato
1527 2540 1650 2597 rehuset
1676 2540 1819 2597 intentioni
1833 2541 1994 2598 subditorum.

378 2641 537 2703 praecepto,
553 2631 606 2686 nisi
621 2630 777 2702 specialiter
792 2637 982 2689 revocaretur.
1211 2629 1332 2702 lienique
1345 2629 1409 2700 qnia
1424 2629 1506 2685 verba
1521 2628 1615 2686 talium
1636 2629 1838 2702 privilegiorum
1853 2631 1937 2688 solent
1948 2645 1997 2686 cese

417 2724 445 2777 l.
462 2720 590 2777 &eundo
604 2721 626 2776 si
641 2721 725 2777 verba
738 2722 926 2778 concessionis
939 2723 966 2778 in
982 2720 1178 2794 significatione
1212 2717 1362 2790 indefinita,
1376 2724 1406 2775 et
1419 2734 1484 2774 cum
1498 2718 1665 2790 proprietate
1684 2726 1801 2790 possunt
1815 2719 1997 2792 complectito-

379 2811 490 2882 propria
510 2809 600 2866 solum
621 2811 780 2867 contineant
792 2811 937 2878 effectum,
953 2811 985 2868 de
1000 2827 1056 2884 quo
1072 2817 1114 2868 est
1126 2810 1178 2866 du·
1213 2815 1271 2865 tum
1287 2808 1365 2864 illurn
1380 2807 1525 2875 enectum,
1542 2815 1573 2865 ut
1586 2808 1611 2862 in
1632 2807 1763 2878 exemplis
1781 2809 1908 2866 adductis
1924 2814 1994 2880 patei,

379 2898 472 2968 hilam,
488 2899 531 2955 rel
546 2897 634 2970 opinio
652 2901 783 2971 utrinque
797 2899 959 2970 probabilis,
974 2915 1008 2956 an
1028 2901 1087 2957 iure
1101 2915 1178 2956 com·
1211 2913 1280 2969 ergo
1300 2912 1354 2953 non
1375 2902 1440 2953 sunt
1459 2899 1517 2953 sine
1538 2903 1653 2969 cogente
1675 2900 1841 2956 necessitate
1864 2896 1995 2966 limitanda,

344 3029 347 3034 ,
379 2989 456 3044 muni
472 2988 566 3058 liceat,
579 3003 630 3044 nec
645 3003 694 3058 ne,
710 2995 775 3044 tunc
789 2990 869 3044 etiam
882 2989 994 3059 pertale
1007 2989 1177 3061 privilegium
1212 2989 1276 3061 quie
1291 2987 1364 3042 sicut
1376 2987 1403 3042 in
1416 2984 1566 3057 doctrinis,
1578 2987 1655 3042 itaet
1669 2987 1696 3042 in
1707 2986 1814 3058 legibus
1826 2987 1953 3044 indefinita
1964 2986 1996 3041 lo·

379 3093 433 3134 non
454 3079 484 3133 lit
505 3077 623 3134 edoctus
643 3076 859 3134 substantialiter
880 3077 1004 3134 diversus
1018 3078 1053 3134 ab
1067 3093 1116 3148 eo,
1131 3079 1178 3151 qui
1212 3077 1290 3133 cutio
1312 3075 1344 3132 de
1366 3090 1395 3131 se
1417 3075 1570 3148 aequivalet
1591 3065 1750 3147 universali,
1765 3082 1797 3134 ut
1811 3078 1898 3151 possit
1913 3077 1996 3133 babere

379 3165 555 3238 probabiliter
574 3165 696 3223 creditur
710 3181 866 3222 concessus
882 3166 940 3222 iure
954 3169 1110 3237 communi,
1126 3183 1177 3226 nec
1212 3171 1317 3221 certam
1330 3171 1358 3221 et
1372 3165 1576 3221 determinatam
1592 3164 1837 3240 significationem,
1851 3181 1900 3223 nec
1919 3166 1996 3222 colun·

379 3262 470 3329 potest
481 3256 535 3313 tale
551 3254 724 3328 privilegium
737 3270 803 3328 cuna
815 3255 1017 3326 improprietate
1030 3256 1177 3312 vorborum
1212 3255 1278 3310 taric
1298 3255 1385 3324 possit
1404 3267 1474 3322 uno,
1496 3253 1538 3309 ael
1559 3253 1610 3310 alio
1626 3253 1708 3311 rnodo
1723 3253 1848 3327 limitari,
1862 3254 1908 3312 sed
1921 3255 1994 3311 solun

378 3345 485 3402 extendi
499 3345 533 3401 ad
547 3345 676 3402 ellectum
692 3342 829 3418 aliquem,
841 3345 876 3400 dc
889 3360 945 3417 quo
956 3350 1064 3401 certum
1076 3345 1178 3402 sitnon
1214 3342 1288 3398 iuxta
1302 3343 1367 3399 iuris
1381 3342 1554 3415 exigentiam.
1570 3341 1647 3409 Quod
1662 3349 1751 3414 polest
1761 3344 1815 3400 alin
1828 3345 1946 3415 exemplo
1958 3344 1994 3398 de·

378 3449 460 3506 posse
474 3435 530 3490 h'eri
544 3435 606 3491 iure
617 3435 768 3489 communi.
782 3434 863 3490 ilatio
873 3432 1032 3498 octoadem,
1044 3435 1108 3506 quia
1118 3449 1179 3490 aer·
1213 3431 1324 3488 clerani:
1344 3447 1407 3488 nam
1422 3432 1444 3487 si
1459 3432 1598 3503 praelatus
1612 3431 1660 3489 det
1673 3432 1780 3490 subdito
1796 3433 1877 3491 habili
1897 3434 1993 3490 lacrrlla·

379 3522 414 3579 ha
429 3539 482 3579 non
498 3529 563 3580 sunt
577 3523 780 3594 impropriando
794 3523 850 3578 sine
863 3537 959 3592 cansa,
975 3524 1041 3595 quia
1056 3523 1122 3578 alias
1138 3524 1178 3578 ni·
1215 3528 1267 3577 tem
1288 3520 1437 3592 recipiendi
1457 3536 1474 3577 a
1493 3523 1801 3593 qrrocunaqueaotistite
1815 3522 1921 3579 ordines
1934 3522 1994 3577 inde·

379 3611 416 3668 hil
429 3619 502 3669 esset
517 3613 600 3668 hrum
614 3617 780 3668 etcertum:
794 3610 838 3668 hic
853 3618 948 3668 autem
963 3611 1038 3669 ntrlla
1054 3619 1097 3669 est
1111 3628 1179 3669 cau·
1213 3609 1303 3680 linito,
1317 3608 1474 3681 intelligitur
1488 3611 1568 3666 etiam
1582 3608 1616 3665 de
1630 3612 1736 3682 sacris,
1753 3610 1818 3668 licet
1830 3611 1865 3668 de
1883 3611 1993 3684 legitima·
2089 3625 2090 3636 ¹

381 3717 424 3772 sa,
441 3703 496 3757 imo
511 3703 614 3771 minor,
629 3715 712 3774 quam
727 3702 752 3756 in
769 3700 959 3774 praecedentt3
975 3701 1107 3773 quiahoc
1122 3703 1177 3773 pri·
1214 3697 1288 3754 tione
1303 3696 1337 3754 ad
1352 3696 1459 3754 ordines
1474 3696 1545 3755 aliud
1560 3698 1614 3755 dici
1629 3696 1733 3769 soleat,
1750 3701 1817 3772 quia
1830 3707 1874 3756 cst
1890 3697 1995 3770 speciali

380 3789 508 3863 vilegium
528 3797 557 3846 et
576 3789 684 3846 conlert
704 3789 850 3860 specialem
864 3788 994 3859 titulum,
1010 3791 1056 3862 qui
1070 3805 1178 3860 perma·
1213 3795 1254 3844 ter
1270 3794 1367 3844 contra
1388 3789 1445 3852 ius,
1461 3796 1575 3859 propter
1595 3788 1788 3847 inhabilitatem
1802 3803 1946 3861 personae,
1959 3788 1993 3842 bic

380 3879 473 3948 nebit,
489 3879 594 3935 etiamsi
605 3877 730 3950 generale
740 3877 783 3933 ius
793 3878 963 3933 contrariom
976 3884 1071 3948 postea
1082 3879 1177 3936 subse·
1214 3883 1305 3934 autent
1326 3893 1408 3934 secus
1428 3885 1488 3948 ost,
1510 3877 1573 3950 quia
1593 3893 1658 3933 cum
1673 3891 1790 3949 persona
1804 3879 1841 3934 sit
1857 3877 1958 3945 habilis,
1971 3881 1995 3931 ut

380 3973 499 4042 quatur,
514 3974 544 4023 et
561 3966 642 4022 simui
662 3965 770 4022 coniert
790 3967 968 4024 securitatem
989 3972 1018 4022 et
1035 3967 1180 4024 certitudi·
1214 3969 1388 4039 supponitur,
1403 3965 1610 4023 nullaestratio
1621 3964 1748 4022 limitandi
1760 3968 1929 4040 verba,quae
1940 3979 1994 4021 non·

381 4072 442 4112 nem
461 4056 486 4112 in
503 4054 547 4111 tali
562 4062 636 4111 actu:
649 4069 720 4126 quae
734 4069 833 4128 magna
846 4061 889 4111 est
900 4056 1014 4126 utilitas,
1026 4060 1054 4112 st
1066 4054 1127 4112 ideo
1140 4063 1178 4112 ta·
1215 4068 1257 4114 tro
1277 4055 1474 4113 concedentem
1494 4054 1648 4127 amplianda
1670 4062 1751 4126 sunt,
1772 4067 1839 4111 eum
1859 4055 1933 4112 alieri
1950 4051 1993 4109 iuri

382 4147 417 4204 lia
432 4145 570 4220 privilegia
584 4145 771 4218 frequentiora
785 4149 860 4200 suot.
872 4147 967 4201 Potest
977 4144 1030 4201 hoc
1046 4144 1179 4202 deolnrari
1214 4161 1267 4202 non
1282 4145 1477 4217 praeiudicant.
1815 4220 1817 4224 Ι

380 4235 488 4309 uulgari
502 4234 625 4306 eremplo
640 4234 674 4292 de
688 4234 825 4306 privilegio
837 4233 1004 4291 concedente
1017 4240 1179 4305 potestatem
1253 4238 1279 4292 6.
1292 4234 1407 4303 Quarto,
1420 4233 1442 4288 si
1454 4233 1538 4290 rerba
1550 4232 1679 4307 privilegii
1690 4233 1715 4288 in
1727 4233 1893 4304 proprietate
1906 4235 1995 4302 sumpta

381 4322 915 4396 eonrmutandiaota,quodettendinon
929 4322 1179 4395 potestaddispen·
1214 4339 1274 4379 non
1289 4329 1405 4395 possunt
1425 4323 1524 4380 hahere
1544 4323 1671 4380 ellectum
1693 4323 1905 4382 substantialiter
1921 4321 1995 4378 dicer·

381 4415 515 4471 sationem
530 4413 608 4469 etiarn
625 4412 784 4485 partialem3
799 4421 828 4468 et
840 4411 901 4468 ideo
923 4413 997 4484 iuxta
1013 4413 1179 4484 prohabilem
1214 4427 1276 4470 som
1290 4428 1306 4469 a
1320 4413 1378 4469 iure
1393 4412 1552 4484 communi,
1567 4427 1616 4468 sen
1631 4427 1715 4485 supra
1731 4413 1790 4483 ius,
1811 4414 1861 4470 nisi
1875 4408 1995 4484 operando

318 4517 324 4528 ·
381 4504 550 4575 opinionem,
566 4503 641 4576 quod
661 4504 839 4559 commutatio
858 4503 918 4558 iure
932 4503 1073 4558 communi
1088 4502 1179 4574 liceat,
1214 4503 1296 4560 simul
1317 4507 1416 4559 contra
1437 4505 1498 4572 ius,
1512 4508 1541 4558 et
1559 4501 1624 4558 alias
1638 4509 1755 4574 possunt
1769 4502 1867 4563 hahere
1883 4503 1994 4560 ellectum

381 4592 538 4664 inaequale,
554 4592 606 4648 tale
628 4590 797 4664 privilegium
817 4591 907 4648 solum
927 4591 1009 4648 datur
1029 4591 1062 4648 ad
1085 4591 1181 4649 tollen·
1213 4592 1351 4650 diversum
1366 4590 1457 4663 quoad
1473 4591 1603 4662 modurnp
1616 4590 1694 4648 valde
1708 4591 1823 4670 dubium
1836 4599 1994 4664 sst,anope·
2089 4585 2090 4590 ’

380 4681 447 4741 dum
461 4681 641 4752 scrupulum,
658 4681 699 4736 rel
716 4680 848 4752 dubium,
862 4687 892 4735 et
904 4677 1104 4736 conserendum
1118 4695 1179 4738 cer·
1213 4689 1291 4737 retur
1311 4679 1392 4736 simul
1412 4688 1563 4751 utrumque
1581 4680 1785 4746 sororumve
1802 4688 1907 4738 tantum
1920 4683 1994 4750 poste·

380 4780 439 4831 turn
454 4777 483 4828 et
495 4769 639 4843 specialem
656 4769 765 4827 titulum
780 4769 853 4826 illius
868 4771 1020 4840 potestatis,
1037 4777 1068 4826 ut
1080 4768 1133 4827 dixi
1148 4770 1180 4826 li·
1214 4769 1315 4826 riorem
1326 4810 1333 4836 ,
1346 4769 1394 4825 nisi
1404 4770 1429 4825 in
1443 4770 1582 4842 privilegio
1597 4767 1714 4826 addatur
1726 4768 1852 4826 clausula
1866 4769 1994 4840 derogato·

380 4864 430 4921 hro
448 4866 475 4920 6.
492 4861 525 4918 de
538 4867 616 4930 voto,
632 4876 659 4916 c.
680 4864 723 4927 lii,
740 4877 767 4916 n.
786 4863 812 4918 i.
1215 4861 1254 4915 ria
1274 4859 1342 4915 iuris
1363 4859 1527 4915 communis.
1545 4859 1582 4916 Ut
1594 4874 1622 4914 v.
1638 4875 1666 4932 g.
1682 4859 1704 4914 si
1720 4873 1766 4916 rex
1780 4859 1914 4917 concedat
1926 4853 1994 4912 alicui

421 4957 448 5010 5.
464 4953 568 5020 Tertio,
581 4950 602 5006 ei
613 4949 696 5005 rerba
708 4949 839 5022 privilegii
851 4954 966 5020 possunt
977 4963 1043 5004 cunr
1055 4950 1180 5020 proprio-
1215 4947 1315 5005 homini
1327 4948 1395 5004 alias
1410 4947 1493 5004 libero
1506 4945 1652 5018 indultum,
1666 4953 1697 5004 ut
1706 4946 1789 5004 libere
1805 4947 1909 5004 sinatur
1922 4953 1995 5001 uant-

381 5050 434 5101 tate
446 5037 678 5115 comprehendere
685 5040 813 5097 ellectum
825 5039 884 5096 iure
895 5039 1036 5096 communi
1048 5054 1102 5095 non
1113 5054 1180 5096 con·
1214 5039 1252 5095 ire
1266 5039 1331 5095 lines
1347 5039 1440 5112 regni,
1453 5043 1483 5094 et
1495 5038 1570 5095 orire
1584 5052 1650 5094 euro
1663 5037 1757 5108 rebus,
1772 5053 1843 5111 quas
1858 5049 1946 5092 secum
1958 5029 1997 5086 de·

381 5149 508 5205 mesum,
523 5131 577 5189 tals
590 5129 762 5203 privilegium
776 5128 859 5186 hebet
870 5129 1000 5187 ellectum
1015 5127 1179 5186 substantia·
1213 5127 1276 5200 iert,
1291 5127 1440 5186 dummodo
1459 5126 1546 5184 solvat
1564 5126 1707 5198 vectigalia
1727 5133 1874 5196 consociat
1889 5118 1995 5182 dubitari

381 5221 443 5279 liter
456 5219 615 5280 deuectum
627 5235 642 5277 a
655 5219 715 5278 iuro
726 5217 865 5276 communi
875 5258 883 5292 ,
895 5231 946 5276 nec
956 5223 999 5276 est
1009 5215 1178 5278 limitandum
1213 5235 1268 5278 non
1281 5219 1416 5277 immerito
1430 5223 1537 5294 potest,
1551 5232 1585 5278 an
1600 5232 1634 5275 ex
1647 5217 1673 5275 ri
1686 5217 1746 5274 talis
1759 5215 1856 5274 indulti
1871 5207 1996 5290 possiillit
