4190 6234
437 351 477 418 72
1136 373 1235 423 arem
1250 374 1283 422 v.

395 497 464 554 teria
478 512 532 553 non
553 503 643 568 potest
666 498 768 555 servari
789 497 880 556 debita
898 498 986 556 iorma
1004 505 1032 557 et
1050 501 1190 572 proportio
1227 489 1344 568 alit‚'rel
1358 516 1408 559 sua
1422 501 1554 561 industria
1568 513 1722 579 comparat,
1733 505 1798 563 licet
1813 505 1867 563 boe
1883 513 1969 563 autem
1982 507 2023 562 ita

396 588 501 660 tributi,
515 588 579 661 quia
594 603 728 662 pauperes
742 589 804 662 plus
814 599 974 664 gravantur,
986 609 1069 666 quarn
1084 590 1190 664 diriter,
1228 592 1274 660 sil,
1288 590 1340 646 boo
1356 597 1442 648 totum
1455 600 1497 650 est
1509 593 1735 668 accidentarium,
1746 603 1774 654 et
1787 598 1813 652 in
1827 613 1856 654 re
1868 597 1959 653 morali
1971 598 2023 652 im-

394 686 424 735 at
434 677 486 736 boe
498 694 551 735 non
563 681 600 735 ita
609 687 652 737 est
662 695 709 751 per
721 695 749 736 se
761 680 897 754 loquendo
910 699 941 738 no
955 682 1102 755 moraliter3
1113 698 1189 756 ergo.
1227 681 1354 752 possibile
1368 689 1410 738 est
1428 683 1591 742 infallibilem
1612 687 1738 760 regulam·
1755 689 1932 761 constituero,
1951 705 2023 760 quae

394 768 529 828 Probatur
543 771 641 841 minor,
656 773 743 843 primo
758 771 876 829 tollendo
891 771 1038 846 quamdam
1058 774 1188 846 aequiro·
1227 786 1279 826 non
1294 787 1374 843 saepe
1388 771 1506 829 deficiat.
1520 773 1597 842 Quod
1613 777 1635 832 si
1651 775 1768 833 iortaase
1781 763 1927 834 caietanus
1937 785 1963 833 et
1975 778 2024 834 alii

394 861 539 932 nationem,
551 875 620 933 quae
633 860 698 918 latet
708 863 734 916 in
745 863 833 918 verbis
844 862 974 931 Caietani,
986 869 1013 920 et
1024 861 1117 919 eadem
1130 860 1187 918 lere
1227 860 1316 931 velint,
1331 877 1364 918 eo
1385 863 1443 934 ipso
1462 879 1522 920 esse
1543 864 1657 923 lormam
1679 867 1771 924 tributi
1793 868 1931 938 iniustam,
1947 868 2024 939 quod
2071 893 2072 904 .

393 959 435 1009 est
448 952 476 1006 in
491 950 547 1007 aliis
561 951 731 1007 auctoribus.
750 951 792 1008 nit
809 953 881 1008 euim
894 953 1016 1010 Caietan.
1035 951 1109 1026 quod
1124 951 1190 1010 indi·
1227 965 1278 1021 pro
1289 954 1489 1025 asportatione,
1501 960 1549 1026 aut
1562 958 1699 1028 emptione
1709 955 1831 1014 eiusdem
1844 957 1883 1014 rei
1895 957 1929 1014 ad
1940 974 2024 1013 usum

394 1041 485 1116 gentia
498 1047 540 1097 est
558 1039 634 1098 radia
651 1056 730 1113 usus,
745 1049 774 1098 et
792 1043 830 1099 ita
843 1043 890 1116 qui
904 1044 990 1116 magis
1005 1041 1117 1115 indiget,
1133 1057 1188 1114 ma·
1226 1041 1408 1115 necessariae,
1424 1042 1537 1117 aequale
1560 1045 1695 1104 tributum
1709 1048 1822 1118 pauperi
1835 1055 1865 1104 et
1884 1045 1957 1103 diviti
1970 1049 2024 1102 im-

393 1131 436 1206 gis
452 1133 549 1204 utitur,
564 1133 642 1188 etita
655 1133 741 1206 magis
755 1140 906 1205 gravantur
920 1149 1053 1206 pauperes
1067 1132 1188 1206 indigen·
1225 1132 1349 1203 ponitur,
1371 1135 1504 1191 immerito
1525 1133 1552 1192 id
1572 1142 1709 1206 asserunt,
1731 1135 1830 1210 alioqui
1850 1137 1930 1196 etiam
1950 1143 2027 1193 esset

394 1229 445 1279 tes.
460 1228 494 1279 nt
514 1220 635 1305 prolecto
650 1240 702 1281 ron
717 1223 762 1280 illa
782 1223 948 1297 indigentia
966 1226 1117 1298 aequivoce
1135 1231 1187 1294 est,
1224 1221 1325 1278 iniusta
1340 1222 1427 1280 lorma
1443 1224 1534 1281 tributi
1550 1226 1666 1296 impositi
1678 1241 1727 1298 pro
1741 1225 1824 1282 rebus
1839 1241 1926 1284 causa
1939 1242 2027 1301 nego·
2072 1278 2073 1290 ,

393 1320 421 1369 at
434 1312 511 1370 alitor
525 1314 552 1369 in
567 1313 750 1385 antecedenti,
766 1320 793 1371 et
813 1311 890 1372 alit'er
904 1315 930 1371 in
948 1299 1126 1389 {consequenti
1141 1331 1187 1372 su·
1224 1311 1343 1368 tintinnis
1358 1311 1458 1384 allatis,
1474 1314 1540 1387 quia
1556 1315 1668 1387 aequale
1683 1315 1816 1373 tributum
1830 1317 1944 1388 ponitur
1956 1332 2028 1388 pau-
2072 1319 2073 1324 ’

393 1403 485 1461 mitur.
494 1403 644 1477 indigentia
654 1406 725 1460 enirn
740 1405 876 1463 interdum
891 1406 1026 1479 significat
1040 1405 1189 1462 necessita·
1225 1402 1281 1474 peri
1295 1404 1441 1475 negotianti
1457 1421 1505 1475 pro
1517 1406 1573 1462 vita
1586 1405 1773 1476 sustentanda,
1786 1411 1813 1462 et
1826 1409 1973 1462 mercatori
1982 1405 2026 1462 di·

393 1499 460 1566 tem,
474 1491 547 1550 etde
561 1493 612 1550 bae
629 1493 774 1567 indigentia
789 1510 885 1552 verum
899 1501 952 1564 eat,
968 1493 1043 1568 quod
1056 1501 1099 1552 est
1113 1493 1189 1551 radis
1223 1494 1280 1564 viti,
1296 1495 1323 1549 in
1337 1493 1432 1550 eadem
1446 1495 1569 1565 materia,
1583 1502 1611 1552 et
1624 1495 1726 1552 ceteris
1739 1495 1860 1567 paribus.
1870 1498 1926 1552 lmo
1937 1502 1964 1552 et
1976 1496 2027 1552 de·

392 1601 474 1655 usus,
486 1591 514 1643 et
527 1584 602 1659 quod
616 1587 666 1657 qui
680 1585 742 1658 plus
757 1584 869 1659 indiget,
882 1588 968 1660 magis
983 1587 1080 1656 utitur,
1094 1585 1188 1658 utique
1225 1583 1359 1640 cinrarum
1375 1584 1530 1642 distributio
1545 1592 1618 1643 esset
1632 1587 1740 1654 iniusta,
1752 1587 1815 1660 quio
1827 1586 1924 1644 eadem
1939 1594 2026 1659 quota

393 1676 503 1749 quando
524 1676 653 1732 subvenit
673 1675 833 1750 indigentiae
855 1693 931 1748 suae,
951 1692 1000 1732 seu
1022 1675 1186 1732 necessitati.
1224 1689 1273 1745 pro
1291 1674 1461 1747 pauberibus
1475 1683 1503 1733 et
1517 1675 1647 1736 divitibus
1661 1679 1779 1751 ponitur.
1795 1679 1824 1734 ln
1844 1677 1888 1734 bis
1902 1693 1967 1751 ergo
1980 1695 2027 1735 re·
2073 1736 2074 1756 ,

392 1766 465 1823 liaeo
486 1781 552 1823 vero
572 1765 720 1840 indigentia
740 1767 894 1824 communis
914 1773 956 1824 est
975 1766 1103 1825 divitibus
1123 1781 1187 1824 eum
1223 1764 1276 1820 bus
1290 1781 1344 1821 uon
1366 1771 1455 1838 potest
1469 1782 1577 1839 semper
1598 1774 1653 1825 tam
1668 1777 1764 1826 exacta
1781 1767 1938 1825 distributio
1957 1769 2024 1840 fieti,
2073 1803 2074 1816 .

391 1857 568 1930 pauperibus,
585 1858 637 1913 imo
651 1857 678 1913 in
698 1854 826 1914 divitibus
839 1863 882 1915 cst
902 1857 998 1929 maior,
1014 1858 1056 1914 rel
1077 1863 1189 1930 propter
1224 1856 1399 1927 praesertim,
1420 1857 1486 1930 quia
1507 1856 1576 1914 baec
1592 1857 1771 1931 improportio
1785 1865 1875 1932 potest
1894 1874 2026 1931 compen-

391 1964 472 2006 suum
487 1953 600 2020 amttam,
617 1945 658 2003 vel
679 1954 791 2019 propter
807 1965 871 2005 suaa
884 1947 1004 2020 delicias,
1019 1954 1046 2006 et
1063 1949 1126 2021 quia
1140 1963 1186 2003 vo·
1223 1945 1405 2019 serialiunde,
1420 1947 1540 2020 scilicet,
1551 1949 1617 2020 quia
1626 1947 1725 2006 divites
1735 1949 1815 2024 plura
1823 1954 1854 2006 et
1862 1950 2025 2022 pretiosiora

389 2036 508 2111 luptates
522 2042 651 2108 reputant
665 2035 848 2111 indigentiam.
860 2039 1031 2111 Quapropter
1045 2036 1141 2095 stando
1155 2039 1182 2094 in
1225 2043 1403 2106 consumunt,
1418 2045 1445 2095 et
1461 2038 1653 2096 transvehunt.

390 2127 485 2188 eadem
505 2128 708 2202 significatione,
731 2143 783 2186 non
804 2135 878 2186 recte
898 2127 1023 2200 infertur,
1038 2143 1182 2202 pauperes,
1264 2130 1292 2185 l.
1306 2128 1478 2201 Quapropter
1497 2123 1646 2187 dicendum
1665 2135 1706 2186 est
1718 2131 1745 2186 in
1766 2130 1872 2204 primis,
1890 2129 2025 2188 conditio·

390 2220 516 2294 quisunt
534 2218 694 2292 indigentes.
711 2218 773 2291 plus
794 2219 843 2289 uti,
858 2224 886 2275 et
905 2219 967 2291 plus
981 2218 1099 2292 gravari,
1117 2217 1182 2291 quia
1222 2232 1283 2274 nem
1308 2219 1379 2275 illam
1394 2235 1428 2277 ex
1449 2226 1525 2292 parte
1540 2220 1641 2278 lormae
1655 2221 1759 2295 tributi,
1774 2220 1888 2291 seilicet,
1906 2229 1938 2278 ut
1958 2238 2025 2278 eum
2074 2205 2075 2222 ¹

389 2325 443 2366 non
460 2316 525 2367 sunt
539 2308 592 2366 boe
607 2307 687 2366 modo
702 2308 763 2381 plus
777 2308 939 2383 indigentes.
952 2309 1010 2366 Alio
1024 2324 1091 2382 ergo
1106 2306 1185 2364 modo
1224 2311 1401 2381 proportione
1420 2308 1600 2368 distribuatur
1614 2313 1753 2384 quantitas
1772 2312 1872 2382 oneris,
1889 2314 1967 2369 iusta
1985 2315 2023 2369 ri·

392 2397 539 2472 indigentia
553 2399 686 2473 significat
703 2406 906 2472 paupertatem,
920 2405 948 2458 et
965 2400 1004 2457 sio
1020 2399 1118 2457 laisum
1131 2407 1185 2472 eat,
1222 2414 1266 2457 res
1279 2399 1418 2456 facultatis
1432 2401 1662 2474 uniuscuiusque,
1675 2399 1815 2459 moraliter
1828 2402 2019 2474 accipiendam

394 2489 464 2547 bauo
484 2489 658 2564 indigentiam
679 2504 739 2546 essa
760 2491 880 2548 radicem
901 2507 986 2548 usus:
1010 2506 1072 2546 nam
1092 2491 1183 2562 potius
1222 2506 1295 2562 esse,
1316 2498 1450 2564 quantum
1471 2489 1598 2549 videlieet
1616 2493 1740 2549 suaviter
1758 2492 1843 2564 possit
1862 2495 1977 2566 serrari,
1996 2501 2025 2550 et

373 2630 377 2638 .
391 2595 495 2653 pauper
509 2596 589 2652 saepe
608 2579 710 2653 indiget
728 2587 814 2654 veste,
829 2588 858 2639 et
877 2598 931 2639 nou
948 2582 1034 2638 utitur
1052 2579 1105 2651 illa,
1120 2581 1186 2654 quia
1222 2580 1314 2638 baberi
1330 2583 1400 2639 ratio
1415 2581 1492 2639 illius
1507 2583 1690 2655 proportionis
1704 2584 1760 2641 sine
1778 2585 1920 2640 vexatione
1934 2601 2023 2656 popu-

388 2678 453 2744 eget
465 2672 592 2743 pecunia,
605 2677 634 2727 et
644 2678 843 2744 consequenter
853 2671 933 2730 etiarn
943 2679 986 2728 est
997 2669 1184 2744 laisum,quod
1219 2671 1309 2730 iorum
1330 2679 1358 2730 et
1373 2673 1428 2729 sine
1442 2688 1540 2746 magna
1554 2671 1715 2730 difficultate
1729 2673 1894 2746 principum.
1910 2675 1985 2734 Unde
2000 2677 2023 2732 si

389 2761 437 2834 qui
448 2759 510 2832 plus
522 2759 633 2833 indiget,
646 2760 707 2832 plus
720 2762 818 2836 utitur,
830 2763 894 2835 quia
905 2762 992 2820 multo
1003 2763 1088 2834 magis
1103 2761 1185 2818 utun·
1221 2763 1288 2820 baec
1300 2761 1435 2837 diligentia
1445 2762 1617 2835 adhibeatur,
1630 2763 1694 2820 nibil
1706 2763 1831 2836 obstabit,
1841 2765 1917 2838 qnod
1928 2766 2024 2840 aliqua

391 2858 436 2908 tur
450 2851 532 2908 rebus
552 2865 605 2908 usu
623 2853 877 2924 consumptibilibus
890 2852 999 2924 divites,
1015 2868 1098 2926 quarn
1118 2867 1184 2923 pau·
1222 2854 1397 2926 improportio
1411 2860 1557 2927 sequatur,
1569 2856 1633 2928 quia
1647 2852 1690 2911 illa
1700 2861 1742 2910 est
1755 2851 1895 2912 moraliter
1910 2857 2023 2912 inevita-

388 2955 479 3013 peres,
494 2947 522 2998 et
542 2940 648 3014 plures,
663 2957 695 2998 ao
717 2943 892 3014 pretiosiores
910 2961 943 3001 ex
965 2943 1015 3000 illis
1029 2948 1133 3000 emunt.
1148 2943 1184 3000 Et
1219 2945 1293 3016 bilis,
1314 2952 1342 3002 et
1362 2961 1414 3002 non
1435 2951 1478 3002 est
1498 2947 1611 3015 intenta,
1633 2960 1683 3002 nec
1704 2952 1835 3002 censetur
1855 2946 1949 3018 volita,
1973 2945 2022 3004 sed

390 3031 513 3088 similiter
525 3047 661 3104 pauperes
675 3049 728 3088 non
743 3033 833 3090 solent
846 3048 891 3091 res
912 3040 1022 3107 portare
1035 3049 1069 3092 ea
1083 3033 1185 3090 distan-
1222 3035 1369 3108 permissa,
1393 3035 1465 3093 sieut
1485 3035 1607 3094 videmus
1627 3036 1655 3091 in
1675 3033 1789 3092 decimis
1809 3035 2019 3111 ecclesiasticis,

389 3121 462 3180 tibus
479 3120 566 3194 locis,
586 3123 631 3180 ubi
650 3122 737 3180 solent
756 3123 898 3196 vectigalia
916 3124 1002 3197 exigi3
1024 3123 1071 3180 sed
1089 3121 1185 3184 divites
1220 3125 1294 3199 quod
1313 3124 1486 3184 uniformiter
1506 3127 1684 3200 imperantur,
1699 3126 1805 3183 etiamsi
1820 3142 1870 3200 per
1889 3129 2021 3185 accidens

388 3213 560 3288 lrequentiua
580 3213 648 3270 haee
669 3214 771 3284 portari
796 3214 846 3271 sibi
865 3213 969 3271 iaciunt
989 3212 1023 3270 ad
1043 3213 1185 3286 proprium
1218 3217 1371 3290 contingat,
1391 3215 1497 3290 aliquos
1511 3232 1645 3290 pauperes
1658 3217 1772 3274 nimium
1786 3217 1904 3274 onerari.
1918 3219 2022 3276 Deinde

388 3321 481 3362 usum.
497 3303 574 3363 Unde
588 3321 621 3361 ea
641 3305 665 3360 vi
679 3306 849 3377 paupertatis
863 3321 918 3362 non
938 3304 1031 3374 video,
1047 3301 1184 3377 quomodo
1218 3307 1355 3378 dicimus,
1372 3307 1554 3364 conditionem
1567 3307 1645 3364 aliam
1658 3323 1692 3378 ea
1706 3314 1785 3380 parta
1798 3309 1928 3366 materiae
1944 3326 2022 3366 sum·

388 3395 452 3453 binc
473 3402 609 3470 sequatur
629 3394 672 3451 illa
693 3395 880 3468 improportio.
895 3392 973 3464 Quod
991 3394 1013 3450 si
1033 3394 1183 3466 contingat,
1222 3405 1307 3469 ptam,
1324 3396 1426 3455 seilicet
1440 3403 1471 3454 ut
1484 3398 1586 3455 tributa
1600 3397 1667 3455 baec
1679 3413 1732 3455 non
1744 3399 1923 3470 imponantur
1934 3400 1961 3454 in
1975 3415 2021 3454 re·

387 3503 535 3561 pauperem
549 3485 646 3544 babere
661 3485 753 3558 plures
767 3487 845 3559 lilios,
860 3493 887 3544 at
905 3485 966 3544 ideo
980 3486 1062 3560 plura
1080 3499 1183 3552 emere,
1218 3487 1282 3559 bus,
1298 3501 1367 3559 quae
1387 3485 1422 3543 ad
1441 3502 1521 3544 uatrrn
1546 3489 1685 3559 proprium
1706 3493 1860 3561 portantur,
1875 3495 2020 3562 emuntur,

387 3577 454 3636 iilud
466 3585 509 3636 est
523 3577 753 3647 accidentarium,
768 3576 841 3651 quod
857 3580 884 3634 in
904 3593 933 3636 re
947 3577 1043 3634 morali
1057 3575 1181 3632 conside·
1219 3583 1268 3634 aut
1283 3575 1449 3648 venduntur,
1464 3593 1517 3637 nou
1534 3591 1594 3634 essa
1605 3576 1763 3651 simpliciter
1774 3593 1806 3636 ae
1821 3593 1869 3653 per
1880 3595 1909 3636 se
1924 3596 2020 3636 nems-

387 3671 442 3726 rari
455 3685 507 3726 non
521 3674 620 3741 potest.
635 3669 815 3740 Praesertim,
834 3670 993 3742 quinetiam
1007 3666 1103 3724 divitas
1116 3681 1180 3738 pos·
1218 3667 1316 3724 sariam
1331 3666 1363 3724 ad
1378 3667 1509 3724 iustitiam
1525 3668 1617 3726 tributi
1629 3689 1637 3742 3
1653 3670 1717 3742 quia
1731 3685 1781 3726 nec
1795 3670 1907 3727 involvit
1922 3671 2019 3728 intrin-

387 3765 454 3815 sunt
467 3757 529 3815 liliis
544 3757 694 3831 abundare,
704 3763 732 3815 at
744 3759 783 3815 ita
795 3758 887 3832 quoad
901 3758 954 3816 boa
965 3766 1007 3815 est
1021 3756 1181 3830 aequalitas,
1218 3771 1281 3813 eece
1291 3756 1510 3830 inaequalitatem
1521 3757 1545 3813 iu
1556 3756 1645 3815 lorma
1655 3757 1800 3831 tributi,ut
1811 3767 1952 3818 damasum
1962 3766 2017 3832 est,

387 3855 416 3906 et
434 3849 540 3908 aliunde
557 3848 682 3922 pluribus
700 3856 728 3906 et
748 3848 953 3922 pretiosioribus
973 3848 1057 3906 rebus
1078 3847 1118 3904 uti
1137 3862 1182 3903 so·
1217 3857 1268 3906 neo
1286 3864 1334 3922 per
1348 3847 1528 3907 accidentales
1542 3855 1656 3907 eventus
1670 3850 1700 3907 lit
1712 3851 1821 3922 iniusta,
1837 3857 1868 3909 ut
1880 3853 1963 3910 etiam
1976 3857 2021 3909 est

357 3971 359 3975 -
387 3937 444 3998 lant
458 3938 491 3997 ad
509 3955 605 3997 eorum
621 3941 858 4011 sustentationem
873 3947 902 3997 et
920 3945 1059 4012 praeterea
1073 3937 1182 4012 regula·
1217 3939 1397 4010 declaratum
1416 3955 1467 3997 nec
1482 3941 1561 3997 etiam
1580 3947 1692 4014 propter
1705 3940 1779 4016 leges
1797 3940 1891 3999 oiriles
1904 3948 1946 3999 est
1966 3942 2019 3998 ini·

387 4031 453 4088 riter
466 4029 562 4088 divites
582 4029 682 4087 babent
694 4031 824 4088 maiorem
839 4029 965 4087 familiam
978 4043 1139 4101 serrorum,
1155 4033 1184 4085 et
1217 4047 1284 4106 qua,
1296 4033 1345 4088 nisi
1360 4031 1407 4088 ubi
1421 4030 1463 4088 lea
1475 4029 1520 4087 illa
1533 4030 1691 4103 obligaverit
1701 4031 1727 4088 in
1737 4033 1819 4090 terris
1831 4048 1905 4090 nunc
1921 4031 2016 4089 subdi·

387 4120 567 4193 familiarium,
581 4136 663 4193 quam
674 4120 759 4192 alunt,
772 4128 879 4193 praeter
890 4135 1022 4192 expansas
1033 4135 1181 4192 equorum,
1220 4123 1256 4178 tis
1276 4121 1444 4194 imperatori.
1459 4121 1551 4178 Solum
1570 4136 1636 4194 ergo
1658 4137 1769 4179 neeesse
1789 4129 1832 4180 est
1851 4122 2014 4192 observare,

387 4217 443 4270 ete.
459 4217 487 4267 et
506 4212 545 4269 ita
564 4211 645 4284 plura
658 4218 753 4268 emunt
772 4212 806 4269 ad
826 4226 909 4269 suum
929 4221 1023 4285 usum,
1037 4218 1066 4269 ct
1086 4225 1184 4268 conse·
1218 4219 1249 4270 ut
1262 4212 1298 4268 sit
1311 4213 1382 4271 iusta
1394 4227 1480 4269 eausa
1493 4212 1649 4283 imponendi
1664 4213 1728 4271 talia
1739 4213 1923 4287 tributa,quia
1936 4214 2019 4269 nimi·
2073 4203 2077 4216 '

387 4307 503 4376 quenter
516 4300 579 4374 plus
594 4301 707 4359 solvunt
719 4316 752 4358 ea
767 4301 814 4359 tali
828 4301 942 4358 tributo.
1217 4318 1278 4360 rum
1293 4303 1346 4360 alia
1359 4317 1412 4359 non
1428 4300 1582 4374 sufficiunt,
1594 4309 1623 4359 et
1636 4302 1745 4375 publiea
1759 4303 1906 4360 necessitas
1916 4308 2013 4376 urget,

425 4393 460 4450 Et
473 4392 517 4448 bio
531 4391 686 4464 discursus,
701 4391 764 4449 lieet
777 4393 803 4448 in
818 4391 1009 4466 vectigalibus,
1024 4407 1073 4449 seu
1088 4397 1182 4464 porto·
1215 4401 1244 4453 et
1257 4393 1310 4451 alia
1323 4393 1390 4450 ratio
1406 4392 1577 4450 commodior
1591 4392 1631 4450 illi
1646 4393 1827 4450 succurrendi
1842 4410 1895 4450 non
1910 4410 2015 4466 suppe-

378 4481 433 4540 -riis
456 4483 492 4539 ait
515 4483 664 4540 evidentior
690 4490 800 4557 propter
824 4481 897 4541 illam
924 4483 1179 4557 considerationem,
1215 4487 1258 4542 tit.
1272 4487 1302 4541 in
1321 4499 1376 4557 quo
1396 4484 1477 4541 etiam
1498 4482 1634 4541 tenebitur
1655 4485 1782 4557 princeps
1800 4484 1933 4541 moralem
1946 4481 2011 4541 dili-

387 4572 459 4647 quod
485 4589 620 4648 pauperes
634 4589 698 4631 raro
722 4572 848 4632 deierunt
862 4590 896 4631 ex
921 4575 987 4632 loeis
1000 4574 1112 4632 remotis
1137 4589 1181 4632 rea
1215 4576 1333 4650 gentiam
1348 4572 1487 4644 adbibere,
1496 4579 1527 4630 ut
1541 4571 1652 4631 modum
1667 4575 1751 4647 magia
1765 4589 1895 4648 aequum,
1905 4580 1935 4631 et
1947 4573 2013 4630 snb·

386 4671 497 4737 propter
513 4682 595 4722 suum
610 4680 704 4738 usum,
720 4665 823 4738 absque
842 4665 1007 4723 adminiculo
1020 4667 1181 4739 negotiatio·
1214 4655 1276 4725 ditis
1298 4665 1383 4740 magis
1405 4664 1660 4737 proportionatum,
1682 4680 1715 4721 ac
1735 4665 1890 4723 suasionem
1915 4663 2010 4738 eligat,

385 4757 438 4830 nis,
453 4755 624 4814 nibilominus
637 4757 718 4814 etiam
740 4755 864 4829 procedit
881 4756 915 4814 de
936 4757 1036 4815 tributo
1048 4759 1178 4830 imposito
1214 4773 1270 4831 qua
1288 4755 1424 4829 diligentia
1442 4755 1602 4827 praemissa,
1619 4769 1717 4812 secura
1734 4761 1827 4828 potest
1840 4754 1939 4828 eligere
1954 4770 2013 4811 mo-

386 4851 499 4920 propter
510 4847 597 4905 solam
612 4851 788 4922 emptionem,
800 4854 849 4904 aut
861 4847 1044 4907 venditionem
1055 4851 1081 4905 in
1096 4849 1180 4908 rebus
1215 4847 1281 4905 dum
1296 4847 1381 4918 bunc,
1394 4846 1418 4901 si
1433 4844 1609 4917 probabiliter
1623 4845 1711 4903 credit
1723 4861 1785 4903 esse
1798 4847 1941 4919 aptiorem.
1952 4849 2007 4904 be·

386 4937 548 4995 necessariis
558 4936 593 4994 ad
608 4937 710 4996 vietum
723 4946 752 4995 et
766 4937 906 5010 restitum,
919 4939 1076 5012 quinetiam
1090 4955 1124 4998 aa
1138 4940 1180 4997 bis
1216 4936 1297 5004 cedit,
1315 4937 1390 5010 quod
1404 4951 1484 4992 nemo
1499 4934 1605 4993 dubitet
1616 4951 1678 4993 esse
1691 4937 1762 4993 iusta
1776 4936 2008 5009 vectigalia,quae

385 5028 468 5086 rebus
480 5029 572 5103 plures
583 5035 677 5088 emunt
691 5030 785 5087 divites
798 5045 845 5102 per
856 5045 896 5101 sa,
906 5045 938 5086 ae
950 5030 1085 5088 moraliter
1095 5039 1179 5089 mate·
1214 5030 1389 5101 imponentur
1414 5043 1465 5100 pro
1491 5026 1618 5085 oneribus
1632 5066 1640 5098 ,
1662 5041 1712 5084 seu
1725 5026 1818 5100 rebus,
1833 5043 1904 5100 quae
1918 5028 2008 5100 gratia

386 5119 454 5179 riam
471 5119 657 5194 expendendo.
670 5122 737 5178 Nam
751 5121 884 5194 contingit
896 5121 1004 5194 quidam
1017 5120 1180 5194 diviti,lieet
1215 5120 1405 5194 negotiationis
1425 5124 1618 5191 asportantur,
1645 5124 1674 5175 at
1698 5117 1763 5174 haee
1783 5117 1890 5175 tandem
1905 5117 2007 5174 redun-

385 5211 464 5283 plnra
478 5217 632 5284 consumat,
645 5213 773 5284 pauciora
788 5226 889 5283 emere,
901 5213 965 5286 quia
978 5210 1063 5270 velex
1077 5211 1176 5270 irueti·
1215 5209 1280 5268 dant
1300 5211 1326 5266 in
1349 5224 1420 5266 onus
1441 5208 1604 5280 ementium3
1627 5223 1690 5264 nam
1708 5215 1874 5265 mercatores
1896 5207 2009 5264 obeam

384 5299 437 5359 bus
448 5319 562 5361 suarum
572 5303 775 5376 possessionum
787 5302 872 5362 multa
882 5301 994 5379 colligit,
1006 5310 1034 5362 et
1046 5303 1179 5362 aliadomi
1214 5316 1327 5360 oausam
1341 5302 1434 5358 carius
1447 5297 1506 5358 illas
1522 5297 1690 5373 venduut,et
1706 5299 1740 5356 ita
1755 5298 1781 5356 in
1792 5313 1822 5356 re
1833 5315 1886 5356 uon
1899 5297 2009 5355 videtur
