4190 6234
394 345 415 406 4
1103 357 1204 408 LIBER
1219 359 1253 406 V·

352 485 398 545 lex
415 484 541 543 humens
558 487 708 560 generatim
723 493 831 559 sumpta
851 487 981 545 dividitur
995 487 1020 543 in
1036 483 1157 543 odiosam
1193 490 1384 558 peccatorem,
1406 493 1437 544 ut
1456 485 1534 559 talis,
1550 493 1593 545 est
1610 485 1671 544 odiu
1691 487 1816 561 dignum:
1839 487 1883 546 lex
1897 494 1982 546 autem

355 594 404 635 seu
420 594 564 636 onerosam
576 623 583 651 ,
596 585 625 636 et
636 578 811 636 favorabilem
827 595 876 636 seu
891 579 1052 635 beneficium
1066 576 1159 634 conle·
1198 593 1249 635 nec
1271 585 1416 651 peccatum
1440 582 1497 650 est,
1517 593 1567 634 nec
1587 577 1621 635 ad
1638 585 1784 650 peccatum
1797 575 1919 646 inducit;
1934 595 1983 635 nou
2073 579 2074 640 ζ

358 674 480 739 rentem,
502 685 573 742 quae
594 669 689 727 divisio
709 685 741 726 ex
761 669 855 726 multis
876 669 981 726 iuribus
1001 668 1155 743 colligitur.
1197 674 1289 741 potest
1307 684 1372 742 ergo
1394 667 1446 726 boc
1467 667 1547 726 modo
1562 668 1614 725 dici
1628 667 1731 726 odiosa.
1749 668 1844 726 Solum
1857 683 1923 741 ergo
1936 667 1984 726 dici
2073 687 2074 722 3

357 761 427 818 Nam
441 760 581 817 interdum
596 759 695 817 dicunt
707 761 783 834 iura,
798 759 860 817 odia
874 777 935 818 esse
955 760 1156 834 restringenda,
1193 764 1284 831 potest
1298 757 1402 830 odiosa,
1419 766 1554 832 quatenus
1569 758 1678 833 aliquod
1693 775 1763 816 onus
1774 759 1899 832 imponit,
1914 758 1983 831 quud

355 857 383 908 et
397 851 503 908 favores
524 849 679 923 ampliandi,
695 867 756 924 cap.
777 849 866 919 Odia,
885 851 919 908 de
933 866 991 924 reg.
1007 853 1062 907 iur.
1081 851 1107 906 in
1127 854 1154 908 6.
1193 848 1294 906 durum
1321 865 1354 906 ac
1379 864 1461 922 grave
1482 850 1578 907 merito
1601 855 1791 923 repugnatur,
1815 847 1871 904 boc
1896 855 1984 904 autern

355 957 421 1000 cum
435 940 595 1013 vulgaribus
616 939 864 998 concordantibus:
881 957 952 1015 quae
969 940 1066 1016 regula
1080 955 1158 1013 prae·
1193 938 1274 996 modo
1299 939 1388 996 omnis
1406 940 1450 997 lex
1463 938 1589 1013 {bumana
1601 939 1695 996 odiosa
1708 937 1792 996 videri
1807 939 1905 1009 debet,
1922 940 1983 1011 quia
2073 963 2074 1004 t

356 1033 450 1090 sertim
462 1029 623 1104 intelligitur
634 1029 667 1087 de
678 1031 828 1098 lareribus,
841 1031 883 1086 vel
895 1031 965 1088 odiis
976 1032 1002 1088 in
1013 1033 1073 1088 iure
1088 1045 1155 1087 con·
1194 1028 1269 1086 addit
1283 1045 1384 1086 novum
1400 1031 1583 1088 conscientiae
1595 1030 1737 1088 vinculum
1751 1030 1823 1087 ultra
1838 1045 1920 1086 omne
1930 1029 1985 1086 sin·
2073 1031 2074 1070 3

354 1122 446 1192 tentis,
459 1136 492 1176 ac
507 1119 621 1177 subinde
632 1118 665 1175 de
680 1120 784 1194 legibus
799 1119 993 1178 favorabilibus
1004 1127 1032 1177 et
1045 1119 1153 1177 odiosis.
1197 1119 1293 1176 culum
1312 1120 1418 1177 divinae
1442 1121 1530 1196 legis,
1555 1122 1630 1194 quod
1654 1135 1737 1194 grave
1756 1136 1825 1177 onus
1843 1125 1987 1192 reputatur

354 1212 389 1269 Et
402 1211 438 1267 ita
451 1209 609 1267 divisionem
625 1209 694 1267 banc
715 1210 808 1284 legum
821 1212 1008 1268 communiter
1027 1208 1155 1267 doctores
1194 1211 1373 1284 praesertim,
1394 1212 1459 1285 quia
1477 1217 1642 1284 potestesse
1657 1213 1768 1268 occasio
1783 1210 1883 1282 culpae
1900 1217 1929 1267 et
1946 1226 1986 1267 ae·
2073 1231 2074 1252 2

355 1306 570 1373 supponuntur
590 1300 727 1358 constabit
739 1315 772 1357 ex
783 1300 835 1373 bis,
847 1316 918 1374 quos
930 1300 956 1356 in
966 1299 1096 1356 discursu
1110 1316 1158 1356 co·
1195 1305 1286 1356 ternae
1300 1295 1410 1356 mortis.
1427 1302 1462 1358 lit
1480 1302 1674 1374 confirmatur,
1692 1301 1756 1376 quie
1775 1302 1797 1358 ai
1811 1300 1905 1375 aliqua
1918 1308 1988 1360 esset
2073 1315 2074 1338 ³

355 1391 418 1464 pitis
438 1390 600 1447 reseremus.
623 1390 684 1446 Tria
704 1404 769 1447 vero
790 1390 824 1447 ad
851 1388 1055 1463 intelligentiam
1075 1388 1158 1446 buius
1194 1387 1236 1446 lex
1250 1390 1417 1462 favorabilis,
1430 1392 1544 1448 maxime
1559 1392 1838 1465 privilegiatira,quia
1852 1391 1922 1448 baec
1936 1397 1985 1460 est,
2073 1425 2074 1430 κ

354 1480 508 1554 partitionis
522 1479 669 1538 desiderari
683 1485 808 1552 possunt.
822 1481 945 1537 Primum
961 1485 1014 1551 est,
1029 1478 1102 1536 unde
1117 1481 1155 1535 sit
1193 1495 1263 1553 quse
1278 1481 1365 1555 magis
1380 1480 1481 1538 directe
1495 1488 1524 1539 et
1536 1499 1568 1540 ex
1581 1485 1704 1541 instituto
1716 1483 1837 1539 levorem
1849 1481 1985 1551 concedit,
2073 1551 2074 1554 Ἴ

356 1571 488 1631 sumenda
497 1570 636 1629 distinctio
649 1571 718 1628 inter
730 1569 774 1627 illa
785 1571 919 1627 membra.
932 1569 1091 1627 Secundum
1102 1575 1155 1641 est,
1194 1577 1221 1628 et
1241 1571 1562 1646 privilegiumquatenus
1576 1573 1619 1631 lex
1633 1581 1691 1645 est,
1708 1571 1832 1631 odiosum
1846 1579 1909 1643 est,
1924 1571 1985 1644 quia

356 1680 390 1721 an
405 1663 440 1720 sit
453 1661 605 1733 sufficiens,
620 1663 659 1719 ita
680 1666 710 1718 ut
724 1661 768 1718 illa
782 1658 838 1717 duo
858 1659 983 1717 membra
1002 1659 1154 1735 adaequate
1194 1667 1237 1718 est
1250 1675 1398 1719 onerosum
1416 1662 1484 1731 illis,
1505 1680 1576 1737 quos
1591 1665 1692 1739 obligat
1711 1679 1760 1736 per
1781 1663 1897 1721 modum
1911 1661 1986 1734 legis,

357 1752 477 1812 dividant
490 1753 578 1826 legem
592 1751 752 1809 humanam.
767 1751 893 1810 Tertium
906 1757 959 1822 est,
974 1757 1045 1826 quot
1057 1767 1158 1826 genero
1193 1757 1221 1808 et
1234 1758 1370 1825 quatenus
1384 1752 1553 1828 privilegium
1567 1762 1619 1825 est,
1635 1759 1765 1812 censetur
1779 1752 1985 1825 odiosum,quia
2073 1747 2074 1754 ’

356 1844 448 1918 legum
459 1843 642 1901 humanarum
653 1841 704 1899 sub
716 1841 830 1914 singolis
842 1840 952 1899 illorum
964 1841 1152 1898 membrorum
1192 1840 1306 1916 derogat
1329 1843 1381 1899 iuri
1401 1845 1557 1917 communi,
1572 1851 1601 1902 et
1612 1843 1720 1902 inducit
1732 1842 1952 1917 singularitatem
1966 1841 1988 1897 in

357 1933 560 2006 contineantur,
584 1938 617 1990 ut
632 1931 666 1988 de
687 1930 738 1988 illis
752 1930 908 2005 singillatim
928 1932 956 1988 in
977 1931 1156 2004 sequentibus
1192 1935 1402 2006 communitate,
1420 1949 1491 2008 quoe
1506 1934 1600 1993 odiosa
1613 1951 1674 1992 esse
1690 1936 1770 2005 solet,
1784 1943 1816 1990 ut
1830 1938 1927 2006 postea
1940 1947 1988 1988 suo

358 2023 494 2081 dicamus.
1193 2023 1257 2081 loco
1276 2022 1443 2096 ridebimus3
1467 2039 1533 2098 ergo
1552 2024 1679 2082 nullacst
1692 2025 1747 2095 lex,
1768 2039 1839 2098 quae
1853 2028 1990 2097 quatenus

396 2120 424 2175 2.
440 2115 520 2172 Circa
534 2115 654 2186 primum
667 2111 736 2169 ratio
750 2110 891 2169 dubitandi
902 2127 962 2168 esse
977 2118 1078 2185 potest,
1089 2114 1153 2186 quia
1193 2121 1237 2172 est
1251 2111 1328 2184 talis,
1343 2113 1379 2171 sit
1393 2113 1549 2187 simpliciter
1560 2115 1724 2172 favorabilis.
1741 2114 1862 2172 Tandem
1878 2113 1929 2168 hae
1948 2129 1989 2169 ra·

356 2207 433 2266 nulla
446 2211 488 2262 est
507 2205 561 2276 lex,
583 2218 654 2277 quae
674 2201 833 2276 simpliciter
853 2201 1009 2259 favorabilis
1029 2219 1084 2260 non
1105 2205 1151 2276 sit,
1193 2202 1279 2260 tiones
1297 2219 1348 2276 pro
1372 2211 1489 2277 utraque
1503 2211 1581 2277 parte
1600 2206 1689 2264 iactae
1705 2206 1830 2263 videntur
1845 2205 1989 2262 convince·

358 2313 424 2372 ergo
435 2313 490 2354 non
504 2301 595 2369 potest
607 2293 756 2352 subsistere
770 2292 875 2350 divisio.
885 2291 1057 2350 Antecedens
1071 2299 1156 2367 patet,
1193 2308 1238 2364 re,
1254 2309 1362 2351 omnem
1376 2294 1464 2370 legem
1479 2297 1590 2354 mixtam
1608 2312 1682 2368 esse,
1701 2303 1729 2354 ct
1743 2297 1840 2366 partim
1855 2296 1988 2365 savorem,

358 2389 422 2463 qrris
439 2389 493 2459 lex,
509 2394 541 2445 ut
561 2385 596 2443 sit
610 2385 680 2443 iusta
694 2391 723 2442 et
742 2399 807 2440 vera
821 2382 879 2455 lex,
901 2383 981 2442 debet
1000 2399 1061 2441 esse
1081 2400 1158 2441 com·
1193 2384 1292 2455 partim
1311 2383 1403 2442 odium
1422 2384 1579 2458 includere,
1598 2386 1673 2461 quod
1692 2389 1757 2444 satis
1777 2393 1830 2458 est,
1847 2393 1881 2443 ut
1900 2385 1992 2442 divisio

359 2480 437 2537 muni
449 2479 521 2536 bono
537 2475 630 2544 utilis,
646 2481 675 2532 et
687 2473 827 2531 moraliter
841 2474 1008 2546 necessaria,
1025 2473 1073 2531 sed
1088 2474 1159 2531 utili·
1194 2489 1247 2531 non
1268 2475 1365 2534 babeat
1386 2475 1499 2552 locum,
1528 2493 1593 2536 cum
1617 2477 1707 2534 omnis
1732 2478 1774 2534 lex
1792 2477 1845 2533 sub
1870 2481 1989 2547 utroque

360 2576 403 2629 tas
417 2569 479 2626 boni
494 2566 648 2625 communis
664 2564 800 2622 maximus
815 2563 892 2620 lavor
905 2571 963 2637 est,
978 2564 1041 2637 quia
1055 2564 1158 2622 bonum
1193 2566 1316 2623 membro
1341 2567 1598 2640 comprehendatur.
1614 2567 1693 2637 Quod
1717 2571 1739 2625 si
1762 2567 1873 2626 dicatur
1899 2567 1925 2622 in
1939 2566 1988 2620 bac

360 2675 506 2719 commune
517 2653 727 2732 praeterendum
740 2661 783 2712 est
796 2654 916 2724 ceteris3
929 2669 997 2728 ergo
1012 2655 1101 2711 omnis
1115 2655 1157 2711 lex
1193 2655 1319 2712 mixtione
1336 2671 1416 2728 posse
1437 2672 1469 2714 ex
1486 2657 1616 2716 alterutra
1629 2666 1705 2732 parte
1719 2673 1780 2715 csse
1793 2673 1951 2725 excessum,
1965 2659 1991 2710 ct

360 2749 518 2822 simpliciter
533 2747 641 2805 inducit
653 2747 785 2816 latorem,
799 2752 829 2802 et
849 2744 901 2800 boc
915 2751 1031 2801 estesse
1052 2744 1158 2802 lavora-
1194 2744 1347 2802 secundum
1363 2762 1507 2804 excessum
1521 2748 1633 2806 alterius
1648 2749 1732 2821 partis
1743 2747 1787 2805 illa
1801 2747 1926 2805 membra
1939 2744 1991 2801 dis-

359 2840 452 2913 bilem,
464 2837 539 2895 nulla
553 2853 619 2919 ergo
630 2851 691 2894 esse
704 2841 795 2909 potest
811 2831 957 2892 odiosailt
967 2835 1157 2907 confirmatur,
1193 2838 1290 2909 tingui,
1313 2844 1379 2896 tunc
1400 2837 1588 2896 difficillimum
1603 2841 1670 2910 erit,
1691 2839 1772 2895 talem
1786 2853 1932 2895 excessum
1946 2851 1989 2892 ex·

360 2930 459 2989 namsi
473 2945 543 3002 quae
558 2934 630 2984 esset
645 2926 687 2982 lex
701 2926 794 2983 odiosa
809 2925 923 2982 maxime
937 2925 996 2998 ills,
1011 2941 1081 2998 quae
1095 2941 1160 2997 poe·
1195 2928 1329 3001 pendere,
1350 2935 1377 2985 et
1391 2928 1548 2997 declarare,
1573 2931 1675 3003 vixque
1690 2936 1839 3002 potuerunt
1859 2926 1990 3001 applicari

361 3040 426 3083 nam
438 3021 568 3093 imponit,
591 3024 620 3074 at
632 3016 699 3074 baec
720 3023 833 3073 nonest
853 3013 961 3086 odioss3
984 3031 1050 3089 ergo
1071 3015 1156 3073 nulla.
1195 3017 1395 3092 regulae,quae
1406 3017 1440 3076 de
1451 3019 1591 3076 lareribus
1605 3021 1703 3078 etaliis
1717 3021 1742 3075 in
1757 3023 1817 3078 iure
1828 3019 1986 3079 traduntur.

361 3113 496 3176 Probatur
507 3111 606 3182 minor,
618 3115 678 3166 tum
691 3108 754 3180 quia
765 3107 831 3164 alias
842 3107 929 3163 omnis
941 3106 983 3163 lex
996 3113 1070 3163 esset
1080 3099 1159 3164 odio·
1234 3111 1262 3166 l.
1279 3110 1308 3165 ln
1323 3107 1483 3180 explicanda
1498 3109 1579 3181 igitur
1591 3109 1766 3167 distinctione
1781 3110 1894 3168 illorum
1908 3128 1990 3168 menr-

362 3223 404 3279 sa,
416 3205 481 3278 quia
495 3200 583 3258 omnis
594 3199 637 3256 lex
647 3198 761 3271 imponit
773 3203 880 3254 reatum
891 3211 995 3270 poenae
1006 3204 1161 3270 transgres·
1195 3196 1311 3256 brorum
1322 3201 1412 3255 variae
1426 3200 1575 3256 sententiae
1590 3201 1684 3257 reierri
1699 3211 1825 3272 possunt,
1840 3201 1875 3260 de
1890 3203 1989 3276 quibus

363 3294 488 3362 soribps:
504 3289 579 3367 quod
594 3293 686 3347 autern
701 3287 746 3345 illa
766 3302 853 3360 poena
870 3289 1039 3359 exprimatur
1052 3288 1094 3344 vel
1114 3288 1160 3345 de·
1196 3288 1281 3346 videri
1300 3281 1392 3362 potes't
1410 3290 1555 3347 sarmient.
1573 3289 1618 3346 lib.
1639 3295 1662 3348 i.
1680 3291 1774 3349 select.
1790 3307 1817 3348 o.
1837 3297 1881 3351 12.
1900 3293 1987 3349 Prima

363 3382 557 3446 termineturin
568 3379 741 3454 lege,parum
749 3383 832 3451 auget
842 3392 988 3452 gravamen
996 3393 1044 3434 seu
1056 3376 1158 3445 ollium,
1195 3387 1249 3452 est,
1261 3396 1295 3438 ex
1310 3381 1361 3437 line
1375 3379 1441 3454 legis
1455 3379 1632 3437 iudicandum
1647 3398 1717 3454 esse,
1728 3399 1762 3439 an
1778 3382 1821 3440 lex
1835 3384 1872 3441 eit
1887 3385 1991 3440 lavora-

363 3467 1054 3543 cumsolusreatusaeternaepoenaeadhuiusmodi
1067 3468 1159 3526 odium
1195 3470 1273 3544 bilis,
1293 3470 1335 3526 rel
1357 3469 1459 3527 odiosa.
1475 3473 1543 3528 Nam
1557 3471 1580 3527 si
1599 3471 1642 3529 lex
1656 3472 1783 3542 intendit,
1799 3474 1922 3531 savorem
1939 3489 1987 3528 seu

365 3567 497 3636 sufficiat,
518 3569 546 3621 et
566 3559 743 3619 comminatio
757 3557 830 3616 illius
851 3565 943 3616 reatus
963 3557 989 3614 in
1010 3558 1081 3615 omni
1101 3559 1160 3632 lege
1197 3561 1301 3620 bonum
1322 3559 1434 3634 aliquod
1456 3561 1591 3634 conferre,
1613 3562 1769 3620 favorabilis
1788 3573 1842 3635 est,
1857 3559 1991 3636 quidquid

362 3657 532 3724 includatur,
545 3667 616 3728 quae
627 3650 719 3724 gravis
733 3652 780 3722 sit,
792 3655 820 3706 et
833 3663 931 3706 nomen
942 3651 1084 3722 praecepti
1098 3649 1161 3706 sim·
1197 3667 1230 3709 ex
1242 3665 1274 3708 ea
1288 3657 1435 3726 sequatur:
1452 3651 1474 3707 si
1489 3667 1553 3709 vero
1568 3651 1681 3709 intendit
1694 3651 1794 3710 inlerre
1809 3653 1930 3724 malum,
1945 3666 1991 3708 seu

363 3749 472 3824 pliciter
482 3749 630 3802 mereatur.
642 3741 711 3798 Tum
724 3740 806 3797 etiam
818 3740 882 3814 quia
897 3753 984 3812 poena
996 3755 1048 3796 non
1062 3746 1106 3797 est
1120 3741 1159 3797 in·
1183 3779 1186 3784 ι
1199 3757 1271 3799 onus
1285 3742 1433 3813 imponere,
1445 3743 1495 3799 erit
1508 3743 1612 3816 odiosa,
1625 3744 1707 3799 etiam
1722 3743 1744 3798 si
1759 3742 1834 3800 lavor
1849 3743 1949 3817 aliquis
1961 3759 1991 3798 ex

365 3845 440 3897 tento
453 3851 500 3911 per
514 3835 618 3908 legem,
634 3830 682 3888 sed
695 3830 785 3902 potius
801 3829 964 3904 apponitur,
979 3835 1010 3886 ut
1023 3829 1159 3904 fugiatur,
1197 3849 1228 3890 ea
1241 3838 1384 3906 sequetur.
1401 3834 1457 3889 liae
1471 3832 1567 3906 regula
1583 3839 1702 3890 utuntur
1716 3832 1873 3905 iurisperiti,
1890 3835 1990 3890 citatur

364 3937 392 3988 et
411 3934 442 3986 ut
461 3925 557 3984 saltem
575 3937 609 3981 ex
629 3921 726 3979 timore
746 3920 805 3976 eius
826 3925 952 3976 servetur
972 3927 1159 3992 praeceptume
1197 3921 1265 3996 glos.
1282 3922 1309 3978 in
1329 3937 1356 3979 c.
1374 3924 1409 3980 Si
1418 3927 1557 3998 propter,
1578 3920 1612 3979 de
1635 3924 1761 3996 rescript.
1776 3924 1804 3980 in
1820 3926 1846 3980 6.
1862 3922 1908 3981 illa
1923 3937 1986 3980 vero

365 4035 430 4098 epgo
449 4016 550 4075 additio
570 4027 672 4085 poenae
686 4026 739 4068 non
759 4010 828 4067 lacit
842 4008 930 4084 legem
951 4008 1083 4085 odiosam,
1099 4011 1163 4084 quia
1197 4014 1286 4076 solum
1307 4013 1332 4070 in
1354 4012 1437 4069 serbo
1451 4015 1618 4070 intentionis
1636 4011 1766 4084 advertit,
1787 4011 1813 4069 in
1834 4013 1942 4088 legibus
1957 4008 1989 4068 ad

364 4097 481 4184 qualitas
496 4103 563 4178 legis
578 4101 714 4176 pensanda
724 4106 767 4156 est
779 4115 812 4156 ex
830 4099 880 4156 line
890 4105 918 4155 et
931 4098 1002 4156 bono
1015 4115 1064 4172 per
1079 4115 1107 4158 se
1120 4102 1160 4157 in·
1197 4104 1377 4161 intentionem
1400 4102 1544 4160 scribentis
1567 4103 1767 4160 recurrendum
1790 4119 1861 4160 esse.
1883 4104 1989 4161 Citatur

364 4205 440 4258 tento
455 4212 504 4271 per
522 4195 619 4266 legem.
634 4191 702 4248 Tum
717 4188 850 4264 denique,
865 4189 927 4262 quia
942 4188 1007 4246 licet
1026 4205 1113 4260 poena
1127 4193 1163 4250 sit
1195 4197 1276 4254 etiam
1288 4193 1383 4252 Glossa
1395 4193 1477 4250 verbo
1491 4193 1575 4260 ulios,
1592 4194 1619 4250 in
1635 4209 1697 4265 cap.
1713 4197 1818 4254 Sciunt
1831 4198 1940 4263 cuncti
1958 4191 1990 4248 de

366 4290 470 4347 malum
485 4283 634 4359 quoddam,
649 4288 692 4339 est
704 4287 811 4338 tantum
826 4278 978 4336 secundum
992 4280 1074 4354 quid,
1089 4289 1117 4339 et
1132 4289 1164 4338 ut
1195 4283 1276 4341 elect.
1292 4287 1320 4342 in
1336 4288 1364 4356 6,
1376 4291 1513 4358 quatenus
1526 4285 1602 4350 dicit,
1618 4285 1706 4357 legem
1720 4285 1792 4342 illius
1807 4293 1861 4344 tex.
1877 4302 1939 4344 esse
1953 4283 1990 4340 ia·

366 4386 410 4438 est
424 4377 542 4436 medium
557 4374 590 4431 ad
605 4370 766 4429 servandam
780 4370 878 4444 legem,
890 4377 933 4427 est
948 4371 1096 4429 maximum
1113 4371 1163 4429 bo·
1196 4374 1359 4442 vorabilem,
1380 4389 1464 4447 quam
1483 4375 1522 4432 ibi
1536 4375 1669 4431 Dominio.
1685 4375 1768 4432 etalii
1782 4385 1948 4450 sequuntur,
1962 4379 1990 4430 et

366 4485 451 4544 num,
466 4481 532 4539 crgo
547 4471 589 4522 est
602 4463 691 4537 potius
706 4461 798 4533 lavor,
813 4475 896 4533 quam
910 4459 1015 4518 odium.
1030 4461 1161 4519 Eaedem·
1198 4466 1226 4520 in
1240 4464 1320 4521 simili
1333 4467 1461 4522 Panorm.
1477 4465 1503 4521 in
1517 4480 1580 4536 cap.
1592 4467 1661 4522 Non
1674 4461 1807 4532 dubium,
1825 4467 1858 4524 de
1872 4473 1943 4524 sent.
1958 4479 1991 4520 ex

368 4575 424 4635 que
438 4560 556 4616 rationes
567 4555 624 4612 lieri
637 4557 752 4625 possunt
761 4549 795 4609 de
805 4566 982 4625 quacumque
994 4553 1097 4610 ratione
1107 4551 1162 4611 odii
1197 4569 1337 4612 commun.
1360 4571 1388 4611 n.
1405 4560 1433 4622 3,
1450 4555 1495 4612 ubi
1515 4553 1572 4612 Fel.
1589 4570 1616 4610 n.
1633 4559 1661 4612 2.
1680 4553 1749 4612 idem
1763 4557 1852 4624 senui,
1869 4559 1944 4630 quio
1957 4556 1988 4610 ier

367 4652 394 4707 in
408 4651 467 4723 lege
480 4644 682 4705 considerabili.
1196 4648 1277 4701 omni
1290 4642 1477 4718 dispositione
1498 4642 1599 4719 linquit)
1615 4642 1792 4714 onceditur,
1810 4645 1888 4720 quod
1902 4647 1985 4722 prie-

407 4747 434 4800 3.
449 4744 479 4799 ln
501 4739 672 4797 contrarium
685 4732 771 4794 videri
793 4739 898 4807 potest,
915 4732 1018 4791 nullam
1036 4751 1097 4793 esse
1111 4734 1163 4793 bu·
1196 4733 1336 4809 cipaliter
1349 4735 1491 4807 opiloni.
1507 4737 1533 4792 si
1545 4738 1613 4808 quis
1627 4751 1679 4794 nec
1693 4753 1827 4805 ccuscm,
1846 4738 1873 4795 li.
1891 4741 1913 4795 si
1927 4751 1986 4794 cer·

368 4849 476 4892 menam
498 4831 601 4905 legem,
624 4840 694 4900 quae
708 4825 803 4882 odiosa
816 4823 870 4880 dici
884 4840 943 4882 oon
954 4827 1053 4897 possit,
1068 4840 1100 4882 ac
1115 4825 1162 4884 de·
1196 4831 1254 4882 tum
1274 4829 1393 4896 petatur.
1411 4823 1517 4881 Clarius
1531 4826 1658 4881 Panorm.
1675 4825 1700 4881 in
1715 4842 1776 4899 cap.
1797 4831 1822 4886 l.
1837 4828 1872 4886 de
1885 4828 1986 4894 locato,

368 4924 447 4988 beat,
462 4937 494 4978 eo
507 4919 604 4989 modu,
622 4933 678 4990 quo
693 4914 752 4972 talis
766 4915 954 4972 denominatio
970 4922 1060 4987 potest
1072 4919 1098 4972 in
1115 4933 1161 4974 re·
1196 4931 1224 4972 n.
1242 4920 1284 4973 lii.
1298 4916 1363 4972 itam
1378 4914 1478 4971 Navar.
1493 4929 1572 4971 cons.
1588 4914 1674 4972 lide
1688 4917 1801 4974 constit.
1814 4924 1841 4975 et
1854 4934 1932 4975 cons.
1943 4921 1988 4986 31,

368 5030 427 5072 ram
441 5013 527 5084 legem
542 5007 712 5067 cadere.Lex
728 5005 799 5062 enim
810 5021 864 5062 non
882 5011 973 5078 potest
986 5005 1039 5062 dici
1054 5005 1160 5080 odiose,
1196 5005 1260 5062 alias
1276 5010 1321 5062 32.
1339 5004 1371 5061 de
1386 5003 1475 5078 regul.
1488 5003 1563 5060 Bort.
1578 5002 1654 5061 Bald.
1672 5004 1800 5064 Alexand.
1816 5015 1845 5065 et
1858 5007 1988 5081 alii,quos

369 5105 434 5180 quia
452 5119 501 5176 per
521 5117 550 5156 se
570 5099 605 5157 sit
623 5096 684 5155 odio
697 5095 794 5169 digna,
809 5111 861 5152 nec
876 5096 943 5168 quis
957 5112 1005 5167 per
1020 5112 1049 5154 se
1062 5095 1162 5156 habeat
1195 5097 1277 5154 retest
1290 5095 1380 5168 Tiraq.
1399 5095 1426 5150 in
1441 5093 1556 5151 Prasiai.
1572 5093 1606 5151 ad
1621 5099 1736 5152 retract.
1753 5112 1781 5152 n.
1800 5101 1845 5169 56,
1861 5105 1888 5155 et
1903 5102 1948 5168 65,
1960 5099 1989 5151 et

366 5185 812 5266 ellectum,quireddatbomiuem
823 5185 885 5243 odio
898 5185 1077 5258 dignum3sic
1090 5189 1160 5246 enim
1196 5193 1278 5245 tract.
1298 5191 1322 5246 i.
1345 5184 1379 5243 de
1398 5189 1512 5242 retract.
1529 5190 1545 5250 s
1561 5189 1606 5256 30,
1623 5184 1695 5242 Glos.
1716 5189 1742 5257 i,
1757 5203 1783 5245 n.
1802 5191 1828 5256 5,
1845 5189 1890 5246 ubi
1909 5188 1987 5246 eiiam

368 5287 458 5346 solum
475 5287 621 5359 peceatum
639 5284 682 5336 est
698 5291 747 5351 per
762 5291 791 5334 se
805 5274 866 5335 odio
880 5273 1015 5352 dignum,
1030 5283 1057 5338 et
1069 5277 1160 5338 reddit
1197 5275 1328 5338 nonnulla
1346 5273 1461 5335 adducit
1474 5273 1546 5350 iura,
1566 5289 1598 5334 ex
1622 5275 1723 5350 quibus
1741 5276 1767 5336 id
1781 5277 1870 5353 colligi
1885 5282 1985 5352 potest,
