4232 6220
832 325 1039 376 mnurxvu.
1659 316 1721 380 603

112 457 187 514 omni
206 462 331 530 tempore
356 455 451 528 locum
466 454 575 512 habent.
591 453 749 523 Quodnam
764 452 861 510 attinet
880 449 914 507 ad
950 450 1083 523 populum
1094 452 1129 509 ab
1142 453 1256 528 antiqua
1269 453 1479 528 consuetudine,
1491 470 1562 528 quae
1577 453 1627 512 iiiia
1642 455 1758 512 maxime

112 546 336 620 significationem
351 545 463 619 Christi,
477 550 505 602 et
519 545 713 621 mysteriorum
726 541 847 614 eius,vci
863 541 914 598 iam
950 539 1026 597 cordi
1039 548 1110 612 erat,
1123 547 1152 599 et
1165 543 1266 617 alioqui
1278 561 1332 601 nou
1346 552 1406 602 erat
1418 551 1516 603 contra
1528 547 1661 602 rationem
1677 551 1756 602 natu·

113 636 191 696 iliam
201 653 255 694 non
270 637 415 706 habebant,
427 638 493 709 quia
508 635 582 694 haita
595 635 647 692 iam
663 640 723 692 crat
735 633 850 690 intentio
864 633 916 687 im·
949 628 1046 701 ratem,
1059 637 1086 688 et
1100 632 1156 688 siue
1169 633 1370 691 inconvenienti
1385 633 1495 692 tolerari
1507 641 1624 706 poterat.
1636 635 1757 708 benique

111 728 240 800 ponentis
256 725 347 802 quoad
362 727 433 784 hanc
449 732 567 798 partem,
579 724 622 782 rel
633 730 709 782 certe
719 739 752 780 cx
766 722 915 779 iniemione
950 719 1015 791 quia
1028 720 1103 776 heret
1123 721 1209 778 multo
1224 720 1361 780 difficilior
1379 726 1524 781 conversio
1542 724 1707 781 iudaeorum
1722 723 1757 782 ad

110 817 282 874 offerentium
305 815 451 888 explicita,
477 815 518 872 rel
534 813 679 887 implicita,
695 812 740 869 iila
754 810 915 884 significatio
949 806 1029 864 fidem
1049 807 1149 866 Christi
1163 809 1220 866 siue
1241 810 1390 868 sufficienti
1404 827 1499 870 causa.
1511 814 1546 870 Et
1566 813 1616 870 hae
1637 813 1756 870 rationes

112 913 224 978 poterat
243 905 364 963 abstrahi
383 921 398 962 a
416 904 567 962 differentia
581 903 666 961 futuri
681 901 823 973 temporis,
838 907 866 956 et
880 899 916 954 si·
950 897 1017 952 satis
1032 898 1205 956 insinuentur
1216 901 1243 956 iu
1255 902 1368 958 ictibus
1380 902 1581 974 apostolorum,
1594 901 1756 974 praesertim
1863 925 1869 937 ·

112 997 242 1069 gniiicare
257 996 386 1070 mysteria
396 994 487 1068 quoad
499 993 729 1062 substantiam,et
741 989 915 1048 existentiam
950 985 975 1042 iu
991 1001 1053 1058 cap.
1066 992 1114 1046 ti.
1131 989 1209 1046 Sicut
1221 993 1293 1046 euim
1309 999 1420 1064 propter
1435 993 1535 1049 similes
1549 993 1668 1050 rabones
1691 1008 1760 1065 apo‹

111 1101 211 1142 eorum
235 1100 285 1157 pro
309 1085 402 1160 aliquo
420 1090 560 1156 tempore,
586 1079 769 1140 abstrahendo
792 1080 826 1137 ab
849 1079 915 1150 hoc,
951 1074 1014 1132 stoli
1034 1077 1201 1134 exercebant
1221 1077 1326 1152 legalia,
1341 1086 1370 1137 et
1388 1097 1422 1138 ea
1436 1081 1480 1139 iiio
1500 1082 1574 1139 iacto
1591 1081 1758 1155 colligimus,

111 1173 188 1246 quod
206 1174 258 1230 iam
272 1180 376 1245 esseut,
392 1172 434 1230 rei
450 1189 502 1229 nou
516 1179 610 1230 esseut
622 1170 706 1228 iacta.
725 1171 806 1229 Sicut
820 1169 844 1225 in
861 1183 916 1224 ma·
952 1181 1005 1221 non
1020 1166 1103 1222 luisse
1116 1173 1183 1223 tuuc
1195 1168 1342 1242 prohibita,
1355 1170 1391 1227 ita
1401 1173 1483 1229 etiam
1494 1171 1686 1243 credimus,ob
1698 1187 1759 1229 aas·

113 1265 186 1320 terta
201 1263 234 1320 de
248 1263 299 1320 fide
312 1262 415 1320 dicitur
429 1265 466 1336 (ea
479 1263 600 1320 insinuat
614 1263 642 1320 d,
657 1260 752 1317 thom.
768 1265 796 1318 2.
810 1263 838 1328 2,
848 1274 877 1330 q.
890 1263 915 1329 1,
950 1253 1013 1311 dem
1027 1269 1128 1312 causas
1143 1257 1353 1330 prohibitionem
1367 1259 1452 1318 fuisse
1466 1260 1589 1318 dilatam.

113 1359 169 1408 art.
189 1357 221 1417 3,
240 1353 274 1410 ad
290 1351 333 1425 tl,
353 1350 482 1409 iudaeum
501 1351 528 1407 in
549 1358 630 1408 nocte
652 1348 797 1407 nativitatis
817 1346 917 1404 Christi
993 1347 1036 1402 ib.
1053 1346 1106 1403 Sed
1122 1356 1237 1419 quaeret
1250 1347 1357 1420 aliquis,
1373 1365 1408 1406 an
1424 1350 1490 1408 haec
1506 1366 1568 1422 pars
1585 1350 1761 1424 intelligendo

112 1442 282 1513 credentem,
294 1443 419 1499 liessiam
433 1455 495 1498 csse
509 1445 669 1510 venturum,
682 1440 806 1511 potuisse
821 1451 853 1494 ex
865 1435 916 1492 iidc
951 1433 986 1490 sii
999 1431 1033 1491 de
1047 1434 1114 1491 solis
1128 1435 1244 1508 iudaeis,
1259 1437 1302 1495 rei
1317 1439 1397 1496 ctiam
1411 1439 1445 1496 de
1460 1441 1606 1513 gentibue3
1621 1439 1762 1498 interdum

112 1531 246 1604 credere,
268 1530 451 1588 abstrahendo
470 1545 487 1587 u
504 1528 656 1586 differentia
670 1527 756 1585 iutnri
772 1526 915 1597 temporis,
949 1524 1024 1579 enim
1038 1531 1170 1582 auctores
1185 1527 1349 1600 significant,
1364 1545 1425 1587 esse
1439 1529 1642 1588 distinctionem
1657 1534 1760 1589 consii-

111 1628 250 1694 quatenua
268 1620 383 1678 includit
402 1621 574 1693 negationem
591 1620 631 1676 rei
652 1618 704 1674 iam
723 1616 828 1684 iactast
845 1627 917 1687 quae
952 1612 1080 1671 tuendam
1094 1617 1165 1672 iuter
1178 1615 1289 1674 iudaeos
1303 1625 1330 1675 et
1349 1620 1473 1692 gentiles.
1489 1623 1557 1678 Nam
1579 1619 1683 1678 iudaeis
1697 1635 1762 1693 par·

111 1712 263 1768 abstractio
284 1711 372 1768 multo
392 1708 499 1767 facilior
517 1716 559 1766 est
573 1709 598 1764 iu
613 1707 708 1778 factis,
725 1719 797 1778 quac
811 1705 917 1760 incom-
951 1702 1133 1761 mittebantur
1154 1704 1251 1779 legalia
1263 1722 1296 1764 eo
1319 1715 1454 1783 tempore,
1475 1711 1542 1784 quia
1562 1727 1578 1767 a
1600 1710 1761 1783 parentibus

112 1801 192 1872 pleae
206 1801 369 1874 significant,
385 1813 469 1874 quam
484 1798 509 1854 iu
525 1797 640 1855 vocibus
654 1793 800 1866 complere
814 1793 916 1866 siguifi-
950 1791 997 1849 iiia
1017 1801 1193 1867 acceperant,
1215 1803 1244 1853 et
1258 1796 1373 1855 solemni
1393 1799 1594 1858 cousuetudine
1611 1817 1643 1856 ea
1664 1815 1759 1858 serva·

112 1890 252 1948 cantibus,
950 1888 1057 1954 verant,
1072 1890 1101 1941 et
1114 1900 1129 1940 a
1143 1887 1198 1941 lieo
1212 1894 1389 1960 receperant,
1408 1888 1526 1964 ideoque
1538 1889 1696 1948 diihciliime
1711 1906 1760 1964 po·

155 1984 200 2038 ii.
214 1981 293 2038 ilices
307 1994 384 2053 ergo:
400 1981 456 2036 iarn
472 1993 525 2034 uon
540 1977 641 2036 fiebant
653 1973 717 2033 iliae
730 1972 918 2044 caeremoniae
951 1977 1042 2028 terant
1060 1973 1154 2030 subito
1166 1974 1200 2030 ab
1220 1975 1258 2032 eis
1273 1979 1388 2048 moveri,
1405 1985 1436 2034 ut
1454 1978 1518 2036 diri.
1532 1980 1588 2036 liae
1609 1985 1702 2037 autem
1716 1996 1762 2038 ra·

112 2079 146 2127 ut
160 2070 276 2143 legales,
297 2070 431 2143 quianon
450 2067 675 2139 debant'propter
696 2063 919 2138 significationem
953 2061 1043 2118 tiones
1057 2079 1112 2121 nou
1128 2063 1227 2122 hahent
1241 2066 1333 2124 locum
1348 2070 1374 2123 in
1388 2067 1551 2142 gentilibusq
1567 2076 1595 2126 ct
1613 2069 1673 2127 ideo
1689 2087 1759 2128 usus

110 2161 289 2226 futurorum,
312 2175 327 2215 a
349 2157 501 2230 legislatore
522 2159 663 2213 intentam.
680 2151 873 2224 Respondetur
892 2150 919 2206 ia
952 2150 1082 2224 legalium
1103 2169 1210 2226 semper
1224 2161 1281 2212 eta
1301 2157 1435 2228 principio
1449 2166 1580 2215 censetur
1594 2157 1645 2215 iliis
1666 2159 1760 2231 probi·

111 2252 219 2322 primis,
235 2251 302 2306 satis
316 2264 393 2318 csse,
410 2245 484 2321 quod
499 2247 595 2303 fierent
608 2261 641 2302 ex
660 2242 828 2300 institutione
846 2239 919 2296 iiiiua
952 2239 1041 2313 bitus,
1062 2242 1126 2314 quia
1140 2245 1325 2301 irrationabile
1346 2245 1507 2319 videbatur,
1529 2247 1619 2304 denuo
1634 2250 1756 2320 profiteri

111 2340 190 2413 legis,
211 2339 276 2396 iicet
297 2354 350 2395 non
365 2337 462 2394 tierent
482 2335 635 2394 secundum
656 2347 763 2390 omnem
784 2329 920 2404 stguitrca-
952 2330 1039 2402 legem
1058 2333 1112 2388 iam
1133 2341 1282 2391 mortuam.
1297 2336 1362 2392 item
1383 2337 1518 2409 quianon
1539 2344 1665 2409 poteraut
1684 2339 1758 2396 licita

111 2431 230 2501 tionem3
258 2429 331 2485 sicut
345 2427 523 2485 circumcisio
536 2425 636 2484 Christi
650 2432 678 2481 et
690 2421 845 2495 purificatio
859 2421 920 2476 ilir-
952 2421 1062 2477 misceri
1074 2424 1252 2480 caeremoniis
1263 2423 1391 2494 ludricis,
1401 2425 1450 2482 uisi
1462 2433 1604 2498 assumpta
1616 2429 1691 2499 priua
1702 2429 1759 2485 cir-

110 2521 181 2591 ginis
198 2517 299 2592 legales
318 2518 444 2588 luerunt,
466 2517 531 2572 licet
546 2531 598 2570 nou
620 2505 806 2586 significarent
820 2511 845 2566 in
867 2507 918 2564 iilis
953 2510 1138 2580 cumcisioue,
1161 2528 1232 2583 quae
1247 2521 1308 2570 erat
1327 2513 1459 2586 professio
1483 2517 1567 2572 totius
1588 2516 1668 2591 legis,
1692 2533 1755 2575 uam

112 2611 237 2680 personis
251 2615 341 2666 totum
357 2607 400 2678 id,
422 2606 495 2679 quod
511 2606 536 2661 iu
558 2604 616 2660 aliis
631 2601 831 2675 significabant.
846 2597 918 2655 Satis
951 2598 996 2655 illa
1010 2599 1142 2670 professio
1157 2617 1210 2659 uon
1230 2609 1338 2674 poterat
1351 2611 1426 2660 recte
1445 2607 1592 2661 convenire
1607 2621 1672 2684 epm
1691 2623 1756 2680 pro-

109 2715 177 2772 ergo
191 2704 243 2767 cst,
265 2697 341 2770 quod
361 2699 511 2754 retinerent
530 2694 753 2768 significationem
774 2689 916 2760 moralem,
952 2688 1068 2746 fassione
1089 2690 1227 2764 baptismi,
1243 2691 1276 2748 ad
1297 2708 1379 2764 quam
1398 2693 1582 2765 principaliter
1601 2693 1756 2769 obligaban-

110 2799 138 2846 ct
153 2790 233 2864 quasi
249 2788 401 2858 litteralem,
417 2792 446 2844 ei
459 2784 704 2853 fundamentalem,
720 2788 748 2838 et
760 2781 835 2856 quod
850 2781 919 2852 tigu·
952 2785 1007 2838 tur.
1023 2780 1059 2838 Ei
1078 2781 1148 2838 hauc
1169 2781 1349 2840 differentiam
1369 2785 1438 2841 inter
1458 2785 1571 2842 iudaeos
1590 2792 1618 2844 et
1637 2785 1752 2858 gentiles

112 2879 197 2936 raiem
219 2877 431 2950 participarent,
454 2882 539 2948 prout
550 2889 611 2930 csse
631 2877 738 2945 poterat
753 2870 868 2941 tempori
888 2874 917 2925 et
952 2869 1070 2928 suadere
1088 2868 1195 2928 videtur
1209 2870 1260 2927 alia
1280 2872 1442 2944 diiicreutia,
1465 2890 1536 2948 quse
1556 2889 1590 2932 cx
1610 2875 1756 2947 Scriptura

111 2985 244 3043 personae
256 2965 523 3024 accommodataite
535 2965 615 3020 tertia
629 2968 721 3018 autem
736 2960 842 3017 ratione
855 2959 917 3016 llic·
951 2960 1114 3017 observatur
1133 2961 1202 3040 iuter
1221 2960 1391 3020 Timotheum
1413 2970 1441 3020 et
1459 2965 1562 3021 Titum:
1586 2981 1647 3021 nam
1667 2966 1757 3024 Timo·

111 3060 218 3135 ronymi
234 3059 326 3114 statim
341 3055 446 3112 dicam:
462 3053 585 3126 neganda
597 3058 642 3109 est
654 3051 725 3108 euim
740 3048 863 3123 sequela,
878 3047 917 3103 ni·
950 3049 1044 3107 thcum
1064 3066 1098 3107 en
1121 3057 1197 3122 parte
1217 3051 1346 3109 iudaeum
1363 3052 1443 3111 facile
1463 3053 1639 3113 circumcidit
1653 3056 1755 3113 Paulus

110 3149 210 3206 mirum
225 3148 307 3205 etiam
323 3159 398 3201 nunc
413 3143 472 3200 illas
488 3144 676 3200 caeremonias
690 3156 744 3196 non
766 3143 828 3195 eise
842 3151 916 3195 uror·
950 3143 1046 3197 ictor.
1063 3144 1116 3212 183
1134 3142 1211 3198 Titus
1226 3157 1373 3214 veropure
1386 3143 1493 3216 gentiiis
1514 3159 1567 3201 uon
1581 3150 1624 3200 est
1641 3148 1755 3217 permis·

109 3239 213 3308 literas,
224 3241 267 3292 eat
282 3237 354 3292 enim
366 3234 445 3306 louge
459 3232 567 3289 diversa
582 3233 654 3288 ratio
665 3229 700 3286 de
713 3236 836 3300 tempore
851 3233 916 3298 post
949 3246 998 3286 sus
1009 3229 1172 3287 circumcidi
1182 3232 1217 3288 ab
1228 3231 1324 3288 eodem
1337 3232 1517 3304 Paulo,etiam
1528 3234 1753 3305 compellentibus

108 3327 279 3385 sufficienter
293 3324 484 3398 praedicatum
498 3320 681 3407 evangelium,
693 3325 721 3376 et
732 3317 766 3376 tie
779 3317 826 3375 ilio
840 3317 914 3390 prio·
948 3318 1023 3376 falsis
1038 3319 1182 3393 iratribus,
1198 3326 1230 3378 ut
1242 3321 1346 3378 dicitur
1359 3321 1393 3377 ad
1408 3322 1495 3378 Galat.
1506 3328 1533 3380 2.
1543 3324 1611 3380 Nam
1626 3323 1678 3380 hoc
1691 3324 1753 3382 idco

110 3417 142 3473 ri:
159 3431 221 3472 nam
236 3419 331 3487 postea
344 3413 417 3469 iacta
430 3419 473 3468 est
493 3409 657 3483 prohibitio,
678 3414 709 3465 ut
728 3408 870 3479 dicamus,
885 3413 914 3464 et
948 3407 1055 3466 iactum
1069 3407 1191 3480 videtur,
1204 3409 1268 3482 quia
1278 3411 1466 3480 circumcisio,
1479 3426 1550 3485 quaa
1561 3418 1628 3469 tunc
1644 3413 1755 3485 permit·
1837 3418 1840 3434 ¹

51 3511 56 3519 “
107 3518 249 3580 synagoga
263 3517 329 3559 curn
349 3500 497 3558 sufficienti
512 3501 617 3556 honore
630 3497 736 3569 sepulta
754 3498 815 3554 init.
832 3497 912 3555 Deni-
948 3496 1058 3555 tebaiur
1073 3496 1183 3569 iudaea,
1196 3497 1248 3555 iam
1262 3499 1458 3570 prohibebatur
1471 3500 1617 3573 gentilite
1627 3502 1680 3559 hoc
1693 3518 1754 3560 sen-

106 3593 210 3666 quoad
229 3598 358 3666 quartam
373 3591 507 3646 rationem
520 3589 554 3645 de
574 3588 754 3646 indifferentia
771 3588 912 3644 achonum
947 3588 983 3644 sit
995 3588 1032 3645 ibi
1047 3587 1161 3644 Salmer.
1175 3587 1245 3660 disp.
1256 3593 1303 3661 22,
1319 3589 1353 3646 ad
1369 3593 1396 3661 f,
1411 3589 1520 3664 diceas,
1535 3592 1627 3648 Titum
1641 3598 1670 3648 et
1687 3607 1754 3666 geu.

107 3681 309 3753 respondemus
342 3694 407 3735 cum
434 3678 607 3750 Augustino,
635 3677 822 3734 caeremonias
851 3676 913 3732 ilias
946 3677 1020 3734 tilam
1042 3692 1247 3752 quemcumque
1274 3695 1326 3735 noa
1351 3679 1441 3736 solum
1463 3696 1516 3737 uon
1541 3683 1662 3754 potuisse
1683 3691 1752 3740 tunc

107 3771 202 3846 quoad
216 3771 364 3830 bonitatem
382 3774 411 3826 ct
430 3769 558 3826 maiitiam
574 3767 659 3826 fuisse
676 3766 857 3824 indifferentes
871 3781 913 3822 se·
947 3767 1012 3840 cogi
1027 3766 1060 3824 ad
1076 3769 1330 3838 circumcisionem,
1343 3785 1438 3827 verum
1452 3771 1532 3828 ctiam
1547 3787 1598 3828 uec
1612 3771 1687 3830 licite
1700 3773 1755 3830 cir·

107 3860 188 3919 clusa
198 3861 378 3930 institutione,
391 3866 455 3931 post
466 3859 538 3914 illam
549 3873 616 3914 vero
630 3857 714 3914 fuisse
724 3855 759 3914 dc
772 3871 801 3912 aa
815 3857 912 3928 bonas,
947 3857 1081 3929 cumcidi,
1095 3856 1160 3915 iicet
1171 3857 1347 3928 veliet.Quod
1360 3860 1488 3917 videntur
1497 3862 1579 3919 etiam
1590 3864 1754 3922 confirmare

106 3952 321 4010 etuibiiomious
335 3950 457 4022 potuisse
468 3962 528 4004 esse
544 3947 728 4004 indifferentes
739 3944 831 4018 quoad
846 3945 914 4002 obii·
947 3947 992 4006 iiia
1006 3947 1087 4005 rerba
1101 3948 1136 4005 ad
1149 3946 1236 4004 Galat.
1250 3953 1275 4005 5:
1290 3953 1353 4021 Epo
1364 3948 1481 4007 Paulos
1495 3947 1562 4008 dico
1575 3951 1665 4020 uobis,
1684 3970 1754 4027 quo·

107 4043 255 4116 gatioocm,
267 4041 332 4113 quia
346 4043 495 4111 potuerunt
508 4053 563 4093 nou
578 4036 710 4110 praecipi,
722 4051 773 4093 nec
788 4034 914 4107 prohibe·
947 4039 1031 4094 ntum
1055 4040 1081 4094 at
1103 4037 1380 4104 circumcidamini,
1410 4039 1549 4096 Christus
1571 4041 1651 4098 cobis
1679 4042 1756 4101 nibil

109 4134 149 4190 ri:
170 4139 200 4189 et
214 4132 288 4188 huuc
302 4135 406 4187 statum
424 4127 579 4184 babuerunt
593 4141 642 4198 pro
656 4125 700 4183 ilio
721 4133 860 4197 tempore,
883 4131 914 4182 ut
945 4123 1091 4202 proderu.
1107 4126 1145 4183 lbi
1159 4126 1230 4183 enim
1245 4126 1346 4183 Paulus
1360 4127 1395 4185 ud
1408 4127 1482 4186 solos
1496 4131 1610 4204 gentiles
1625 4131 1754 4204 loqueba·

108 4222 196 4294 magis
208 4237 241 4277 er
255 4219 423 4276 resolutione
438 4217 579 4291 sequentis
593 4217 691 4288 capitis
705 4214 853 4274 constabit.
948 4221 1006 4286 tur,
1027 4221 1056 4272 et
1069 4216 1229 4288 simpliciter
1248 4217 1371 4290 loquitur
1384 4217 1422 4276 de
1442 4219 1653 4278 circumcisione
1674 4223 1752 4296 legali

148 4312 280 4384 Superest
294 4307 433 4382 probanda
444 4309 531 4366 altera
543 4323 607 4380 pars
621 4307 655 4364 de
670 4306 852 4378 prohibitione
866 4320 915 4377 po·
949 4305 1007 4361 sina
1030 4305 1083 4362 alin
1105 4307 1294 4380 restrictionc3
1319 4323 1387 4380 ergo
1409 4309 1535 4367 absolute
1559 4310 1674 4379 iudicat,
1700 4314 1754 4369 iam

108 4403 207 4472 sitira,
222 4413 292 4472 quae
307 4397 477 4468 suiilcienier
488 4397 570 4454 etiam
590 4396 746 4453 ostenditur
759 4410 807 4467 per
827 4393 915 4452 solam
948 4393 1032 4451 fuisse
1045 4395 1098 4451 iilis
1118 4394 1290 4467 prohibitam.
1307 4396 1383 4454 Unde
1394 4399 1509 4455 Saimer.
1522 4415 1607 4471 supra
1618 4399 1689 4472 disp.
1703 4405 1750 4460 23.

110 4484 916 4562 negationem,scilicet,qniatalisprohibiiioproiiiotem·
949 4501 983 4542 ex
1003 4486 1136 4542 sententia
1150 4486 1294 4558 augustini
1314 4484 1392 4552 dicit,
1411 4488 1438 4544 in
1458 4487 1503 4544 ilio
1522 4489 1610 4559 primo
1629 4498 1755 4562 tempore

110 4595 176 4652 porc
191 4577 264 4636 faeta
283 4579 308 4634 io
324 4576 467 4647 Scriptura
479 4589 534 4632 nou
553 4574 689 4646 habetur,
705 4589 756 4631 nec
770 4574 861 4647 aliqua
875 4572 916 4629 hi·
949 4575 1062 4634 licuisse
1076 4574 1180 4632 iudaeis
1196 4576 1235 4633 uti
1250 4576 1392 4650 legalibus,
1408 4593 1462 4634 nou
1476 4593 1542 4636 raro
1556 4578 1693 4652 gentibus.

110 4670 211 4738 storia,
234 4673 283 4724 aut
301 4665 434 4740 probabili
455 4665 611 4722 testimonio
636 4665 746 4728 suaderi
767 4670 865 4738 potest.
882 4665 917 4721 iit
988 4667 1017 4723 lu
1036 4667 1209 4724 contrarium
1227 4680 1292 4723 vcro
1310 4665 1397 4725 multa
1417 4675 1498 4736 strui,
1521 4684 1592 4742 quac
1607 4669 1752 4743 stradeant,

110 4765 254 4831 praeterea
264 4771 317 4813 uon
332 4762 393 4812 erat
405 4763 472 4813 tuno
486 4756 654 4828 necessaria,
665 4755 719 4812 imo
733 4769 784 4812 neo
798 4769 917 4812 conscu-
949 4771 1004 4813 nou
1026 4756 1111 4830 magis
1131 4755 1215 4813 fuisse
1230 4756 1413 4829 perniciosam
1426 4757 1644 4816 observationem
1658 4773 1752 4817 caere·

110 4856 191 4906 unsa
203 4848 280 4904 suari
294 4844 480 4919 providentiae
493 4845 553 4912 Dei,
569 4845 645 4916 quia,
662 4851 694 4901 ut
707 4845 825 4917 August.
838 4850 915 4902 recte
949 4845 1109 4903 monialium
1129 4846 1270 4902 conversis
1289 4861 1323 4903 er
1344 4846 1488 4920 gentibus,
1508 4864 1592 4922 quam
1610 4849 1754 4908 conversis

111 4939 188 5011 dicit,
202 4952 257 4996 non
271 4933 510 5007 expostulatum
524 4934 615 4992 subito
628 4934 685 4992 heri
705 4933 914 5008 prohibitionem
947 4952 981 4994 ex
995 4934 1098 4994 iudaeis
1112 4951 1162 5008 pro
1177 4951 1211 4992 eo
1224 4941 1355 5008 tempore.
1372 4935 1474 5010 Primo,
1489 4939 1649 5010 quinetiam
1662 4939 1753 5013 genti·

108 5027 196 5099 iiiam,
218 5040 252 5083 uc
271 5024 458 5083 caeremoniae
477 5023 544 5098 legis
558 5026 596 5082 ita
617 5024 811 5083 abominabiles
824 5025 917 5084 existi·
947 5026 1001 5084 bus
1015 5041 1070 5084 uon
1082 5031 1145 5082 erat·
1155 5026 1303 5083 intrinseca
1318 5026 1388 5084 mala
1402 5026 1464 5084 talis
1478 5026 1649 5100 observatio,
1661 5043 1753 5103 neque

112 5120 270 5186 morentur,
293 5117 368 5173 sicrrt
386 5116 574 5172 caeremoniae
593 5114 746 5187 gentilium.
761 5117 829 5174 itam
850 5118 916 5190 quia
948 5117 1085 5174 iuvenitur
1105 5115 1156 5174 iliis
1175 5115 1329 5189 specialiter
1348 5117 1494 5190 prohibita.
1509 5120 1586 5180 Prior
1605 5135 1668 5192 pars
1686 5127 1753 5192 pro·

109 5203 372 5266 aratdiiiiuitiimuru
383 5209 457 5264 tauta
466 5204 914 5266 coleritatearelieretotumiilum
948 5205 1753 5284 batur,quianullaestratiospecialis,quaeprobethauc
