4284 6246
862 441 1084 494 carmanis.
1304 459 1310 472 ›
1674 425 1736 490 289

127 569 208 643 plarn
229 569 471 642 dispensationems
487 576 516 627 et
534 567 710 626 nibilominus
724 567 749 623 in
770 568 852 640 priori
871 582 940 625 casu
976 565 1048 623 lacta
1060 565 1196 624 mentione
1207 567 1307 638 prioris
1320 568 1464 641 privilegii,
1477 569 1529 626 ortt
1540 568 1660 627 validum
1676 583 1776 626 secun·

129 659 261 718 monada
279 675 333 718 non
344 667 387 716 est
400 659 569 734 surreptitia,
581 673 632 714 aec
648 659 683 715 lbi
698 657 850 714 admittitur
863 671 942 728 prae·
976 655 1061 725 dum,
1077 657 1141 728 quia
1156 659 1182 711 in
1197 655 1243 712 illo
1256 671 1385 728 expresse
1400 659 1562 730 proponitur
1575 665 1665 715 toturn
1680 660 1776 716 rincu-

129 751 271 820 sumptio,
292 749 368 823 quod
389 749 515 820 princeps
536 763 590 811 non
612 753 684 803 esset
698 753 754 803 tem
775 747 868 803 leviter
882 761 942 801 mu·
976 745 1032 802 lum
1048 762 1096 818 per
1110 745 1338 819 dispensationem
1352 746 1521 818 tollendum,
1534 763 1600 821 ergo
1614 747 1680 804 illud
1700 749 1776 806 arrlfl·

127 838 251 908 nudus,
273 840 295 894 si
310 839 409 910 prioris
424 837 608 910 denegationis
623 835 835 907 recordaretur3
851 842 881 892 ut
895 851 944 891 su·
976 836 1033 891 ciet
1047 836 1104 891 sine
1118 834 1304 892 declaratione
1319 837 1416 907 prioris
1432 836 1778 908 petitionis.Resuondetur

128 941 185 998 pra
199 927 350 998 probatum
363 926 703 996 est,etadmittitsancius
713 925 748 982 ibi
763 925 863 980 citatus
877 939 942 980 cum
976 922 1101 994 negando
1122 924 1367 996 consequentiam,
1383 929 1442 980 tum
1462 928 1525 998 quia
1540 925 1574 981 ibi
1594 927 1730 997 surreptio
1744 941 1778 982 ea

129 1016 206 1088 aliis,
214 1033 284 1090 ergo
295 1017 383 1080 multo
394 1017 483 1074 minus
493 1014 565 1072 valet
576 1015 619 1072 illa
632 1014 819 1088 praesumptio
827 1014 852 1068 in
864 1029 942 1086 prae·
977 1013 1030 1068 ello
1046 1013 1106 1069 iure
1122 1013 1245 1069 nascitur
1258 1021 1369 1084 propter
1383 1013 1580 1084 praeiudicium
1590 1015 1675 1084 tertii,
1689 1022 1720 1071 ut
1731 1014 1778 1070 de·

132 1107 207 1162 senti
224 1121 305 1164 casu.
977 1101 1098 1172 claravi,
1120 1109 1179 1158 tum
1200 1103 1282 1159 etiam
1303 1103 1367 1174 quia
1387 1103 1421 1159 ibi
1446 1108 1489 1160 est
1509 1105 1663 1160 necessaria
1683 1105 1778 1161 notitia

172 1201 204 1254 l.
221 1197 395 1268 Quapropter
409 1195 488 1253 aliter
508 1209 624 1263 censeo,
639 1209 700 1250 esse
721 1193 901 1264 limitandum,
915 1200 944 1249 et
976 1191 1076 1262 prioris
1095 1181 1319 1263 dispensationis,
1338 1201 1369 1248 ut
1389 1193 1436 1264 qui
1458 1193 1593 1250 concedat
1612 1193 1777 1266 secundam,

130 1285 331 1343 declarandam
346 1299 533 1362 ‚communem
563 1286 725 1342 sententiam
753 1285 779 1340 in
806 1283 940 1356 principio
977 1279 1057 1352 plene
1069 1281 1202 1354 intelliget
1216 1287 1412 1338 nocumentum
1426 1283 1652 1340 Ecclesiastico
1669 1287 1715 1357 qui
1730 1299 1779 1356 po·

131 1375 221 1432 buius
240 1377 336 1448 'puncti
351 1375 477 1446 positam.
495 1375 562 1432 liico
575 1376 662 1443 enim,
679 1372 769 1430 solum
784 1373 883 1430 babere
903 1375 943 1430 lo·
977 1370 1061 1428 stulat
1081 1373 1280 1442 exemptionem
1301 1385 1315 1427 a
1337 1371 1474 1428 solartione
1494 1372 1663 1432 decimarum
1682 1389 1716 1431 ea
1738 1380 1778 1431 tot

132 1481 202 1522 cum
218 1463 261 1522 rel
274 1467 301 1520 in
316 1465 425 1522 casibus
441 1465 467 1520 in
484 1464 541 1520 iure
555 1465 703 1536 expressis,
715 1461 757 1518 rel
772 1462 882 1535 quando
894 1475 942 1518 ne·
977 1459 1212 1532 possessionibus,
1231 1459 1306 1515 nulla
1328 1459 1400 1516 lacta
1425 1461 1561 1518 mentione
1582 1462 1680 1534 prioris
1695 1463 1779 1533 priri-

132 1556 259 1610 cessaria
270 1561 314 1612 est
328 1555 552 1610 commemoratio
562 1553 659 1624 prioris
673 1553 895 1624 dispensationis,
911 1559 942 1608 ut
977 1548 1059 1621 legii,
1079 1551 1159 1605 tacite
1179 1548 1295 1618 indicet,
1317 1555 1395 1605 antea
1413 1549 1504 1606 nullae
1525 1549 1647 1607 decimas
1670 1567 1702 1608 en
1728 1550 1779 1606 illis

133 1645 267 1714 princeps
281 1658 335 1698 non
356 1643 464 1715 ignoret
479 1647 565 1699 toturn
580 1649 608 1697 et
630 1643 771 1715 proprium
785 1641 938 1709 unctulum,
977 1639 1193 1709 possessionibus
1214 1638 1370 1708 retinuisse,
1385 1646 1414 1696 et
1434 1639 1470 1696 ita
1490 1642 1563 1712 Papa
1578 1656 1631 1696 nou
1653 1641 1778 1714 inteiligit

133 1747 188 1788 seu
202 1731 440 1803 impedimentum,
456 1729 530 1804 quod
544 1729 650 1788 auiert:
668 1746 756 1804 neque
770 1732 853 1786 etiarn
868 1731 943 1802 igno·
977 1721 1186 1801 praecedentem
1201 1727 1409 1784 diminutionem
1425 1729 1566 1786 fructuum
1584 1730 1738 1800 Ecclesiae,
1751 1737 1780 1788 et

133 1829 182 1879 ret
196 1821 370 1895 qualitatem,
385 1835 434 1877 eeu
449 1821 629 1894 quantitatem
643 1823 763 1893 gratiae,
779 1835 862 1893 quam
878 1821 943 1876 lacit
977 1823 1178 1891 consequenter
1189 1832 1241 1874 non
1259 1818 1373 1889 percipit
1391 1824 1479 1876 totum
1497 1818 1693 1890 praeiudicium
1707 1821 1778 1889 eius,

135 1925 187 1982 per
205 1909 359 1982 unsrn,rel
373 1923 422 1982 per
437 1908 530 1980 plures
543 1909 767 1982 dispensationes.
777 1909 865 1966 Prtma
879 1921 943 1981 pers
977 1905 1091 1979 ideoque
1111 1922 1165 1963 non
1188 1914 1319 1963 censetur
1340 1904 1439 1963 babere
1459 1907 1627 1965 voluntatem
1648 1907 1780 1966 inlerendi

134 1999 288 2072 praecipue
301 1999 415 2072 ponitur
428 2005 539 2071 propter
553 1997 658 2056 dictum
674 2013 736 2069 cap.
751 1997 845 2070 penam
862 1999 943 2056 ouius
978 1996 1014 2054 illi
1029 2011 1131 2053 novum
1146 2005 1363 2054 nocumentum.
1380 1997 1455 2064 Quae
1474 1997 1542 2055 ratio
1557 1997 1659 2070 optime
1679 2004 1737 2071 est,
1751 2004 1782 2055 et

135 2089 242 2157 decisio
259 2089 342 2146 babet
356 2088 448 2145 locum
463 2089 490 2144 ln
512 2087 637 2146 omnibus
652 2087 810 2161 prisrlegiis,
827 2083 867 2144 rel
888 2086 944 2144 dis·
978 2085 1181 2144 accommodari
1200 2091 1276 2143 recte
1290 2092 1379 2158 potest
1394 2085 1426 2142 ad
1441 2103 1538 2144 casum
1554 2095 1645 2145 textus
1659 2090 1687 2144 in
1702 2089 1780 2146 dicto

133 2179 357 2250 pescationibus,
375 2191 493 2251 quarum
513 2179 629 2235 variatio
649 2177 707 2234 sire
720 2191 769 2247 par
785 2175 944 2233 diminutio·
978 2175 1196 2248 cap.penult.de
1211 2177 1360 2248 praescrip.
1372 2175 1406 2232 ibi
1417 2175 1488 2233 enim
1501 2177 1631 2252 religiosi,
1642 2179 1690 2252 qui
1703 2179 1780 2252 prius

134 2284 218 2340 nem,
231 2270 289 2325 sire
304 2284 354 2341 per
365 2279 544 2340 augmentum
556 2266 629 2324 cedit
640 2268 666 2322 in
680 2266 879 2340 praeiudicium
891 2271 944 2323 ter·
979 2265 1090 2322 luerent
1109 2266 1226 2336 exempti
1241 2281 1306 2322 cum
1329 2265 1448 2338 quodam
1468 2265 1671 2338 moderatione,
1686 2276 1782 2340 postea

135 2361 175 2416 tii.
192 2361 263 2415 Nam
277 2365 344 2415 tunc
359 2355 480 2414 secunda
494 2357 658 2429 dispensatio
673 2356 747 2412 illam
767 2355 943 2412 mutationem
979 2354 1160 2412 obtinuerunt
1183 2356 1384 2426 exemptionem
1411 2355 1591 2429 simpliciter,
1612 2356 1688 2413 nulla
1708 2357 1782 2414 lacta

135 2447 241 2505 iaciens
256 2448 314 2503 eine
329 2447 466 2503 mentione
481 2447 591 2516 prioris,
606 2451 740 2520 quantum
755 2443 789 2500 ad
805 2443 832 2500 id
847 2459 942 2500 surre-
978 2447 1117 2503 mentione
1133 2447 1245 2517 prioris,
1258 2459 1308 2501 nec
1323 2445 1518 2502 moderationis
1533 2449 1560 2502 io
1573 2461 1604 2504 sa
1623 2453 1780 2519 contentae,

136 2539 280 2608 ptitiaest,
290 2551 340 2592 seu
350 2535 468 2592 invalida
477 2551 510 2592 ex
522 2535 546 2590 vi
557 2535 629 2592 illius
640 2535 716 2593 iuris.
725 2535 803 2602 Quod
810 2541 851 2591 est
863 2533 941 2592 valde
978 2535 1053 2608 quod
1065 2543 1154 2592 totum
1168 2534 1283 2592 cedebat
1294 2535 1322 2590 in
1334 2536 1423 2591 maius
1435 2536 1634 2606 praeiudicium
1645 2539 1779 2609 episcopi,

137 2633 358 2683 conmutaneum
374 2626 486 2695 rationi,
501 2625 565 2697 quia
579 2625 670 2681 ornnis
684 2625 770 2698 gratis
784 2638 849 2682 cum
864 2638 943 2697 pree-
979 2641 1063 2699 qnsm
1078 2631 1172 2698 posset
1184 2639 1217 2681 ex
1231 2624 1347 2694 simplici
1361 2626 1507 2696 posteriori
1521 2627 1721 2697 supplicatione
1739 2629 1782 2683 ln·

138 2715 242 2772 iudicio
256 2715 329 2773 tertii
340 2714 418 2770 valde
432 2714 525 2771 odiosa
540 2722 596 2784 est,
608 2721 637 2771 et
649 2713 710 2771 ideo
722 2729 864 2786 nunquam
879 2727 945 2770 cen·
979 2715 1081 2788 telligi,
1101 2715 1217 2787 ideoque
1237 2714 1332 2771 merito
1353 2715 1510 2787 surreptitia
1530 2716 1685 2790 iudicatur,
1703 2716 1780 2790 quod

138 2811 218 2861 setur
234 2803 337 2871 aalide,
351 2803 403 2859 nisi
416 2818 451 2859 ex
466 2802 613 2859 sufficienti
628 2805 721 2860 notitia
734 2803 864 2873 principis
879 2818 943 2874 pro·
979 2805 1066 2875 magis
1080 2817 1112 2860 ea
1127 2805 1252 2877 sequenti
1267 2811 1372 2875 puncto
1386 2802 1581 2864 declarabitur.

139 2893 234 2950 cedat.
251 2897 342 2966 Atque
357 2892 408 2950 bac
429 2894 536 2950 ratione
548 2893 596 2966 qui
616 2890 844 2962 dispensationem
864 2893 946 2950 babet
1020 2899 1046 2951 5.
1061 2891 1158 2951 Addidi
1175 2892 1297 2950 ultimam
1312 2899 1418 2964 partem
1434 2895 1561 2966 regulae,
1582 2897 1647 2967 quia
1672 2895 1736 2954 licet
1755 2896 1781 2952 ln

138 2999 194 3039 aon
210 2982 334 3040 solvendi
349 2981 473 3039 decimae
487 2997 519 3038 ea
541 2983 619 3039 vinea
632 2998 658 3037 r.
675 2997 703 3054 g.
720 2983 742 3036 si
763 2979 860 3039 deinde
875 2982 945 3039 obtl-
979 2980 1059 3039 dictis
1078 2981 1185 3039 iuribus
1203 2998 1256 3038 non
1273 2984 1448 3039 contineatur
1461 2999 1605 3056 expresse,
1624 2987 1781 3043 necessaria

138 3080 203 3130 neat
217 3071 387 3144 privilegium
401 3087 454 3128 non
470 3070 590 3128 solvendi
603 3071 662 3128 illas
676 3085 710 3128 ea
725 3087 805 3142 area,
820 3073 861 3128 sel
882 3071 945 3135 lun·
979 3073 1085 3129 ratione
1096 3071 1317 3145 colligituuaam
1330 3072 1353 3128 si
1363 3073 1490 3145 princeps
1502 3089 1554 3130 non
1566 3075 1631 3130 estis
1650 3075 1783 3148 intelligat

141 3160 189 3232 dn,
203 3161 282 3219 nulla
297 3160 368 3218 lacta
382 3163 522 3218 monnone
536 3161 646 3232 prioris,
663 3177 716 3218 non
734 3163 833 3233 poterit
848 3163 888 3218 uti
903 3177 946 3220 se·
980 3160 1137 3233 qualitatem
1149 3168 1176 3217 et
1187 3163 1366 3236 quantitatem
1377 3159 1493 3235 gratiae,
1506 3179 1587 3236 quam
1603 3164 1780 3237 contorqueo

141 3250 235 3307 eundo
250 3249 403 3323 privilegio,
417 3252 481 3322 quie
493 3251 680 3322 surreptitium
690 3257 744 3318 est,
756 3251 820 3324 quie
833 3250 905 3309 cedit
919 3252 945 3308 ln
980 3257 1074 3321 potest
1084 3249 1155 3306 illam
1167 3247 1246 3306 velle:
1256 3265 1322 3324 ergo
1334 3251 1355 3306 ai
1364 3266 1397 3307 ea
1410 3253 1596 3310 taciturnitate
1610 3255 1709 3325 prioris
1724 3254 1781 3312 elis-

141 3339 342 3411 praeiudioiutu
362 3339 444 3410 tertli,
463 3339 538 3412 quod
559 3339 647 3411 Papae
667 3355 721 3396 non
743 3341 810 3396 satia
830 3341 880 3397 luit
899 3341 947 3398 illo
980 3339 1147 3411 pensationis
1162 3346 1296 3412 aequatur
1308 3339 1527 3414 illsignorentia,
1544 3341 1619 3398 clara
1633 3350 1675 3401 eat
1689 3361 1781 3402 surre-

142 3427 224 3484 modo
238 3429 428 3500 propositum,
444 3429 570 3500 quamvis
585 3427 628 3485 bic
646 3427 729 3486 etiam
743 3428 795 3485 alia
809 3431 947 3502 surreptio
982 3427 1781 3503 ptio3namestinrevaldesubstantiall.lleclaraturesern-
1868 3473 1870 3482 ,

141 3516 309 3587 intercedat,
329 3523 360 3574 ut
373 3517 465 3574 statim
478 3517 670 3590 explicabitur.
878 3519 887 3528 “
982 3518 1043 3589 plis.
1060 3519 1181 3576 Primum
1196 3520 1232 3574 sit
1246 3517 1280 3575 de
1293 3518 1466 3592 beneticiato,
1482 3522 1529 3593 qul
1543 3520 1659 3579 obtinuit
1672 3522 1781 3596 dispen-

183 3605 312 3664 Secunds
326 3621 391 3677 pars
405 3611 514 3680 sumpta
527 3615 570 3664 est
584 3621 617 3664 ea
632 3607 706 3665 dicto
719 3610 807 3681 capita
821 3615 848 3668 ι.
865 3607 899 3667 tle
918 3609 947 3666 li·
982 3609 1113 3665 sadonem
1129 3622 1182 3663 non
1196 3606 1331 3664 residendi
1345 3623 1395 3679 per
1404 3609 1621 3681 quinquennium
1636 3626 1702 3670 cum
1717 3629 1779 3687 per-

143 3695 186 3752 liis
199 3695 357 3772 presbyter.
370 3696 397 3752 in
414 3699 440 3764 ις
454 3711 516 3755 uam
531 3695 699 3768 dispensatio
715 3699 836 3756 secunda
850 3699 886 3756 ibi
899 3699 947 3757 ob·
984 3698 1109 3767 ceptione
1123 3695 1281 3766 lruotuum,
1296 3698 1345 3770 qui
1358 3697 1467 3770 expleto
1481 3699 1684 3774 quinquennio,
1698 3702 1780 3761 allam

144 3793 218 3842 tenta
232 3784 292 3842 ideo
312 3785 470 3856 surreptitia
482 3785 635 3858 iudicatur,
650 3788 716 3858 quie
731 3803 783 3844 non
805 3787 858 3848 luit
870 3787 947 3846 sulii-
983 3786 1099 3864 similem
1126 3785 1298 3859 postulavit,
1325 3786 1398 3843 nulla
1421 3785 1495 3845 iacta
1514 3789 1611 3861 prioris
1631 3794 1779 3859 mendone,

143 3877 249 3932 abutar
278 3875 450 3948 propositum
477 3875 560 3933 iudici
587 3882 675 3933 totum
709 3876 944 3952 impedimentum,
983 3882 1052 3932 tunc
1073 3875 1143 3931 enim
1164 3873 1288 3932 secunda
1311 3873 1480 3946 dispensatio
1505 3879 1662 3951 surreptitia
1682 3888 1735 3949 est,
1750 3889 1781 3941 ut

143 3963 220 4037 quod
235 3963 273 4019 illi
292 3962 403 4020 obstare
424 3965 567 4036 potuisset.
584 3965 619 4022 lii
638 3964 709 4022 ratio
728 3975 772 4023 est
789 3967 947 4039 manifesta,
983 3969 1058 4022 recle
1071 3963 1141 4022 dixit
1154 3965 1228 4021 loan.
1242 3963 1328 4021 Andr.
1341 3979 1422 4038 quem
1438 3965 1533 4039 relert,
1547 3975 1575 4026 ot
1588 3972 1715 4043 sequitur
1730 3973 1781 4029 Fe·

144 4057 211 4128 quia
222 4052 616 4126 tuncroluntesdispensantis
628 4069 680 4112 non
692 4055 902 4126 potuitextsndi
914 4055 948 4114 ad
983 4053 1030 4110 lin.
1044 4069 1129 4126 snpra
1148 4071 1176 4110 n.
1192 4058 1220 4113 2.
1236 4053 1314 4122 Quod
1335 4054 1541 4130 intelligendum
1561 4065 1645 4132 puto,
1670 4062 1780 4134 quando

143 4142 188 4214 id,
203 4142 279 4216 quod
300 4142 416 4216 latebat3
436 4159 503 4218 ergo
522 4160 555 4202 ea
576 4160 609 4202 ea
628 4151 707 4216 parte
728 4144 947 4218 impedimentum
982 4151 1093 4231 tempus
1112 4143 1180 4201 illud
1200 4151 1244 4202 est
1263 4145 1425 4202 continuum
1440 4153 1551 4220 propter
1564 4163 1612 4218 ee,
1628 4165 1699 4224 quae
1711 4152 1782 4211 inira

145 4233 249 4290 mansit
269 4235 424 4307 integrum,
446 4248 479 4290 ac
502 4233 615 4292 subinde
635 4232 807 4318 dispensatio
820 4235 948 4292 edoctum
983 4233 1086 4291 dicam.
1102 4237 1199 4292 Posset
1217 4239 1310 4291 autern
1331 4235 1402 4292 ratio
1415 4251 1448 4293 ex
1462 4235 1542 4294 dictis
1557 4237 1649 4311 reddi,
1668 4241 1733 4314 quia
1746 4241 1781 4299 ibi

144 4322 247 4380 babere
261 4338 315 4379 non
330 4323 429 4395 potuit.
446 4321 523 4381 Unde
537 4322 689 4398 colligitur,
707 4331 772 4380 tunc
787 4339 835 4396 per
850 4341 878 4381 se
892 4341 947 4382 non
982 4324 1125 4380 intervenit
1139 4322 1336 4396 praeiudicium
1351 4326 1437 4396 tertii,
1452 4325 1526 4398 quod
1539 4342 1594 4384 non
1609 4329 1674 4385 sads
1688 4329 1780 4389 decla-

144 4427 208 4468 esee
221 4413 406 4470 necessariam
420 4412 633 4470 declarationem
648 4413 746 4486 prioris
766 4414 947 4486 dispensatio·
981 4419 1078 4484 ratur,
1095 4418 1183 4470 tamen
1199 4413 1302 4485 optime
1315 4414 1386 4470 ratio
1400 4421 1458 4487 est,
1474 4417 1537 4489 quia
1551 4417 1623 4488 Papa
1637 4433 1779 4494 nunquam

145 4503 198 4574 nis,
215 4503 238 4559 ai
258 4501 311 4559 alio
329 4501 411 4560 modo
431 4501 652 4575 impedimentum
670 4509 759 4561 totum
778 4505 948 4564 sulllclenter
982 4506 1113 4576 concipit,
1126 4519 1157 4562 se
1170 4501 1327 4576 dispensare
1343 4504 1370 4560 in
1383 4504 1519 4563 decennio
1530 4506 1703 4583 residentiae,
1715 4511 1781 4584 quia

144 4591 294 4664 referatur,
309 4593 374 4666 qnia
388 4597 456 4650 tuno
471 4598 564 4650 cessat
577 4594 648 4650 ratio
662 4591 745 4664 iacta,
756 4601 785 4651 ot
798 4601 890 4652 textus
903 4594 948 4652 ille
981 4594 1161 4667 concipiendo
1187 4594 1263 4666 prius
1286 4609 1372 4650 unum
1391 4595 1622 4669 quinquennium,
1645 4606 1673 4656 et
1686 4607 1781 4672 postea

145 4697 200 4738 non
215 4681 279 4753 plue
292 4681 417 4754 requirit,
430 4687 464 4738 ut
477 4681 599 4753 probari.
612 4679 751 4740 interdum
765 4699 831 4741 aero
845 4686 948 4757 poterit
982 4683 1057 4742 eliud
1077 4685 1135 4740 sine
1156 4682 1348 4741 recordatione
1368 4686 1483 4757 prioris,
1503 4702 1645 4760 nunquam
1659 4691 1780 4764 concipit
1799 4671 1801 4676 ’

146 4785 208 4827 esse
227 4771 383 4828 necessaria
403 4771 544 4843 expressio
561 4771 658 4858 prioris
679 4771 903 4846 dispensationis,
925 4775 947 4832 si
981 4774 1164 4845 decennium,
1186 4771 1260 4845 quod
1279 4768 1459 4831 verisimiliter
1472 4791 1526 4831 non
1540 4779 1739 4848 concessisset,
1756 4781 1780 4838 si

148 4858 227 4916 aliter
241 4875 296 4916 non
316 4859 403 4931 possit
421 4858 545 4932 materia,
561 4875 611 4916 seu
631 4859 774 4918 vinculum
795 4863 946 4920 tollendum
980 4862 1169 4920 intellexisset.
1180 4863 1224 4919 Sic
1238 4862 1310 4919 enim
1324 4864 1371 4935 qui
1383 4862 1491 4921 iuretur
1501 4879 1550 4936 per
1561 4867 1680 4940 minime,
1692 4884 1780 4942 quen·

147 4963 196 5020 per
210 4949 360 5008 secundam
376 4947 606 5019 dispensationem
619 4948 790 5007 sullicienler
803 4951 944 5025 explicari,
980 4952 1016 5010 do
1026 4953 1151 5023 pervenit
1164 4951 1198 5009 ad
1213 4952 1384 5022 ultimum,in
1393 4969 1450 5024 quo
1462 4955 1551 5026 graus
1562 4959 1702 5029 quantitas
1712 4973 1779 5017 oon·

148 5045 179 5094 ut
192 5039 283 5095 statim
296 5036 552 5095 declarabollices:
564 5053 632 5112 ergo
644 5037 665 5094 si
680 5040 706 5095 ln
720 5041 844 5112 exemplo
854 5043 946 5113 posito
975 5049 1153 5110 summetur,
1175 5043 1197 5096 si
1211 5039 1278 5098 illud
1293 5040 1433 5115 advertat,
1449 5040 1528 5116 longe
1542 5047 1655 5117 gravius
1669 5055 1776 5122 peccat,

147 5127 180 5184 de
193 5127 334 5201 privilegio
347 5126 519 5185 decimarum
537 5128 634 5202 aliquis
649 5129 771 5201 postulet
789 5133 945 5191 secundum
980 5148 1063 5206 quam
1079 5133 1101 5188 si
1116 5131 1232 5205 ignorct3
1245 5145 1312 5204 ergo
1326 5131 1434 5205 signum
1449 5133 1586 5204 eet,illam
1597 5137 1779 5196 circumstan·

148 5216 333 5289 privilegium,
348 5216 537 5290 exprimendo,
551 5223 580 5272 ct
597 5219 677 5290 quasi
691 5217 725 5276 de
745 5234 816 5276 noro
832 5223 946 5293 peoendo
981 5222 1045 5279 tiam
1066 5220 1185 5278 multum
1205 5219 1310 5278 variare
1331 5220 1512 5278 volumtatem.
1527 5223 1612 5280 Recto
1630 5240 1697 5297 ergo
1711 5225 1779 5286 dici·

148 5308 349 5384 exemptionem
362 5307 388 5365 in
403 5308 494 5382 vinea,
506 5313 534 5365 et
548 5321 622 5381 area,
633 5307 677 5366 rel
691 5307 774 5366 irrndo
786 5310 878 5382 simul,
891 5326 946 5369 non
981 5325 1059 5386 mus,
1082 5317 1148 5368 tuuc
1168 5323 1229 5368 esse
1248 5310 1431 5370 necessariam
1445 5315 1657 5386 expressionem
1679 5315 1777 5394 prioris
