4294 6238
912 395 1022 447 'moon
1036 397 1102 447 xv.
1708 346 1771 450 3ιέ

174 520 220 580 hic
239 523 330 582 solnm
349 525 540 584 consideratur
554 524 706 599 ignorantia
720 523 860 596 principis,
876 523 932 579 sire
946 525 974 580 in
1011 522 1074 580 nori
1088 536 1241 580 consensus
1253 521 1402 580 voluntatis
1412 524 1554 597 principis,
1565 525 1613 583 sed
1625 531 1656 583 ut
1666 521 1808 584 continens

174 612 314 686 absentia,
331 615 386 672 sive
400 616 425 672 in
446 616 599 688 praesentia
612 615 762 685 habeatur,
778 613 853 688 quod
867 628 920 669 non
934 618 978 669 est
1012 613 1142 685 requisita
1156 627 1205 685 per
1220 612 1326 686 legem,
1340 615 1368 668 in
1382 629 1438 686 qua
1457 614 1585 672 voluntas
1603 619 1717 691 antiqua
1736 617 1808 689 prin-

174 701 212 760 ita
224 705 251 760 in
266 704 495 778 praescriptione,
510 720 573 762 nam
587 703 660 772 idern
673 709 782 776 tempus
796 701 914 772 suffieit,
929 716 975 758 ce·
1011 703 1078 776 cipis
1090 705 1262 772 continetur,
1273 709 1301 760 et
1313 703 1374 760 ideo
1389 720 1460 760 nova
1470 705 1530 761 eius
1542 705 1655 762 scicntia
1668 722 1721 762 noo
1737 705 1809 764 desi·

175 794 244 849 teris
257 792 380 864 parilrua,
396 793 452 850 sire
469 793 595 851 dominus
608 795 648 851 rei
662 794 734 850 sciat
748 806 828 850 usum
842 789 978 863 praescri·
1011 793 1139 865 deretur,
1155 807 1207 850 nee
1228 792 1422 850 consideratur
1441 795 1564 864 potentia
1583 793 1699 852 habendi
1714 796 1805 854 istem.

174 879 276 952 beotia,
295 881 351 939 sire
366 883 481 955 ignoret.
1010 881 1187 941 Consuetudo
1206 889 1298 958 autern
1319 899 1373 939 oon
1394 884 1562 955 praescripta
1580 885 1686 956 operari
1699 891 1806 942 tanturn

215 975 242 1029 i.
259 974 297 1030 De
312 973 473 1030 auctoribus
485 978 594 1044 autem,
606 973 654 1046 qui
664 974 691 1028 iu
703 972 876 1030 contrarium
890 969 975 1026 eitan-
1012 980 1101 1046 potest
1115 980 1148 1030 ut
1162 973 1271 1044 signum
1282 971 1444 1045 uoluntatis,
1456 979 1484 1028 et
1495 972 1557 1029 nori
1568 989 1720 1031 consensus
1731 975 1806 1048 prin·

174 1067 242 1134 tur,
266 1078 320 1119 non
341 1062 460 1120 multum
479 1069 523 1119 cst
542 1061 714 1134 curandum,
735 1061 799 1134 quia
812 1060 893 1132 pnual
912 1063 978 1114 sunt
1011 1063 1096 1136 cipis,
1118 1060 1192 1135 quod
1214 1061 1311 1118 minori
1331 1068 1454 1134 tempore
1475 1060 1617 1119 sulliciens
1639 1079 1700 1120 esse
1718 1069 1808 1136 potest

174 1157 304 1224 respectu
326 1152 461 1223 aliorum,
476 1157 505 1208 et
518 1151 600 1224 aliqui
619 1165 716 1208 eorum
734 1149 851 1208 tortasse
868 1164 923 1206 uon
936 1145 977 1204 lo·
1010 1158 1140 1224 respectu
1154 1151 1283 1222 principis
1297 1151 1425 1223 scientis,
1438 1166 1502 1208 narn
1516 1160 1647 1224 respectu
1657 1154 1806 1226 ignorantia

175 1248 301 1314 quuntur
317 1241 350 1298 dc
365 1241 424 1300 sola
437 1241 636 1299 consuetudine
649 1240 745 1314 legali,
762 1239 811 1298 sed
824 1237 976 1312 generalius
1010 1257 1153 1317 nunquam
1171 1247 1266 1314 potest
1283 1255 1344 1298 esse
1358 1239 1516 1299 huiusmodi
1530 1241 1653 1315 signum,
1669 1247 1700 1298 ut
1712 1257 1763 1314 per
1777 1256 1806 1298 se

175 1329 209 1387 de
224 1330 482 1402 cousuetudine,ut
498 1327 977 1403 comprehenditetiamillam,quae
1010 1337 1173 1392 assumere.
1267 1361 1270 1366 ,
1348 1325 1354 1338 '

175 1422 203 1477 in
222 1421 437 1492 praescriptione
462 1436 555 1478 rerum
577 1419 739 1493 interuenit,
758 1433 838 1484 nour,
860 1423 891 1474 ut
910 1415 974 1488 dixi,
1051 1428 1078 1482 a.
1093 1419 1146 1478 sed
1165 1433 1298 1493 quaeres,
1319 1426 1455 1493 quantum
1476 1421 1606 1493 temporis
1626 1421 1694 1479 intra
1707 1422 1806 1480 decen.

176 1508 222 1565 laic
235 1509 292 1566 iore
305 1516 348 1566 est
361 1525 429 1566 usus
449 1500 604 1566 comr'nunia
618 1509 848 1581 iurisperitorum.
866 1507 903 1563 Et
915 1521 978 1578 pro·
1012 1512 1088 1568 nium
1111 1509 1145 1567 ad
1165 1509 1240 1566 huno
1260 1509 1388 1566 effectum
1408 1509 1539 1567 sufficiat.
1555 1509 1736 1583 Respondeo,
1752 1527 1806 1568 non

176 1597 250 1657 iecto
268 1599 387 1676 Sylvest.
399 1599 426 1656 in
442 1605 499 1656 toto
515 1597 560 1656 illo
578 1599 662 1656 verbo
676 1596 855 1656 consuetudo
866 1597 903 1654 ita
914 1612 977 1668 pro·
1011 1614 1091 1672 posse
1108 1605 1187 1656 certa
1201 1599 1306 1654 ratione
1319 1595 1440 1670 definiri,
1453 1598 1519 1671 quia
1532 1614 1583 1656 nec
1598 1599 1656 1656 iure
1668 1599 1808 1658 delinitum

177 1688 266 1760 cedit,
286 1690 360 1744 sicut
372 1695 400 1745 ct
413 1687 458 1745 alli
473 1689 631 1746 summistae
645 1695 673 1744 ot
689 1689 816 1762 iuristae,
832 1693 865 1743 ut
879 1685 977 1759 legenti
1011 1695 1073 1758 est,
1087 1704 1138 1746 neo
1158 1686 1303 1745 commode
1321 1689 1428 1761 potuit,
1448 1689 1513 1762 quia
1531 1688 1583 1745 troc
1603 1690 1725 1762 signum,
1740 1706 1807 1748 cum

177 1776 256 1834 iacilc
271 1776 391 1850 patebit3
405 1775 476 1834 unde
490 1775 543 1834 sub
556 1776 604 1834 illa
619 1776 802 1834 disiunctione
812 1777 976 1848 loquuntur,
1011 1780 1037 1836 in
1052 1777 1135 1837 iactis
1148 1777 1298 1848 consistat,
1311 1775 1412 1847 pendat
1425 1792 1459 1834 ex
1473 1777 1657 1850 coniecturis,
1669 1795 1740 1852 quae
1752 1794 1807 1835 non

176 1881 231 1922 non
244 1867 309 1940 quia
326 1866 478 1940 amplianda
492 1866 527 1942 eit
545 1865 580 1924 ad
600 1881 695 1923 omnes
715 1865 812 1922 modos
830 1869 980 1922 consuetu·
1012 1875 1078 1926 suot
1096 1866 1224 1941 aequales
1237 1866 1264 1922 in
1278 1865 1404 1922 omnibus
1418 1864 1680 1941 consuetudinibus,
1692 1875 1720 1926 et
1735 1868 1771 1924 ita
1781 1868 1808 1923 in

176 1953 286 2026 diuum,
301 1955 385 2012 etiarn
407 1953 552 2012 moralium
573 1957 726 2012 actionum.
742 1955 779 2011 Et
796 1953 912 2010 tortasse
931 1967 978 2009 rea
1012 1956 1176 2033 quibusdam
1189 1954 1405 2028 potestbreviori
1416 1960 1536 2028 tempore
1547 1955 1599 2012 hoc
1611 1957 1808 2030 signumoom·

177 2042 336 2115 Alphousus
357 2045 393 2102 ita
412 2044 493 2102 etiarn
514 2042 628 2100 locutus
647 2051 691 2102 est
711 2044 737 2099 in
757 2043 804 2100 illa
824 2042 843 2100 l.
861 2049 893 2115 5,
909 2057 979 2116 quae
1012 2047 1097 2121 pleri,
1111 2061 1193 2121 quam
1206 2045 1232 2101 in
1247 2042 1397 2101 aliis.Nam
1409 2043 1543 2117 quaedam
1557 2045 1811 2103 suntconsuerudp.

178 2127 270 2205 potest
293 2135 376 2190 etiam
399 2133 500 2191 habere
523 2133 607 2191 alium
631 2149 758 2206 sensum,
778 2139 809 2190 ut
828 2135 916 2205 capite
936 2147 979 2189 se-
1012 2154 1076 2210 nes,
1096 2151 1166 2210 quac
1190 2135 1404 2209 frequentiorem
1429 2150 1512 2192 usum
1536 2133 1653 2210 habent,
1672 2140 1702 2193 et
1724 2135 1810 2208 magia
1871 2161 1873 2168 ν

177 2222 269 2295 quenti
287 2220 395 2295 dieam;
416 2223 458 2280 vel
472 2225 496 2279 si
510 2239 611 2280 novum
625 2225 668 2279 ius
688 2222 865 2280 introducere
883 2223 978 2290 voluit,
1013 2240 1207 2296 communem,
1224 2223 1366 2297 magisque
1379 2221 1632 2297 publicum,quam
1644 2223 1721 2296 allae3
1734 2231 1763 2282 ει
1773 2225 1811 2282 ita

171 2317 205 2368 ει
216 2311 366 2384 approbare
388 2313 541 2384 opinionem
555 2313 672 2385 nonis,
688 2313 771 2370 cuius
784 2327 870 2384 opera
883 2311 979 2369 dicun·
1012 2334 1045 2375 en
1058 2315 1127 2388 illis,
1140 2313 1238 2372 ceteris
1252 2313 1381 2384 paribus,
1393 2312 1503 2370 brevius
1514 2312 1647 2386 compleri
1659 2313 1759 2386 poterit
1769 2315 1810 2369 in-

178 2405 224 2457 tur
243 2414 305 2456 esso
325 2399 415 2458 iactae
435 2400 509 2474 leges
524 2402 701 2473 partitorum,
716 2401 787 2458 illud
805 2401 921 2474 speciale
935 2402 980 2458 ius
1013 2403 1117 2463 dicium
1130 2404 1258 2461 scientiae
1269 2403 1294 2458 in
1306 2403 1439 2474 principe,
1452 2408 1693 2476 etcoosequeotcr
1703 2403 1811 2476 signum

177 2491 261 2546 etiam
271 2490 297 2544 io
310 2490 441 2562 Hispania
451 2487 650 2548 consuetudine
660 2497 803 2564 receptum
816 2507 870 2548 non
881 2496 935 2563 ast,
949 2496 981 2548 ut
1015 2493 1094 2553 taciti
1108 2506 1261 2549 cousensus
1274 2506 1324 2563 per
1342 2490 1524 2548 uoluntariam
1543 2490 1728 2549 tolerantiam.
1743 2493 1812 2551 Ιιεῐε

176 2577 310 2636 esistiroo.
481 2601 486 2608 ·
1014 2582 1049 2640 ad
1064 2582 1117 2639 hoc
1133 2578 1250 2638 multum
1265 2579 1368 2637 reterre
1379 2585 1470 2650 potest
1480 2579 1616 2654 absentia,
1629 2579 1672 2638 vel
1685 2595 1814 2653 praesen·

216 2667 348 2739 Superest
361 2664 508 2725 dicendum
519 2667 554 2725 do
565 2667 764 2726 conseretudine
774 2684 829 2726 non
845 2671 980 2741 praescri·
1014 2673 1050 2732 tia
1062 2670 1211 2744 principis;
1227 2684 1291 2726 narn
1305 2671 1491 2741 praesumitur
1504 2685 1602 2742 nosse,
1619 2684 1691 2745 quac
1704 2669 1774 2728 fiunt
1787 2671 1814 2727 in

177 2764 236 2829 pta.
251 2757 318 2814 llam
344 2755 481 2814 interdurn
500 2763 591 2828 potest
604 2756 731 2814 suilioere
747 2757 781 2814 ad
795 2756 980 2815 inducendam
1014 2761 1093 2832 loco,
1113 2757 1160 2818 ubi
1178 2758 1272 2833 adest,
1286 2765 1314 2816 ει
1332 2775 1387 2816 non
1400 2773 1471 2832 quac
1486 2759 1570 2831 fiunt,
1586 2759 1632 2817 ubi
1647 2760 1745 2817 abacos
1759 2767 1812 2832 est,

177 2845 283 2918 legero3
298 2851 327 2902 et
350 2853 553 2919 consequenter
568 2847 593 2901 in
607 2844 725 2904 breviori
739 2853 880 2918 tempore,
896 2863 980 2920 quarn
1015 2851 1065 2907 nisi
1078 2850 1145 2906 aliae
1157 2849 1333 2906 coniecturae
1341 2847 1484 2906 accedant.
1492 2849 1637 2906 Praeterea
1648 2850 1676 2906 in
1685 2847 1738 2906 lrac
1749 2864 1816 2907 coo·

177 2933 327 3005 decennio,
342 2931 416 2990 illam
439 2933 570 2990 inducere
584 2935 698 3006 poterit,
714 2936 737 2991 si
751 2937 868 2992 scientia
882 2935 980 3012 princi·
1015 2939 1176 3010 suetudine,
1191 2944 1219 2995 ct
1238 2936 1273 2994 ad
1296 2936 1347 2994 lroc
1368 2937 1581 2995 coniectandum
1603 2937 1697 2996 locum
1715 2938 1816 2996 habore

177 3025 220 3096 pia
233 3022 394 3080 intercedat.
417 3024 458 3080 lta
472 3023 593 3080 sentiunt
606 3026 705 3080 linton.
719 3025 746 3080 in
759 3021 835 3082 dicto
846 3039 910 3096 cap.
928 3024 978 3082 ult.
1013 3035 1106 3101 potest
1126 3026 1309 3084 consideratio
1329 3041 1415 3098 supra
1435 3031 1555 3083 tractata
1577 3025 1610 3083 de
1624 3027 1734 3084 actibus
1749 3026 1817 3084 iudi·

177 3111 569 3170 concussionemque
583 3110 849 3188 sylvest.lngot.,sr
865 3113 921 3186 olii,
934 3114 981 3186 qui
1015 3115 1141 3175 oratioue.
1157 3115 1322 3172 Praesertim
1341 3129 1406 3171 vero
1424 3116 1556 3172 senonas
1577 3112 1631 3172 turs
1649 3117 1676 3170 ru
1693 3114 1817 3174 savorem

176 3201 256 3260 iilum
270 3209 425 3276 sequuntur
438 3242 445 3272 ,
458 3209 491 3258 ut
503 3202 528 3258 in
544 3200 623 3259 simili
639 3201 789 3259 ridebimus
801 3203 829 3258 in
840 3204 929 3274 capite
939 3218 981 3258 se·
1015 3204 1243 3277 consuetudinis,
1255 3206 1277 3260 si
1292 3203 1337 3261 illa
1350 3204 1530 3276 proterretur,
1544 3203 1587 3260 rel
1605 3204 1818 3263 confirmaretur

176 3293 283 3365 quenti.
302 3293 371 3349 Nam
401 3291 575 3364 distinguunt
593 3291 662 3349 inter
680 3292 830 3364 prinoipem
849 3292 981 3348 scientem
1016 3310 1176 3368 asupremo
1191 3293 1330 3366 principe,
1345 3298 1420 3349 esset
1433 3291 1575 3351 sufficiens
1597 3292 1706 3366 signum
1721 3293 1819 3350 rolun·

83 3395 87 3404 ’
176 3387 206 3438 ει
222 3383 392 3454 ignorantem
421 3379 513 3453 populi
537 3396 660 3453 moram,
686 3387 713 3438 et
731 3379 846 3451 dicunt,
869 3379 981 3438 brevius
1015 3385 1081 3442 tetis
1098 3384 1169 3441 cius.
1190 3384 1248 3439 lmo
1261 3380 1365 3438 etiamsi
1380 3381 1498 3438 sciretur
1512 3381 1577 3438 data
1592 3381 1818 3439 ab'inierioriiu·

177 3475 287 3542 tempus
312 3469 430 3543 requiri,
455 3468 566 3542 quando
586 3470 712 3542 princeps
731 3469 784 3526 scit
805 3469 982 3527 consuetudi·
1015 3474 1093 3546 dice,
1113 3478 1142 3529 ει
1159 3471 1343 3543 toleraretur,
1363 3476 1436 3526 esset
1455 3486 1510 3527 non
1531 3469 1673 3528 modicum
1693 3473 1812 3543 signum.

178 3573 255 3631 nem,
271 3573 354 3634 quam
370 3573 435 3615 eum
454 3557 527 3615 illurn
546 3558 663 3631 ignorat.
680 3556 733 3615 Sed
747 3557 920 3616 consuetudo
934 3557 980 3615 de·
1014 3565 1082 3621 ltem
1105 3563 1309 3632 cuiuscumque
1331 3557 1475 3631 prudentis
1493 3559 1596 3617 iudicis
1615 3561 1649 3616 sit
1669 3561 1815 3630 sententia,

177 3663 239 3704 carn
259 3663 395 3704 annorum
418 3646 522 3704 sufficit
534 3646 568 3704 ad
584 3645 767 3703 inducendam
780 3645 885 3720 legem,
903 3649 981 3721 igno·
1015 3668 1066 3725 per
1080 3666 1110 3708 se
1120 3649 1249 3708 conciliat
1260 3647 1451 3706 auctoritatem
1463 3647 1657 3706 consuetudini
1670 3690 1677 3718 ,
1689 3648 1755 3722 quia
1767 3663 1817 3720 po·

178 3743 257 3793 rante
266 3736 400 3808 principe,
415 3750 482 3808 argo
492 3734 604 3794 breuius
613 3745 722 3808 tempus
732 3735 892 3793 sullicietad
903 3752 982 3793 eum·
1016 3747 1072 3801 test
1092 3755 1155 3797 asse
1175 3739 1264 3809 iusta,
1285 3753 1319 3795 ex
1338 3736 1539 3795 consuetudine
1558 3753 1614 3796 noa
1634 3736 1815 3811 praescripta.

177 3826 241 3884 dern
260 3826 404 3898 ellectum,
417 3825 610 3882 interueniente
628 3825 744 3883 scientia
754 3825 894 3899 principis.
909 3827 945 3884 at
955 3826 981 3882 in
1015 3831 1082 3900 Quia
1097 3845 1162 3886 curn
1177 3842 1231 3885 non
1243 3827 1367 3901 requirat
1378 3833 1487 3885 certum
1498 3833 1606 3898 tempus
1620 3870 1627 3899 ,
1641 3826 1691 3885 sed
1701 3828 1820 3900 pendeat

179 3917 277 3973 minori
294 3921 416 3987 tempore
435 3929 518 3986 quam
539 3913 635 3971 decem
654 3929 790 3972 annorum
805 3913 978 3972 consuetudo
1016 3937 1050 3980 aa
1067 3919 1254 3988 coniecturis,
1274 3916 1331 3974 lieri
1345 3921 1454 3988 potest,
1470 3922 1503 3975 ut
1522 3931 1556 3975 er
1569 3916 1698 3989 prudenti
1712 3923 1741 3974 et
1755 3932 1820 3988 pro·

179 4019 234 4060 non
254 4001 462 4077 praescribitur,
481 4017 547 4075 ergo
561 4004 733 4062 consuetudo
747 4019 802 4062 non
812 3999 982 4078 piaescripte
1015 4007 1096 4067 babili
1108 4007 1210 4066 iudicio
1229 4003 1310 4062 detur
1328 4004 1466 4063 sententia
1484 4005 1511 4061 in
1529 4004 1651 4078 iarorpm
1666 4012 1820 4063 consuetu·

178 4091 441 4167 coguitaaprincipe
461 4092 700 4164 poteritinducero
708 4092 889 4166 tegemttaitu
896 4099 980 4167 patet,
1015 4098 1101 4169 dinis,
1117 4109 1188 4170 quae
1202 4094 1267 4152 licet
1280 4096 1449 4167 praescripta
1463 4110 1517 4152 non
1531 4095 1582 4166 ait,
1598 4102 1745 4168 reputatur
1760 4096 1820 4153 sui·

178 4181 288 4253 quando
299 4179 455 4252 requiratur
473 4180 894 4254 praescripto,scilicet‚quando
906 4183 982 4253 prin·
1015 4187 1125 4257 ficiens,
1147 4183 1210 4257 quin
1230 4184 1297 4239 entis
1318 4182 1420 4240 indicat
1440 4183 1613 4241 voluntatem
1637 4185 1768 4257 principis
1788 4190 1818 4241 et

180 4285 246 4340 ceps
260 4270 379 4342 ignorat,
396 4273 425 4325 ct
443 4266 554 4343 quando
569 4285 623 4325 non
638 4270 673 4326 sit
689 4271 859 4343 necessaria,
876 4271 982 4330 scilieet
1015 4274 1121 4350 populi.
1136 4273 1213 4332 Unde
1228 4271 1354 4346 quamvis
1369 4271 1430 4328 talis
1449 4269 1581 4330 sententia
1598 4273 1758 4346 simpliciter
1772 4288 1820 4330 ne·

179 4357 291 4432 quando
309 4358 362 4414 soit
379 4356 462 4414 illam.
482 4359 562 4415 Ratio
580 4373 645 4416 vero
659 4357 737 4416 reddi
752 4366 856 4432 potest,
872 4363 936 4434 quia
950 4360 982 4418 li·
1016 4365 1135 4422 cessaria
1152 4378 1209 4419 non
1221 4361 1302 4419 ettad
1313 4359 1507 4419 sufficientiam
1519 4361 1579 4419 talia
1595 4363 1817 4436 consuetudinis,

179 4454 226 4505 oct
243 4449 305 4504 iura
331 4445 439 4517 dicant,
460 4445 574 4520 longam
590 4447 819 4506 cousuetudinem
839 4449 979 4521 suilicare,
1015 4453 1145 4527 quiahoc
1161 4455 1250 4525 ipsum
1265 4451 1300 4509 ad
1314 4451 1474 4508 senteutiam
1488 4452 1665 4526 supponitur,
1682 4459 1709 4509 et
1722 4467 1771 4526 per
1786 4452 1818 4510 ll-

178 4551 320 4609 nunquam
338 4535 452 4606 dicunt,
465 4537 599 4593 minorem
612 4551 668 4593 non
681 4537 820 4596 sufficere.
832 4539 868 4597 Et
881 4539 982 4613 alioqui
1015 4544 1071 4602 lam
1085 4542 1256 4615 declaratur,
1269 4547 1302 4598 ut
1315 4554 1398 4612 supra
1409 4540 1437 4597 in
1449 4541 1529 4598 simili
1541 4543 1816 4617 argumentabamur3

179 4643 212 4684 oa
226 4625 375 4703 naturarei
390 4631 482 4697 potest
499 4623 628 4682 sullicerc
643 4626 732 4684 minor
746 4626 813 4684 lnaec
828 4635 980 4686 consuetu·
1016 4633 1193 4690 nihilominus
1207 4632 1230 4688 si
1241 4628 1388 4704 aliquando
1402 4629 1457 4688 lata
1467 4636 1528 4702 est,
1540 4631 1661 4690 multum
1672 4631 1826 4692 confirmat

179 4716 232 4790 do,
248 4718 270 4772 si
294 4715 423 4788 princeps
443 4713 542 4771 lrabeat
562 4715 706 4772 scientiam
720 4717 796 4788 eius,
812 4719 877 4790 quia
891 4723 982 4791 potest
1017 4721 1207 4780 coniecturam
1227 4717 1453 4791 consuetudinis,
1475 4721 1526 4777 etsi
1546 4720 1746 4794 multiplicetur
1768 4739 1818 4795 po·
1847 4745 1850 4750 ·

181 4804 352 4862 sufficienter
368 4801 490 4860 indicare
504 4818 671 4860 consensum
689 4804 763 4877 eius,
783 4812 812 4862 ει
826 4807 933 4879 populi,
950 4814 982 4865 ut
1016 4813 1081 4870 terit
1095 4811 1187 4868 iacere
1203 4809 1334 4867 moralem
1346 4807 1554 4884 certitudinem
1567 4825 1630 4869 nant
1642 4816 1671 4869 et
1680 4827 1729 4884 per
1740 4814 1820 4871 teau.

180 4909 229 4966 per
243 4908 273 4950 se
291 4897 388 4950 notura
399 4891 516 4964 uidetur,
529 4907 596 4964 ergo
609 4892 652 4950 illa
663 4893 838 4952 conseretudo
849 4896 979 4970 sufficiet,
1017 4901 1108 4960 monia
1124 4901 1249 4958 virorum
1269 4898 1438 4969 prudentum
1456 4899 1577 4957 multum
1597 4901 1815 4959 confirmabitur.

181 4985 245 5056 quia
261 4987 369 5040 tanturn
384 4987 428 5037 cot
441 4981 611 5054 necessario,
625 4988 656 5038 ut
669 4982 704 5039 sit
716 4982 856 5041 sufficiens
870 4987 981 5059 signum
1016 4982 1139 5063 Doniq'ue
1153 4990 1180 5046 in
1194 4987 1245 5044 hac
1256 4988 1458 5046 consuetudine
1469 4987 1562 5046 locum
1575 4989 1657 5047 habet
1667 4991 1756 5062 opinio
1768 4992 1818 5048 So-

181 5072 330 5130 roluntutis
347 5069 519 5144 legislatoris.
534 5072 570 5128 Et
583 5070 653 5128 haec
667 5080 710 5129 cst
723 5072 843 5130 nounda
856 5073 982 5132 diiicren·
1016 5081 1054 5154 ti,
1074 5086 1104 5136 ει
1123 5079 1237 5136 aliorum
1257 5077 1423 5152 dicentium,
1437 5085 1547 5150 tempus
1566 5079 1619 5136 hoc
1634 5080 1817 5139 determinan-

182 5163 219 5221 tia
231 5163 302 5219 inter
317 5159 369 5217 hos
383 5158 453 5217 duos
468 5158 564 5218 modos
578 5160 824 5234 consuetudinum
836 5179 898 5222 nanr
912 5181 983 5223 eon·
1017 5171 1084 5229 duro
1096 5184 1157 5226 esse
1167 5167 1294 5240 prudenti
1304 5168 1429 5240 arbitrio,
1441 5168 1584 5240 nimirum,
1597 5169 1707 5242 quando
1721 5173 1814 5246 agitur

183 5251 302 5310 suetudo
324 5249 490 5323 praescripta
511 5264 565 5306 non
587 5250 693 5310 inducit
712 5251 799 5327 legam
820 5260 851 5311 ut
871 5259 981 5328 signum
1018 5259 1053 5322 de
1066 5256 1246 5316 coniectando
1260 5265 1349 5314 urente
1362 5257 1492 5329 principis
1502 5264 1531 5315 ct
1542 5259 1645 5332 populi.
1657 5261 1692 5319 Et
1703 5261 1740 5319 ita
1751 5277 1816 5336 poa·

262 5356 635 5413 susass.ttedsrtdus-Parstt.
1087 5395 1092 5404 .
1603 5365 1630 5420 aq
