<?xml version="1.0" encoding="UTF-8"?>
<!DOCTYPE html PUBLIC "-//W3C//DTD XHTML 1.0 Transitional//EN"
    "http://www.w3.org/TR/xhtml1/DTD/xhtml1-transitional.dtd">
<html xmlns="http://www.w3.org/1999/xhtml" xml:lang="en" lang="en">
 <head>
  <title>
</title>
<meta http-equiv="Content-Type" content="text/html;charset=utf-8" />
  <meta name='ocr-system' content='tesseract 3.04.00' />
  <meta name='ocr-capabilities' content='ocr_page ocr_carea ocr_par ocr_line ocrx_word'/>
</head>
<body>
  <div class='ocr_page' id='page_1' title='image "./tractatusdelegi00sugoog_0516.png"; bbox 0 0 4260 6222; ppageno 0'>
   <div class='ocr_carea' id='block_1_1' title="bbox 846 373 1734 436">
    <p class='ocr_par' dir='ltr' id='par_1_1' title="bbox 846 373 1734 436">
     <span class='ocr_line' id='line_1_1' title="bbox 846 373 1734 436; baseline 0.006 -5"><span class='ocrx_word' id='word_1_1' title='bbox 846 380 954 432; x_wconf 78' lang='lat' dir='ltr'><strong>carun</strong></span> <span class='ocrx_word' id='word_1_2' title='bbox 967 381 1092 434; x_wconf 78' lang='lat' dir='ltr'><strong>xxxiv.</strong></span> <span class='ocrx_word' id='word_1_3' title='bbox 1672 373 1734 436; x_wconf 80' lang='lat' dir='ltr'><strong>t8‘l</strong></span> 
     </span>
    </p>
   </div>
   <div class='ocr_carea' id='block_1_2' title="bbox 128 505 1843 5308">
    <p class='ocr_par' dir='ltr' id='par_1_2' title="bbox 128 505 1843 5308">
     <span class='ocr_line' id='line_1_2' title="bbox 132 505 1772 582; baseline 0.004 -19"><span class='ocrx_word' id='word_1_4' title='bbox 132 505 181 563; x_wconf 87' lang='lat' dir='ltr'><strong>ubi</strong></span> <span class='ocrx_word' id='word_1_5' title='bbox 203 507 299 567; x_wconf 81' lang='lat' dir='ltr'><strong>etosss</strong></span> <span class='ocrx_word' id='word_1_6' title='bbox 316 509 401 568; x_wconf 87' lang='lat' dir='ltr'><strong>verbo</strong></span> <span class='ocrx_word' id='word_1_7' title='bbox 419 507 533 576; x_wconf 74' lang='lat' dir='ltr'><strong>cotue,</strong></span> <span class='ocrx_word' id='word_1_8' title='bbox 550 516 578 564; x_wconf 91' lang='lat' dir='ltr'><strong>et</strong></span> <span class='ocrx_word' id='word_1_9' title='bbox 593 508 690 565; x_wconf 86' lang='lat' dir='ltr'><strong>Glossa</strong></span> <span class='ocrx_word' id='word_1_10' title='bbox 709 509 737 563; x_wconf 91' lang='lat' dir='ltr'><strong>in</strong></span> <span class='ocrx_word' id='word_1_11' title='bbox 758 521 785 562; x_wconf 92' lang='lat' dir='ltr'><strong>c.</strong></span> <span class='ocrx_word' id='word_1_12' title='bbox 801 507 832 563; x_wconf 76' lang='lat' dir='ltr'><strong>st·</strong></span> <span class='ocrx_word' id='word_1_13' title='bbox 846 521 935 578; x_wconf 84' lang='lat' dir='ltr'><strong>super</strong></span> <span class='ocrx_word' id='word_1_14' title='bbox 971 505 1074 565; x_wconf 90' lang='lat' dir='ltr'><strong>luntate</strong></span> <span class='ocrx_word' id='word_1_15' title='bbox 1096 509 1246 582; x_wconf 88' lang='lat' dir='ltr'><strong>principis,</strong></span> <span class='ocrx_word' id='word_1_16' title='bbox 1268 509 1310 566; x_wconf 92' lang='lat' dir='ltr'><strong>vel</strong></span> <span class='ocrx_word' id='word_1_17' title='bbox 1330 527 1363 568; x_wconf 83' lang='lat' dir='ltr'><strong>ex</strong></span> <span class='ocrx_word' id='word_1_18' title='bbox 1384 512 1552 568; x_wconf 87' lang='lat' dir='ltr'><strong>institutione</strong></span> <span class='ocrx_word' id='word_1_19' title='bbox 1572 513 1690 571; x_wconf 87' lang='lat' dir='ltr'><strong>alienius</strong></span> <span class='ocrx_word' id='word_1_20' title='bbox 1704 514 1772 570; x_wconf 87' lang='lat' dir='ltr'><strong>iuris</strong></span> 
     </span>
     <span class='ocr_line' id='line_1_3' title="bbox 130 595 1771 675; baseline 0.001 -18"><span class='ocrx_word' id='word_1_21' title='bbox 130 604 245 671; x_wconf 80' lang='lat' dir='ltr'><strong>qratia,</strong></span> <span class='ocrx_word' id='word_1_22' title='bbox 264 599 297 656; x_wconf 92' lang='lat' dir='ltr'><strong>de</strong></span> <span class='ocrx_word' id='word_1_23' title='bbox 312 598 389 656; x_wconf 86' lang='lat' dir='ltr'><strong>ollio.</strong></span> <span class='ocrx_word' id='word_1_24' title='bbox 406 599 495 671; x_wconf 90' lang='lat' dir='ltr'><strong>deleg.</strong></span> <span class='ocrx_word' id='word_1_25' title='bbox 511 600 536 654; x_wconf 89' lang='lat' dir='ltr'><strong>in</strong></span> <span class='ocrx_word' id='word_1_26' title='bbox 553 602 584 670; x_wconf 83' lang='lat'><strong>6,</strong></span> <span class='ocrx_word' id='word_1_27' title='bbox 601 598 683 654; x_wconf 89' lang='lat' dir='ltr'><strong>verbo</strong></span> <span class='ocrx_word' id='word_1_28' title='bbox 695 595 887 672; x_wconf 83' lang='lat' dir='ltr'><strong>principalis.</strong></span> <span class='ocrx_word' id='word_1_29' title='bbox 902 599 933 652; x_wconf 90' lang='lat' dir='ltr'><strong>tn</strong></span> <span class='ocrx_word' id='word_1_30' title='bbox 970 596 1179 655; x_wconf 87' lang='lat' dir='ltr'><strong>determinentis</strong></span> <span class='ocrx_word' id='word_1_31' title='bbox 1196 599 1308 656; x_wconf 92' lang='lat' dir='ltr'><strong>modum</strong></span> <span class='ocrx_word' id='word_1_32' title='bbox 1323 601 1501 658; x_wconf 88' lang='lat' dir='ltr'><strong>conservandi</strong></span> <span class='ocrx_word' id='word_1_33' title='bbox 1516 603 1700 675; x_wconf 90' lang='lat' dir='ltr'><strong>privilegium.</strong></span> <span class='ocrx_word' id='word_1_34' title='bbox 1718 603 1771 659; x_wconf 92' lang='lat' dir='ltr'><strong>Sed</strong></span> 
     </span>
     <span class='ocr_line' id='line_1_4' title="bbox 130 686 1771 764; baseline 0.002 -19"><span class='ocrx_word' id='word_1_35' title='bbox 130 689 216 745; x_wconf 90' lang='lat' dir='ltr'><strong>modo</strong></span> <span class='ocrx_word' id='word_1_36' title='bbox 230 697 323 746; x_wconf 89' lang='lat' dir='ltr'><strong>sutem</strong></span> <span class='ocrx_word' id='word_1_37' title='bbox 333 689 445 746; x_wconf 88' lang='lat' dir='ltr'><strong>tollendi</strong></span> <span class='ocrx_word' id='word_1_38' title='bbox 457 690 556 760; x_wconf 86' lang='lat' dir='ltr'><strong>legem,</strong></span> <span class='ocrx_word' id='word_1_39' title='bbox 567 687 609 744; x_wconf 86' lang='lat' dir='ltr'><strong>vel</strong></span> <span class='ocrx_word' id='word_1_40' title='bbox 621 687 795 759; x_wconf 87' lang='lat' dir='ltr'><strong>privilegium</strong></span> <span class='ocrx_word' id='word_1_41' title='bbox 808 701 855 756; x_wconf 92' lang='lat' dir='ltr'><strong>per</strong></span> <span class='ocrx_word' id='word_1_42' title='bbox 867 701 935 741; x_wconf 89' lang='lat' dir='ltr'><strong>oon·</strong></span> <span class='ocrx_word' id='word_1_43' title='bbox 972 686 1036 743; x_wconf 88' lang='lat' dir='ltr'><strong>licet</strong></span> <span class='ocrx_word' id='word_1_44' title='bbox 1054 686 1106 744; x_wconf 92' lang='lat' dir='ltr'><strong>boc</strong></span> <span class='ocrx_word' id='word_1_45' title='bbox 1121 688 1155 743; x_wconf 91' lang='lat' dir='ltr'><strong>sit</strong></span> <span class='ocrx_word' id='word_1_46' title='bbox 1170 688 1320 759; x_wconf 75' lang='lat' dir='ltr'>probabile,</span> <span class='ocrx_word' id='word_1_47' title='bbox 1332 689 1441 762; x_wconf 88' lang='lat' dir='ltr'><strong>quando</strong></span> <span class='ocrx_word' id='word_1_48' title='bbox 1457 691 1582 762; x_wconf 88' lang='lat' dir='ltr'><strong>princeps</strong></span> <span class='ocrx_word' id='word_1_49' title='bbox 1593 692 1618 746; x_wconf 92' lang='lat' dir='ltr'><strong>in</strong></span> <span class='ocrx_word' id='word_1_50' title='bbox 1630 692 1688 764; x_wconf 88' lang='lat' dir='ltr'><strong>ipsa</strong></span> <span class='ocrx_word' id='word_1_51' title='bbox 1703 695 1771 748; x_wconf 92' lang='lat' dir='ltr'><strong>sori·</strong></span> 
     </span>
     <span class='ocr_line' id='line_1_5' title="bbox 130 773 1772 851; baseline 0.001 -17"><span class='ocrx_word' id='word_1_52' title='bbox 130 779 321 850; x_wconf 72' lang='lat' dir='ltr'><strong>suetudinem,</strong></span> <span class='ocrx_word' id='word_1_53' title='bbox 340 778 382 834; x_wconf 88' lang='lat' dir='ltr'><strong>vel</strong></span> <span class='ocrx_word' id='word_1_54' title='bbox 403 794 458 835; x_wconf 92' lang='lat' dir='ltr'><strong>non</strong></span> <span class='ocrx_word' id='word_1_55' title='bbox 478 792 560 834; x_wconf 89' lang='lat' dir='ltr'><strong>usum</strong></span> <span class='ocrx_word' id='word_1_56' title='bbox 580 776 655 832; x_wconf 90' lang='lat' dir='ltr'><strong>nulle</strong></span> <span class='ocrx_word' id='word_1_57' title='bbox 672 775 742 832; x_wconf 88' lang='lat' dir='ltr'><strong>ratio</strong></span> <span class='ocrx_word' id='word_1_58' title='bbox 756 773 932 844; x_wconf 78' lang='lat' dir='ltr'><strong>differentiae,</strong></span> <span class='ocrx_word' id='word_1_59' title='bbox 971 782 1053 847; x_wconf 89' lang='lat' dir='ltr'><strong>ptura</strong></span> <span class='ocrx_word' id='word_1_60' title='bbox 1069 774 1200 850; x_wconf 82' lang='lat' dir='ltr'><strong>privilegii</strong></span> <span class='ocrx_word' id='word_1_61' title='bbox 1215 777 1296 834; x_wconf 87' lang='lat' dir='ltr'><strong>talem</strong></span> <span class='ocrx_word' id='word_1_62' title='bbox 1311 778 1421 835; x_wconf 90' lang='lat' dir='ltr'><strong>modum</strong></span> <span class='ocrx_word' id='word_1_63' title='bbox 1437 779 1613 851; x_wconf 80' lang='lat' dir='ltr'><strong>praescribit,</strong></span> <span class='ocrx_word' id='word_1_64' title='bbox 1630 780 1671 836; x_wconf 89' lang='lat' dir='ltr'><strong>vel</strong></span> <span class='ocrx_word' id='word_1_65' title='bbox 1685 783 1712 836; x_wconf 91' lang='lat' dir='ltr'><strong>ln</strong></span> <span class='ocrx_word' id='word_1_66' title='bbox 1726 796 1772 836; x_wconf 90' lang='lat' dir='ltr'><strong>oe·</strong></span> 
     </span>
     <span class='ocr_line' id='line_1_6' title="bbox 129 862 1774 940; baseline 0.001 -17"><span class='ocrx_word' id='word_1_67' title='bbox 129 869 176 924; x_wconf 90' lang='lat' dir='ltr'><strong>vel</strong></span> <span class='ocrx_word' id='word_1_68' title='bbox 187 883 317 925; x_wconf 79' lang='lat' dir='ltr'><strong>excessus</strong></span> <span class='ocrx_word' id='word_1_69' title='bbox 331 867 464 924; x_wconf 78' lang='lat' dir='ltr'><strong>firmitatis</strong></span> <span class='ocrx_word' id='word_1_70' title='bbox 475 882 508 923; x_wconf 85' lang='lat' dir='ltr'><strong>ex</strong></span> <span class='ocrx_word' id='word_1_71' title='bbox 519 873 595 937; x_wconf 91' lang='lat' dir='ltr'><strong>parte</strong></span> <span class='ocrx_word' id='word_1_72' title='bbox 606 864 672 937; x_wconf 87' lang='lat' dir='ltr'><strong>legis</strong></span> <span class='ocrx_word' id='word_1_73' title='bbox 684 862 815 935; x_wconf 88' lang='lat' dir='ltr'><strong>assignari</strong></span> <span class='ocrx_word' id='word_1_74' title='bbox 832 869 933 934; x_wconf 89' lang='lat' dir='ltr'><strong>potest,</strong></span> <span class='ocrx_word' id='word_1_75' title='bbox 971 866 1047 922; x_wconf 88' lang='lat' dir='ltr'><strong>sibus</strong></span> <span class='ocrx_word' id='word_1_76' title='bbox 1066 863 1090 920; x_wconf 89' lang='lat' dir='ltr'><strong>ln</strong></span> <span class='ocrx_word' id='word_1_77' title='bbox 1104 866 1161 922; x_wconf 89' lang='lat' dir='ltr'><strong>iure</strong></span> <span class='ocrx_word' id='word_1_78' title='bbox 1176 867 1323 937; x_wconf 79' lang='lat' dir='ltr'>expressis,</span> <span class='ocrx_word' id='word_1_79' title='bbox 1338 872 1368 922; x_wconf 95' lang='lat' dir='ltr'><strong>ut</strong></span> <span class='ocrx_word' id='word_1_80' title='bbox 1379 869 1470 924; x_wconf 90' lang='lat' dir='ltr'><strong>statim</strong></span> <span class='ocrx_word' id='word_1_81' title='bbox 1481 867 1583 940; x_wconf 76' lang='lat' dir='ltr'><strong>dicem,</strong></span> <span class='ocrx_word' id='word_1_82' title='bbox 1597 868 1774 926; x_wconf 89' lang='lat' dir='ltr'><strong>nibilominus-</strong></span> 
     </span>
     <span class='ocr_line' id='line_1_7' title="bbox 131 950 1771 1030; baseline 0.001 -18"><span class='ocrx_word' id='word_1_83' title='bbox 131 966 242 1014; x_wconf 86' lang='lat' dir='ltr'><strong>serveta</strong></span> <span class='ocrx_word' id='word_1_84' title='bbox 262 953 453 1028; x_wconf 63' lang='lat' dir='ltr'><strong>proportione,</strong></span> <span class='ocrx_word' id='word_1_85' title='bbox 467 957 516 1012; x_wconf 90' lang='lat' dir='ltr'><strong>nisi</strong></span> <span class='ocrx_word' id='word_1_86' title='bbox 530 955 644 1012; x_wconf 82' lang='lat' dir='ltr'><strong>sortasse</strong></span> <span class='ocrx_word' id='word_1_87' title='bbox 658 955 683 1008; x_wconf 90' lang='lat' dir='ltr'><strong>in</strong></span> <span class='ocrx_word' id='word_1_88' title='bbox 699 952 770 1022; x_wconf 89' lang='lat' dir='ltr'><strong>boc,</strong></span> <span class='ocrx_word' id='word_1_89' title='bbox 786 950 861 1024; x_wconf 89' lang='lat' dir='ltr'><strong>quod</strong></span> <span class='ocrx_word' id='word_1_90' title='bbox 878 966 935 1006; x_wconf 87' lang='lat' dir='ltr'><strong>ma·</strong></span> <span class='ocrx_word' id='word_1_91' title='bbox 971 961 1049 1011; x_wconf 76' lang='lat' dir='ltr'><strong>estre</strong></span> <span class='ocrx_word' id='word_1_92' title='bbox 1071 952 1121 1009; x_wconf 90' lang='lat' dir='ltr'><strong>hos</strong></span> <span class='ocrx_word' id='word_1_93' title='bbox 1142 969 1234 1029; x_wconf 25' lang='lat' dir='ltr'><strong>cesus,</strong></span> <span class='ocrx_word' id='word_1_94' title='bbox 1246 961 1336 1026; x_wconf 92' lang='lat' dir='ltr'><strong>potest</strong></span> <span class='ocrx_word' id='word_1_95' title='bbox 1356 957 1440 1013; x_wconf 91' lang='lat' dir='ltr'><strong>amitti</strong></span> <span class='ocrx_word' id='word_1_96' title='bbox 1461 958 1633 1030; x_wconf 86' lang='lat' dir='ltr'><strong>privilegium</strong></span> <span class='ocrx_word' id='word_1_97' title='bbox 1655 975 1702 1030; x_wconf 90' lang='lat' dir='ltr'><strong>per</strong></span> <span class='ocrx_word' id='word_1_98' title='bbox 1716 973 1771 1014; x_wconf 90' lang='lat' dir='ltr'><strong>non</strong></span> 
     </span>
     <span class='ocr_line' id='line_1_8' title="bbox 132 1042 1772 1120; baseline 0.001 -17"><span class='ocrx_word' id='word_1_99' title='bbox 132 1051 179 1103; x_wconf 91' lang='lat' dir='ltr'><strong>ius</strong></span> <span class='ocrx_word' id='word_1_100' title='bbox 200 1057 308 1120; x_wconf 89' lang='lat' dir='ltr'><strong>tempus</strong></span> <span class='ocrx_word' id='word_1_101' title='bbox 326 1047 396 1104; x_wconf 85' lang='lat' dir='ltr'><strong>sorte</strong></span> <span class='ocrx_word' id='word_1_102' title='bbox 417 1048 569 1119; x_wconf 77' lang='lat' dir='ltr'><strong>requiritur</strong></span> <span class='ocrx_word' id='word_1_103' title='bbox 589 1045 621 1101; x_wconf 92' lang='lat' dir='ltr'><strong>ed</strong></span> <span class='ocrx_word' id='word_1_104' title='bbox 641 1043 789 1101; x_wconf 87' lang='lat' dir='ltr'><strong>tollendam</strong></span> <span class='ocrx_word' id='word_1_105' title='bbox 809 1057 933 1099; x_wconf 87' lang='lat' dir='ltr'><strong>commu·</strong></span> <span class='ocrx_word' id='word_1_106' title='bbox 971 1059 1053 1099; x_wconf 92' lang='lat' dir='ltr'><strong>nsum</strong></span> <span class='ocrx_word' id='word_1_107' title='bbox 1072 1042 1183 1115; x_wconf 75' lang='lat' dir='ltr'><strong>legitimi</strong></span> <span class='ocrx_word' id='word_1_108' title='bbox 1199 1046 1345 1116; x_wconf 80' lang='lat' dir='ltr'><strong>temporis3</strong></span> <span class='ocrx_word' id='word_1_109' title='bbox 1360 1061 1427 1116; x_wconf 86' lang='lat' dir='ltr'><strong>ergo</strong></span> <span class='ocrx_word' id='word_1_110' title='bbox 1441 1061 1554 1102; x_wconf 89' lang='lat' dir='ltr'><strong>necesse</strong></span> <span class='ocrx_word' id='word_1_111' title='bbox 1567 1053 1624 1116; x_wconf 89' lang='lat' dir='ltr'><strong>est,</strong></span> <span class='ocrx_word' id='word_1_112' title='bbox 1642 1055 1675 1104; x_wconf 89' lang='lat' dir='ltr'><strong>ut</strong></span> <span class='ocrx_word' id='word_1_113' title='bbox 1689 1047 1714 1104; x_wconf 92' lang='lat' dir='ltr'><strong>id</strong></span> <span class='ocrx_word' id='word_1_114' title='bbox 1729 1048 1772 1105; x_wconf 82' lang='lat' dir='ltr'><strong>laet</strong></span> 
     </span>
     <span class='ocr_line' id='line_1_9' title="bbox 131 1132 1843 1208; baseline 0.001 -16"><span class='ocrx_word' id='word_1_115' title='bbox 131 1152 197 1192; x_wconf 86' lang='lat' dir='ltr'><strong>nem</strong></span> <span class='ocrx_word' id='word_1_116' title='bbox 214 1136 317 1208; x_wconf 90' lang='lat' dir='ltr'><strong>legem,</strong></span> <span class='ocrx_word' id='word_1_117' title='bbox 333 1151 415 1208; x_wconf 61' lang='lat' dir='ltr'><strong>wem</strong></span> <span class='ocrx_word' id='word_1_118' title='bbox 430 1135 617 1206; x_wconf 73' lang='lat' dir='ltr'><strong>privilegium,</strong></span> <span class='ocrx_word' id='word_1_119' title='bbox 636 1133 739 1205; x_wconf 91' lang='lat' dir='ltr'><strong>dequo</strong></span> <span class='ocrx_word' id='word_1_120' title='bbox 755 1135 848 1202; x_wconf 90' lang='lat' dir='ltr'><strong>postea</strong></span> <span class='ocrx_word' id='word_1_121' title='bbox 863 1133 936 1188; x_wconf 90' lang='lat' dir='ltr'><strong>vide·</strong></span> <span class='ocrx_word' id='word_1_122' title='bbox 970 1146 1020 1203; x_wconf 89' lang='lat' dir='ltr'><strong>per</strong></span> <span class='ocrx_word' id='word_1_123' title='bbox 1032 1132 1386 1205; x_wconf 68' lang='lat' dir='ltr'><strong>modum&#39;preescriptiouis,</strong></span> <span class='ocrx_word' id='word_1_124' title='bbox 1398 1141 1426 1190; x_wconf 89' lang='lat' dir='ltr'><strong>et</strong></span> <span class='ocrx_word' id='word_1_125' title='bbox 1436 1149 1472 1192; x_wconf 83' lang='lat' dir='ltr'><strong>ex</strong></span> <span class='ocrx_word' id='word_1_126' title='bbox 1483 1136 1508 1190; x_wconf 93' lang='lat' dir='ltr'><strong>vi</strong></span> <span class='ocrx_word' id='word_1_127' title='bbox 1519 1135 1636 1192; x_wconf 89' lang='lat' dir='ltr'><strong>alicuius</strong></span> <span class='ocrx_word' id='word_1_128' title='bbox 1646 1151 1771 1194; x_wconf 90' lang='lat' dir='ltr'><strong>commu·</strong></span> <span class='ocrx_word' id='word_1_129' title='bbox 1840 1159 1843 1164; x_wconf 93' lang='lat'>·</span> 
     </span>
     <span class='ocr_line' id='line_1_10' title="bbox 130 1220 1770 1298; baseline 0.001 -17"><span class='ocrx_word' id='word_1_130' title='bbox 130 1227 239 1295; x_wconf 90' lang='lat' dir='ltr'><strong>bimus,</strong></span> <span class='ocrx_word' id='word_1_131' title='bbox 255 1241 328 1282; x_wconf 89' lang='lat' dir='ltr'><strong>nunc</strong></span> <span class='ocrx_word' id='word_1_132' title='bbox 343 1226 413 1280; x_wconf 90' lang='lat' dir='ltr'><strong>enim</strong></span> <span class='ocrx_word' id='word_1_133' title='bbox 428 1241 481 1281; x_wconf 90' lang='lat' dir='ltr'><strong>non</strong></span> <span class='ocrx_word' id='word_1_134' title='bbox 496 1223 589 1280; x_wconf 80' lang='lat' dir='ltr'><strong>relect.</strong></span> <span class='ocrx_word' id='word_1_135' title='bbox 605 1226 634 1280; x_wconf 92' lang='lat' dir='ltr'><strong>ln</strong></span> <span class='ocrx_word' id='word_1_136' title='bbox 649 1223 701 1278; x_wconf 91' lang='lat' dir='ltr'><strong>boc</strong></span> <span class='ocrx_word' id='word_1_137' title='bbox 716 1237 793 1292; x_wconf 90' lang='lat' dir='ltr'><strong>vero,</strong></span> <span class='ocrx_word' id='word_1_138' title='bbox 807 1222 881 1291; x_wconf 92' lang='lat' dir='ltr'><strong>qnod</strong></span> <span class='ocrx_word' id='word_1_139' title='bbox 900 1220 934 1278; x_wconf 89' lang='lat' dir='ltr'><strong>ad</strong></span> <span class='ocrx_word' id='word_1_140' title='bbox 971 1222 1011 1278; x_wconf 90' lang='lat' dir='ltr'><strong>nis</strong></span> <span class='ocrx_word' id='word_1_141' title='bbox 1026 1221 1090 1277; x_wconf 89' lang='lat' dir='ltr'><strong>iuris</strong></span> <span class='ocrx_word' id='word_1_142' title='bbox 1105 1220 1137 1278; x_wconf 89' lang='lat' dir='ltr'><strong>sd</strong></span> <span class='ocrx_word' id='word_1_143' title='bbox 1152 1223 1381 1293; x_wconf 79' lang='lat' dir='ltr'><strong>praescriptiones</strong></span> <span class='ocrx_word' id='word_1_144' title='bbox 1397 1223 1565 1294; x_wconf 87' lang='lat' dir='ltr'><strong>pertinentis,</strong></span> <span class='ocrx_word' id='word_1_145' title='bbox 1577 1227 1642 1297; x_wconf 92' lang='lat' dir='ltr'><strong>quie</strong></span> <span class='ocrx_word' id='word_1_146' title='bbox 1654 1241 1708 1282; x_wconf 90' lang='lat' dir='ltr'><strong>non</strong></span> <span class='ocrx_word' id='word_1_147' title='bbox 1722 1243 1770 1298; x_wconf 93' lang='lat' dir='ltr'><strong>po-</strong></span> 
     </span>
     <span class='ocr_line' id='line_1_11' title="bbox 133 1309 1770 1386; baseline 0.001 -16"><span class='ocrx_word' id='word_1_148' title='bbox 133 1321 283 1386; x_wconf 90' lang='lat' dir='ltr'><strong>utrnmqne</strong></span> <span class='ocrx_word' id='word_1_149' title='bbox 303 1315 333 1370; x_wconf 90' lang='lat' dir='ltr'><strong>lit</strong></span> <span class='ocrx_word' id='word_1_150' title='bbox 356 1313 528 1370; x_wconf 89' lang='lat' dir='ltr'><strong>necessarius</strong></span> <span class='ocrx_word' id='word_1_151' title='bbox 549 1328 617 1370; x_wconf 83' lang='lat' dir='ltr'><strong>ustis</strong></span> <span class='ocrx_word' id='word_1_152' title='bbox 637 1312 809 1380; x_wconf 87' lang='lat' dir='ltr'><strong>contrarius,</strong></span> <span class='ocrx_word' id='word_1_153' title='bbox 832 1318 860 1368; x_wconf 91' lang='lat' dir='ltr'><strong>et</strong></span> <span class='ocrx_word' id='word_1_154' title='bbox 880 1327 934 1366; x_wconf 90' lang='lat' dir='ltr'><strong>non</strong></span> <span class='ocrx_word' id='word_1_155' title='bbox 970 1317 1024 1367; x_wconf 89' lang='lat' dir='ltr'><strong>test</strong></span> <span class='ocrx_word' id='word_1_156' title='bbox 1045 1309 1095 1366; x_wconf 89' lang='lat' dir='ltr'><strong>alio</strong></span> <span class='ocrx_word' id='word_1_157' title='bbox 1118 1309 1199 1366; x_wconf 90' lang='lat' dir='ltr'><strong>modo</strong></span> <span class='ocrx_word' id='word_1_158' title='bbox 1218 1326 1283 1367; x_wconf 90' lang='lat' dir='ltr'><strong>cnm</strong></span> <span class='ocrx_word' id='word_1_159' title='bbox 1298 1310 1471 1368; x_wconf 90' lang='lat' dir='ltr'><strong>lundemeuto</strong></span> <span class='ocrx_word' id='word_1_160' title='bbox 1487 1313 1616 1369; x_wconf 89' lang='lat' dir='ltr'><strong>allirmari</strong></span> <span class='ocrx_word' id='word_1_161' title='bbox 1631 1314 1693 1371; x_wconf 90' lang='lat' dir='ltr'><strong>telis</strong></span> <span class='ocrx_word' id='word_1_162' title='bbox 1713 1331 1770 1372; x_wconf 89' lang='lat' dir='ltr'><strong>mo·</strong></span> 
     </span>
     <span class='ocr_line' id='line_1_12' title="bbox 131 1398 1770 1476; baseline 0.002 -20"><span class='ocrx_word' id='word_1_163' title='bbox 131 1401 256 1460; x_wconf 85' lang='lat' dir='ltr'><strong>sntilciat</strong></span> <span class='ocrx_word' id='word_1_164' title='bbox 269 1419 322 1460; x_wconf 89' lang='lat' dir='ltr'><strong>nou</strong></span> <span class='ocrx_word' id='word_1_165' title='bbox 337 1419 417 1476; x_wconf 90' lang='lat' dir='ltr'><strong>usus,</strong></span> <span class='ocrx_word' id='word_1_166' title='bbox 429 1403 539 1460; x_wconf 89' lang='lat' dir='ltr'><strong>omniuo</strong></span> <span class='ocrx_word' id='word_1_167' title='bbox 551 1403 658 1458; x_wconf 90' lang='lat' dir='ltr'><strong>videtur</strong></span> <span class='ocrx_word' id='word_1_168' title='bbox 669 1400 764 1457; x_wconf 87' lang='lat' dir='ltr'><strong>eadem</strong></span> <span class='ocrx_word' id='word_1_169' title='bbox 776 1402 857 1469; x_wconf 67' lang='lat' dir='ltr'><strong>ratio,</strong></span> <span class='ocrx_word' id='word_1_170' title='bbox 870 1401 934 1474; x_wconf 91' lang='lat' dir='ltr'><strong>quie</strong></span> <span class='ocrx_word' id='word_1_171' title='bbox 968 1398 1022 1456; x_wconf 91' lang='lat' dir='ltr'><strong>dus</strong></span> <span class='ocrx_word' id='word_1_172' title='bbox 1035 1398 1175 1456; x_wconf 90' lang='lat' dir='ltr'><strong>emittendi</strong></span> <span class='ocrx_word' id='word_1_173' title='bbox 1187 1400 1356 1472; x_wconf 85' lang='lat' dir='ltr'><strong>privilegium</strong></span> <span class='ocrx_word' id='word_1_174' title='bbox 1366 1442 1373 1472; x_wconf 89' lang='lat'><strong>,</strong></span> <span class='ocrx_word' id='word_1_175' title='bbox 1385 1415 1449 1457; x_wconf 92' lang='lat' dir='ltr'><strong>cum</strong></span> <span class='ocrx_word' id='word_1_176' title='bbox 1464 1408 1554 1458; x_wconf 88' lang='lat' dir='ltr'><strong>temen</strong></span> <span class='ocrx_word' id='word_1_177' title='bbox 1566 1403 1619 1458; x_wconf 89' lang='lat' dir='ltr'><strong>siat</strong></span> <span class='ocrx_word' id='word_1_178' title='bbox 1633 1403 1711 1460; x_wconf 88' lang='lat' dir='ltr'><strong>multi</strong></span> <span class='ocrx_word' id='word_1_179' title='bbox 1723 1418 1770 1460; x_wconf 89' lang='lat' dir='ltr'><strong>ce-</strong></span> 
     </span>
     <span class='ocr_line' id='line_1_13' title="bbox 131 1488 1769 1564; baseline 0.001 -17"><span class='ocrx_word' id='word_1_180' title='bbox 131 1494 207 1548; x_wconf 89' lang='lat' dir='ltr'><strong>sicnt</strong></span> <span class='ocrx_word' id='word_1_181' title='bbox 226 1495 253 1548; x_wconf 86' lang='lat' dir='ltr'><strong>in</strong></span> <span class='ocrx_word' id='word_1_182' title='bbox 275 1508 329 1548; x_wconf 88' lang='lat' dir='ltr'><strong>non</strong></span> <span class='ocrx_word' id='word_1_183' title='bbox 351 1509 403 1550; x_wconf 90' lang='lat' dir='ltr'><strong>usu</strong></span> <span class='ocrx_word' id='word_1_184' title='bbox 419 1491 478 1548; x_wconf 89' lang='lat' dir='ltr'><strong>talis</strong></span> <span class='ocrx_word' id='word_1_185' title='bbox 492 1491 558 1564; x_wconf 89' lang='lat' dir='ltr'><strong>legis</strong></span> <span class='ocrx_word' id='word_1_186' title='bbox 572 1491 753 1562; x_wconf 88' lang='lat' dir='ltr'><strong>permittentis</strong></span> <span class='ocrx_word' id='word_1_187' title='bbox 768 1489 862 1546; x_wconf 89' lang='lat' dir='ltr'><strong>nullus</strong></span> <span class='ocrx_word' id='word_1_188' title='bbox 879 1496 931 1560; x_wconf 87' lang='lat' dir='ltr'><strong>est,</strong></span> <span class='ocrx_word' id='word_1_189' title='bbox 969 1505 1037 1558; x_wconf 89' lang='lat' dir='ltr'><strong>sus,</strong></span> <span class='ocrx_word' id='word_1_190' title='bbox 1053 1488 1192 1560; x_wconf 90' lang='lat' dir='ltr'><strong>inquibus</strong></span> <span class='ocrx_word' id='word_1_191' title='bbox 1207 1489 1611 1563; x_wconf 73' lang='lat' dir='ltr'><strong>nonvideaturpossenegari3</strong></span> <span class='ocrx_word' id='word_1_192' title='bbox 1629 1500 1659 1548; x_wconf 93' lang='lat' dir='ltr'><strong>ut</strong></span> <span class='ocrx_word' id='word_1_193' title='bbox 1671 1497 1697 1549; x_wconf 91' lang='lat' dir='ltr'><strong>in</strong></span> <span class='ocrx_word' id='word_1_194' title='bbox 1715 1511 1769 1550; x_wconf 90' lang='lat' dir='ltr'><strong>non</strong></span> 
     </span>
     <span class='ocr_line' id='line_1_14' title="bbox 131 1577 1771 1654; baseline 0.002 -17"><span class='ocrx_word' id='word_1_195' title='bbox 131 1582 180 1652; x_wconf 97' lang='lat' dir='ltr'><strong>qui</strong></span> <span class='ocrx_word' id='word_1_196' title='bbox 199 1581 366 1652; x_wconf 88' lang='lat' dir='ltr'><strong>praescribat</strong></span> <span class='ocrx_word' id='word_1_197' title='bbox 378 1622 385 1652; x_wconf 92' lang='lat'><strong>,</strong></span> <span class='ocrx_word' id='word_1_198' title='bbox 397 1581 438 1637; x_wconf 93' lang='lat' dir='ltr'><strong>vel</strong></span> <span class='ocrx_word' id='word_1_199' title='bbox 452 1581 529 1654; x_wconf 89' lang='lat' dir='ltr'><strong>quasi</strong></span> <span class='ocrx_word' id='word_1_200' title='bbox 544 1580 712 1651; x_wconf 85' lang='lat' dir='ltr'><strong>praescribet</strong></span> <span class='ocrx_word' id='word_1_201' title='bbox 723 1586 820 1636; x_wconf 91' lang='lat' dir='ltr'><strong>contra</strong></span> <span class='ocrx_word' id='word_1_202' title='bbox 831 1577 932 1650; x_wconf 89' lang='lat' dir='ltr'><strong>legem,</strong></span> <span class='ocrx_word' id='word_1_203' title='bbox 944 1619 950 1628; x_wconf 90' lang='lat'>.</span> <span class='ocrx_word' id='word_1_204' title='bbox 970 1593 1021 1634; x_wconf 90' lang='lat' dir='ltr'><strong>usu</strong></span> <span class='ocrx_word' id='word_1_205' title='bbox 1040 1577 1170 1649; x_wconf 88' lang='lat' dir='ltr'><strong>privilegii</strong></span> <span class='ocrx_word' id='word_1_206' title='bbox 1185 1577 1217 1634; x_wconf 90' lang='lat' dir='ltr'><strong>ad</strong></span> <span class='ocrx_word' id='word_1_207' title='bbox 1229 1578 1384 1651; x_wconf 89' lang='lat' dir='ltr'><strong>eligendum</strong></span> <span class='ocrx_word' id='word_1_208' title='bbox 1396 1589 1460 1636; x_wconf 89' lang='lat' dir='ltr'><strong>cum</strong></span> <span class='ocrx_word' id='word_1_209' title='bbox 1471 1577 1542 1649; x_wconf 87' lang='lat' dir='ltr'><strong>eliis,</strong></span> <span class='ocrx_word' id='word_1_210' title='bbox 1556 1583 1603 1652; x_wconf 94' lang='lat' dir='ltr'><strong>qni</strong></span> <span class='ocrx_word' id='word_1_211' title='bbox 1614 1583 1658 1637; x_wconf 91' lang='lat' dir='ltr'><strong>ius</strong></span> <span class='ocrx_word' id='word_1_212' title='bbox 1670 1582 1771 1640; x_wconf 87' lang='lat' dir='ltr'><strong>hebent</strong></span> 
     </span>
     <span class='ocr_line' id='line_1_15' title="bbox 130 1655 1772 1744; baseline 0.002 -18"><span class='ocrx_word' id='word_1_213' title='bbox 130 1673 170 1726; x_wconf 90' lang='lat' dir='ltr'><strong>ite</strong></span> <span class='ocrx_word' id='word_1_214' title='bbox 184 1665 210 1727; x_wconf 90' lang='lat' dir='ltr'><strong>in</strong></span> <span class='ocrx_word' id='word_1_215' title='bbox 225 1685 278 1727; x_wconf 91' lang='lat' dir='ltr'><strong>noo</strong></span> <span class='ocrx_word' id='word_1_216' title='bbox 302 1655 356 1727; x_wconf 82' lang='lat' dir='ltr'><strong>usti</strong></span> <span class='ocrx_word' id='word_1_217' title='bbox 370 1670 502 1744; x_wconf 90' lang='lat' dir='ltr'><strong>privilegii</strong></span> <span class='ocrx_word' id='word_1_218' title='bbox 516 1669 608 1726; x_wconf 88' lang='lat' dir='ltr'><strong>nullus</strong></span> <span class='ocrx_word' id='word_1_219' title='bbox 621 1675 675 1740; x_wconf 89' lang='lat' dir='ltr'><strong>est,</strong></span> <span class='ocrx_word' id='word_1_220' title='bbox 691 1670 738 1743; x_wconf 91' lang='lat' dir='ltr'><strong>qul</strong></span> <span class='ocrx_word' id='word_1_221' title='bbox 753 1675 852 1724; x_wconf 88' lang='lat' dir='ltr'><strong>contra</strong></span> <span class='ocrx_word' id='word_1_222' title='bbox 865 1665 931 1724; x_wconf 94' lang='lat' dir='ltr'><strong>illud</strong></span> <span class='ocrx_word' id='word_1_223' title='bbox 972 1667 1141 1724; x_wconf 86' lang='lat' dir='ltr'><strong>ordinarium</strong></span> <span class='ocrx_word' id='word_1_224' title='bbox 1156 1667 1286 1738; x_wconf 88' lang='lat' dir='ltr'><strong>eligendi,</strong></span> <span class='ocrx_word' id='word_1_225' title='bbox 1298 1676 1326 1725; x_wconf 91' lang='lat' dir='ltr'><strong>et</strong></span> <span class='ocrx_word' id='word_1_226' title='bbox 1339 1667 1384 1725; x_wconf 93' lang='lat' dir='ltr'><strong>illo</strong></span> <span class='ocrx_word' id='word_1_227' title='bbox 1399 1667 1432 1724; x_wconf 89' lang='lat' dir='ltr'><strong>de</strong></span> <span class='ocrx_word' id='word_1_228' title='bbox 1447 1667 1519 1725; x_wconf 87' lang='lat' dir='ltr'><strong>lecto</strong></span> <span class='ocrx_word' id='word_1_229' title='bbox 1535 1670 1585 1726; x_wconf 90' lang='lat' dir='ltr'><strong>soli</strong></span> <span class='ocrx_word' id='word_1_230' title='bbox 1603 1677 1731 1743; x_wconf 90' lang='lat' dir='ltr'><strong>utuntur,</strong></span> <span class='ocrx_word' id='word_1_231' title='bbox 1743 1679 1772 1729; x_wconf 92' lang='lat' dir='ltr'><strong>et</strong></span> 
     </span>
     <span class='ocr_line' id='line_1_16' title="bbox 131 1755 1767 1832; baseline 0 -16"><span class='ocrx_word' id='word_1_232' title='bbox 131 1761 312 1832; x_wconf 85' lang='lat' dir='ltr'><strong>praescribat.</strong></span> <span class='ocrx_word' id='word_1_233' title='bbox 968 1755 994 1812; x_wconf 89' lang='lat' dir='ltr'><strong>ia</strong></span> <span class='ocrx_word' id='word_1_234' title='bbox 1009 1771 1062 1811; x_wconf 87' lang='lat' dir='ltr'><strong>non</strong></span> <span class='ocrx_word' id='word_1_235' title='bbox 1081 1772 1134 1812; x_wconf 89' lang='lat' dir='ltr'><strong>usu</strong></span> <span class='ocrx_word' id='word_1_236' title='bbox 1149 1755 1278 1828; x_wconf 88' lang='lat' dir='ltr'><strong>privilegii</strong></span> <span class='ocrx_word' id='word_1_237' title='bbox 1292 1755 1416 1828; x_wconf 87' lang='lat' dir='ltr'><strong>exigendi</strong></span> <span class='ocrx_word' id='word_1_238' title='bbox 1430 1756 1568 1827; x_wconf 89' lang='lat' dir='ltr'><strong>decimes,</strong></span> <span class='ocrx_word' id='word_1_239' title='bbox 1580 1765 1609 1815; x_wconf 88' lang='lat' dir='ltr'><strong>ot</strong></span> <span class='ocrx_word' id='word_1_240' title='bbox 1622 1759 1767 1816; x_wconf 83' lang='lat' dir='ltr'><strong>similibus.</strong></span> 
     </span>
     <span class='ocr_line' id='line_1_17' title="bbox 179 1841 1771 1922; baseline -0.002 -14"><span class='ocrx_word' id='word_1_241' title='bbox 179 1854 222 1908; x_wconf 79' lang='lat' dir='ltr'><strong>tt.</strong></span> <span class='ocrx_word' id='word_1_242' title='bbox 238 1849 420 1907; x_wconf 84' lang='lat' dir='ltr'><strong>Nihilominus</strong></span> <span class='ocrx_word' id='word_1_243' title='bbox 431 1841 461 1904; x_wconf 58' lang='lat' dir='ltr'><strong>&#39;in</strong></span> <span class='ocrx_word' id='word_1_244' title='bbox 475 1849 527 1905; x_wconf 90' lang='lat' dir='ltr'><strong>lmc</strong></span> <span class='ocrx_word' id='word_1_245' title='bbox 542 1854 647 1920; x_wconf 91' lang='lat' dir='ltr'><strong>puncto</strong></span> <span class='ocrx_word' id='word_1_246' title='bbox 658 1847 882 1922; x_wconf 85' lang='lat' dir='ltr'><strong>distinguendum</strong></span> <span class='ocrx_word' id='word_1_247' title='bbox 895 1849 933 1902; x_wconf 91' lang='lat' dir='ltr'><strong>vi·</strong></span> <span class='ocrx_word' id='word_1_248' title='bbox 968 1844 1048 1901; x_wconf 89' lang='lat' dir='ltr'><strong>Ratio</strong></span> <span class='ocrx_word' id='word_1_249' title='bbox 1060 1859 1126 1900; x_wconf 90' lang='lat' dir='ltr'><strong>vero</strong></span> <span class='ocrx_word' id='word_1_250' title='bbox 1138 1850 1190 1914; x_wconf 88' lang='lat' dir='ltr'><strong>est,</strong></span> <span class='ocrx_word' id='word_1_251' title='bbox 1203 1847 1267 1917; x_wconf 90' lang='lat' dir='ltr'><strong>quie</strong></span> <span class='ocrx_word' id='word_1_252' title='bbox 1278 1844 1346 1901; x_wconf 89' lang='lat' dir='ltr'><strong>baec</strong></span> <span class='ocrx_word' id='word_1_253' title='bbox 1357 1846 1495 1919; x_wconf 90' lang='lat' dir='ltr'><strong>privilegia</strong></span> <span class='ocrx_word' id='word_1_254' title='bbox 1506 1847 1661 1905; x_wconf 89' lang='lat' dir='ltr'><strong>redundant</strong></span> <span class='ocrx_word' id='word_1_255' title='bbox 1672 1847 1698 1904; x_wconf 88' lang='lat' dir='ltr'><strong>iu</strong></span> <span class='ocrx_word' id='word_1_256' title='bbox 1713 1865 1771 1905; x_wconf 89' lang='lat' dir='ltr'><strong>ser·</strong></span> 
     </span>
     <span class='ocr_line' id='line_1_18' title="bbox 130 1934 1770 2010; baseline 0 -16"><span class='ocrx_word' id='word_1_257' title='bbox 130 1939 221 1995; x_wconf 89' lang='lat' dir='ltr'><strong>detur&#39;</strong></span> <span class='ocrx_word' id='word_1_258' title='bbox 232 1941 302 2009; x_wconf 74' lang='lat' dir='ltr'><strong>inter</strong></span> <span class='ocrx_word' id='word_1_259' title='bbox 315 1937 471 2010; x_wconf 71' lang='lat' dir='ltr'><strong>privilegieq</strong></span> <span class='ocrx_word' id='word_1_260' title='bbox 484 1935 616 2010; x_wconf 90' lang='lat' dir='ltr'><strong>quaedam</strong></span> <span class='ocrx_word' id='word_1_261' title='bbox 630 1939 703 1992; x_wconf 87' lang='lat' dir='ltr'><strong>euim</strong></span> <span class='ocrx_word' id='word_1_262' title='bbox 714 1944 789 2003; x_wconf 90' lang='lat' dir='ltr'><strong>sunt,</strong></span> <span class='ocrx_word' id='word_1_263' title='bbox 805 1951 875 2010; x_wconf 89' lang='lat' dir='ltr'><strong>quae</strong></span> <span class='ocrx_word' id='word_1_264' title='bbox 886 1936 934 1992; x_wconf 90' lang='lat' dir='ltr'><strong>ali·</strong></span> <span class='ocrx_word' id='word_1_265' title='bbox 968 1937 1152 2004; x_wconf 85' lang='lat' dir='ltr'><strong>vitutem,seu</strong></span> <span class='ocrx_word' id='word_1_266' title='bbox 1168 1934 1357 2006; x_wconf 78' lang='lat' dir='ltr'><strong>obligationem</strong></span> <span class='ocrx_word' id='word_1_267' title='bbox 1369 1935 1531 2006; x_wconf 76' lang='lat' dir='ltr'><strong>eliorum3et</strong></span> <span class='ocrx_word' id='word_1_268' title='bbox 1542 1936 1601 1993; x_wconf 90' lang='lat' dir='ltr'><strong>ideo</strong></span> <span class='ocrx_word' id='word_1_269' title='bbox 1612 1937 1683 2010; x_wconf 89' lang='lat' dir='ltr'><strong>iura,</strong></span> <span class='ocrx_word' id='word_1_270' title='bbox 1698 1953 1770 2010; x_wconf 90' lang='lat' dir='ltr'><strong>quae</strong></span> 
     </span>
     <span class='ocr_line' id='line_1_19' title="bbox 130 2023 1770 2102; baseline 0.001 -19"><span class='ocrx_word' id='word_1_271' title='bbox 130 2027 201 2099; x_wconf 92' lang='lat' dir='ltr'><strong>quid</strong></span> <span class='ocrx_word' id='word_1_272' title='bbox 218 2028 377 2084; x_wconf 89' lang='lat' dir='ltr'><strong>concedunt</strong></span> <span class='ocrx_word' id='word_1_273' title='bbox 396 2027 576 2102; x_wconf 86' lang='lat' dir='ltr'><strong>privilegiario</strong></span> <span class='ocrx_word' id='word_1_274' title='bbox 595 2033 724 2099; x_wconf 84' lang='lat' dir='ltr'><strong>respectu</strong></span> <span class='ocrx_word' id='word_1_275' title='bbox 744 2028 879 2098; x_wconf 88' lang='lat' dir='ltr'><strong>aliorum,</strong></span> <span class='ocrx_word' id='word_1_276' title='bbox 898 2041 932 2083; x_wconf 83' lang='lat' dir='ltr'><strong>ex</strong></span> <span class='ocrx_word' id='word_1_277' title='bbox 967 2023 1114 2096; x_wconf 90' lang='lat' dir='ltr'><strong>disponunt</strong></span> <span class='ocrx_word' id='word_1_278' title='bbox 1128 2023 1161 2080; x_wconf 90' lang='lat' dir='ltr'><strong>de</strong></span> <span class='ocrx_word' id='word_1_279' title='bbox 1176 2025 1320 2081; x_wconf 87' lang='lat' dir='ltr'><strong>emissione</strong></span> <span class='ocrx_word' id='word_1_280' title='bbox 1332 2025 1496 2083; x_wconf 87' lang='lat' dir='ltr'><strong>servitutum</strong></span> <span class='ocrx_word' id='word_1_281' title='bbox 1508 2041 1556 2097; x_wconf 90' lang='lat' dir='ltr'><strong>per</strong></span> <span class='ocrx_word' id='word_1_282' title='bbox 1567 2042 1619 2082; x_wconf 91' lang='lat' dir='ltr'><strong>non</strong></span> <span class='ocrx_word' id='word_1_283' title='bbox 1637 2045 1731 2098; x_wconf 88' lang='lat' dir='ltr'><strong>nsum,</strong></span> <span class='ocrx_word' id='word_1_284' title='bbox 1743 2031 1770 2085; x_wconf 92' lang='lat' dir='ltr'><strong>in</strong></span> 
     </span>
     <span class='ocr_line' id='line_1_20' title="bbox 130 2112 1771 2190; baseline -0.001 -16"><span class='ocrx_word' id='word_1_285' title='bbox 130 2112 271 2190; x_wconf 64' lang='lat' dir='ltr'><strong>quibns‘iu</strong></span> <span class='ocrx_word' id='word_1_286' title='bbox 284 2117 349 2174; x_wconf 89' lang='lat' dir='ltr'><strong>alios</strong></span> <span class='ocrx_word' id='word_1_287' title='bbox 366 2116 501 2173; x_wconf 80' lang='lat' dir='ltr'><strong>redundat</strong></span> <span class='ocrx_word' id='word_1_288' title='bbox 515 2115 626 2188; x_wconf 81' lang='lat' dir='ltr'><strong>aliquod</strong></span> <span class='ocrx_word' id='word_1_289' title='bbox 639 2132 721 2186; x_wconf 79' lang='lat' dir='ltr'><strong>ontis,</strong></span> <span class='ocrx_word' id='word_1_290' title='bbox 734 2116 776 2173; x_wconf 88' lang='lat' dir='ltr'><strong>vei</strong></span> <span class='ocrx_word' id='word_1_291' title='bbox 787 2117 863 2190; x_wconf 89' lang='lat' dir='ltr'><strong>quasi</strong></span> <span class='ocrx_word' id='word_1_292' title='bbox 875 2130 933 2172; x_wconf 87' lang='lat' dir='ltr'><strong>ser·</strong></span> <span class='ocrx_word' id='word_1_293' title='bbox 969 2112 1099 2170; x_wconf 87' lang='lat' dir='ltr'><strong>similibus</strong></span> <span class='ocrx_word' id='word_1_294' title='bbox 1118 2113 1265 2186; x_wconf 85' lang='lat' dir='ltr'><strong>privilegiis</strong></span> <span class='ocrx_word' id='word_1_295' title='bbox 1285 2113 1377 2170; x_wconf 91' lang='lat' dir='ltr'><strong>locum</strong></span> <span class='ocrx_word' id='word_1_296' title='bbox 1397 2112 1506 2171; x_wconf 89' lang='lat' dir='ltr'><strong>babent.</strong></span> <span class='ocrx_word' id='word_1_297' title='bbox 1521 2115 1601 2172; x_wconf 90' lang='lat' dir='ltr'><strong>Sicut</strong></span> <span class='ocrx_word' id='word_1_298' title='bbox 1624 2117 1646 2171; x_wconf 90' lang='lat' dir='ltr'><strong>si</strong></span> <span class='ocrx_word' id='word_1_299' title='bbox 1661 2116 1771 2188; x_wconf 88' lang='lat' dir='ltr'><strong>privile·</strong></span> 
     </span>
     <span class='ocr_line' id='line_1_21' title="bbox 130 2201 1769 2278; baseline 0 -16"><span class='ocrx_word' id='word_1_300' title='bbox 130 2206 228 2263; x_wconf 88' lang='lat' dir='ltr'><strong>vitutis</strong></span> <span class='ocrx_word' id='word_1_301' title='bbox 247 2221 352 2278; x_wconf 90' lang='lat' dir='ltr'><strong>genus,</strong></span> <span class='ocrx_word' id='word_1_302' title='bbox 369 2212 401 2262; x_wconf 96' lang='lat' dir='ltr'><strong>nt</strong></span> <span class='ocrx_word' id='word_1_303' title='bbox 414 2212 479 2262; x_wconf 91' lang='lat' dir='ltr'><strong>sunt</strong></span> <span class='ocrx_word' id='word_1_304' title='bbox 492 2205 630 2277; x_wconf 85' lang='lat' dir='ltr'><strong>privilegia</strong></span> <span class='ocrx_word' id='word_1_305' title='bbox 644 2205 767 2262; x_wconf 91' lang='lat' dir='ltr'><strong>decimas</strong></span> <span class='ocrx_word' id='word_1_306' title='bbox 780 2203 932 2275; x_wconf 89' lang='lat' dir='ltr'><strong>accipiendi</strong></span> <span class='ocrx_word' id='word_1_307' title='bbox 968 2202 1042 2274; x_wconf 88' lang='lat' dir='ltr'><strong>glum</strong></span> <span class='ocrx_word' id='word_1_308' title='bbox 1062 2216 1190 2272; x_wconf 80' lang='lat' dir='ltr'><strong>expresse</strong></span> <span class='ocrx_word' id='word_1_309' title='bbox 1211 2201 1377 2259; x_wconf 89' lang='lat' dir='ltr'><strong>concederet</strong></span> <span class='ocrx_word' id='word_1_310' title='bbox 1396 2203 1556 2260; x_wconf 88' lang='lat' dir='ltr'><strong>servitutem</strong></span> <span class='ocrx_word' id='word_1_311' title='bbox 1576 2219 1625 2276; x_wconf 88' lang='lat' dir='ltr'><strong>par</strong></span> <span class='ocrx_word' id='word_1_312' title='bbox 1651 2205 1769 2263; x_wconf 88' lang='lat' dir='ltr'><strong>alienum</strong></span> 
     </span>
     <span class='ocr_line' id='line_1_22' title="bbox 131 2291 1771 2367; baseline 0.001 -17"><span class='ocrx_word' id='word_1_313' title='bbox 131 2293 350 2351; x_wconf 87' lang='lat' dir='ltr'><strong>extraordinario</strong></span> <span class='ocrx_word' id='word_1_314' title='bbox 370 2293 471 2367; x_wconf 78' lang='lat' dir='ltr'><strong>modo,</strong></span> <span class='ocrx_word' id='word_1_315' title='bbox 487 2294 528 2350; x_wconf 88' lang='lat' dir='ltr'><strong>vel</strong></span> <span class='ocrx_word' id='word_1_316' title='bbox 543 2294 701 2366; x_wconf 91' lang='lat' dir='ltr'><strong>imponendi</strong></span> <span class='ocrx_word' id='word_1_317' title='bbox 715 2293 827 2366; x_wconf 89' lang='lat' dir='ltr'><strong>aliquod</strong></span> <span class='ocrx_word' id='word_1_318' title='bbox 845 2292 935 2349; x_wconf 90' lang='lat' dir='ltr'><strong>tribu·</strong></span> <span class='ocrx_word' id='word_1_319' title='bbox 969 2291 1111 2362; x_wconf 84' lang='lat' dir='ltr'><strong>praedium</strong></span> <span class='ocrx_word' id='word_1_320' title='bbox 1128 2291 1195 2364; x_wconf 75' lang='lat' dir='ltr'><strong>limo</strong></span> <span class='ocrx_word' id='word_1_321' title='bbox 1209 2291 1273 2348; x_wconf 92' lang='lat' dir='ltr'><strong>licet</strong></span> <span class='ocrx_word' id='word_1_322' title='bbox 1286 2292 1554 2363; x_wconf 84' lang='lat' dir='ltr'><strong>proprius-dominns</strong></span> <span class='ocrx_word' id='word_1_323' title='bbox 1582 2295 1684 2367; x_wconf 90' lang='lat' dir='ltr'><strong>praedii</strong></span> <span class='ocrx_word' id='word_1_324' title='bbox 1697 2295 1771 2352; x_wconf 90' lang='lat' dir='ltr'><strong>illem</strong></span> 
     </span>
     <span class='ocr_line' id='line_1_23' title="bbox 132 2378 1769 2457; baseline 0.001 -18"><span class='ocrx_word' id='word_1_325' title='bbox 132 2391 208 2454; x_wconf 82' lang='lat' dir='ltr'><strong>tnm3</strong></span> <span class='ocrx_word' id='word_1_326' title='bbox 225 2383 284 2440; x_wconf 88' lang='lat' dir='ltr'><strong>telis</strong></span> <span class='ocrx_word' id='word_1_327' title='bbox 298 2383 378 2440; x_wconf 90' lang='lat' dir='ltr'><strong>etiem</strong></span> <span class='ocrx_word' id='word_1_328' title='bbox 397 2384 518 2456; x_wconf 89' lang='lat' dir='ltr'><strong>reputari</strong></span> <span class='ocrx_word' id='word_1_329' title='bbox 532 2389 624 2455; x_wconf 90' lang='lat' dir='ltr'><strong>potest</strong></span> <span class='ocrx_word' id='word_1_330' title='bbox 639 2381 755 2438; x_wconf 89' lang='lat' dir='ltr'><strong>laeultes</strong></span> <span class='ocrx_word' id='word_1_331' title='bbox 767 2383 883 2456; x_wconf 88' lang='lat' dir='ltr'><strong>eligendi</strong></span> <span class='ocrx_word' id='word_1_332' title='bbox 898 2397 932 2438; x_wconf 84' lang='lat' dir='ltr'><strong>cx</strong></span> <span class='ocrx_word' id='word_1_333' title='bbox 968 2378 1125 2452; x_wconf 80' lang='lat' dir='ltr'><strong>donasset),</strong></span> <span class='ocrx_word' id='word_1_334' title='bbox 1141 2380 1314 2437; x_wconf 88' lang='lat' dir='ltr'><strong>nibilominus</strong></span> <span class='ocrx_word' id='word_1_335' title='bbox 1334 2397 1381 2452; x_wconf 91' lang='lat' dir='ltr'><strong>per</strong></span> <span class='ocrx_word' id='word_1_336' title='bbox 1400 2397 1453 2438; x_wconf 90' lang='lat' dir='ltr'><strong>non</strong></span> <span class='ocrx_word' id='word_1_337' title='bbox 1472 2398 1556 2439; x_wconf 91' lang='lat' dir='ltr'><strong>nsum</strong></span> <span class='ocrx_word' id='word_1_338' title='bbox 1574 2382 1687 2457; x_wconf 79' lang='lat' dir='ltr'><strong>legitimi</strong></span> <span class='ocrx_word' id='word_1_339' title='bbox 1703 2391 1769 2442; x_wconf 89' lang='lat' dir='ltr'><strong>tem·</strong></span> 
     </span>
     <span class='ocr_line' id='line_1_24' title="bbox 132 2469 1771 2545; baseline 0.002 -17"><span class='ocrx_word' id='word_1_340' title='bbox 132 2473 293 2544; x_wconf 87' lang='lat' dir='ltr'><strong>privilegio,</strong></span> <span class='ocrx_word' id='word_1_341' title='bbox 308 2479 444 2545; x_wconf 88' lang='lat' dir='ltr'><strong>quatenns</strong></span> <span class='ocrx_word' id='word_1_342' title='bbox 456 2472 591 2529; x_wconf 88' lang='lat' dir='ltr'><strong>redundat</strong></span> <span class='ocrx_word' id='word_1_343' title='bbox 604 2475 631 2528; x_wconf 92' lang='lat' dir='ltr'><strong>iu</strong></span> <span class='ocrx_word' id='word_1_344' title='bbox 642 2487 787 2544; x_wconf 86' lang='lat' dir='ltr'><strong>gravamen</strong></span> <span class='ocrx_word' id='word_1_345' title='bbox 804 2470 931 2542; x_wconf 90' lang='lat' dir='ltr'><strong>aliorum,</strong></span> <span class='ocrx_word' id='word_1_346' title='bbox 967 2469 1247 2542; x_wconf 78' lang='lat' dir='ltr'><strong>poris&#39;amitteretur3</strong></span> <span class='ocrx_word' id='word_1_347' title='bbox 1262 2486 1339 2544; x_wconf 89' lang='lat' dir='ltr'><strong>ergo.</strong></span> <span class='ocrx_word' id='word_1_348' title='bbox 1356 2469 1452 2528; x_wconf 78' lang='lat' dir='ltr'><strong>addidi</strong></span> <span class='ocrx_word' id='word_1_349' title='bbox 1466 2479 1558 2529; x_wconf 90' lang='lat' dir='ltr'><strong>eutem</strong></span> <span class='ocrx_word' id='word_1_350' title='bbox 1573 2473 1599 2528; x_wconf 92' lang='lat' dir='ltr'><strong>in</strong></span> <span class='ocrx_word' id='word_1_351' title='bbox 1613 2473 1664 2529; x_wconf 87' lang='lat' dir='ltr'><strong>line</strong></span> <span class='ocrx_word' id='word_1_352' title='bbox 1679 2489 1771 2531; x_wconf 85' lang='lat' dir='ltr'><strong>esser·</strong></span> 
     </span>
     <span class='ocr_line' id='line_1_25' title="bbox 131 2555 1769 2633; baseline 0.001 -16"><span class='ocrx_word' id='word_1_353' title='bbox 131 2570 161 2618; x_wconf 90' lang='lat' dir='ltr'><strong>et</strong></span> <span class='ocrx_word' id='word_1_354' title='bbox 175 2561 262 2618; x_wconf 90' lang='lat' dir='ltr'><strong>simile</strong></span> <span class='ocrx_word' id='word_1_355' title='bbox 275 2567 421 2633; x_wconf 90' lang='lat' dir='ltr'><strong>reputetur</strong></span> <span class='ocrx_word' id='word_1_356' title='bbox 431 2560 601 2632; x_wconf 86' lang='lat' dir='ltr'><strong>privilegium</strong></span> <span class='ocrx_word' id='word_1_357' title='bbox 617 2559 799 2617; x_wconf 89' lang='lat' dir='ltr'><strong>nundinarum</strong></span> <span class='ocrx_word' id='word_1_358' title='bbox 811 2576 826 2616; x_wconf 90' lang='lat' dir='ltr'><strong>a</strong></span> <span class='ocrx_word' id='word_1_359' title='bbox 837 2555 933 2616; x_wconf 73' lang='lat' dir='ltr'><strong>&#39;Glosse</strong></span> <span class='ocrx_word' id='word_1_360' title='bbox 969 2559 1069 2628; x_wconf 89' lang='lat' dir='ltr'><strong>tionis,</strong></span> <span class='ocrx_word' id='word_1_361' title='bbox 1086 2561 1193 2630; x_wconf 88' lang='lat' dir='ltr'><strong>saepius</strong></span> <span class='ocrx_word' id='word_1_362' title='bbox 1214 2557 1284 2614; x_wconf 90' lang='lat' dir='ltr'><strong>banc</strong></span> <span class='ocrx_word' id='word_1_363' title='bbox 1304 2561 1548 2631; x_wconf 88' lang='lat' dir='ltr'><strong>praescriptionem</strong></span> <span class='ocrx_word' id='word_1_364' title='bbox 1568 2576 1624 2618; x_wconf 87' lang='lat' dir='ltr'><strong>nou</strong></span> <span class='ocrx_word' id='word_1_365' title='bbox 1640 2562 1698 2618; x_wconf 84' lang='lat' dir='ltr'><strong>fieri</strong></span> <span class='ocrx_word' id='word_1_366' title='bbox 1712 2562 1769 2619; x_wconf 90' lang='lat' dir='ltr'><strong>sine</strong></span> 
     </span>
     <span class='ocr_line' id='line_1_26' title="bbox 133 2647 1769 2729; baseline 0.001 -23"><span class='ocrx_word' id='word_1_367' title='bbox 133 2651 160 2706; x_wconf 93' lang='lat' dir='ltr'><strong>iu</strong></span> <span class='ocrx_word' id='word_1_368' title='bbox 174 2649 249 2706; x_wconf 91' lang='lat' dir='ltr'><strong>dicta</strong></span> <span class='ocrx_word' id='word_1_369' title='bbox 262 2651 280 2706; x_wconf 93' lang='lat' dir='ltr'><strong>l.</strong></span> <span class='ocrx_word' id='word_1_370' title='bbox 302 2656 332 2721; x_wconf 92' lang='lat' dir='ltr'><strong>l,</strong></span> <span class='ocrx_word' id='word_1_371' title='bbox 348 2649 375 2706; x_wconf 81' lang='lat' dir='ltr'><strong>d.</strong></span> <span class='ocrx_word' id='word_1_372' title='bbox 391 2649 424 2705; x_wconf 91' lang='lat' dir='ltr'><strong>de</strong></span> <span class='ocrx_word' id='word_1_373' title='bbox 439 2647 577 2729; x_wconf 80' lang='lat' dir='ltr'><strong>nnqdinis.</strong></span> <span class='ocrx_word' id='word_1_374' title='bbox 593 2647 650 2705; x_wconf 73' lang='lat' dir='ltr'><strong>blla</strong></span> <span class='ocrx_word' id='word_1_375' title='bbox 666 2665 730 2707; x_wconf 90' lang='lat' dir='ltr'><strong>vero</strong></span> <span class='ocrx_word' id='word_1_376' title='bbox 746 2656 810 2706; x_wconf 89' lang='lat' dir='ltr'><strong>sunt</strong></span> <span class='ocrx_word' id='word_1_377' title='bbox 824 2649 933 2720; x_wconf 86' lang='lat' dir='ltr'><strong>privile·</strong></span> <span class='ocrx_word' id='word_1_378' title='bbox 968 2648 1084 2719; x_wconf 91' lang='lat' dir='ltr'><strong>positivo</strong></span> <span class='ocrx_word' id='word_1_379' title='bbox 1105 2656 1169 2706; x_wconf 90' lang='lat' dir='ltr'><strong>actu</strong></span> <span class='ocrx_word' id='word_1_380' title='bbox 1190 2649 1277 2719; x_wconf 90' lang='lat' dir='ltr'><strong>ipsius</strong></span> <span class='ocrx_word' id='word_1_381' title='bbox 1295 2649 1524 2720; x_wconf 89' lang='lat' dir='ltr'><strong>praescribentis,</strong></span> <span class='ocrx_word' id='word_1_382' title='bbox 1539 2652 1603 2723; x_wconf 87' lang='lat' dir='ltr'><strong>quie</strong></span> <span class='ocrx_word' id='word_1_383' title='bbox 1616 2667 1697 2723; x_wconf 89' lang='lat' dir='ltr'><strong>saepe</strong></span> <span class='ocrx_word' id='word_1_384' title='bbox 1713 2668 1769 2708; x_wconf 89' lang='lat' dir='ltr'><strong>nou</strong></span> 
     </span>
     <span class='ocr_line' id='line_1_27' title="bbox 131 2736 1769 2814; baseline 0.002 -21"><span class='ocrx_word' id='word_1_385' title='bbox 131 2741 195 2811; x_wconf 90' lang='lat' dir='ltr'><strong>gie,</strong></span> <span class='ocrx_word' id='word_1_386' title='bbox 211 2753 282 2812; x_wconf 87' lang='lat' dir='ltr'><strong>quae</strong></span> <span class='ocrx_word' id='word_1_387' title='bbox 300 2738 342 2794; x_wconf 86' lang='lat' dir='ltr'><strong>vel</strong></span> <span class='ocrx_word' id='word_1_388' title='bbox 356 2743 422 2794; x_wconf 90' lang='lat' dir='ltr'><strong>sunt</strong></span> <span class='ocrx_word' id='word_1_389' title='bbox 435 2740 513 2811; x_wconf 89' lang='lat' dir='ltr'><strong>quasi</strong></span> <span class='ocrx_word' id='word_1_390' title='bbox 527 2737 669 2810; x_wconf 88' lang='lat' dir='ltr'><strong>absoluta,</strong></span> <span class='ocrx_word' id='word_1_391' title='bbox 685 2741 749 2811; x_wconf 88' lang='lat' dir='ltr'><strong>quia</strong></span> <span class='ocrx_word' id='word_1_392' title='bbox 763 2736 852 2794; x_wconf 89' lang='lat' dir='ltr'><strong>solnm</strong></span> <span class='ocrx_word' id='word_1_393' title='bbox 867 2753 933 2794; x_wconf 88' lang='lat' dir='ltr'><strong>con·</strong></span> <span class='ocrx_word' id='word_1_394' title='bbox 969 2736 1128 2809; x_wconf 86' lang='lat' dir='ltr'><strong>intelligitur</strong></span> <span class='ocrx_word' id='word_1_395' title='bbox 1136 2736 1334 2809; x_wconf 86' lang='lat' dir='ltr'><strong>privilegiarins</strong></span> <span class='ocrx_word' id='word_1_396' title='bbox 1345 2755 1398 2795; x_wconf 92' lang='lat' dir='ltr'><strong>non</strong></span> <span class='ocrx_word' id='word_1_397' title='bbox 1411 2739 1449 2795; x_wconf 92' lang='lat' dir='ltr'><strong>uti</strong></span> <span class='ocrx_word' id='word_1_398' title='bbox 1461 2739 1610 2814; x_wconf 89' lang='lat' dir='ltr'><strong>privilegio,</strong></span> <span class='ocrx_word' id='word_1_399' title='bbox 1619 2741 1670 2796; x_wconf 91' lang='lat' dir='ltr'><strong>uisi</strong></span> <span class='ocrx_word' id='word_1_400' title='bbox 1682 2755 1769 2814; x_wconf 87' lang='lat' dir='ltr'><strong>quan-</strong></span> 
     </span>
     <span class='ocr_line' id='line_1_28' title="bbox 132 2825 1769 2904; baseline 0.001 -20"><span class='ocrx_word' id='word_1_401' title='bbox 132 2827 236 2884; x_wconf 89' lang='lat' dir='ltr'><strong>cednut</strong></span> <span class='ocrx_word' id='word_1_402' title='bbox 255 2827 433 2899; x_wconf 90' lang='lat' dir='ltr'><strong>privilegiario</strong></span> <span class='ocrx_word' id='word_1_403' title='bbox 448 2826 549 2900; x_wconf 89' lang='lat' dir='ltr'><strong>aliquid</strong></span> <span class='ocrx_word' id='word_1_404' title='bbox 564 2829 639 2884; x_wconf 90' lang='lat' dir='ltr'><strong>circe</strong></span> <span class='ocrx_word' id='word_1_405' title='bbox 653 2829 776 2885; x_wconf 88' lang='lat' dir='ltr'><strong>actiones</strong></span> <span class='ocrx_word' id='word_1_406' title='bbox 791 2843 855 2885; x_wconf 88' lang='lat' dir='ltr'><strong>suas</strong></span> <span class='ocrx_word' id='word_1_407' title='bbox 875 2829 932 2884; x_wconf 90' lang='lat' dir='ltr'><strong>sine</strong></span> <span class='ocrx_word' id='word_1_408' title='bbox 967 2825 1003 2883; x_wconf 95' lang='lat' dir='ltr'><strong>do</strong></span> <span class='ocrx_word' id='word_1_409' title='bbox 1016 2827 1059 2882; x_wconf 89' lang='lat' dir='ltr'><strong>elli</strong></span> <span class='ocrx_word' id='word_1_410' title='bbox 1070 2833 1199 2884; x_wconf 82' lang='lat' dir='ltr'><strong>exercent</strong></span> <span class='ocrx_word' id='word_1_411' title='bbox 1210 2833 1303 2883; x_wconf 88' lang='lat' dir='ltr'><strong>actum</strong></span> <span class='ocrx_word' id='word_1_412' title='bbox 1316 2827 1372 2886; x_wconf 92' lang='lat' dir='ltr'><strong>siue</strong></span> <span class='ocrx_word' id='word_1_413' title='bbox 1383 2827 1438 2899; x_wconf 94' lang='lat' dir='ltr'><strong>illo,</strong></span> <span class='ocrx_word' id='word_1_414' title='bbox 1450 2833 1482 2884; x_wconf 94' lang='lat' dir='ltr'><strong>ut</strong></span> <span class='ocrx_word' id='word_1_415' title='bbox 1491 2827 1615 2901; x_wconf 87' lang='lat' dir='ltr'><strong>eligendo</strong></span> <span class='ocrx_word' id='word_1_416' title='bbox 1626 2847 1653 2885; x_wconf 91' lang='lat' dir='ltr'><strong>v.</strong></span> <span class='ocrx_word' id='word_1_417' title='bbox 1666 2847 1694 2904; x_wconf 91' lang='lat' dir='ltr'><strong>g.</strong></span> <span class='ocrx_word' id='word_1_418' title='bbox 1711 2831 1769 2887; x_wconf 86' lang='lat' dir='ltr'><strong>siae</strong></span> 
     </span>
     <span class='ocr_line' id='line_1_29' title="bbox 131 2914 1768 2989; baseline 0.002 -16"><span class='ocrx_word' id='word_1_419' title='bbox 131 2922 264 2988; x_wconf 84' lang='lat' dir='ltr'><strong>respectu</strong></span> <span class='ocrx_word' id='word_1_420' title='bbox 282 2915 317 2972; x_wconf 89' lang='lat' dir='ltr'><strong>ad</strong></span> <span class='ocrx_word' id='word_1_421' title='bbox 331 2915 407 2984; x_wconf 87' lang='lat' dir='ltr'><strong>alios,</strong></span> <span class='ocrx_word' id='word_1_422' title='bbox 419 2926 451 2972; x_wconf 94' lang='lat' dir='ltr'><strong>ut</strong></span> <span class='ocrx_word' id='word_1_423' title='bbox 464 2926 528 2974; x_wconf 89' lang='lat' dir='ltr'><strong>snut</strong></span> <span class='ocrx_word' id='word_1_424' title='bbox 543 2917 682 2989; x_wconf 88' lang='lat' dir='ltr'><strong>privilegia</strong></span> <span class='ocrx_word' id='word_1_425' title='bbox 697 2917 822 2975; x_wconf 88' lang='lat' dir='ltr'><strong>audiendi</strong></span> <span class='ocrx_word' id='word_1_426' title='bbox 837 2917 933 2974; x_wconf 87' lang='lat' dir='ltr'><strong>missos</strong></span> <span class='ocrx_word' id='word_1_427' title='bbox 968 2916 1135 2989; x_wconf 88' lang='lat' dir='ltr'><strong>privilegiato</strong></span> <span class='ocrx_word' id='word_1_428' title='bbox 1150 2914 1183 2972; x_wconf 92' lang='lat' dir='ltr'><strong>ed</strong></span> <span class='ocrx_word' id='word_1_429' title='bbox 1203 2915 1374 2989; x_wconf 91' lang='lat' dir='ltr'><strong>eligendum,</strong></span> <span class='ocrx_word' id='word_1_430' title='bbox 1388 2917 1557 2989; x_wconf 91' lang='lat' dir='ltr'><strong>acquirendo</strong></span> <span class='ocrx_word' id='word_1_431' title='bbox 1577 2917 1697 2976; x_wconf 86' lang='lat' dir='ltr'><strong>decimes</strong></span> <span class='ocrx_word' id='word_1_432' title='bbox 1712 2921 1768 2976; x_wconf 90' lang='lat' dir='ltr'><strong>sine</strong></span> 
     </span>
     <span class='ocr_line' id='line_1_30' title="bbox 131 3004 1770 3081; baseline 0.002 -19"><span class='ocrx_word' id='word_1_433' title='bbox 131 3008 158 3062; x_wconf 90' lang='lat' dir='ltr'><strong>in</strong></span> <span class='ocrx_word' id='word_1_434' title='bbox 181 3004 243 3063; x_wconf 91' lang='lat' dir='ltr'><strong>loco</strong></span> <span class='ocrx_word' id='word_1_435' title='bbox 262 3005 425 3076; x_wconf 80' lang='lat' dir='ltr'><strong>interdict03</strong></span> <span class='ocrx_word' id='word_1_436' title='bbox 446 3005 488 3062; x_wconf 88' lang='lat' dir='ltr'><strong>vel</strong></span> <span class='ocrx_word' id='word_1_437' title='bbox 509 3013 631 3076; x_wconf 90' lang='lat' dir='ltr'><strong>tempore</strong></span> <span class='ocrx_word' id='word_1_438' title='bbox 652 3023 705 3062; x_wconf 91' lang='lat' dir='ltr'><strong>non</strong></span> <span class='ocrx_word' id='word_1_439' title='bbox 724 3023 875 3081; x_wconf 89' lang='lat' dir='ltr'><strong>concesso,</strong></span> <span class='ocrx_word' id='word_1_440' title='bbox 891 3007 932 3064; x_wconf 87' lang='lat' dir='ltr'><strong>vel</strong></span> <span class='ocrx_word' id='word_1_441' title='bbox 968 3006 1039 3064; x_wconf 91' lang='lat' dir='ltr'><strong>illius</strong></span> <span class='ocrx_word' id='word_1_442' title='bbox 1055 3006 1212 3078; x_wconf 89' lang='lat' dir='ltr'><strong>consortio,</strong></span> <span class='ocrx_word' id='word_1_443' title='bbox 1228 3012 1284 3062; x_wconf 91' lang='lat' dir='ltr'><strong>etc.</strong></span> <span class='ocrx_word' id='word_1_444' title='bbox 1298 3007 1334 3062; x_wconf 83' lang='lat' dir='ltr'><strong>Et</strong></span> <span class='ocrx_word' id='word_1_445' title='bbox 1349 3012 1415 3062; x_wconf 91' lang='lat' dir='ltr'><strong>tunc</strong></span> <span class='ocrx_word' id='word_1_446' title='bbox 1430 3006 1459 3062; x_wconf 87' lang='lat' dir='ltr'><strong>fit</strong></span> <span class='ocrx_word' id='word_1_447' title='bbox 1477 3008 1656 3080; x_wconf 80' lang='lat' dir='ltr'><strong>praescriptio</strong></span> <span class='ocrx_word' id='word_1_448' title='bbox 1670 3015 1770 3066; x_wconf 87' lang='lat' dir='ltr'><strong>contre</strong></span> 
     </span>
     <span class='ocr_line' id='line_1_31' title="bbox 132 3093 1769 3168; baseline 0.003 -17"><span class='ocrx_word' id='word_1_449' title='bbox 132 3095 265 3152; x_wconf 89' lang='lat' dir='ltr'><strong>recitandi</strong></span> <span class='ocrx_word' id='word_1_450' title='bbox 285 3102 346 3152; x_wconf 72' lang='lat' dir='ltr'><strong>anm</strong></span> <span class='ocrx_word' id='word_1_451' title='bbox 364 3093 476 3164; x_wconf 89' lang='lat' dir='ltr'><strong>horem,</strong></span> <span class='ocrx_word' id='word_1_452' title='bbox 493 3094 534 3150; x_wconf 82' lang='lat' dir='ltr'><strong>rel</strong></span> <span class='ocrx_word' id='word_1_453' title='bbox 554 3095 715 3152; x_wconf 87' lang='lat' dir='ltr'><strong>comedendi</strong></span> <span class='ocrx_word' id='word_1_454' title='bbox 736 3095 891 3166; x_wconf 82' lang='lat' dir='ltr'><strong>lacticinia,</strong></span> <span class='ocrx_word' id='word_1_455' title='bbox 907 3102 935 3154; x_wconf 91' lang='lat' dir='ltr'><strong>et</strong></span> <span class='ocrx_word' id='word_1_456' title='bbox 968 3095 1141 3167; x_wconf 86' lang='lat' dir='ltr'><strong>privilegium</strong></span> <span class='ocrx_word' id='word_1_457' title='bbox 1156 3094 1190 3151; x_wconf 93' lang='lat' dir='ltr'><strong>ad</strong></span> <span class='ocrx_word' id='word_1_458' title='bbox 1205 3096 1289 3152; x_wconf 90' lang='lat' dir='ltr'><strong>instar</strong></span> <span class='ocrx_word' id='word_1_459' title='bbox 1300 3097 1520 3168; x_wconf 88' lang='lat' dir='ltr'><strong>praescriptionis</strong></span> <span class='ocrx_word' id='word_1_460' title='bbox 1531 3097 1696 3155; x_wconf 90' lang='lat' dir='ltr'><strong>urbanarum</strong></span> <span class='ocrx_word' id='word_1_461' title='bbox 1711 3113 1769 3156; x_wconf 86' lang='lat' dir='ltr'><strong>ser·</strong></span> 
     </span>
     <span class='ocr_line' id='line_1_32' title="bbox 132 3182 1768 3260; baseline 0.004 -21"><span class='ocrx_word' id='word_1_462' title='bbox 132 3183 247 3240; x_wconf 88' lang='lat' dir='ltr'><strong>similia:</strong></span> <span class='ocrx_word' id='word_1_463' title='bbox 265 3182 307 3239; x_wconf 91' lang='lat' dir='ltr'><strong>vel</strong></span> <span class='ocrx_word' id='word_1_464' title='bbox 322 3189 397 3240; x_wconf 90' lang='lat' dir='ltr'><strong>certe</strong></span> <span class='ocrx_word' id='word_1_465' title='bbox 410 3183 475 3239; x_wconf 90' lang='lat' dir='ltr'><strong>licet</strong></span> <span class='ocrx_word' id='word_1_466' title='bbox 490 3182 564 3239; x_wconf 89' lang='lat' dir='ltr'><strong>circa</strong></span> <span class='ocrx_word' id='word_1_467' title='bbox 577 3183 645 3239; x_wconf 87' lang='lat' dir='ltr'><strong>elios</strong></span> <span class='ocrx_word' id='word_1_468' title='bbox 659 3189 814 3258; x_wconf 89' lang='lat' dir='ltr'><strong>versentur,</strong></span> <span class='ocrx_word' id='word_1_469' title='bbox 827 3185 934 3241; x_wconf 88' lang='lat' dir='ltr'><strong>lavore·</strong></span> <span class='ocrx_word' id='word_1_470' title='bbox 968 3186 1131 3257; x_wconf 90' lang='lat' dir='ltr'><strong>vitutum,in</strong></span> <span class='ocrx_word' id='word_1_471' title='bbox 1140 3184 1351 3257; x_wconf 89' lang='lat' dir='ltr'><strong>quarequiritur</strong></span> <span class='ocrx_word' id='word_1_472' title='bbox 1362 3185 1459 3258; x_wconf 85' lang='lat' dir='ltr'><strong>aliquis</strong></span> <span class='ocrx_word' id='word_1_473' title='bbox 1470 3193 1550 3242; x_wconf 90' lang='lat' dir='ltr'><strong>actus</strong></span> <span class='ocrx_word' id='word_1_474' title='bbox 1562 3194 1679 3259; x_wconf 81' lang='lat' dir='ltr'><strong>exparte</strong></span> <span class='ocrx_word' id='word_1_475' title='bbox 1688 3203 1768 3260; x_wconf 89' lang='lat' dir='ltr'><strong>pree·</strong></span> 
     </span>
     <span class='ocr_line' id='line_1_33' title="bbox 132 3271 1605 3345; baseline 0.001 -17"><span class='ocrx_word' id='word_1_476' title='bbox 132 3272 199 3328; x_wconf 86' lang='lat' dir='ltr'><strong>bilia</strong></span> <span class='ocrx_word' id='word_1_477' title='bbox 220 3271 378 3344; x_wconf 89' lang='lat' dir='ltr'><strong>simpliciter</strong></span> <span class='ocrx_word' id='word_1_478' title='bbox 397 3276 559 3343; x_wconf 89' lang='lat' dir='ltr'><strong>reputentur</strong></span> <span class='ocrx_word' id='word_1_479' title='bbox 578 3279 707 3343; x_wconf 87' lang='lat' dir='ltr'><strong>respectu</strong></span> <span class='ocrx_word' id='word_1_480' title='bbox 722 3273 852 3343; x_wconf 92' lang='lat' dir='ltr'><strong>aliorum,</strong></span> <span class='ocrx_word' id='word_1_481' title='bbox 868 3273 933 3344; x_wconf 92' lang='lat' dir='ltr'><strong>qnia</strong></span> <span class='ocrx_word' id='word_1_482' title='bbox 969 3273 1128 3345; x_wconf 86' lang='lat' dir='ltr'><strong>scribentis,</strong></span> <span class='ocrx_word' id='word_1_483' title='bbox 1145 3280 1177 3330; x_wconf 87' lang='lat' dir='ltr'><strong>ut</strong></span> <span class='ocrx_word' id='word_1_484' title='bbox 1189 3289 1222 3330; x_wconf 83' lang='lat' dir='ltr'><strong>ex</strong></span> <span class='ocrx_word' id='word_1_485' title='bbox 1236 3275 1348 3344; x_wconf 88' lang='lat' dir='ltr'><strong>proprie</strong></span> <span class='ocrx_word' id='word_1_486' title='bbox 1361 3275 1473 3331; x_wconf 89' lang='lat' dir='ltr'><strong>materia</strong></span> <span class='ocrx_word' id='word_1_487' title='bbox 1486 3282 1605 3331; x_wconf 88' lang='lat' dir='ltr'><strong>constet.</strong></span> 
     </span>
     <span class='ocr_line' id='line_1_34' title="bbox 132 3360 1767 3436; baseline 0.003 -21"><span class='ocrx_word' id='word_1_488' title='bbox 132 3367 200 3418; x_wconf 90' lang='lat' dir='ltr'><strong>sunt</strong></span> <span class='ocrx_word' id='word_1_489' title='bbox 215 3360 307 3430; x_wconf 89' lang='lat' dir='ltr'><strong>utilia,</strong></span> <span class='ocrx_word' id='word_1_490' title='bbox 322 3368 351 3417; x_wconf 87' lang='lat' dir='ltr'><strong>et</strong></span> <span class='ocrx_word' id='word_1_491' title='bbox 371 3361 396 3416; x_wconf 91' lang='lat' dir='ltr'><strong>in</strong></span> <span class='ocrx_word' id='word_1_492' title='bbox 417 3361 505 3432; x_wconf 90' lang='lat' dir='ltr'><strong>rigore</strong></span> <span class='ocrx_word' id='word_1_493' title='bbox 519 3361 651 3416; x_wconf 87' lang='lat' dir='ltr'><strong>neminem</strong></span> <span class='ocrx_word' id='word_1_494' title='bbox 666 3369 791 3433; x_wconf 85' lang='lat' dir='ltr'><strong>gravant.</strong></span> <span class='ocrx_word' id='word_1_495' title='bbox 806 3361 879 3417; x_wconf 84' lang='lat' dir='ltr'><strong>Talia</strong></span> <span class='ocrx_word' id='word_1_496' title='bbox 894 3361 932 3416; x_wconf 90' lang='lat' dir='ltr'><strong>vi·</strong></span> <span class='ocrx_word' id='word_1_497' title='bbox 963 3377 967 3382; x_wconf 91' lang='lat'>·</span> <span class='ocrx_word' id='word_1_498' title='bbox 1009 3364 1051 3420; x_wconf 87' lang='lat' dir='ltr'><strong>ts.</strong></span> <span class='ocrx_word' id='word_1_499' title='bbox 1069 3363 1133 3419; x_wconf 87' lang='lat' dir='ltr'><strong>ilico</strong></span> <span class='ocrx_word' id='word_1_500' title='bbox 1147 3362 1283 3418; x_wconf 90' lang='lat' dir='ltr'><strong>secundo:</strong></span> <span class='ocrx_word' id='word_1_501' title='bbox 1300 3361 1456 3434; x_wconf 87' lang='lat' dir='ltr'><strong>Pririlegle,</strong></span> <span class='ocrx_word' id='word_1_502' title='bbox 1473 3378 1543 3436; x_wconf 90' lang='lat' dir='ltr'><strong>quae</strong></span> <span class='ocrx_word' id='word_1_503' title='bbox 1558 3379 1611 3419; x_wconf 89' lang='lat' dir='ltr'><strong>non</strong></span> <span class='ocrx_word' id='word_1_504' title='bbox 1627 3362 1767 3422; x_wconf 89' lang='lat' dir='ltr'><strong>ceduntin</strong></span> 
     </span>
     <span class='ocr_line' id='line_1_35' title="bbox 131 3448 1767 3523; baseline 0.004 -17"><span class='ocrx_word' id='word_1_505' title='bbox 131 3450 235 3506; x_wconf 91' lang='lat' dir='ltr'><strong>deutur</strong></span> <span class='ocrx_word' id='word_1_506' title='bbox 255 3450 393 3521; x_wconf 88' lang='lat' dir='ltr'><strong>privilegia</strong></span> <span class='ocrx_word' id='word_1_507' title='bbox 406 3448 531 3506; x_wconf 88' lang='lat' dir='ltr'><strong>audiendi</strong></span> <span class='ocrx_word' id='word_1_508' title='bbox 548 3449 743 3523; x_wconf 82' lang='lat' dir='ltr'><strong>consessiones,</strong></span> <span class='ocrx_word' id='word_1_509' title='bbox 759 3450 800 3508; x_wconf 90' lang='lat' dir='ltr'><strong>vel</strong></span> <span class='ocrx_word' id='word_1_510' title='bbox 815 3449 930 3523; x_wconf 90' lang='lat' dir='ltr'><strong>eligendi</strong></span> <span class='ocrx_word' id='word_1_511' title='bbox 966 3450 1080 3507; x_wconf 89' lang='lat' dir='ltr'><strong>aliorum</strong></span> <span class='ocrx_word' id='word_1_512' title='bbox 1094 3464 1256 3523; x_wconf 85' lang='lat' dir='ltr'><strong>gravamen,</strong></span> <span class='ocrx_word' id='word_1_513' title='bbox 1273 3449 1322 3506; x_wconf 92' lang='lat' dir='ltr'><strong>sed</strong></span> <span class='ocrx_word' id='word_1_514' title='bbox 1336 3457 1401 3507; x_wconf 89' lang='lat' dir='ltr'><strong>sunt</strong></span> <span class='ocrx_word' id='word_1_515' title='bbox 1420 3451 1529 3508; x_wconf 86' lang='lat' dir='ltr'><strong>levores</strong></span> <span class='ocrx_word' id='word_1_516' title='bbox 1543 3452 1677 3523; x_wconf 88' lang='lat' dir='ltr'><strong>speciales</strong></span> <span class='ocrx_word' id='word_1_517' title='bbox 1691 3455 1767 3512; x_wconf 89' lang='lat' dir='ltr'><strong>circa</strong></span> 
     </span>
     <span class='ocr_line' id='line_1_36' title="bbox 132 3537 1767 3615; baseline 0.003 -20"><span class='ocrx_word' id='word_1_518' title='bbox 132 3539 338 3610; x_wconf 79' lang='lat' dir='ltr'><strong>confessorem3</strong></span> <span class='ocrx_word' id='word_1_519' title='bbox 357 3538 421 3594; x_wconf 91' lang='lat' dir='ltr'><strong>licet</strong></span> <span class='ocrx_word' id='word_1_520' title='bbox 440 3541 511 3594; x_wconf 92' lang='lat' dir='ltr'><strong>enim</strong></span> <span class='ocrx_word' id='word_1_521' title='bbox 533 3537 677 3596; x_wconf 88' lang='lat' dir='ltr'><strong>videantur</strong></span> <span class='ocrx_word' id='word_1_522' title='bbox 697 3538 788 3612; x_wconf 91' lang='lat' dir='ltr'><strong>aliquo</strong></span> <span class='ocrx_word' id='word_1_523' title='bbox 809 3537 889 3594; x_wconf 91' lang='lat' dir='ltr'><strong>modo</strong></span> <span class='ocrx_word' id='word_1_524' title='bbox 906 3538 932 3593; x_wconf 90' lang='lat' dir='ltr'><strong>in</strong></span> <span class='ocrx_word' id='word_1_525' title='bbox 967 3538 1080 3598; x_wconf 91' lang='lat' dir='ltr'><strong>modum</strong></span> <span class='ocrx_word' id='word_1_526' title='bbox 1100 3537 1229 3610; x_wconf 88' lang='lat' dir='ltr'><strong>operandi</strong></span> <span class='ocrx_word' id='word_1_527' title='bbox 1251 3538 1408 3596; x_wconf 87' lang='lat' dir='ltr'><strong>absolutum</strong></span> <span class='ocrx_word' id='word_1_528' title='bbox 1429 3541 1513 3611; x_wconf 88' lang='lat' dir='ltr'><strong>ipsius</strong></span> <span class='ocrx_word' id='word_1_529' title='bbox 1537 3541 1687 3615; x_wconf 88' lang='lat' dir='ltr'><strong>privilegii,</strong></span> <span class='ocrx_word' id='word_1_530' title='bbox 1711 3561 1767 3602; x_wconf 88' lang='lat' dir='ltr'><strong>non</strong></span> 
     </span>
     <span class='ocr_line' id='line_1_37' title="bbox 133 3626 1767 3704; baseline 0.004 -21"><span class='ocrx_word' id='word_1_531' title='bbox 133 3627 332 3700; x_wconf 88' lang='lat' dir='ltr'><strong>praeiudicium</strong></span> <span class='ocrx_word' id='word_1_532' title='bbox 350 3626 476 3685; x_wconf 87' lang='lat' dir='ltr'><strong>ordinarii</strong></span> <span class='ocrx_word' id='word_1_533' title='bbox 489 3629 616 3699; x_wconf 89' lang='lat' dir='ltr'><strong>pastoris,</strong></span> <span class='ocrx_word' id='word_1_534' title='bbox 629 3627 681 3684; x_wconf 91' lang='lat' dir='ltr'><strong>boc</strong></span> <span class='ocrx_word' id='word_1_535' title='bbox 695 3634 851 3685; x_wconf 88' lang='lat' dir='ltr'><strong>tamennon</strong></span> <span class='ocrx_word' id='word_1_536' title='bbox 863 3642 930 3683; x_wconf 91' lang='lat' dir='ltr'><strong>con·</strong></span> <span class='ocrx_word' id='word_1_537' title='bbox 966 3628 1128 3685; x_wconf 89' lang='lat' dir='ltr'><strong>amittuntur</strong></span> <span class='ocrx_word' id='word_1_538' title='bbox 1143 3642 1191 3699; x_wconf 88' lang='lat' dir='ltr'><strong>per</strong></span> <span class='ocrx_word' id='word_1_539' title='bbox 1204 3642 1258 3684; x_wconf 90' lang='lat' dir='ltr'><strong>nou</strong></span> <span class='ocrx_word' id='word_1_540' title='bbox 1275 3643 1373 3699; x_wconf 89' lang='lat' dir='ltr'><strong>usum,</strong></span> <span class='ocrx_word' id='word_1_541' title='bbox 1391 3628 1434 3685; x_wconf 88' lang='lat' dir='ltr'><strong>vel</strong></span> <span class='ocrx_word' id='word_1_542' title='bbox 1448 3629 1562 3686; x_wconf 88' lang='lat' dir='ltr'><strong>eliorum</strong></span> <span class='ocrx_word' id='word_1_543' title='bbox 1572 3633 1767 3704; x_wconf 87' lang='lat' dir='ltr'><strong>praescriptio·</strong></span> 
     </span>
     <span class='ocr_line' id='line_1_38' title="bbox 133 3715 1767 3791; baseline 0.006 -21"><span class='ocrx_word' id='word_1_544' title='bbox 133 3715 287 3787; x_wconf 87' lang='lat' dir='ltr'><strong>sideretur,</strong></span> <span class='ocrx_word' id='word_1_545' title='bbox 303 3715 367 3788; x_wconf 91' lang='lat' dir='ltr'><strong>quie</strong></span> <span class='ocrx_word' id='word_1_546' title='bbox 378 3716 469 3786; x_wconf 89' lang='lat' dir='ltr'><strong>potius</strong></span> <span class='ocrx_word' id='word_1_547' title='bbox 479 3721 522 3772; x_wconf 88' lang='lat' dir='ltr'><strong>est</strong></span> <span class='ocrx_word' id='word_1_548' title='bbox 533 3718 659 3772; x_wconf 83' lang='lat' dir='ltr'><strong>levamen</strong></span> <span class='ocrx_word' id='word_1_549' title='bbox 668 3717 723 3788; x_wconf 90' lang='lat' dir='ltr'><strong>eie,</strong></span> <span class='ocrx_word' id='word_1_550' title='bbox 735 3723 764 3774; x_wconf 90' lang='lat' dir='ltr'><strong>et</strong></span> <span class='ocrx_word' id='word_1_551' title='bbox 773 3717 929 3790; x_wconf 87' lang='lat' dir='ltr'><strong>praecipue,</strong></span> <span class='ocrx_word' id='word_1_552' title='bbox 965 3725 1162 3790; x_wconf 90' lang='lat' dir='ltr'><strong>nem,possunt</strong></span> <span class='ocrx_word' id='word_1_553' title='bbox 1173 3724 1264 3774; x_wconf 89' lang='lat' dir='ltr'><strong>temen</strong></span> <span class='ocrx_word' id='word_1_554' title='bbox 1275 3733 1323 3791; x_wconf 89' lang='lat' dir='ltr'><strong>per</strong></span> <span class='ocrx_word' id='word_1_555' title='bbox 1331 3719 1442 3776; x_wconf 90' lang='lat' dir='ltr'><strong>tacitam</strong></span> <span class='ocrx_word' id='word_1_556' title='bbox 1449 3721 1767 3780; x_wconf 80' lang='lat' dir='ltr'><strong>renunciationememit·</strong></span> 
     </span>
     <span class='ocr_line' id='line_1_39' title="bbox 131 3802 1766 3879; baseline 0.006 -19"><span class='ocrx_word' id='word_1_557' title='bbox 131 3803 198 3876; x_wconf 89' lang='lat' dir='ltr'><strong>qnie</strong></span> <span class='ocrx_word' id='word_1_558' title='bbox 214 3805 301 3877; x_wconf 84' lang='lat' dir='ltr'><strong>magis</strong></span> <span class='ocrx_word' id='word_1_559' title='bbox 315 3802 507 3861; x_wconf 88' lang='lat' dir='ltr'><strong>consideretur</strong></span> <span class='ocrx_word' id='word_1_560' title='bbox 520 3803 597 3860; x_wconf 88' lang='lat' dir='ltr'><strong>lavor</strong></span> <span class='ocrx_word' id='word_1_561' title='bbox 611 3806 774 3863; x_wconf 75' lang='lat' dir='ltr'><strong>animarum:</strong></span> <span class='ocrx_word' id='word_1_562' title='bbox 967 3809 1001 3878; x_wconf 90' lang='lat' dir='ltr'><strong>ti,</strong></span> <span class='ocrx_word' id='word_1_563' title='bbox 1015 3807 1036 3863; x_wconf 91' lang='lat' dir='ltr'><strong>si</strong></span> <span class='ocrx_word' id='word_1_564' title='bbox 1048 3807 1235 3879; x_wconf 89' lang='lat' dir='ltr'><strong>interpretatio</strong></span> <span class='ocrx_word' id='word_1_565' title='bbox 1247 3806 1308 3864; x_wconf 88' lang='lat' dir='ltr'><strong>telis</strong></span> <span class='ocrx_word' id='word_1_566' title='bbox 1319 3806 1467 3865; x_wconf 86' lang='lat' dir='ltr'><strong>voluntatis</strong></span> <span class='ocrx_word' id='word_1_567' title='bbox 1478 3809 1650 3868; x_wconf 86' lang='lat' dir='ltr'><strong>sufficienter</strong></span> <span class='ocrx_word' id='word_1_568' title='bbox 1661 3827 1695 3868; x_wconf 83' lang='lat' dir='ltr'><strong>er</strong></span> <span class='ocrx_word' id='word_1_569' title='bbox 1706 3813 1766 3870; x_wconf 88' lang='lat' dir='ltr'><strong>iure</strong></span> 
     </span>
     <span class='ocr_line' id='line_1_40' title="bbox 175 3891 1766 3970; baseline 0.006 -20"><span class='ocrx_word' id='word_1_570' title='bbox 175 3897 219 3950; x_wconf 81' lang='lat'><strong>15.</strong></span> <span class='ocrx_word' id='word_1_571' title='bbox 235 3895 302 3950; x_wconf 85' lang='lat' dir='ltr'><strong>bico</strong></span> <span class='ocrx_word' id='word_1_572' title='bbox 323 3908 388 3965; x_wconf 87' lang='lat' dir='ltr'><strong>ergo</strong></span> <span class='ocrx_word' id='word_1_573' title='bbox 408 3894 513 3965; x_wconf 88' lang='lat' dir='ltr'><strong>primo,</strong></span> <span class='ocrx_word' id='word_1_574' title='bbox 534 3894 673 3968; x_wconf 88' lang='lat' dir='ltr'><strong>privilegis</strong></span> <span class='ocrx_word' id='word_1_575' title='bbox 693 3897 791 3969; x_wconf 86' lang='lat' dir='ltr'><strong>prioris</strong></span> <span class='ocrx_word' id='word_1_576' title='bbox 810 3897 929 3969; x_wconf 87' lang='lat' dir='ltr'><strong>generis,</strong></span> <span class='ocrx_word' id='word_1_577' title='bbox 966 3903 1083 3954; x_wconf 87' lang='lat' dir='ltr'><strong>constet.</strong></span> <span class='ocrx_word' id='word_1_578' title='bbox 1096 3897 1217 3954; x_wconf 90' lang='lat' dir='ltr'><strong>Priorem</strong></span> <span class='ocrx_word' id='word_1_579' title='bbox 1230 3902 1337 3969; x_wconf 87' lang='lat' dir='ltr'><strong>partem</strong></span> <span class='ocrx_word' id='word_1_580' title='bbox 1348 3905 1492 3970; x_wconf 85' lang='lat' dir='ltr'><strong>negantem</strong></span> <span class='ocrx_word' id='word_1_581' title='bbox 1503 3891 1575 3956; x_wconf 60' lang='lat' dir='ltr'><strong>mibi¹</strong></span> <span class='ocrx_word' id='word_1_582' title='bbox 1585 3899 1766 3960; x_wconf 87' lang='lat' dir='ltr'><strong>sufficientem</strong></span> 
     </span>
     <span class='ocr_line' id='line_1_41' title="bbox 130 3981 1763 4066; baseline 0.006 -28"><span class='ocrx_word' id='word_1_583' title='bbox 130 3998 207 4055; x_wconf 88' lang='lat' dir='ltr'><strong>qnae</strong></span> <span class='ocrx_word' id='word_1_584' title='bbox 227 3981 384 4039; x_wconf 87' lang='lat' dir='ltr'><strong>redundant</strong></span> <span class='ocrx_word' id='word_1_585' title='bbox 402 3981 427 4038; x_wconf 89' lang='lat' dir='ltr'><strong>in</strong></span> <span class='ocrx_word' id='word_1_586' title='bbox 446 3997 612 4055; x_wconf 80' lang='lat' dir='ltr'><strong>gravamen,</strong></span> <span class='ocrx_word' id='word_1_587' title='bbox 627 3993 655 4040; x_wconf 89' lang='lat' dir='ltr'><strong>et</strong></span> <span class='ocrx_word' id='word_1_588' title='bbox 674 3985 753 4058; x_wconf 89' lang='lat' dir='ltr'><strong>quasi</strong></span> <span class='ocrx_word' id='word_1_589' title='bbox 775 3986 931 4042; x_wconf 86' lang='lat' dir='ltr'><strong>servitutem</strong></span> <span class='ocrx_word' id='word_1_590' title='bbox 966 3985 1086 4059; x_wconf 88' lang='lat' dir='ltr'><strong>probant</strong></span> <span class='ocrx_word' id='word_1_591' title='bbox 1100 3991 1263 4059; x_wconf 89' lang='lat' dir='ltr'><strong>argumenta</strong></span> <span class='ocrx_word' id='word_1_592' title='bbox 1276 3985 1347 4043; x_wconf 88' lang='lat' dir='ltr'><strong>lecte</strong></span> <span class='ocrx_word' id='word_1_593' title='bbox 1362 3988 1389 4042; x_wconf 89' lang='lat' dir='ltr'><strong>in</strong></span> <span class='ocrx_word' id='word_1_594' title='bbox 1404 3989 1540 4061; x_wconf 90' lang='lat' dir='ltr'><strong>principio</strong></span> <span class='ocrx_word' id='word_1_595' title='bbox 1558 3989 1642 4048; x_wconf 91' lang='lat' dir='ltr'><strong>buius</strong></span> <span class='ocrx_word' id='word_1_596' title='bbox 1657 3995 1763 4066; x_wconf 69' lang='lat' dir='ltr'><strong>puncti,</strong></span> 
     </span>
     <span class='ocr_line' id='line_1_42' title="bbox 130 4061 1766 4153; baseline 0.006 -25"><span class='ocrx_word' id='word_1_597' title='bbox 130 4072 249 4129; x_wconf 89' lang='lat' dir='ltr'><strong>eliorum</strong></span> <span class='ocrx_word' id='word_1_598' title='bbox 260 4115 267 4141; x_wconf 95' lang='lat'><strong>,</strong></span> <span class='ocrx_word' id='word_1_599' title='bbox 277 4079 391 4128; x_wconf 88' lang='lat' dir='ltr'><strong>eatenus</strong></span> <span class='ocrx_word' id='word_1_600' title='bbox 402 4086 483 4144; x_wconf 90' lang='lat' dir='ltr'><strong>posse</strong></span> <span class='ocrx_word' id='word_1_601' title='bbox 493 4073 706 4145; x_wconf 89' lang='lat' dir='ltr'><strong>praescriptione</strong></span> <span class='ocrx_word' id='word_1_602' title='bbox 717 4076 804 4131; x_wconf 91' lang='lat' dir='ltr'><strong>amitti</strong></span> <span class='ocrx_word' id='word_1_603' title='bbox 816 4090 864 4146; x_wconf 94' lang='lat' dir='ltr'><strong>per</strong></span> <span class='ocrx_word' id='word_1_604' title='bbox 876 4091 930 4132; x_wconf 89' lang='lat' dir='ltr'><strong>non</strong></span> <span class='ocrx_word' id='word_1_605' title='bbox 966 4074 1031 4148; x_wconf 90' lang='lat' dir='ltr'><strong>quie</strong></span> <span class='ocrx_word' id='word_1_606' title='bbox 1043 4061 1152 4147; x_wconf 79' lang='lat' dir='ltr'><strong>intelligi</strong></span> <span class='ocrx_word' id='word_1_607' title='bbox 1164 4091 1217 4130; x_wconf 91' lang='lat' dir='ltr'><strong>nou</strong></span> <span class='ocrx_word' id='word_1_608' title='bbox 1232 4080 1323 4147; x_wconf 88' lang='lat' dir='ltr'><strong>potest</strong></span> <span class='ocrx_word' id='word_1_609' title='bbox 1333 4077 1361 4132; x_wconf 91' lang='lat' dir='ltr'><strong>in</strong></span> <span class='ocrx_word' id='word_1_610' title='bbox 1374 4075 1415 4131; x_wconf 92' lang='lat' dir='ltr'><strong>bis</strong></span> <span class='ocrx_word' id='word_1_611' title='bbox 1427 4077 1572 4152; x_wconf 87' lang='lat' dir='ltr'><strong>privilegiis</strong></span> <span class='ocrx_word' id='word_1_612' title='bbox 1586 4081 1766 4153; x_wconf 88' lang='lat' dir='ltr'><strong>praescriptio</strong></span> 
     </span>
     <span class='ocr_line' id='line_1_43' title="bbox 130 4160 1764 4244; baseline 0.007 -27"><span class='ocrx_word' id='word_1_613' title='bbox 130 4175 216 4217; x_wconf 88' lang='lat' dir='ltr'><strong>usum</strong></span> <span class='ocrx_word' id='word_1_614' title='bbox 233 4160 415 4233; x_wconf 89' lang='lat' dir='ltr'><strong>privilegiarii,</strong></span> <span class='ocrx_word' id='word_1_615' title='bbox 427 4167 563 4234; x_wconf 85' lang='lat' dir='ltr'><strong>quatenus</strong></span> <span class='ocrx_word' id='word_1_616' title='bbox 577 4162 621 4218; x_wconf 91' lang='lat' dir='ltr'><strong>alii</strong></span> <span class='ocrx_word' id='word_1_617' title='bbox 636 4171 754 4233; x_wconf 89' lang='lat' dir='ltr'><strong>possunt</strong></span> <span class='ocrx_word' id='word_1_618' title='bbox 768 4172 865 4221; x_wconf 88' lang='lat' dir='ltr'><strong>contre</strong></span> <span class='ocrx_word' id='word_1_619' title='bbox 876 4166 930 4237; x_wconf 87' lang='lat' dir='ltr'><strong>pri·</strong></span> <span class='ocrx_word' id='word_1_620' title='bbox 966 4163 1080 4220; x_wconf 88' lang='lat' dir='ltr'><strong>eliorum</strong></span> <span class='ocrx_word' id='word_1_621' title='bbox 1102 4172 1199 4220; x_wconf 89' lang='lat' dir='ltr'><strong>contre</strong></span> <span class='ocrx_word' id='word_1_622' title='bbox 1218 4163 1280 4237; x_wconf 84' lang='lat' dir='ltr'><strong>illo,</strong></span> <span class='ocrx_word' id='word_1_623' title='bbox 1294 4180 1361 4221; x_wconf 90' lang='lat' dir='ltr'><strong>cum</strong></span> <span class='ocrx_word' id='word_1_624' title='bbox 1382 4164 1439 4237; x_wconf 89' lang='lat' dir='ltr'><strong>ipsa</strong></span> <span class='ocrx_word' id='word_1_625' title='bbox 1459 4167 1525 4223; x_wconf 89' lang='lat' dir='ltr'><strong>elios</strong></span> <span class='ocrx_word' id='word_1_626' title='bbox 1538 4183 1593 4225; x_wconf 88' lang='lat' dir='ltr'><strong>nou</strong></span> <span class='ocrx_word' id='word_1_627' title='bbox 1608 4171 1764 4244; x_wconf 83' lang='lat' dir='ltr'><strong>respiciant,</strong></span> 
     </span>
     <span class='ocr_line' id='line_1_44' title="bbox 130 4250 1766 4332; baseline 0.007 -26"><span class='ocrx_word' id='word_1_628' title='bbox 130 4251 301 4322; x_wconf 86' lang='lat' dir='ltr'><strong>vilegiarium</strong></span> <span class='ocrx_word' id='word_1_629' title='bbox 321 4251 526 4322; x_wconf 87' lang='lat' dir='ltr'><strong>praescribere,</strong></span> <span class='ocrx_word' id='word_1_630' title='bbox 548 4250 624 4323; x_wconf 92' lang='lat' dir='ltr'><strong>quod</strong></span> <span class='ocrx_word' id='word_1_631' title='bbox 646 4251 805 4326; x_wconf 77' lang='lat' dir='ltr'><strong>frequenter</strong></span> <span class='ocrx_word' id='word_1_632' title='bbox 824 4269 878 4311; x_wconf 91' lang='lat' dir='ltr'><strong>non</strong></span> <span class='ocrx_word' id='word_1_633' title='bbox 900 4255 930 4310; x_wconf 88' lang='lat' dir='ltr'><strong>lit</strong></span> <span class='ocrx_word' id='word_1_634' title='bbox 965 4252 1008 4309; x_wconf 91' lang='lat' dir='ltr'><strong>vel</strong></span> <span class='ocrx_word' id='word_1_635' title='bbox 1021 4252 1082 4310; x_wconf 90' lang='lat' dir='ltr'><strong>illos</strong></span> <span class='ocrx_word' id='word_1_636' title='bbox 1097 4269 1150 4309; x_wconf 90' lang='lat' dir='ltr'><strong>non</strong></span> <span class='ocrx_word' id='word_1_637' title='bbox 1161 4259 1338 4326; x_wconf 87' lang='lat' dir='ltr'><strong>gravent,ut</strong></span> <span class='ocrx_word' id='word_1_638' title='bbox 1348 4255 1545 4330; x_wconf 78' lang='lat' dir='ltr'><strong>supponimus3</strong></span> <span class='ocrx_word' id='word_1_639' title='bbox 1563 4258 1705 4332; x_wconf 90' lang='lat' dir='ltr'><strong>multoque</strong></span> <span class='ocrx_word' id='word_1_640' title='bbox 1716 4262 1766 4317; x_wconf 90' lang='lat' dir='ltr'><strong>mi·</strong></span> 
     </span>
     <span class='ocr_line' id='line_1_45' title="bbox 130 4338 1766 4420; baseline 0.007 -27"><span class='ocrx_word' id='word_1_641' title='bbox 130 4341 192 4394; x_wconf 89' lang='lat' dir='ltr'><strong>sine</strong></span> <span class='ocrx_word' id='word_1_642' title='bbox 205 4338 298 4412; x_wconf 90' lang='lat' dir='ltr'><strong>eliqno</strong></span> <span class='ocrx_word' id='word_1_643' title='bbox 313 4339 429 4409; x_wconf 90' lang='lat' dir='ltr'><strong>positivo</strong></span> <span class='ocrx_word' id='word_1_644' title='bbox 443 4346 510 4396; x_wconf 90' lang='lat' dir='ltr'><strong>actu</strong></span> <span class='ocrx_word' id='word_1_645' title='bbox 523 4339 610 4411; x_wconf 90' lang='lat' dir='ltr'><strong>ipsius</strong></span> <span class='ocrx_word' id='word_1_646' title='bbox 620 4340 842 4412; x_wconf 88' lang='lat' dir='ltr'><strong>praescribentis.</strong></span> <span class='ocrx_word' id='word_1_647' title='bbox 856 4344 929 4399; x_wconf 88' lang='lat' dir='ltr'><strong>llaec</strong></span> <span class='ocrx_word' id='word_1_648' title='bbox 964 4357 1018 4398; x_wconf 90' lang='lat' dir='ltr'><strong>nus</strong></span> <span class='ocrx_word' id='word_1_649' title='bbox 1031 4347 1122 4413; x_wconf 91' lang='lat' dir='ltr'><strong>potest</strong></span> <span class='ocrx_word' id='word_1_650' title='bbox 1135 4341 1198 4398; x_wconf 86' lang='lat' dir='ltr'><strong>talis</strong></span> <span class='ocrx_word' id='word_1_651' title='bbox 1213 4343 1393 4414; x_wconf 84' lang='lat' dir='ltr'><strong>praescriptio</strong></span> <span class='ocrx_word' id='word_1_652' title='bbox 1414 4344 1526 4418; x_wconf 90' lang='lat' dir='ltr'><strong>intelligi</strong></span> <span class='ocrx_word' id='word_1_653' title='bbox 1541 4346 1640 4419; x_wconf 87' lang='lat' dir='ltr'><strong>inipso</strong></span> <span class='ocrx_word' id='word_1_654' title='bbox 1656 4349 1766 4420; x_wconf 90' lang='lat' dir='ltr'><strong>privile-</strong></span> 
     </span>
     <span class='ocr_line' id='line_1_46' title="bbox 130 4427 1765 4508; baseline 0.007 -26"><span class='ocrx_word' id='word_1_655' title='bbox 130 4428 248 4484; x_wconf 88' lang='lat' dir='ltr'><strong>aseertio</strong></span> <span class='ocrx_word' id='word_1_656' title='bbox 266 4429 387 4484; x_wconf 90' lang='lat' dir='ltr'><strong>sumitur</strong></span> <span class='ocrx_word' id='word_1_657' title='bbox 403 4443 437 4484; x_wconf 85' lang='lat' dir='ltr'><strong>ex</strong></span> <span class='ocrx_word' id='word_1_658' title='bbox 455 4431 596 4486; x_wconf 90' lang='lat' dir='ltr'><strong>communi</strong></span> <span class='ocrx_word' id='word_1_659' title='bbox 616 4433 765 4503; x_wconf 79' lang='lat' dir='ltr'><strong>sentemie,</strong></span> <span class='ocrx_word' id='word_1_660' title='bbox 782 4435 809 4488; x_wconf 90' lang='lat' dir='ltr'><strong>ln</strong></span> <span class='ocrx_word' id='word_1_661' title='bbox 829 4433 929 4505; x_wconf 88' lang='lat' dir='ltr'><strong>princi·</strong></span> <span class='ocrx_word' id='word_1_662' title='bbox 964 4432 1067 4506; x_wconf 88' lang='lat' dir='ltr'><strong>glorio,</strong></span> <span class='ocrx_word' id='word_1_663' title='bbox 1083 4437 1115 4488; x_wconf 95' lang='lat' dir='ltr'><strong>nt</strong></span> <span class='ocrx_word' id='word_1_664' title='bbox 1128 4427 1208 4488; x_wconf 86' lang='lat' dir='ltr'><strong>etiam</strong></span> <span class='ocrx_word' id='word_1_665' title='bbox 1224 4439 1364 4488; x_wconf 89' lang='lat' dir='ltr'><strong>ostensum</strong></span> <span class='ocrx_word' id='word_1_666' title='bbox 1378 4439 1430 4490; x_wconf 91' lang='lat' dir='ltr'><strong>est.</strong></span> <span class='ocrx_word' id='word_1_667' title='bbox 1446 4432 1541 4491; x_wconf 77' lang='lat' dir='ltr'><strong>addidi</strong></span> <span class='ocrx_word' id='word_1_668' title='bbox 1553 4451 1617 4492; x_wconf 91' lang='lat' dir='ltr'><strong>vero</strong></span> <span class='ocrx_word' id='word_1_669' title='bbox 1631 4439 1765 4508; x_wconf 88' lang='lat' dir='ltr'><strong>posterio-</strong></span> 
     </span>
     <span class='ocr_line' id='line_1_47' title="bbox 131 4517 1766 4598; baseline 0.007 -27"><span class='ocrx_word' id='word_1_670' title='bbox 131 4517 177 4586; x_wconf 94' lang='lat' dir='ltr'><strong>pio</strong></span> <span class='ocrx_word' id='word_1_671' title='bbox 189 4518 321 4585; x_wconf 70' lang='lat' dir='ltr'><strong>recitate,</strong></span> <span class='ocrx_word' id='word_1_672' title='bbox 338 4531 400 4573; x_wconf 89' lang='lat' dir='ltr'><strong>uam</strong></span> <span class='ocrx_word' id='word_1_673' title='bbox 416 4523 555 4590; x_wconf 90' lang='lat' dir='ltr'><strong>auctores,</strong></span> <span class='ocrx_word' id='word_1_674' title='bbox 571 4519 619 4590; x_wconf 94' lang='lat' dir='ltr'><strong>qui</strong></span> <span class='ocrx_word' id='word_1_675' title='bbox 633 4519 746 4593; x_wconf 89' lang='lat' dir='ltr'><strong>dicuat,</strong></span> <span class='ocrx_word' id='word_1_676' title='bbox 761 4521 931 4594; x_wconf 91' lang='lat' dir='ltr'><strong>privilegium</strong></span> <span class='ocrx_word' id='word_1_677' title='bbox 966 4537 1024 4578; x_wconf 90' lang='lat' dir='ltr'><strong>rem</strong></span> <span class='ocrx_word' id='word_1_678' title='bbox 1036 4528 1141 4592; x_wconf 86' lang='lat' dir='ltr'><strong>putem</strong></span> <span class='ocrx_word' id='word_1_679' title='bbox 1154 4564 1161 4592; x_wconf 94' lang='lat'><strong>,</strong></span> <span class='ocrx_word' id='word_1_680' title='bbox 1173 4522 1239 4593; x_wconf 88' lang='lat' dir='ltr'><strong>quie</strong></span> <span class='ocrx_word' id='word_1_681' title='bbox 1249 4527 1358 4593; x_wconf 88' lang='lat' dir='ltr'><strong>sumpta</strong></span> <span class='ocrx_word' id='word_1_682' title='bbox 1368 4520 1401 4578; x_wconf 93' lang='lat' dir='ltr'><strong>de</strong></span> <span class='ocrx_word' id='word_1_683' title='bbox 1412 4523 1533 4594; x_wconf 91' lang='lat' dir='ltr'><strong>possibili</strong></span> <span class='ocrx_word' id='word_1_684' title='bbox 1545 4525 1637 4598; x_wconf 88' lang='lat' dir='ltr'><strong>negari</strong></span> <span class='ocrx_word' id='word_1_685' title='bbox 1651 4542 1705 4584; x_wconf 88' lang='lat' dir='ltr'><strong>uon</strong></span> <span class='ocrx_word' id='word_1_686' title='bbox 1716 4543 1766 4598; x_wconf 91' lang='lat' dir='ltr'><strong>po·</strong></span> 
     </span>
     <span class='ocr_line' id='line_1_48' title="bbox 131 4606 1766 4689; baseline 0.007 -29"><span class='ocrx_word' id='word_1_687' title='bbox 131 4606 222 4661; x_wconf 89' lang='lat' dir='ltr'><strong>amitti</strong></span> <span class='ocrx_word' id='word_1_688' title='bbox 243 4619 291 4675; x_wconf 89' lang='lat' dir='ltr'><strong>per</strong></span> <span class='ocrx_word' id='word_1_689' title='bbox 311 4621 365 4661; x_wconf 89' lang='lat' dir='ltr'><strong>nou</strong></span> <span class='ocrx_word' id='word_1_690' title='bbox 382 4621 480 4676; x_wconf 90' lang='lat' dir='ltr'><strong>nsum,</strong></span> <span class='ocrx_word' id='word_1_691' title='bbox 496 4611 603 4662; x_wconf 89' lang='lat' dir='ltr'><strong>certum</strong></span> <span class='ocrx_word' id='word_1_692' title='bbox 619 4613 726 4679; x_wconf 90' lang='lat' dir='ltr'><strong>tempus</strong></span> <span class='ocrx_word' id='word_1_693' title='bbox 740 4610 884 4681; x_wconf 88' lang='lat' dir='ltr'><strong>requirunt</strong></span> <span class='ocrx_word' id='word_1_694' title='bbox 896 4609 931 4666; x_wconf 91' lang='lat' dir='ltr'><strong>ed</strong></span> <span class='ocrx_word' id='word_1_695' title='bbox 967 4618 1035 4683; x_wconf 88' lang='lat' dir='ltr'><strong>test,</strong></span> <span class='ocrx_word' id='word_1_696' title='bbox 1051 4625 1116 4667; x_wconf 92' lang='lat' dir='ltr'><strong>cum</strong></span> <span class='ocrx_word' id='word_1_697' title='bbox 1137 4625 1218 4681; x_wconf 88' lang='lat' dir='ltr'><strong>saepe</strong></span> <span class='ocrx_word' id='word_1_698' title='bbox 1238 4610 1366 4667; x_wconf 90' lang='lat' dir='ltr'><strong>voluntas</strong></span> <span class='ocrx_word' id='word_1_699' title='bbox 1385 4613 1468 4668; x_wconf 89' lang='lat' dir='ltr'><strong>tacita</strong></span> <span class='ocrx_word' id='word_1_700' title='bbox 1486 4614 1625 4670; x_wconf 88' lang='lat' dir='ltr'><strong>moraliter</strong></span> <span class='ocrx_word' id='word_1_701' title='bbox 1638 4616 1766 4689; x_wconf 80' lang='lat' dir='ltr'><strong>acquire·</strong></span> 
     </span>
     <span class='ocr_line' id='line_1_49' title="bbox 130 4693 1765 4777; baseline 0.008 -29"><span class='ocrx_word' id='word_1_702' title='bbox 130 4693 204 4750; x_wconf 90' lang='lat' dir='ltr'><strong>illam</strong></span> <span class='ocrx_word' id='word_1_703' title='bbox 226 4694 409 4750; x_wconf 87' lang='lat' dir='ltr'><strong>amissionem.</strong></span> <span class='ocrx_word' id='word_1_704' title='bbox 427 4694 503 4752; x_wconf 91' lang='lat' dir='ltr'><strong>Unde</strong></span> <span class='ocrx_word' id='word_1_705' title='bbox 518 4695 595 4767; x_wconf 89' lang='lat' dir='ltr'><strong>plene</strong></span> <span class='ocrx_word' id='word_1_706' title='bbox 610 4698 744 4768; x_wconf 89' lang='lat' dir='ltr'><strong>sentiunt,</strong></span> <span class='ocrx_word' id='word_1_707' title='bbox 760 4699 831 4756; x_wconf 90' lang='lat' dir='ltr'><strong>illam</strong></span> <span class='ocrx_word' id='word_1_708' title='bbox 848 4701 929 4756; x_wconf 90' lang='lat' dir='ltr'><strong>amis·</strong></span> <span class='ocrx_word' id='word_1_709' title='bbox 966 4700 1020 4757; x_wconf 88' lang='lat' dir='ltr'><strong>leat</strong></span> <span class='ocrx_word' id='word_1_710' title='bbox 1032 4713 1188 4770; x_wconf 77' lang='lat' dir='ltr'><strong>expressae.</strong></span> <span class='ocrx_word' id='word_1_711' title='bbox 1205 4698 1260 4755; x_wconf 85' lang='lat' dir='ltr'><strong>bisi</strong></span> <span class='ocrx_word' id='word_1_712' title='bbox 1272 4706 1381 4770; x_wconf 91' lang='lat' dir='ltr'><strong>eutem,</strong></span> <span class='ocrx_word' id='word_1_713' title='bbox 1393 4702 1579 4758; x_wconf 89' lang='lat' dir='ltr'><strong>necessarium</strong></span> <span class='ocrx_word' id='word_1_714' title='bbox 1591 4718 1666 4777; x_wconf 90' lang='lat' dir='ltr'><strong>esse,</strong></span> <span class='ocrx_word' id='word_1_715' title='bbox 1684 4707 1765 4761; x_wconf 90' lang='lat' dir='ltr'><strong>utin·</strong></span> 
     </span>
     <span class='ocr_line' id='line_1_50' title="bbox 130 4783 1763 4866; baseline 0.007 -28"><span class='ocrx_word' id='word_1_716' title='bbox 130 4784 233 4840; x_wconf 87' lang='lat' dir='ltr'><strong>sionem</strong></span> <span class='ocrx_word' id='word_1_717' title='bbox 245 4797 305 4838; x_wconf 89' lang='lat' dir='ltr'><strong>cese</strong></span> <span class='ocrx_word' id='word_1_718' title='bbox 316 4785 421 4840; x_wconf 79' lang='lat' dir='ltr'><strong>radone</strong></span> <span class='ocrx_word' id='word_1_719' title='bbox 431 4783 546 4840; x_wconf 89' lang='lat' dir='ltr'><strong>alicuius</strong></span> <span class='ocrx_word' id='word_1_720' title='bbox 562 4787 796 4858; x_wconf 88' lang='lat' dir='ltr'><strong>praescriptionis,</strong></span> <span class='ocrx_word' id='word_1_721' title='bbox 806 4803 855 4844; x_wconf 87' lang='lat' dir='ltr'><strong>seu</strong></span> <span class='ocrx_word' id='word_1_722' title='bbox 865 4805 930 4845; x_wconf 89' lang='lat' dir='ltr'><strong>usu·</strong></span> <span class='ocrx_word' id='word_1_723' title='bbox 966 4787 1087 4845; x_wconf 90' lang='lat' dir='ltr'><strong>tercedat</strong></span> <span class='ocrx_word' id='word_1_724' title='bbox 1100 4786 1210 4860; x_wconf 87' lang='lat' dir='ltr'><strong>aliquod</strong></span> <span class='ocrx_word' id='word_1_725' title='bbox 1224 4789 1267 4844; x_wconf 90' lang='lat' dir='ltr'><strong>ius</strong></span> <span class='ocrx_word' id='word_1_726' title='bbox 1280 4787 1388 4861; x_wconf 77' lang='lat' dir='ltr'><strong>lutiqne</strong></span> <span class='ocrx_word' id='word_1_727' title='bbox 1404 4804 1551 4847; x_wconf 89' lang='lat' dir='ltr'><strong>commune</strong></span> <span class='ocrx_word' id='word_1_728' title='bbox 1566 4792 1609 4848; x_wconf 86' lang='lat' dir='ltr'><strong>vel</strong></span> <span class='ocrx_word' id='word_1_729' title='bbox 1624 4793 1763 4866; x_wconf 74' lang='lat' dir='ltr'><strong>speciale),</strong></span> 
     </span>
     <span class='ocr_line' id='line_1_51' title="bbox 130 4871 1765 4957; baseline 0.009 -30"><span class='ocrx_word' id='word_1_730' title='bbox 130 4871 265 4942; x_wconf 80' lang='lat' dir='ltr'><strong>capionis3</strong></span> <span class='ocrx_word' id='word_1_731' title='bbox 284 4885 351 4944; x_wconf 89' lang='lat' dir='ltr'><strong>ergo</strong></span> <span class='ocrx_word' id='word_1_732' title='bbox 371 4887 484 4929; x_wconf 88' lang='lat' dir='ltr'><strong>necesse</strong></span> <span class='ocrx_word' id='word_1_733' title='bbox 504 4879 563 4946; x_wconf 91' lang='lat' dir='ltr'><strong>est,</strong></span> <span class='ocrx_word' id='word_1_734' title='bbox 580 4874 632 4930; x_wconf 91' lang='lat' dir='ltr'><strong>hoc</strong></span> <span class='ocrx_word' id='word_1_735' title='bbox 646 4875 758 4948; x_wconf 88' lang='lat' dir='ltr'><strong>intelligi</strong></span> <span class='ocrx_word' id='word_1_736' title='bbox 772 4875 806 4933; x_wconf 93' lang='lat' dir='ltr'><strong>de</strong></span> <span class='ocrx_word' id='word_1_737' title='bbox 820 4877 931 4948; x_wconf 87' lang='lat' dir='ltr'><strong>privile·</strong></span> <span class='ocrx_word' id='word_1_738' title='bbox 965 4879 1001 4936; x_wconf 89' lang='lat' dir='ltr'><strong>ita</strong></span> <span class='ocrx_word' id='word_1_739' title='bbox 1014 4880 1197 4952; x_wconf 88' lang='lat' dir='ltr'><strong>interpretans</strong></span> <span class='ocrx_word' id='word_1_740' title='bbox 1212 4879 1381 4936; x_wconf 90' lang='lat' dir='ltr'><strong>voluntatem</strong></span> <span class='ocrx_word' id='word_1_741' title='bbox 1399 4881 1589 4957; x_wconf 87' lang='lat' dir='ltr'><strong>privilegiarii,</strong></span> <span class='ocrx_word' id='word_1_742' title='bbox 1604 4887 1669 4955; x_wconf 89' lang='lat' dir='ltr'><strong>quia</strong></span> <span class='ocrx_word' id='word_1_743' title='bbox 1690 4885 1765 4942; x_wconf 88' lang='lat' dir='ltr'><strong>solus</strong></span> 
     </span>
     <span class='ocr_line' id='line_1_52' title="bbox 128 4960 1765 5042; baseline 0.01 -27"><span class='ocrx_word' id='word_1_744' title='bbox 128 4962 197 5032; x_wconf 87' lang='lat' dir='ltr'><strong>giis,</strong></span> <span class='ocrx_word' id='word_1_745' title='bbox 213 4960 354 5038; x_wconf 92' lang='lat' dir='ltr'><strong>inquibus</strong></span> <span class='ocrx_word' id='word_1_746' title='bbox 369 4961 437 5018; x_wconf 82' lang='lat' dir='ltr'><strong>aliare</strong></span> <span class='ocrx_word' id='word_1_747' title='bbox 452 4968 543 5033; x_wconf 88' lang='lat' dir='ltr'><strong>potest</strong></span> <span class='ocrx_word' id='word_1_748' title='bbox 560 4964 747 5035; x_wconf 88' lang='lat' dir='ltr'><strong>praescribere</strong></span> <span class='ocrx_word' id='word_1_749' title='bbox 761 4972 859 5024; x_wconf 87' lang='lat' dir='ltr'><strong>contra</strong></span> <span class='ocrx_word' id='word_1_750' title='bbox 873 4969 931 5038; x_wconf 89' lang='lat' dir='ltr'><strong>pri·</strong></span> <span class='ocrx_word' id='word_1_751' title='bbox 964 4984 1020 5026; x_wconf 89' lang='lat' dir='ltr'><strong>non</strong></span> <span class='ocrx_word' id='word_1_752' title='bbox 1043 4985 1112 5026; x_wconf 89' lang='lat' dir='ltr'><strong>usus</strong></span> <span class='ocrx_word' id='word_1_753' title='bbox 1133 4984 1188 5026; x_wconf 90' lang='lat' dir='ltr'><strong>non</strong></span> <span class='ocrx_word' id='word_1_754' title='bbox 1210 4975 1252 5026; x_wconf 91' lang='lat' dir='ltr'><strong>est</strong></span> <span class='ocrx_word' id='word_1_755' title='bbox 1270 4971 1379 5042; x_wconf 89' lang='lat' dir='ltr'><strong>siguum</strong></span> <span class='ocrx_word' id='word_1_756' title='bbox 1393 4973 1499 5028; x_wconf 78' lang='lat' dir='ltr'><strong>certum</strong></span> <span class='ocrx_word' id='word_1_757' title='bbox 1514 4977 1542 5028; x_wconf 90' lang='lat' dir='ltr'><strong>ct</strong></span> <span class='ocrx_word' id='word_1_758' title='bbox 1554 4973 1690 5031; x_wconf 78' lang='lat' dir='ltr'><strong>infallibile</strong></span> <span class='ocrx_word' id='word_1_759' title='bbox 1705 4976 1765 5031; x_wconf 88' lang='lat' dir='ltr'><strong>talis</strong></span> 
     </span>
     <span class='ocr_line' id='line_1_53' title="bbox 130 5050 1765 5131; baseline 0.009 -25"><span class='ocrx_word' id='word_1_760' title='bbox 130 5050 300 5122; x_wconf 82' lang='lat' dir='ltr'><strong>allegiarium</strong></span> <span class='ocrx_word' id='word_1_761' title='bbox 323 5051 358 5106; x_wconf 94' lang='lat' dir='ltr'><strong>ob</strong></span> <span class='ocrx_word' id='word_1_762' title='bbox 378 5067 433 5108; x_wconf 90' lang='lat' dir='ltr'><strong>uon</strong></span> <span class='ocrx_word' id='word_1_763' title='bbox 448 5067 541 5109; x_wconf 86' lang='lat' dir='ltr'><strong>usum.</strong></span> <span class='ocrx_word' id='word_1_764' title='bbox 557 5052 724 5125; x_wconf 84' lang='lat' dir='ltr'><strong>Responderi</strong></span> <span class='ocrx_word' id='word_1_765' title='bbox 745 5070 810 5111; x_wconf 89' lang='lat' dir='ltr'><strong>vero</strong></span> <span class='ocrx_word' id='word_1_766' title='bbox 824 5062 926 5130; x_wconf 88' lang='lat' dir='ltr'><strong>potest,</strong></span> <span class='ocrx_word' id='word_1_767' title='bbox 966 5057 1133 5129; x_wconf 79' lang='lat' dir='ltr'><strong>voluntatis3</strong></span> <span class='ocrx_word' id='word_1_768' title='bbox 1148 5064 1179 5114; x_wconf 88' lang='lat' dir='ltr'><strong>et</strong></span> <span class='ocrx_word' id='word_1_769' title='bbox 1200 5057 1262 5114; x_wconf 90' lang='lat' dir='ltr'><strong>ideo</strong></span> <span class='ocrx_word' id='word_1_770' title='bbox 1282 5073 1332 5130; x_wconf 87' lang='lat' dir='ltr'><strong>per</strong></span> <span class='ocrx_word' id='word_1_771' title='bbox 1345 5073 1374 5115; x_wconf 90' lang='lat' dir='ltr'><strong>se</strong></span> <span class='ocrx_word' id='word_1_772' title='bbox 1390 5075 1444 5116; x_wconf 90' lang='lat' dir='ltr'><strong>non</strong></span> <span class='ocrx_word' id='word_1_773' title='bbox 1458 5066 1551 5131; x_wconf 89' lang='lat' dir='ltr'><strong>potest</strong></span> <span class='ocrx_word' id='word_1_774' title='bbox 1564 5061 1693 5120; x_wconf 86' lang='lat' dir='ltr'><strong>sufficere</strong></span> <span class='ocrx_word' id='word_1_775' title='bbox 1708 5065 1765 5120; x_wconf 88' lang='lat' dir='ltr'><strong>siue</strong></span> 
     </span>
     <span class='ocr_line' id='line_1_54' title="bbox 128 5139 1764 5225; baseline 0.009 -30"><span class='ocrx_word' id='word_1_776' title='bbox 128 5141 209 5196; x_wconf 89' lang='lat' dir='ltr'><strong>etiam</strong></span> <span class='ocrx_word' id='word_1_777' title='bbox 221 5146 288 5196; x_wconf 83' lang='lat' dir='ltr'><strong>turm</strong></span> <span class='ocrx_word' id='word_1_778' title='bbox 300 5155 354 5196; x_wconf 88' lang='lat' dir='ltr'><strong>non</strong></span> <span class='ocrx_word' id='word_1_779' title='bbox 364 5139 534 5198; x_wconf 86' lang='lat' dir='ltr'><strong>intercedere</strong></span> <span class='ocrx_word' id='word_1_780' title='bbox 549 5143 796 5214; x_wconf 89' lang='lat' dir='ltr'><strong>praescriptionem</strong></span> <span class='ocrx_word' id='word_1_781' title='bbox 807 5161 840 5202; x_wconf 85' lang='lat' dir='ltr'><strong>ex</strong></span> <span class='ocrx_word' id='word_1_782' title='bbox 851 5154 929 5217; x_wconf 89' lang='lat' dir='ltr'><strong>perte</strong></span> <span class='ocrx_word' id='word_1_783' title='bbox 966 5146 1132 5204; x_wconf 89' lang='lat' dir='ltr'><strong>adminiculo</strong></span> <span class='ocrx_word' id='word_1_784' title='bbox 1143 5147 1214 5203; x_wconf 89' lang='lat' dir='ltr'><strong>iuris</strong></span> <span class='ocrx_word' id='word_1_785' title='bbox 1225 5145 1258 5204; x_wconf 88' lang='lat' dir='ltr'><strong>ud</strong></span> <span class='ocrx_word' id='word_1_786' title='bbox 1271 5146 1420 5204; x_wconf 90' lang='lat' dir='ltr'><strong>tollendum</strong></span> <span class='ocrx_word' id='word_1_787' title='bbox 1432 5149 1603 5224; x_wconf 90' lang='lat' dir='ltr'><strong>privilegium</strong></span> <span class='ocrx_word' id='word_1_788' title='bbox 1615 5195 1621 5222; x_wconf 97' lang='lat'><strong>,</strong></span> <span class='ocrx_word' id='word_1_789' title='bbox 1634 5155 1700 5225; x_wconf 90' lang='lat' dir='ltr'><strong>quie</strong></span> <span class='ocrx_word' id='word_1_790' title='bbox 1711 5167 1764 5210; x_wconf 86' lang='lat' dir='ltr'><strong>noc</strong></span> 
     </span>
     <span class='ocr_line' id='line_1_55' title="bbox 129 5228 1766 5308; baseline 0.01 -22"><span class='ocrx_word' id='word_1_791' title='bbox 129 5230 265 5302; x_wconf 87' lang='lat' dir='ltr'><strong>alicuius,</strong></span> <span class='ocrx_word' id='word_1_792' title='bbox 280 5228 327 5288; x_wconf 88' lang='lat' dir='ltr'><strong>sed</strong></span> <span class='ocrx_word' id='word_1_793' title='bbox 342 5229 492 5304; x_wconf 86' lang='lat' dir='ltr'><strong>simplicem</strong></span> <span class='ocrx_word' id='word_1_794' title='bbox 506 5231 680 5290; x_wconf 85' lang='lat' dir='ltr'><strong>amissionem</strong></span> <span class='ocrx_word' id='word_1_795' title='bbox 693 5232 825 5308; x_wconf 84' lang='lat' dir='ltr'><strong>privilegii</strong></span> <span class='ocrx_word' id='word_1_796' title='bbox 838 5249 871 5294; x_wconf 83' lang='lat' dir='ltr'><strong>ex</strong></span> <span class='ocrx_word' id='word_1_797' title='bbox 883 5249 929 5292; x_wconf 89' lang='lat' dir='ltr'><strong>vo·</strong></span> <span class='ocrx_word' id='word_1_798' title='bbox 965 5251 1035 5296; x_wconf 88' lang='lat' dir='ltr'><strong>usus</strong></span> <span class='ocrx_word' id='word_1_799' title='bbox 1050 5237 1076 5294; x_wconf 89' lang='lat' dir='ltr'><strong>in</strong></span> <span class='ocrx_word' id='word_1_800' title='bbox 1090 5234 1136 5294; x_wconf 89' lang='lat' dir='ltr'><strong>teli</strong></span> <span class='ocrx_word' id='word_1_801' title='bbox 1149 5250 1217 5294; x_wconf 88' lang='lat' dir='ltr'><strong>caen</strong></span> <span class='ocrx_word' id='word_1_802' title='bbox 1231 5235 1321 5296; x_wconf 87' lang='lat' dir='ltr'><strong>solum</strong></span> <span class='ocrx_word' id='word_1_803' title='bbox 1336 5253 1366 5296; x_wconf 88' lang='lat' dir='ltr'><strong>se</strong></span> <span class='ocrx_word' id='word_1_804' title='bbox 1381 5238 1508 5300; x_wconf 84' lang='lat' dir='ltr'><strong>habetat</strong></span> <span class='ocrx_word' id='word_1_805' title='bbox 1521 5242 1653 5303; x_wconf 85' lang='lat' dir='ltr'><strong>indicium</strong></span> <span class='ocrx_word' id='word_1_806' title='bbox 1668 5243 1766 5304; x_wconf 83' lang='lat' dir='ltr'><strong>volun·</strong></span> 
     </span>
    </p>
   </div>
   <div class='ocr_carea' id='block_1_3' title="bbox 0 0 2134 6213">
    <p class='ocr_par' dir='ltr' id='par_1_3' title="bbox 0 0 2134 6213">
     <span class='ocr_line' id='line_1_56' title="bbox 0 0 2134 6213; baseline 0 0"><span class='ocrx_word' id='word_1_807' title='bbox 0 0 2134 6213; x_wconf 95' lang='lat' dir='ltr'><strong> </strong></span> 
     </span>
    </p>
   </div>
  </div>
 </body>
</html>
