4260 6222
413 381 476 446 482

373 521 481 595 pliciter
494 523 604 596 intelligi
620 525 783 596 potestUno
797 521 879 578 modo
889 521 922 578 ab
936 520 1098 591 bomine,ut
1112 521 1174 592 quia
1210 520 1342 578 allectum
1360 519 1393 576 ab
1412 522 1463 578 alio
1483 520 1700 595 acceptandum3
1722 521 1765 578 rel
1785 520 1845 595 lege
1865 527 1998 592 statutum,

374 613 510 682 superiori
523 612 604 669 datur
615 615 708 670 notitia
721 610 934 668 renunciationis
945 607 1121 682 priuilegium
1130 608 1174 664 ille
1209 609 1251 664 vel
1267 618 1450 682 acceptatum,
1460 615 1490 667 ut
1503 611 1609 668 dictum
1623 619 1709 682 est,et
1721 613 1749 669 in
1764 613 1942 685 renuentibus
1952 627 2000 668 roa·

374 707 510 772 acceptat,
527 703 599 758 sicut
613 702 643 758 lit
655 703 681 758 in
696 700 833 758 beneficiis
846 699 1050 770 ecclesiasticis,
1065 706 1094 755 et
1106 703 1174 754 tunc
1209 699 1251 770 gis
1264 707 1428 770 exponetur.

372 792 427 845 erit
440 807 484 847 res
498 791 644 862 clara,non
659 797 749 863 potest
764 799 854 848 tannen
868 805 974 862 semper
986 788 1118 861 postulari
1133 794 1174 844 ta·
1248 791 1295 846 22.
1314 787 1391 845 Unde
1411 788 1519 847 tandem
1535 789 1622 861 addo,
1638 789 1672 846 ad
1693 805 1850 862 expressam
1871 792 2003 846 renuncia·

373 876 408 933 lia
422 880 583 949 acceptatio.
593 880 654 936 tilio
664 895 728 952 ergo
737 879 818 936 modo
829 879 940 950 intelligi
952 884 1042 950 potest
1055 876 1096 933 ille
1109 893 1175 932 con·
1211 879 1310 934 tionem
1326 878 1454 950 privilegii
1470 896 1524 936 non
1540 879 1630 937 solum
1644 895 1706 936 esse
1720 880 1904 936 necessariam
1917 879 2003 934 solun·

374 981 471 1023 sensus
483 969 632 1039 superioris
646 969 728 1025 datus
742 967 951 1038 antecedenter,
969 973 1001 1023 ut
1015 967 1038 1022 si
1053 967 1079 1022 iu
1094 965 1175 1038 privi-
1210 973 1295 1025 tatem
1318 968 1453 1025 internam
1479 969 1545 1025 satis
1569 968 1727 1039 lormalem,
1747 969 1892 1026 sedetiam
1907 969 2002 1042 siguum

1103 393 1207 444 LIBER
1228 387 1303 443 Viti.

375 1055 444 1126 legio
459 1058 495 1112 sit
509 1057 646 1128 clausula,
662 1056 704 1114 vel
718 1057 851 1125 conditio,
863 1062 895 1112 ut
908 1057 929 1112 si
943 1057 1043 1113 Petrus
1059 1071 1114 1110 nou
1129 1069 1174 1110 ac·
1208 1065 1372 1122 externum,
1395 1057 1460 1113 satis
1480 1073 1609 1128 expresse
1629 1057 1773 1114 declarans
1791 1057 1865 1113 illum
1891 1057 2004 1112 volunta·

374 1148 523 1217 captaverit
539 1148 717 1220 privilegium,
732 1154 853 1204 trauseat
867 1145 899 1202 od
915 1146 1040 1215 Paulum,
1052 1146 1094 1202 vel
1109 1160 1174 1202 cen·
1209 1153 1280 1214 tem,
1303 1161 1365 1200 nam
1388 1147 1409 1200 si
1427 1151 1533 1202 tantum
1554 1145 1627 1203 illam
1648 1145 1776 1203 ostendat
1789 1160 1838 1215 per
1853 1145 1960 1216 aliquod
1973 1148 2003 1200 si·

374 1242 467 1291 sentus
481 1253 534 1292 nou
553 1252 729 1308 concessum,
742 1243 809 1292 tunc
824 1236 895 1292 euim
910 1251 942 1291 eo
956 1232 1111 1307 ipso,quod
1125 1236 1174 1291 Pe·
1208 1249 1293 1308 guum
1309 1234 1470 1304 implicitum
1486 1241 1513 1289 et
1527 1235 1690 1306 obscurum,
1703 1235 1754 1291 erit
1767 1234 1859 1306 potius
1875 1237 1956 1290 tacita
1969 1249 2004 1289 re·

374 1331 434 1380 trus
446 1341 498 1380 non
513 1332 786 1396 acceptateensetur
796 1323 950 1381 concedens
962 1325 1173 1396 acceptareipso
1208 1325 1360 1380 nunciatio.
1377 1321 1453 1380 Unde
1468 1331 1545 1380 recte
1560 1324 1689 1380 videntur
1709 1323 1753 1379 illa
1768 1323 1823 1378 duo
1838 1322 1957 1381 membra
1971 1322 2003 1378 di·

374 1412 446 1468 lacto
461 1414 711 1482 renunciationem,
735 1420 762 1472 et
776 1429 854 1470 suam
870 1413 1038 1471 voluntatem
1054 1419 1173 1481 mutare,
1209 1413 1328 1484 stingui,
1349 1413 1413 1485 quia
1434 1413 1606 1470 renunciatio
1625 1427 1754 1484 expressa
1767 1414 1797 1468 tit
1810 1412 1920 1482 verbis,
1933 1414 2003 1468 tacita

375 1507 406 1557 ut
419 1503 536 1559 sumitur
553 1519 585 1558 cs
596 1503 692 1561 Glossa
703 1504 729 1558 in
744 1503 771 1559 d.
785 1519 847 1575 cap.
857 1505 949 1560 Licet.
959 1503 1047 1558 Tertio
1059 1500 1174 1573 denique
1208 1517 1273 1558 vcro
1293 1503 1322 1557 tit
1342 1501 1433 1572 potius
1446 1499 1546 1572 iactis,
1563 1501 1604 1557 rel
1619 1502 1825 1558 omissionibus:
1844 1500 1928 1557 rerba
1941 1503 2003 1556 enim

374 1590 456 1649 modo
472 1591 602 1664 contingit
623 1591 690 1648 baec
711 1591 862 1663 acceptatio
874 1607 908 1647 cx
927 1591 952 1646 vi
967 1590 1082 1647 alicuius
1096 1590 1172 1660 iuris,
1209 1605 1338 1662 expresse
1356 1591 1507 1662 significant
1520 1593 1678 1647 interiorem
1693 1591 1842 1660 allectum,
1864 1591 1937 1647 lacta
1950 1606 2003 1646 aero

376 1686 409 1734 ut
424 1679 449 1734 in
464 1678 570 1754 legibus
584 1695 667 1750 supra
682 1682 814 1736 citatisin
828 1679 1015 1753 ineptiarum
1030 1695 1175 1751 argumen·
1208 1679 1341 1752 implicite
1362 1687 1391 1736 et
1409 1680 1591 1737 subobscure.
1609 1682 1665 1736 imo
1690 1681 1723 1737 ad
1743 1681 1901 1753 explicitam
1917 1695 2003 1736 mnata·

374 1776 475 1838 torum,
494 1778 523 1826 ct
540 1771 567 1825 in
588 1771 645 1827 aliis
660 1771 783 1841 iuribus,
800 1784 870 1843 quac
885 1769 1020 1841 capitibus
1034 1769 1174 1842 sequenti·¹
1209 1771 1354 1826 clationem
1369 1785 1483 1826 necesse
1497 1777 1550 1840 est,
1565 1776 1595 1825 ut
1609 1768 1692 1826 verba
1707 1770 1760 1825 sint
1775 1771 1844 1825 satis
1859 1771 1942 1836 clara3
1952 1785 2003 1824 nan

373 1858 427 1915 bus
443 1860 632 1916 tractabimus.
1207 1859 1229 1914 si
1244 1859 1298 1915 sint
1311 1858 1457 1931 ambigua,
1478 1859 1504 1915 in
1518 1858 1603 1915 dublo
1617 1874 1671 1915 non
1686 1843 1842 1930 privabitur
1862 1860 1924 1931 quis
1938 1859 2004 1930 prisi-

412 1949 502 2005 aaut
516 1948 552 2003 ita
566 1954 609 2005 est
623 1947 708 2004 lucilla
722 1947 862 2019 responsio
876 1945 909 2004 ad
925 1948 1015 2018 priora
1030 1961 1173 2016 argumen·
1208 1947 1277 2022 legio
1292 1964 1423 2020 sumnam
1439 1951 1464 2003 in
1478 1947 1561 2005 dubio
1572 1949 1667 2006 melior
1680 1955 1723 2005 est
1737 1947 1863 2005 conditio
1878 1949 2001 2020 possiden·

374 2043 411 2092 to.
427 2036 467 2093 ltd
485 2039 604 2108 primum
618 2037 688 2092 enim
703 2037 805 2094 dicitur
822 2037 925 2110 requiri
946 2036 1171 2109 acceptationem,
1207 2040 1251 2093 tis.
1267 2038 1296 2094 ln
1316 2053 1372 2110 quo
1386 2037 1486 2108 dubio,
1502 2036 1578 2110 quod
1592 2037 1689 2095 attinet
1704 2038 1739 2094 ad
1752 2039 1896 2094 internum
1913 2039 2000 2104 lorum,

374 2125 416 2180 vel
432 2129 593 2198 superioris,
603 2125 645 2182 rel
659 2128 740 2183 etiam
751 2125 822 2182 tertii
835 2128 913 2184 iuxta
924 2125 1106 2183 conditionem
1119 2125 1174 2194 pri·
1208 2125 1323 2182 stabitur
1342 2126 1480 2183 intentioni
1504 2132 1532 2182 et
1552 2126 1696 2183 assertioni
1711 2127 1914 2199 renunciantis3
1929 2130 1952 2183 in
1964 2143 2001 2182 ex·

374 2215 472 2288 vilegii,
488 2222 516 2271 et
529 2215 562 2272 ad
577 2215 649 2271 illam
664 2217 766 2287 requiri
781 2216 916 2286 notitiam,
931 2222 960 2270 et
974 2220 1174 2286 consequenter
1208 2221 1287 2272 temo
1302 2231 1367 2272 vero
1385 2215 1502 2272 stabitur
1515 2213 1682 2289 dispositioni
1697 2217 1781 2287 iuris,
1798 2226 1828 2274 et
1842 2217 2001 2290 conservabi-

373 2309 483 2360 ternum
498 2305 622 2375 signum,
643 2319 698 2377 quo
713 2304 901 2361 rnaniicstetur
913 2305 1019 2359 interna
1034 2303 1171 2360 voluntas.
1207 2311 1254 2363 tur
1273 2307 1460 2378 privilegium,
1480 2305 1568 2362 donec
1588 2305 1661 2361 aliud
1681 2305 1857 2363 sullicientcr
1871 2307 1999 2378 probetur.

375 2393 452 2450 Unde
474 2392 538 2449 licet
559 2393 730 2466 privilegium
748 2393 884 2450 ordinarie
899 2394 934 2449 ita
948 2394 1043 2464 detur,
1060 2399 1093 2449 ut
1106 2393 1175 2448 reci·
1207 2397 1243 2453 Et
1267 2394 1333 2450 baec
1353 2395 1481 2452 ridentur
1501 2393 1630 2451 sulficere
1650 2394 1684 2452 de
1698 2397 1783 2466 priori
1800 2395 1925 2452 membro
1942 2394 2000 2449 illitu

372 2483 448 2554 piens
463 2483 550 2554 possit
564 2482 630 2539 illud
645 2483 794 2554 dimittere,
810 2483 831 2537 si
846 2482 918 2555 reiit3
934 2482 1094 2554 intelligitur
1104 2479 1173 2536 nini-
1208 2483 1361 2554 divisionis,
1387 2483 1507 2556 scilicet,
1534 2483 1659 2553 explicita
1682 2485 1910 2556 renunciatione,
1933 2483 2001 2540 tacita

373 2571 697 2642 lominus,dimissionem
712 2573 749 2627 ito
762 2587 823 2627 esse
837 2570 1039 2640 taciendam,ut
1050 2570 1174 2627 ordinata
1207 2587 1272 2632 vero
1287 2575 1311 2630 in
1328 2574 1504 2647 sequentibus
1518 2573 1651 2646 capitibus
1665 2575 1751 2647 magis
1765 2581 1929 2647 exponetur.

371 2664 421 2732 sit,
437 2666 465 2717 et
478 2660 604 2718 humanis
619 2659 740 2717 moribus
755 2660 973 2716 accommodata.
988 2658 1065 2716 Unde
1083 2659 1118 2715 ad
1132 2675 1174 2716 re·

371 2750 493 2807 cundum
508 2749 582 2821 dico,
593 2757 655 2806 aute
670 2749 851 2806 obtectionem
862 2749 997 2821 privilegii
1009 2749 1173 2820 praecedere

370 2843 514 2894 externum
529 2840 714 2911 signumque
727 2837 854 2894 voluntas
867 2836 983 2894 habendi
1000 2837 1171 2910 privilegium

370 2928 578 2998 manifestatur,
599 2933 628 2983 ct
640 2927 734 2982 notitia
749 2929 807 2982 cius
822 2933 1018 2999 comparatur,
1033 2931 1062 2982 et
1075 2942 1174 2982 conse·
1212 2958 1316 3015 mmm
1334 2971 1390 3030 p„
1411 2971 1471 3012 mm
1483 2971 1572 3013 mm
1583 2955 1732 3032 perdatur
1742 2957 1935 3033 mmmmm
1943 2973 2001 3031 m,

1731 3046 1777 3105 vel
1786 3053 1910 3123 propter
1920 3045 1999 3104 aliam

1452 2762 1593 2833 CAPUT
1608 2763 1765 2833 XXXIV.

369 3025 486 3089 quenter
508 3019 589 3072 etiam
611 3017 798 3072 necessarium
819 3029 880 3070 esso
901 3022 1045 3071 externum
1060 3014 1172 3088 signum
1242 3049 1724 3121 Wrtacimmremcmmm’

369 3105 530 3176 acceptandi
545 3103 611 3161 illud
625 3104 667 3161 vel
681 3103 835 3176 opertc,rel
847 3102 944 3160 saltem
956 3118 1011 3159 nou
1026 3103 1172 3160 relutaudo
1245 3132 1376 3192 mlum·

369 3195 555 3267 privilegium
577 3209 639 3250 nam
661 3210 694 3251 eo
716 3194 774 3264 ipso
794 3195 949 3249 consentire
969 3192 1030 3264 quis
1052 3191 1170 3248 videtur.

368 3284 408 3340 ad
432 3284 541 3342 tertium
565 3283 598 3338 de
618 3282 764 3339 scissione
783 3279 893 3338 dominii
913 3280 996 3353 aliqui
1014 3279 1173 3338 concedunt

816 3371 822 3383 .
937 3373 943 3386 .
1134 3371 1139 3384 .
1493 3314 1727 3378 sommarium

369 3373 546 3440 antecedens,
566 3388 622 3445 quo
636 3371 716 3442 dato,
736 3377 836 3442 poterat
850 3386 944 3443 negari
959 3377 1169 3442 consequentia,
1240 3435 1244 3442 ⁴

368 3464 432 3535 quia
451 3463 591 3534 proprium
609 3461 759 3517 dominium
777 3460 939 3532 simpliciter
960 3459 1060 3530 pendet
1072 3475 1106 3516 ex
1121 3475 1170 3514 vo·

367 3552 473 3609 luntate
488 3554 610 3623 proprio:
629 3549 796 3621 privilegium
812 3554 915 3620 autem,
927 3555 955 3603 et
968 3547 1084 3604 allectus
1098 3548 1169 3618 eius,

367 3641 410 3698 ael
427 3643 466 3697 illi
488 3640 647 3696 contrarius
666 3641 752 3710 magis
767 3637 867 3708 pendet
885 3651 917 3693 es
932 3634 1075 3693 voluntate
1090 3651 1171 3708 supe-

367 3731 459 3789 rioris.
475 3732 532 3801 Ego
547 3743 612 3784 vero
627 3742 698 3799 nego
712 3726 891 3796 antecedens,
903 3739 1031 3798 expresse
1045 3725 1117 3781 enim
1134 3725 1171 3781 ita

368 3827 484 3877 cavetur
499 3821 525 3875 in
540 3819 558 3874 l.
568 3821 594 3874 st
607 3819 683 3891 quis,
697 3818 742 3886 li,
755 3815 767 3883 ἓ
781 3813 966 3886 differentia,
978 3815 1005 3869 li.
1014 3813 1048 3870 de
1062 3815 1168 3886 acquir.

368 3925 487 3982 possess.
501 3915 529 3964 et
541 3907 604 3963 licet
617 3905 717 3961 ibidem
732 3905 867 3974 videatur,
883 3905 1054 3960 contrarium
1068 3901 1122 3960 dici
1137 3900 1171 3958 de

367 4000 551 4072 possessione,
567 3996 682 4067 scilicet,
698 3996 785 4051 amitti
799 3993 858 4050 solo
872 3994 976 4060 animo,
991 3999 1072 4064 prout
1087 3993 1170 4048 etiam

368 4087 485 4144 habetur
498 4089 525 4144 in
542 4089 559 4141 l.
573 4091 601 4157 3,
614 4089 626 4157 fl
639 4088 672 4140 lu
686 4080 862 4142 assilientia.
875 4080 939 4138 eod.
954 4080 1127 4138 nibilominus
1140 4083 1169 4136 iu

368 4177 385 4232 l.
403 4173 659 4249 quemadmodum,
679 4180 712 4243 8,
732 4186 860 4243 expresse
879 4169 999 4241 dicitur,
1019 4171 1168 4241 possessio·

367 4283 429 4322 uem
450 4282 504 4322 non
526 4266 629 4333 amitti,
649 4263 701 4318 nisi
713 4263 803 4318 animo
818 4266 845 4316 ct
859 4275 988 4332 corpore.
1005 4259 1035 4314 lu
1049 4274 1169 4330 quarum

367 4356 457 4428 legum
469 4352 659 4411 conciliatione
670 4351 795 4407 laborant
805 4349 912 4421 glossae
922 4356 950 4404 et
961 4347 1170 4420 iuristac,quod

367 4445 418 4501 illis
432 4441 620 4500 remittobiibl
634 4445 725 4496 autem
740 4444 871 4495 constans
887 4436 1085 4507 ridetur,iura,
1099 4453 1170 4510 quae

367 4534 464 4589 dicunt
477 4530 675 4602 possessiouem
689 4527 776 4583 amitti
791 4525 850 4581 solo
864 4527 1026 4594 unimo,non
1044 4525 1119 4597 loqui
1134 4526 1168 4583 de

367 4637 437 4693 pura
452 4621 590 4676 voluntate
606 4613 786 4688 interna,ch
802 4614 990 4670 necessarium
1005 4630 1113 4685 semper
1126 4631 1169 4671 es·

367 4729 407 4782 se,
425 4719 456 4766 ut
470 4709 530 4781 quis
544 4707 625 4764 cedat
638 4706 839 4777 possessionem
855 4703 944 4772 alteri,
962 4703 1032 4759 utin
1046 4704 1064 4759 l.
1085 4701 1129 4774 l,l
1142 4708 1169 4760 st

366 4805 420 4866 cir,
440 4798 535 4854 eodem
551 4795 644 4852 titulo.
660 4795 752 4850 Cossio
766 4799 858 4848 aulem
873 4791 969 4849 saltem
984 4792 1099 4863 requirit
1113 4807 1170 4847 ma·

368 4888 566 4946 uilcstntionem'
578 4883 651 4939 illius
663 4884 755 4950 animi,
765 4885 792 4936 et
803 4881 1030 4951 acceptationem,
1039 4895 1092 4935 non
1103 4895 1168 4952 ergo

368 4977 420 5033 lroc
435 4975 594 5031 excluditur
609 4975 634 5027 in
651 4971 708 5026 aliis
723 4970 842 5041 legibus,
858 4967 905 5024 sed
919 4968 1097 5040 significatur,
1114 4984 1168 5026 noa

368 5081 428 5120 esse
444 5063 627 5118 necessarium
644 5073 761 5131 corpore
775 5057 905 5115 recedere
919 5074 934 5112 a
949 5074 977 5114 se
993 5073 1132 5128 possessa,
1144 5057 1167 5113 si

368 5157 403 5210 sit
417 5151 573 5208 inanrobilis.
590 5147 629 5204 lid
647 5154 776 5219 quartum
791 5145 987 5218 respondetur,
1004 5147 1108 5219 requiri
1121 5161 1167 5202 cx·

369 5251 477 5306 ternum
493 5243 617 5312 signatu,
633 5237 673 5295 vel
688 5236 857 5294 sullicienter
870 5233 1013 5294 declarans
1026 5236 1165 5294 internum
1180 5284 1187 5300 .

1200 3501 1232 3564 'l.
1247 3513 1345 3576 Duplici
1359 3515 1399 3563 vel
1414 3513 1511 3576 triplici
1530 3511 1604 3564 modo
1622 3512 1712 3563 baberi
1725 3520 1813 3578 potest
1826 3513 1907 3564 tacita
1920 3525 1998 3562 renun-

1240 3582 1328 3632 ciatio.
1339 3610 1373 3618 —
1384 3582 1409 3633 2.
1425 3583 1473 3632 Per
1486 3585 1597 3646 aliquem
1611 3595 1660 3633 non
1674 3595 1748 3632 usum
1761 3583 1896 3632 amittitur
1909 3582 1996 3646 privile
2074 3581 2075 3605 l

1240 3652 1393 3713 glum—lte
1406 3652 1454 3702 boc
1467 3653 1580 3715 quinque
1590 3659 1650 3702 sunt
1661 3649 1997 3714 inquirebas-timomac-

1240 3721 1392 3771 vertendum
1404 3723 1475 3772 circa
1485 3723 1605 3784 primum.
1613 3745 1648 3756 —
1660 3721 1756 3784 Duplex
1767 3735 1819 3772 non
1835 3735 1897 3772 usus
1910 3720 1996 3783 pririle

1240 3791 1287 3853 gii.
1301 3817 1336 3826 -
1354 3792 1381 3841 t.
1397 3789 1461 3840 Usus
1473 3801 1543 3840 mere
1555 3791 1693 3852 negativus
1710 3803 1761 3840 non
1780 3791 1897 3841 destruit
1910 3790 1996 3853 patrita·

1240 3861 1320 3921 glum.
1334 3885 1369 3895 -
1381 3861 1407 3909 a.
1426 3858 1500 3908 Alius
1521 3859 1610 3909 modus
1631 3871 1681 3909 non
1699 3859 1789 3910 utendi
1814 3860 1955 3923 priuilegio.
1968 3883 1993 3892 -

1240 3930 1305 3980 Usus
1318 3930 1461 3993 privativus
1473 3928 1586 3978 destruit
1599 3927 1806 3991 privilegiumsi
1816 3929 1885 3979 adsit
1896 3929 1994 3977 uolunta

1239 4007 1266 4049 et
1279 3998 1466 4064 potanda—6.
1478 3998 1575 4060 iluplex
1588 3997 1688 4058 modus,
1696 4009 1748 4060 quo
1759 3999 1849 4048 amitti
1862 4005 1942 4062 potest
1954 3997 1994 4059 pri·

1241 4068 1362 4128 vilegium
1375 4081 1421 4132 por
1434 4080 1483 4117 non
1502 4079 1586 4118 usum.
1598 4093 1630 4102 -
1643 4067 1668 4118 7.
1683 4066 1867 4118 confirmatur.
1878 4095 1911 4104 -
1920 4067 1943 4116 a.
1956 4065 1994 4114 ile

1241 4137 1416 4201 sponsio-9.
1427 4136 1575 4187 lielellitur.
1583 4162 1617 4173 -
1626 4135 1667 4187 li).
1679 4135 1830 4187 Differ-entia
1843 4137 1911 4186 inter
1923 4135 1994 4198 acqui·

1239 4207 1358 4256 sitionem
1380 4219 1426 4268 per
1449 4206 1628 4268 usucapionem
1646 4212 1674 4254 et
1696 4206 1767 4255 inter
1786 4207 1943 4256 amissionem
1958 4215 1993 4266 ptr

1239 4289 1289 4326 non
1306 4288 1388 4326 usum.
1400 4299 1435 4310 —
1447 4275 1488 4324 li.
1504 4273 1642 4324 lielellitur
1653 4273 1703 4323 alla
1717 4275 1839 4327 ratio.-
1851 4275 1893 4325 12.
1906 4271 1993 4334 uranon

1239 4346 1369 4394 amittitur
1383 4344 1424 4394 ius
1436 4345 1623 4394 servitutis-
1635 4343 1678 4394 ¹3.
1693 4343 1769 4394 Alirad
1783 4351 1993 4407 argumentum.—

1238 4413 1376 4466 Relcllitur
1392 4413 1534 4476 responsio.
1545 4439 1581 4449 —
1593 4413 1701 4463 Gravior
1712 4425 1802 4474 causa,
1817 4425 1893 4478 qnam
1906 4411 1993 4476 pririle·

1238 4485 1324 4547 glum,
1342 4489 1382 4532 cst
1401 4484 1544 4533 necessaria
1561 4482 1592 4531 ad
1611 4481 1751 4532 tollendum
1764 4483 1807 4533 ius
1819 4493 1954 4534 commune.
1966 4503 1993 4514 -

1240 4554 1282 4602 tt.
1296 4553 1433 4602 ilistinctio
1447 4551 1514 4602 inter
1527 4551 1663 4616 privilegia
1677 4552 1877 4614 praemittenda.
1887 4549 1991 4600 -Uuoaa

1238 4635 1319 4685 genus
1332 4622 1538 4684 privilegiorum.
1550 4647 1586 4658 —-
1600 4620 1677 4670 Aliud
1690 4633 1783 4682 ponus.
1795 4649 1831 4658 -
1844 4619 1992 4680 Prisilegiam
2072 4649 2073 4653 η

1237 4691 1349 4754 eligendi
1359 4684 1410 4741 sibi
1419 4689 1590 4741 contessorcm
1599 4691 1626 4739 in
1636 4691 1723 4754 rigore
1733 4691 1863 4740 neminem
1871 4695 1992 4752 gasmi.—

1241 4761 1283 4810 ld.
1297 4761 1381 4810 Prima
1400 4760 1547 4821 conclusio,
1567 4772 1632 4822 quae
1646 4759 1782 4822 privilegia
1795 4762 1947 4809 amittuntur
1957 4769 1992 4820 per

1238 4842 1288 4880 non
1303 4843 1385 4879 usum.
1394 4829 1476 4878 -16,
1488 4827 1604 4879 Secunda
1617 4829 1763 4879 conclusio:
1780 4829 1926 4892 privilegia,
1938 4835 1991 4888 quse

1237 4912 1287 4948 non
1304 4899 1461 4948 amittuntur
1475 4911 1521 4962 per
1535 4911 1585 4948 non
1602 4911 1685 4948 usum.
1700 4925 1734 4935 -
1749 4899 1792 4948 li.
1807 4898 1873 4960 Quid
1886 4903 1991 4960 operatu

1239 4969 1279 5018 ius
1292 4975 1419 5029 statuens,
1436 4973 1465 5017 ut
1478 4967 1643 5030 privilegium
1656 4979 1702 5030 per
1715 4980 1764 5018 non
1779 4964 1991 5018 usum-ibim·

1237 5039 1359 5088 connium
1369 5037 1534 5100 requisitum,
1543 5044 1571 5086 nt
1581 5037 1746 5100 priuilegium
1756 5038 1892 5088 amittatur
1901 5047 1943 5098 per
1951 5043 1990 5082 nno

1236 5120 1319 5157 usum.
1335 5134 1370 5144 -
1385 5105 1427 5156 tt.
1442 5105 1474 5156 Ut
1488 5106 1555 5156 alius
1574 5106 1734 5169 praescribat
1751 5113 1842 5157 contra
1860 5101 1990 5169 priuilegia·

1238 5177 1422 5238 rium,nulium
1435 5173 1624 5226 determinatur
1634 5181 1736 5239 tempus
1746 5176 1771 5225 iu
1786 5176 1898 5239 ipsonon
1909 5185 1990 5222 usu.-

1236 5243 1279 5298 20.
1288 5246 1321 5298 Ue
1336 5252 1449 5312 tempore
1462 5244 1492 5298 ed
1506 5245 1672 5312 priuilegium
1682 5245 1907 5309 praescribendum
1917 5240 1990 5304 requi·
