4256 6224
898 339 1005 390 caenr
1019 341 1066 390 v1.
1689 329 1749 393 eta

139 468 197 538 gis,
214 473 272 524 tum
287 469 352 540 quia
365 466 467 526 eisdem
485 467 577 524 verbis
592 465 713 524 mandari
730 465 862 524 dicuntur
877 463 946 520 indi·
980 463 1099 536 obligare
1124 467 1228 524 ratione
1247 468 1361 540 periculi
1381 469 1485 526 mortis.
1501 467 1578 528 Unde
1598 467 1669 528 idem
1694 487 1710 526 a
1729 469 1785 528 lor·

139 557 194 620 cia,
211 571 243 611 ac
258 563 361 630 cetera,
379 565 409 614 ut
421 560 531 614 beuter.
544 561 576 615 6:
590 561 672 614 Haec
687 561 754 614 suist
765 557 941 630 praecepta,
981 553 1041 609 tiori
1069 553 1219 612 dicendum
1240 573 1302 614 esse
1322 565 1432 614 constat
1450 559 1483 615 de
1499 561 1618 631 positivis
1633 564 1787 633 praeceptis

139 651 168 700 el
190 649 415 714 caeremoniae,
439 652 528 720 atqste
541 645 676 714 iudicia,
695 662 772 720 quae
787 643 946 702 ctandacit
980 641 1145 700 affirmativis
1164 644 1273 716 divinis,
1291 653 1321 702 ut
1336 648 1421 720 magis
1435 664 1468 704 ex
1482 647 1606 705 dicendis
1624 649 1736 721 patebit.
1750 652 1787 706 lie

139 737 302 802 Dominus,
320 743 452 793 cletum
471 737 554 794 etiam
574 738 638 808 qnia
657 736 810 793 observatio
835 747 947 806 praece-
982 733 1113 804 negativis
1137 741 1228 792 autem
1246 739 1398 808 praeceptis
1412 753 1427 792 a
1441 740 1496 794 lieo
1511 740 1605 810 positis
1623 745 1788 810 potestesse

139 809 253 896 plorum
275 823 442 882 iudicialium
468 826 619 899 aequaliter
634 825 772 898 exigitur,
792 831 821 880 et
835 823 945 880 eaedem
982 822 1146 878 nonnullum
1172 822 1308 894 dubium,
1334 828 1397 898 qnia
1419 826 1541 899 obligant
1554 843 1603 898 pro
1619 844 1743 900 semper,
1760 835 1788 886 et

139 914 366 972 comminationes
386 917 455 972 liunt
473 931 528 972 non
548 916 757 972 observantibus
772 914 828 984 illa,
846 917 946 971 licute-
981 913 1053 967 ileos
1068 918 1158 982 potest
1174 913 1210 970 ita
1224 913 1342 985 obligare
1355 917 1412 973 sine
1427 916 1482 973 ulla
1495 919 1656 987 exceptione
1675 924 1787 988 propter

138 1017 203 1058 roo.
221 1007 249 1072 l,
265 1009 319 1076 28,
338 1011 367 1062 et
386 1005 444 1061 eliis
465 1004 598 1062 similibus
618 1005 698 1063 locis.
714 1005 850 1062 Probatur
865 1004 945 1060 eliam
981 1015 1115 1058 sumniam
1131 1004 1337 1074 apctoritatem,
1350 1019 1431 1077 qnam
1446 1007 1473 1062 in
1485 1007 1675 1078 praecipiendo
1692 1008 1783 1064 babet:

138 1091 282 1149 manilesta
298 1093 420 1163 ratione,
440 1096 505 1167 qnia
521 1094 566 1151 illa
579 1094 694 1151 luerunt
708 1095 816 1166 propria
832 1109 944 1165 praece·
981 1097 1070 1148 stante
1092 1099 1184 1148 eutem
1204 1092 1370 1166 obligatione
1389 1098 1473 1152 allec
1492 1098 1598 1168 posita,
1621 1098 1787 1169 impossibile

139 1188 204 1254 pta,
225 1188 254 1238 et
274 1183 349 1255 leges
369 1183 493 1256 divinae,
509 1190 642 1256 quantum
657 1184 691 1240 ed
706 1184 820 1241 lormam
840 1183 946 1256 praeci·
979 1188 1039 1254 est,
1059 1187 1091 1237 ut
1104 1181 1187 1238 liceat
1198 1189 1295 1240 contra
1309 1183 1380 1240 illam
1396 1200 1488 1258 agere.

139 1272 249 1344 piendi3
276 1272 323 1329 scd
344 1276 457 1331 materia
477 1289 574 1331 eorum
598 1275 679 1331 etiam
702 1281 763 1331 erat
776 1289 863 1346 ceper
879 1273 946 1329 obli·
1021 1271 1047 1326 7.
1063 1270 1243 1326 Nihilominus
1261 1277 1350 1328 tamen
1365 1272 1513 1330 dicendum
1528 1281 1584 1348 est,
1604 1274 1676 1332 illam
1701 1275 1786 1348 legem

139 1361 259 1435 gationis
284 1363 311 1418 in
333 1364 520 1436 conscientia,
545 1364 610 1436 quia
628 1371 688 1420 erat
702 1363 813 1419 materia
829 1361 946 1418 alieuius
982 1365 1013 1416 ut
1032 1359 1175 1430 positivam
1194 1375 1246 1416 non
1268 1360 1402 1433 obligasse
1424 1379 1472 1434 per
1495 1365 1619 1436 negativa
1642 1373 1787 1436 praecepta

139 1451 249 1506 virtutis
274 1452 403 1524 moralis,
433 1467 503 1524 quae
528 1452 621 1508 maiori
647 1469 680 1508 ex
705 1459 782 1524 parte
809 1457 868 1507 erat
895 1453 948 1506 vir·
982 1463 1047 1504 cnm
1063 1448 1187 1519 periculo
1203 1449 1284 1520 vitae,
1299 1451 1351 1505 nisi
1367 1451 1410 1506 ubi
1425 1459 1586 1508 occurreret
1603 1439 1787 1510 ratio⁸sitandi

139 1545 188 1596 tus
208 1541 347 1613 iustitiae,
369 1540 434 1597 licet
451 1540 588 1598 interdum
603 1541 653 1597 alia
666 1543 747 1597 etiarn
761 1556 822 1596 esse
840 1545 944 1612 posset,
980 1543 1171 1606 contemptum
1189 1535 1271 1592 divini
1288 1540 1439 1609 praecepti,
1457 1547 1505 1596 eut
1520 1539 1666 1612 religionis.
1686 1543 1727 1597 lta
1739 1542 1788 1598 do·

137 1645 208 1702 ergo
230 1629 295 1685 nibil
315 1629 410 1686 deerat
430 1630 483 1687 illis
504 1631 659 1703 praeceptis
678 1631 712 1687 ad
731 1629 905 1702 obligandum
922 1629 962 1684 in·
981 1630 1044 1680 cent
1061 1641 1157 1681 omnes
1171 1632 1300 1682 auctores
1314 1643 1397 1698 snpra
1413 1628 1683 1686 lib.lll.cilaticirca
1702 1631 1787 1701 legem

138 1719 320 1776 conscientie.
336 1722 402 1776 Nam
417 1718 525 1786 dicere,
541 1737 595 1776 non
611 1720 740 1777 babuisse
756 1721 841 1776 baum
857 1721 946 1776 inten-
982 1715 1146 1784 humanam,
1168 1723 1197 1771 et
1215 1716 1369 1787 specialiter
1383 1717 1416 1774 de
1430 1718 1488 1790 lege
1502 1717 1592 1776 divina
1604 1721 1631 1774 in
1648 1734 1748 1792 genere
1762 1718 1789 1774 id

139 1810 245 1866 Uocem
266 1810 305 1865 sic
330 1809 486 1883 obligandi,
503 1811 688 1868 soluntarium
702 1817 791 1880 esset,
806 1817 834 1865 et
851 1809 944 1865 lictum
981 1802 1062 1860 dccet
1075 1806 1141 1864 Soto
1154 1804 1200 1860 lib.
1219 1809 1243 1862 l.
1256 1805 1288 1862 de
1304 1807 1418 1879 institia,
1429 1815 1538 1880 quaest.
1557 1815 1581 1880 l,
1594 1817 1647 1866 art.
1662 1813 1689 1881 t,
1699 1811 1724 1865 in
1737 1810 1788 1864 tine

138 1909 240 1956 contra
257 1901 312 1954 rim
335 1900 483 1956 verborum
501 1902 672 1971 scripturae.
689 1899 765 1957 Unde
785 1899 947 1956 tundamen-
981 1895 1123 1966 corporis,
1147 1901 1175 1951 et
1190 1893 1328 1952 Adrianus
1342 1895 1492 1968 quodlibet.
1512 1903 1538 1970 t,
1553 1904 1607 1954 nrt.
1624 1902 1651 1969 3,
1668 1897 1700 1954 ad
1717 1904 1744 1969 5,
1759 1903 1788 1953 et

140 1995 201 2045 tuna
216 1991 371 2047 contrariae
393 1991 542 2047 sententiaa
563 1990 740 2062 improbabile
756 1995 808 2062 est,
824 2003 887 2044 nam
904 1987 945 2044 lex
982 1982 1130 2056 quodlibet.
1151 1989 1179 2053 6,
1193 1989 1245 2041 art.
1263 1989 1292 2056 2,
1307 1984 1339 2040 nd
1355 1990 1384 2056 2,
1399 1993 1427 2041 et
1440 1986 1465 2041 in
1478 1991 1506 2058 t,
1519 2003 1547 2059 q.
1562 1991 1590 2058 3,
1602 1986 1635 2043 de
1646 1987 1784 2058 clavibus,

140 2077 261 2134 humana
281 2080 362 2136 etiam
381 2078 466 2134 civilis
481 2079 506 2134 in
520 2080 690 2134 conscientia
704 2078 820 2150 obligat,
839 2078 946 2134 etiamsi
981 2079 1089 2145 except.
1109 2079 1134 2132 8.
1153 2075 1203 2132 Ubi
1221 2076 1248 2130 in
1268 2076 1422 2146 exemplum
1437 2075 1550 2132 adducit
1568 2075 1654 2149 legem
1670 2077 1785 2148 sabbati,

140 2181 256 2238 poenam
271 2166 394 2238 adiiciat,
410 2168 460 2224 nisi
474 2166 547 2224 aliud
563 2176 673 2225 constet
686 2166 720 2224 de
735 2173 825 2222 mente
841 2166 947 2238 legisla-
983 2179 1055 2236 quae
1070 2179 1123 2218 non
1138 2163 1265 2236 obligavit
1275 2164 1451 2221 llacbabeeos
1463 2165 1495 2220 ad
1507 2181 1561 2221 noo
1574 2165 1728 2222 bellandum
1742 2165 1785 2222 die

141 2257 225 2326 toris,
242 2272 307 2328 ergo
322 2255 409 2313 mullo
424 2257 511 2330 magis
527 2259 568 2312 lex
583 2273 598 2312 a
613 2260 666 2314 lieo
681 2255 754 2312 date.
767 2255 842 2314 Unde
855 2257 947 2326 potius
982 2253 1104 2322 sabbati,
1128 2261 1241 2324 propter
1261 2253 1414 2324 periculum
1430 2253 1511 2328 ritae,
1527 2261 1559 2310 ut
1577 2255 1696 2312 sumitur
1709 2272 1742 2312 ex
1761 2259 1786 2311 t.

140 2359 174 2400 ax
189 2345 320 2416 gravitate
334 2361 438 2418 poenae
452 2347 609 2418 temporalis
624 2345 715 2402 addita
729 2347 754 2400 in
766 2346 810 2402 illa
830 2345 888 2417 lege
904 2362 948 2400 so·
982 2340 1103 2396 llacbab.
1123 2345 1151 2398 2.
1167 2342 1246 2398 Ratio
1267 2347 1359 2399 autem
1378 2349 1439 2414 est,
1462 2360 1515 2399 nan
1536 2344 1599 2416 qnia
1614 2343 1707 2400 liceret
1721 2351 1787 2400 tone

140 2432 179 2490 let
192 2435 283 2507 colligi
297 2435 428 2508 obligatio
441 2437 467 2492 in
483 2436 652 2492 conscientia
666 2437 718 2492 suli
733 2435 852 2508 mortali,
870 2435 948 2492 utde
984 2436 1097 2500 propter
1112 2438 1215 2486 melum
1226 2446 1309 2503 egere
1324 2437 1423 2489 contra
1436 2432 1626 2506 obligationem
1641 2449 1657 2488 a
1675 2435 1729 2490 lieo
1741 2451 1789 2506 po·

141 2538 230 2594 poena
245 2526 341 2581 mortis
356 2523 457 2580 indicat
468 2525 544 2580 Scot.
558 2525 583 2579 in
596 2529 623 2595 3,
636 2524 664 2579 d.
675 2529 722 2590 lt),
732 2533 760 2580 at
773 2523 857 2582 docet
870 2527 945 2581 Cast.
982 2520 1078 2590 sitam,
1094 2518 1141 2576 sed
1156 2521 1221 2592 quia
1234 2536 1285 2592 pro
1301 2529 1369 2578 tunc
1385 2523 1509 2579 cessabat
1524 2523 1661 2597 obligatio.
1672 2525 1727 2580 Nec
1746 2539 1790 2580 re·

141 2612 188 2667 lib.
205 2619 233 2671 2.
249 2614 282 2671 de
296 2614 350 2686 leg.
367 2629 428 2684 cap.
447 2617 475 2684 l,
498 2621 529 2669 ut
547 2629 631 2684 supra
651 2613 696 2669 lits.
713 2615 758 2670 lll.
779 2613 945 2671 notavimus.
984 2609 1049 2681 lert,
1072 2609 1147 2682 quod
1167 2617 1343 2684 praeceptum
1363 2614 1520 2685 negativum
1536 2613 1636 2686 obliget
1654 2629 1703 2685 pro
1718 2629 1788 2669 sem·

140 2701 350 2776 Acceditquod
362 2719 415 2758 noo
431 2709 539 2759 tantum
552 2702 628 2774 leges
641 2701 852 2774 iudiciales,sed
866 2703 946 2759 etiam
983 2715 1048 2772 per,
1072 2702 1138 2773 quia
1158 2700 1225 2757 dnm
1240 2717 1292 2758 non
1306 2702 1431 2774 probibet
1446 2719 1501 2760 rem
1516 2704 1663 2761 intrinsece
1678 2703 1789 2776 malam,

141 2793 275 2864 morales,
297 2799 325 2848 et
344 2791 554 2849 caeremoniales
576 2792 709 2849 similibus
727 2793 822 2865 poenis
840 2796 947 2850 sancie-
983 2803 1091 2860 semper
1109 2787 1191 2845 babet
1203 2789 1422 2848 subintellectam
1437 2793 1790 2866 conditionem,nisi·inter·

141 2881 478 2954 bantur,otpatet1.evtt.
492 2887 539 2939 tto.
552 2889 581 2938 et
594 2891 719 2955 sequent.
731 2888 759 2939 et
773 2873 884 2939 beuter]
896 2888 943 2954 25,
983 2878 1073 2935 veniat
1084 2877 1226 2935 sufficiens
1236 2880 1395 2948 necessitas,
1405 2897 1454 2938 seu
1473 2882 1626 2954 perieulum
1638 2899 1785 2942 excusans.

141 2980 171 3028 et
184 2973 211 3026 in
227 2987 288 3043 cap.
302 2976 348 3044 28.
360 2972 428 3028 liunt
442 2970 584 3045 generales
595 2973 823 3029 comminationes
841 2980 947 3045 tempo·
982 2967 1057 3035 Quae
1073 2968 1195 3025 conditio
1210 2969 1291 3026 etiam
1305 2970 1331 3025 in
1340 2969 1443 3034 ,divinis
1458 2973 1612 3044 praeceptis
1623 2972 1788 3048 includitur,

142 3061 241 3117 ralimn
258 3075 420 3132 poenarum.
435 3062 565 3134 benique,
580 3059 655 3133 qood
669 3061 730 3118 illae
745 3061 828 3135 leges·
840 3061 949 3119 ordina·
983 3073 1036 3114 non
1051 3059 1114 3132 quia
1134 3075 1187 3116 non
1203 3065 1296 3130 posset
1309 3063 1380 3117 bens
1394 3061 1472 3118 aliter
1486 3064 1656 3136 praecipere,
1672 3067 1694 3120 si
1710 3065 1789 3122 abso·

143 3156 241 3206 rentur
261 3148 294 3205 ad
318 3150 523 3206 convenientem
542 3149 612 3206 illius
635 3150 799 3222 reipublicae
814 3151 948 3222 guberna·
983 3147 1043 3205 luta
1061 3155 1196 3220 potestate
1215 3151 1254 3206 uti
1270 3149 1349 3224 velit,
1369 3151 1416 3208 sed
1431 3153 1496 3224 quia
1510 3153 1535 3210 in
1549 3153 1692 3210 ordinaria·
1704 3154 1790 3212 borni·

144 3241 267 3310 tionem,
289 3255 341 3295 oon
362 3239 460 3312 relert,
480 3241 641 3312 quinetiam
657 3239 948 3304 media-convenientia
985 3255 1052 3296 uum
1067 3239 1263 3311 gubernatione
1278 3238 1323 3295 illa
1334 3254 1388 3297 non
1403 3243 1491 3298 utitur
1502 3259 1550 3314 per
1561 3244 1697 3316 generalia
1710 3259 1789 3315 prae·

143 3327 178 3384 ad
203 3328 276 3384 bunc
300 3329 380 3384 linem
404 3335 520 3399 possunt
534 3344 598 3385 vere
619 3335 646 3385 et
659 3329 811 3386 ellicaciter
828 3330 947 3401 praecipi
984 3337 1077 3401 cepta,
1091 3345 1164 3402 quae
1178 3327 1332 3386 seeundum
1347 3330 1456 3403 regulas
1470 3332 1630 3403 prudentiae
1644 3340 1672 3390 et
1688 3349 1788 3390 conve·

143 3418 198 3474 snb
215 3419 378 3492 obligatione
400 3420 595 3476 conscientiae.
611 3420 706 3493 Neque
720 3419 764 3476 bic
780 3420 840 3475 linis
854 3420 949 3477 exclu·
984 3419 1083 3475 nientis
1099 3419 1309 3493 gubernationis
1325 3418 1395 3476 tradi
1409 3428 1568 3478 censentur.
1585 3423 1619 3478 Et
1632 3419 1693 3478 inde
1706 3425 1788 3480 etiam

144 3507 186 3564 dit
200 3506 326 3564 ultimum
340 3509 410 3564 ritae
424 3513 560 3578 aeternae,
576 3508 624 3564 sed
639 3510 729 3579 potins
751 3507 949 3566 subordinatur
984 3507 1062 3564 lacile
1085 3507 1220 3580 probatur
1240 3509 1366 3580 exceptio
1387 3513 1476 3579 posita
1495 3512 1522 3566 in
1543 3513 1708 3572 assertione,
1724 3512 1789 3584 quie

143 3595 197 3666 ittt;
218 3613 279 3652 nam
298 3597 433 3654 servando
446 3605 585 3674 externam
599 3598 732 3653 iustitiam
745 3606 773 3654 et
784 3613 879 3669 pacem
894 3599 948 3655 rei·
983 3612 1064 3669 agere
1082 3595 1184 3670 aliquid
1206 3596 1231 3652 in
1247 3604 1436 3670 contemptum
1451 3601 1508 3672 liei,
1525 3600 1567 3656 rel
1583 3599 1730 3673 religionis,
1740 3609 1789 3657 aut

145 3685 379 3760 publicae,potest
389 3688 450 3760 quis
462 3688 560 3744 mereri
570 3688 652 3744 vitam
664 3691 845 3758 aeternam,si
857 3690 946 3746 iustus
984 3684 1051 3759 legis
1072 3686 1131 3764 eins
1144 3691 1188 3741 est
1200 3686 1347 3744 intrinsece
1361 3688 1464 3744 malurn
1473 3695 1524 3759 ,et
1537 3689 1597 3746 ideo
1612 3691 1709 3746 rnerito
1722 3705 1789 3746 ecn-

145 3777 198 3850 sit,
215 3792 246 3834 ac
263 3776 379 3833 subinde
393 3776 438 3833 illa
451 3775 564 3850 dignam
579 3793 608 3834 se
622 3777 746 3835 reddere.
763 3778 947 3846 Quamobrem
983 3773 1050 3832 ditio
1068 3775 1113 3831 illa
1126 3791 1179 3832 non
1192 3774 1351 3834 extenditur
1365 3776 1399 3834 ad
1414 3777 1496 3834 talem
1509 3785 1649 3836 eventum.
1660 3779 1738 3846 Quod
1749 3779 1789 3836 di·

145 3866 239 3938 negari
254 3881 308 3923 non
323 3873 427 3939 potest,
442 3873 588 3939 praccepta
608 3867 745 3924 iudicialis
758 3867 842 3925 luisse
856 3866 948 3924 divina
983 3872 1060 3923 etum
1077 3866 1159 3922 etiam
1172 3872 1214 3922 est
1227 3864 1261 3923 de
1275 3865 1334 3940 lege
1349 3865 1631 3942 bumana,multoqne
1642 3869 1727 3943 magis
1744 3885 1787 3927 ve·

115 3941 124 3954 '
144 3971 200 4010 non
216 3955 307 4013 solnm
320 3971 353 4014 ex
368 3961 496 4030 auctore,
512 3956 657 4014 sedetiam
672 3973 705 4014 ex
720 3959 771 4014 line
787 3957 883 4015 ultimo
898 3973 948 4030 per
983 3972 1046 4013 rum
1065 3963 1110 4013 est
1127 3955 1160 4012 de
1180 3955 1286 4028 divina,
1307 3963 1338 4013 ut
1351 3959 1432 4015 etiam
1446 3960 1589 4017 contirmat
1602 3961 1718 4019 aliorum
1733 3961 1788 4020 lla·

143 4043 188 4100 illa
204 4045 318 4118 intento,
329 4053 359 4103 ut
373 4061 456 4118 supra
470 4049 558 4103 risum
573 4054 624 4104 ost.
641 4047 760 4120 ldeoqne
775 4049 954 4120 superlluum·
985 4046 1173 4104 thebaeorum
1186 4046 1342 4118 exemplum
1357 4047 1403 4105 lib.
1421 4054 1450 4120 2,
1466 4065 1529 4121 cap.
1547 4053 1573 4108 l.

143 4141 189 4190 est
201 4134 302 4192 addere
322 4134 393 4192 illam
408 4135 574 4207 particulam
588 4139 615 4193 in
630 4135 785 4194 definitione
800 4137 869 4212 legis
882 4137 948 4194 divi·
1024 4141 1051 4194 8.
1073 4137 1140 4194 llico
1162 4137 1300 4194 secundo:
1327 4138 1523 4208 Permissiones
1546 4139 1653 4212 aliquae
1677 4143 1789 4204 luerunt

145 4236 217 4292 nae,
240 4226 304 4298 quia
324 4224 389 4281 nibil
405 4227 475 4281 Uene
495 4225 595 4282 bomini
609 4229 759 4300 praecipit,
774 4227 825 4283 nisi
840 4235 872 4285 ut
885 4229 948 4286 obe·
984 4227 1101 4284 ellectus
1126 4225 1200 4283 illius
1224 4225 1308 4299 legis,
1327 4242 1382 4284 nan
1401 4235 1493 4286 tamen
1514 4246 1562 4303 per
1577 4233 1689 4292 modom
1704 4250 1788 4306 purae

145 4313 248 4370 diendo
261 4313 368 4371 tandem
381 4315 426 4372 fiat
436 4313 536 4389 dignus
546 4316 601 4372 rita
613 4318 868 4389 aeterne,quamris
880 4316 949 4374 alius
985 4316 1185 4388 permissionis,
1202 4315 1250 4372 scd
1264 4332 1313 4388 per
1328 4317 1442 4375 modum
1455 4318 1675 4394 dispensationis,
1684 4323 1726 4380 vel
1741 4340 1789 4396 po-

146 4404 297 4476 proximior
310 4404 368 4460 linis
383 4405 470 4476 possit
482 4405 565 4462 etiam
576 4421 625 4477 per
638 4406 720 4462 talem
735 4405 822 4478 legem
838 4405 948 4463 intendi.
984 4406 1039 4462 tius
1053 4421 1103 4478 per
1117 4405 1229 4462 modum
1243 4408 1443 4480 concessionis,
1461 4415 1489 4465 et
1502 4410 1647 4484 privilegii.
1661 4413 1789 4470 Declara-

188 4498 213 4551 a.
230 4494 349 4551 Tandem
365 4493 461 4567 inquiri
475 4501 584 4568 potest,
601 4511 635 4551 en
649 4495 777 4568 obligatio
794 4495 865 4552 illius
881 4496 948 4569 legis
986 4503 1050 4567 tur,
1073 4495 1258 4568 advertendo,
1279 4498 1485 4569 permissionem
1505 4499 1640 4558 interdum
1662 4501 1713 4560 late
1734 4504 1788 4561 dici

146 4589 223 4640 tanta
237 4582 335 4654 luerit,
356 4590 388 4640 ut
401 4584 434 4640 ad
449 4585 490 4640 aui
505 4585 724 4641 observationem
739 4588 764 4641 in
778 4588 947 4643 conscientia
984 4585 1018 4642 de
1033 4588 1106 4642 omni
1122 4584 1182 4656 illo,
1199 4585 1275 4658 quod
1289 4601 1343 4642 non
1357 4587 1534 4663 prohibetur,
1551 4605 1602 4647 nec
1618 4593 1790 4664 praecipitur

146 4679 276 4746 cogeret,
297 4688 351 4729 non
366 4672 491 4729 obstante
506 4689 685 4746 quocumque
700 4673 823 4745 periculo
839 4676 947 4732 mortis.
984 4676 1055 4749 lege,
1070 4682 1099 4732 et
1112 4677 1151 4732 ita
1165 4674 1318 4732 dlbomas
1330 4677 1357 4731 in
1372 4680 1400 4748 t,
1412 4675 1439 4732 d.
1455 4681 1503 4750 33,
1515 4693 1543 4750 q.
1556 4683 1585 4750 2,
1599 4686 1690 4752 arta,
1704 4696 1789 4753 quae·

147 4761 200 4818 Sed
224 4761 277 4818 noc
301 4761 414 4818 dubium
438 4761 531 4818 eadent
556 4763 731 4835 proportione
749 4763 949 4836 expediendum
986 4763 1280 4837 stiunc.2.distinguit
1295 4765 1385 4822 varios
1397 4767 1493 4823 modos
1507 4771 1705 4845 permissionis,
1717 4788 1789 4830 unas

147 4859 200 4924 est,
212 4852 277 4924 quia
291 4849 377 4907 simile
392 4866 475 4922 sopra
491 4858 639 4908 tractatum
651 4851 736 4908 estne
748 4851 806 4926 lege
818 4853 946 4912 bumana.
987 4855 1134 4926 quominus
1158 4853 1261 4911 bonnm
1286 4855 1469 4930 permittitur,
1492 4857 1589 4915 relicto
1614 4860 1732 4934 meliori,
1749 4863 1789 4920 sic

147 4945 241 5014 ltaque
256 4940 288 4997 de
304 4941 457 5012 praeceptis
472 4941 620 4998 moralibus
635 4948 744 4998 certum
760 4949 812 5014 est,
829 4944 947 5016 obligare
986 4944 1192 5002 matrimonium
1206 4944 1374 5016 permittitur
1388 4952 1517 5017 respectu
1532 4948 1706 5024 virginitatis,
1717 4952 1789 5009 etde

147 5049 213 5089 com
228 5047 261 5086 eo
276 5031 376 5102 rigore,
392 5033 551 5101 praesertim
568 5033 589 5087 si
603 5031 727 5104 negativa
741 5035 807 5106 sint,
823 5035 888 5107 quia
901 5051 950 5106 op·
985 5050 1039 5092 usu
1056 5036 1118 5090 eins
1133 5034 1170 5090 ait
1184 5033 1261 5090 Paul.
1274 5039 1297 5091 l.
1312 5034 1344 5091 ad
1358 5035 1483 5092 Corinth.
1493 5038 1519 5095 i:
1533 5041 1596 5094 Hoc
1608 5046 1709 5097 autem
1723 5042 1790 5100 dice

146 5122 269 5196 positum
289 5126 332 5176 est
355 5119 499 5176 intrinsece
522 5120 635 5176 rnalum.
655 5120 825 5178 illlirmativa
845 5130 949 5196 aulem,
984 5121 1149 5182 sementiam
1172 5122 1406 5198 indulcoratam,
1434 5142 1493 5184 aoso
1517 5127 1676 5187 secundum
1700 5135 1793 5208 impe·

146 5215 212 5292 quia
226 5227 280 5270 non
296 5209 415 5288 obligant
428 5225 478 5286 pro
492 5226 610 5288 semper,
620 5218 737 5288 possunt
748 5212 884 5272 interdum
896 5229 949 5272 noo
985 5216 1079 5274 riam
1095 5215 1168 5275 llaec
1183 5221 1276 5276 atatem
1291 5216 1377 5294 magis
1391 5223 1434 5277 eat
1447 5219 1617 5298 approbatio,
1630 5235 1714 5301 qoam
1729 5240 1791 5304 per.
