4278 6242
885 441 1039 493 rmmmv.
1263 513 1268 522 Ι
1674 420 1736 484 tm)

143 594 204 646 sus,
226 591 277 634 seu
298 578 438 646 actiones,
454 573 517 648 quia
536 573 595 630 illae
610 577 677 628 sunt
690 570 815 644 proxime
830 568 945 624 materia
981 581 1051 638 pus,
1068 563 1118 620 nisi
1133 563 1332 650 restringatur,
1342 562 1407 635 quia
1421 561 1462 618 lex
1478 577 1586 633 semper
1601 560 1740 634 loquitur,
1756 568 1784 618 et

143 667 236 740 legum
247 687 255 736 ς
268 676 296 722 et
307 665 367 722 ideo
379 663 412 721 de
425 664 466 720 liis
480 663 641 734 praesertim
656 661 741 718 locuti
755 674 864 728 stamus,
878 671 945 712 con·
981 654 1042 712 ideo
1060 654 1124 712 licet
1138 653 1172 710 de
1185 653 1323 725 praesenti
1338 652 1480 725 loquatur,
1496 667 1603 724 semper
1616 654 1643 708 in
1661 650 1785 725 quelibet

143 764 292 830 sequenter
314 769 379 812 vero
392 757 472 811 etiam
486 754 543 810 lieri
558 751 591 809 ad
606 767 725 826 poenas,
741 755 877 822 quotenus
891 745 946 802 fieri
981 746 1076 802 iuturo
1099 750 1236 815 tempore,
1259 740 1369 814 quando
1390 749 1433 798 est
1453 757 1593 814 praesens,
1608 740 1679 798 idem
1693 741 1785 812 dispo·

143 853 236 918 potest
248 843 282 902 ad
294 844 436 914 maleficia,
449 859 498 900 seu
509 842 617 900 delicta.
630 840 707 899 Addo
718 842 801 896 etiam
816 837 948 910 propriis·
982 835 1030 891 nit.
1052 833 1134 891 itddit
1147 827 1218 889 ¹vero
1239 831 1387 888 Panormit.
1411 832 1437 887 in
1457 847 1519 902 cap.
1536 835 1564 889 t.
1586 830 1618 887 de
1637 831 1783 886 constitut.

144 937 213 992 sime
234 936 291 991 lieri
306 934 339 991 ad
354 948 503 1006 personas,
518 941 575 989 tum
591 931 748 1004 quinetiam
765 927 808 987 lex
823 929 948 1000 loquitur
983 941 1010 980 n.
1027 928 1058 994 2,
1073 922 1147 997 quod
1162 923 1184 978 si
1199 921 1242 977 lex
1259 921 1379 977 remittat
1391 919 1536 990 delictum,
1549 927 1615 978 tunc
1632 917 1786 976 extenditur

145 1024 180 1082 ad
203 1039 350 1097 personas,
365 1030 392 1080 et
412 1021 470 1079 illae
484 1022 599 1094 obligat,
616 1021 770 1078 tumeliam
785 1017 948 1092 quieaotio·
984 1013 1017 1070 ad
1041 1012 1150 1082 latmo,
1172 1026 1205 1066 ne
1225 1009 1270 1066 det
1284 1011 1425 1066 materiam
1440 1007 1622 1081 delinquendi.
1638 1009 1703 1065 Plus
1722 1021 1786 1062 vero

143 1131 194 1171 nes
209 1130 259 1186 per
278 1118 434 1187 respectum
449 1109 481 1168 ad
496 1126 642 1183 personam
657 1110 754 1166 variari
771 1113 897 1181 possunt.
915 1107 950 1164 Et
983 1104 1084 1161 dicitur
1097 1101 1122 1156 io
1137 1100 1156 1156 l.
1173 1115 1241 1156 cum
1251 1097 1311 1166 leot,
1327 1097 1355 1154 li.
1367 1097 1400 1155 de
1413 1098 1495 1170 legib.
1512 1096 1648 1166 videlicet,
1659 1112 1727 1153 eum
1738 1094 1787 1152 less
1823 1115 1841 1136 =

144 1204 208 1261 iden
229 1205 312 1260 etiam
332 1201 365 1259 de
385 1199 438 1257 laec
460 1200 633 1272 ampliatione
647 1200 714 1272 legis
731 1197 949 1271 frequentissime
983 1196 1016 1278 ire
1030 1193 1226 1265 praeteritum
1240 1185 1465 1261 praecessorum,
1478 1185 1658 1259 infuturum
1670 1191 1781 1254 celare,

145 1294 302 1366 loquuntur
312 1292 573 1362 auctores,etrarla
583 1290 643 1348 eius
654 1287 777 1360 exempla
788 1286 873 1343 videri
886 1302 949 1359 pos·
985 1281 1079 1353 utique
1095 1295 1128 1337 ex
1142 1285 1233 1335 mente
1247 1277 1323 1351 legis,
1340 1285 1367 1335 et
1380 1280 1419 1334 ita
1431 1277 1466 1333 lbi
1481 1278 1509 1333 dt
1520 1276 1653 1350 quaedam
1664 1278 1786 1334 extensio

146 1385 251 1441 suntin
263 1383 359 1441 lloolm
373 1379 531 1454 supradicte
544 1387 613 1438 sect.
630 1383 659 1449 l,
672 1396 699 1434 n.
718 1383 760 1443 tt,
772 1373 909 1449 Tiraquel.
923 1377 950 1431 in
986 1370 1020 1428 ad
1035 1370 1145 1438 lutura,
1160 1371 1225 1441 quie
1240 1365 1405 1440 indulgendo
1420 1368 1577 1441 praeterita,
1589 1368 1728 1438 supponit,
1741 1365 1787 1422 illa

147 1473 225 1531 dicto
241 1473 394 1538 §libertis
411 1487 440 1526 n.
456 1475 503 1530 ts.
518 1477 546 1526 et
560 1467 737 1543 sequentibus
751 1469 851 1524 Aulon.
867 1464 949 1522 Gabr.
985 1477 1046 1518 esse
1068 1459 1156 1530 mala,
1179 1457 1221 1514 vel
1243 1456 1397 1530 prohibite,
1412 1473 1495 1531 quam
1510 1457 1717 1529 prohibitionem
1732 1472 1788 1513 non

146 1562 193 1619 lib.
211 1567 240 1630 s,
257 1562 297 1618 tit.
312 1560 345 1617 de
360 1559 468 1618 verbor.
486 1559 629 1631 significat.
644 1557 700 1614 lere
715 1572 763 1628 per
777 1562 876 1612 totum.
987 1556 1102 1606 revocat
1116 1547 1282 1621 indulgendo
1297 1547 1451 1620 praeterita,
1463 1547 1512 1604 sed
1523 1547 1613 1619 potius
1625 1549 1707 1603 tacite
1722 1561 1789 1603 con·

188 1651 231 1708 ltd
246 1652 307 1708 loca
320 1665 386 1707 vero
400 1653 491 1721 potest
504 1648 613 1720 quidem
627 1649 683 1704 fieri
697 1646 816 1703 extensio
827 1645 896 1700 intra
913 1642 950 1700 la·
986 1640 1086 1696 firmat.

145 1747 203 1797 tam
225 1740 303 1797 eoois
323 1738 563 1811 significationem,
585 1735 694 1810 quando
715 1736 812 1791 saltem
834 1732 886 1790 sub
905 1733 951 1788 illa

145 1835 238 1902 potest
253 1843 353 1885 nornen
368 1827 422 1884 loci
436 1829 463 1882 in
477 1825 535 1898 lege
550 1827 669 1898 positum
683 1823 791 1883 extendi
802 1823 836 1880 ad
850 1822 901 1878 alia
913 1821 952 1878 lo·
1072 1865 1077 1868 .
1287 1826 1428 1897 CAPUT
1450 1827 1493 1895 v·

146 1935 192 1989 ca,
210 1917 253 1975 vel
268 1918 332 1991 quin
346 1931 444 1974 nomen
455 1923 498 1974 est
508 1916 677 1989 ambiguum,
689 1921 759 1971 etex
772 1912 951 1986 frequentiori

147 2025 216 2079 usu,
231 2007 276 2064 vel
290 2024 323 2064 ex
337 2006 461 2077 materia,
476 2011 525 2062 aut
538 2006 643 2062 ratione
657 2004 723 2078 legis
740 2003 949 2072 determinatur,

147 2098 193 2155 vel
214 2097 280 2170 quin
298 2111 348 2168 per
361 2095 560 2152 connexionem
574 2109 646 2152 uuus
660 2093 741 2150 locus
755 2090 806 2149 sub
820 2091 872 2147 allo
887 2106 953 2146 con·

147 2189 268 2258 tinetur,
283 2193 315 2243 ut
329 2185 461 2244 suburbia
474 2185 583 2241 nomine
598 2183 706 2256 populi,
720 2181 763 2239 vel
778 2181 871 2253 populi
888 2180 953 2238 sub·

146 2277 211 2334 lecti
229 2275 282 2332 sub
294 2275 401 2330 nomine
415 2273 545 2341 civitatis,
558 2274 633 2330 iuxta
644 2271 663 2327 l.
675 2273 727 2344 qul
741 2286 778 2328 ex
788 2273 863 2336 eico,
878 2269 905 2326 ll.
919 2266 952 2325 nd

150 2365 283 2437 municip.
302 2372 331 2421 et
344 2379 416 2436 quae
431 2362 510 2420 simul
524 2362 707 2419 docentBart.
722 2362 749 2416 in
763 2359 782 2416 l.
795 2363 823 2430 t,
839 2360 869 2416 C.
883 2373 953 2432 quae

149 2456 185 2510 sit
202 2454 277 2529 long.
295 2459 421 2510 consuet.
437 2467 466 2526 q.
484 2456 531 2524 td,
546 2451 634 2508 lloclr.
650 2449 724 2506 dicta
738 2455 808 2506 sect.
822 2449 950 2519 l,n.tl.
1250 2506 1293 2519 ..
1369 2506 1402 2518 ..
1669 2506 1674 2518 ,

150 2543 277 2602 Seclusis
291 2550 383 2600 autem
399 2543 508 2598 omnino
523 2541 625 2612 verbis,
637 2547 684 2597 aut
696 2555 837 2612 nunquam
851 2543 899 2594 aut
911 2552 954 2594 ra·
989 2506 1168 2642 ffiffiffig
1179 2511 1311 2628 fflffi
1323 2505 1482 2638 ssffifflgsse
1492 2505 1595 2638 &31:¹1⁰
1603 2503 1792 2627 {¹¹35th

148 2634 257 2691 rissime
272 2638 361 2704 potest
374 2631 430 2688 fieri
444 2631 506 2688 talis
519 2630 651 2688 extensio.
669 2631 702 2686 Et
715 2631 785 2685 ratio
796 2627 822 2684 ln
834 2627 954 2700 generali
1023 2651 1078 2699 ctio
1088 2647 1119 2698 ,g
1129 2645 1230 2711 atiquod
1241 2645 1372 2694 vitandum
1382 2646 1563 2695 ιῃιοιιιιιιιιιιι
1573 2652 1612 2696 est
1624 2645 1792 2696 faciende.-

149 2721 228 2780 reddi
248 2728 358 2793 potest,
373 2721 437 2794 quia
458 2723 480 2777 si
493 2721 572 2777 locus
586 2721 624 2776 sit
637 2726 717 2776 extra
731 2719 900 2775 territorium
917 2718 954 2774 le·
1022 2719 1049 2769 l.
1064 2716 1168 2780 Quando
1179 2717 1247 2767 ratio
1259 2716 1323 2777 legis
1333 2728 1383 2764 non
1393 2722 1432 2765 est
1442 2714 1582 2778 adaequata
1593 2716 1689 2776 verbis,
1700 2723 1740 2766 est
1750 2727 1792 2766 re·

150 2812 307 2886 gislatoris,
330 2811 436 2867 clarum
455 2815 515 2878 est,
536 2825 589 2865 non
608 2808 737 2881 possead
752 2807 825 2864 illum
840 2807 955 2863 fieriex·
1024 2783 1791 2920 {ggnffifflgmssgfdffifflffug{gffleaffigpfsfissuzgnzid

152 2903 304 2958 “mmm
318 2900 396 2974 ¹⁹ssi⁸³
413 2898 504 2972 (ΨΜ
519 2897 708 2971 ⁰b¹iss³ti⁰¹¹⁰m
722 2899 804 2963 ⁰5⁰⁸*
824 2898 899 2953 ium
913 2911 956 2954 ‘e'
1024 2929 1059 2980 sit
1070 2924 1236 2987 intelligenda
1249 2922 1312 2972 laneo
1325 2924 1442 2974 assertio.
1457 2950 1489 2960 -
1504 2925 1528 2974 7.
1542 2922 1595 2973 Lex
1607 2923 1791 2989 aliquandoest

150 2989 246 3064 gulam
267 3004 331 3060 cap.
354 2992 383 3044 2.
404 2987 438 3044 de
452 2989 598 3044 constitut.
614 2989 640 3044 in
656 2991 688 3060 63
705 2986 752 3043 scd
768 2984 801 3042 ad
816 3001 955 3052 summurn
1025 2993 1204 3062 pansingends
1216 3005 1248 3044 ex
1260 2993 1377 3044 subiecta
1389 2993 1505 3044 materis.

150 3093 202 3152 per
217 3079 395 3135 imitationem
410 3077 512 3148 poterit
525 3075 557 3132 ad
571 3091 656 3133 unum
668 3075 761 3132 locum
771 3074 903 3147 applicari
914 3075 957 3130 lex

150 3168 268 3225 alteritu
279 3166 455 3239 permodum
469 3164 600 3238 exempli,
613 3164 655 3221 vel
669 3164 851 3221 auctoritatis.
865 3165 893 3221 Sl
908 3179 957 3220 au·
1036 3173 1061 3227 t.
1074 3167 1184 3225 ltaterta
1195 3166 1279 3223 huius
1290 3165 1385 3238 capide
1395 3163 1489 3222 eedem
1501 3165 1557 3222 iere
1566 3172 1620 3236 est,
1633 3181 1704 3240 quae
1714 3181 1793 3240 prae·

151 3265 210 3316 tem
232 3256 355 3314 extensio
375 3257 422 3313 liat
435 3253 469 3312 ad
484 3255 568 3312 alium
582 3255 675 3313 lecum
689 3262 849 3312 secuntum
863 3255 890 3310 in
906 3260 959 3311 ter·
993 3258 1133 3328 cedentis,
1153 3271 1216 3313 nem
1235 3271 1300 3313 cum
1314 3255 1449 3312 restrictio
1464 3262 1618 3327 opponatur
1632 3258 1791 3328 extensioni,

152 3349 261 3417 ritorto,
273 3363 327 3403 non
340 3360 404 3402 vero
416 3343 645 3416 comprehensum
657 3343 713 3402 ullo
724 3344 806 3402 modo
817 3344 870 3402 sub
884 3344 957 3416 loco,
992 3347 1117 3405 eamdem
1138 3345 1194 3403 iere
1214 3344 1369 3401 doctrinam
1388 3357 1453 3401 cum
1475 3347 1648 3417 proportione
1663 3343 1791 3419 admittit,

153 3452 205 3510 pro
221 3452 280 3508 quo
294 3435 435 3508 legislator
454 3449 583 3507 expresse
601 3434 687 3492 voluit
701 3433 788 3508 legem
803 3432 889 3504 lerre,
905 3448 959 3489 non
993 3440 1032 3496 sto
1053 3439 1125 3496 ιιιῑιιι
1146 3435 1336 3508 oppositorum
1356 3434 1451 3491 endem
1472 3434 1542 3492 solet
1554 3449 1614 3491 esse
1627 3435 1713 3506 ratlo;
1730 3449 1793 3490 nam

153 3525 260 3599 poterit
278 3539 340 3581 esse
360 3524 483 3582 extensio
504 3521 746 3595 comprehensiva,
766 3537 831 3579 cum
847 3521 959 3580 intentio
993 3533 1061 3601 quot
1075 3525 1161 3584 modis
1176 3539 1262 3581 unum
1274 3523 1384 3591 dicitur,
1399 3529 1439 3581 tot
1452 3523 1554 3582 dicitur
1564 3525 1711 3597 reliquum.
1725 3524 1793 3592 Quia

157 3614 320 3687 legislatoris
339 3615 405 3670 satis
419 3611 552 3670 limitetur
566 3626 614 3683 troi
628 3611 727 3668 definiti
742 3611 794 3668 looi
807 3613 961 3684 expressio·
995 3632 1061 3676 vero
1076 3615 1187 3673 materia
1202 3613 1272 3670 solet
1285 3627 1346 3670 esse
1357 3613 1477 3671 obscura
1488 3622 1516 3671 et
1526 3614 1663 3688 perplexa,
1676 3612 1735 3671 ideo
1747 3613 1794 3671 ali·

154 3720 236 3777 nem,
251 3709 284 3761 ut
298 3717 383 3774 supra
395 3702 472 3774 attigi
485 3717 547 3773 cap.
564 3699 635 3758 l.'de
649 3707 766 3774 tempor.
783 3701 872 3758 ordin.
889 3702 914 3757 ln
932 3705 958 3776 63
995 3721 1050 3781 qua
1069 3707 1096 3762 in
1116 3703 1276 3777 particulari
1296 3702 1388 3759 dicere
1413 3703 1599 3760 necessarium
1620 3705 1711 3760 visum
1738 3709 1791 3760 est.

154 3809 221 3850 nam
237 3793 306 3850 ratio
321 3792 356 3848 ibi
371 3791 491 3849 adducta
506 3791 614 3849 videtur
624 3790 789 3865 generaliter
800 3787 960 3865 procedere,
994 3795 1140 3855 ltestrictio
1155 3808 1232 3866 ergo,
1250 3792 1321 3848 sicut
1333 3793 1475 3865 extensio,
1490 3792 1576 3864 accipi
1591 3793 1671 3866 solet,
1687 3793 1730 3849 vel
1745 3807 1795 3864 per

154 3882 299 3940 moraliter
313 3880 461 3956 loquendo.
997 3884 1229 3954 comparationem
1244 3879 1278 3938 ad
1289 3881 1384 3952 verba,
1400 3881 1474 3939 iuxta
1487 3884 1574 3939 varias
1585 3897 1680 3940 eorum
1696 3882 1795 3957 signill-

194 3975 232 4029 tt
246 3985 312 4028 vero
326 3971 449 4028 extensio
463 3969 531 4044 legis
545 3968 580 4027 ad
594 3975 704 4042 tempus
718 3969 776 4026 fieri
788 3984 843 4026 non
856 3974 958 4041 potest,
996 3975 1118 4032 cationes
1130 3987 1214 4045 supra
1229 3970 1331 4045 positae
1343 4013 1350 4043 ,
1362 3969 1482 4042 scilicet,
1498 3979 1548 4029 aut
1560 3973 1699 4046 propriam
1714 3979 1796 4029 natat·

154 4063 209 4121 nisi
224 4061 259 4118 ad
272 4061 468 4134 praeteritum,
480 4059 522 4115 rel
539 4060 681 4132 luturum3
701 4075 763 4116 nam
779 4059 811 4116 de
825 4059 963 4131 praesenti
995 4063 1151 4134 ralem,aut
1163 4063 1300 4135 propriam
1315 4041 1491 4131 civileffi,aut
1501 4062 1736 4136 impropriam,vel
1747 4079 1796 4136 per

156 4165 269 4223 semper
283 4150 326 4207 lex
340 4148 480 4221 loquitur,
495 4155 527 4206 ut
540 4154 660 4219 constat,
676 4155 705 4205 et
717 4163 771 4205 non
785 4153 850 4204 aunt
870 4147 962 4220 plures
998 4154 1231 4225 comparationem
1252 4150 1286 4208 ad
1306 4150 1439 4208 rationem
1455 4151 1535 4224 legis:
1553 4168 1602 4225 per
1615 4152 1797 4226 comparatio·

154 4239 289 4313 temporis
309 4237 485 4295 differentiae.
500 4239 538 4294 lle
559 4239 716 4294 extensione
730 4245 823 4295 autent
837 4236 872 4294 ed
886 4253 963 4309 prae·
997 4259 1059 4300 nem
1073 4249 1165 4298 autem
1180 4240 1214 4297 ad
1231 4245 1349 4296 mentem
1360 4255 1415 4296 non
1425 4241 1584 4312 potestdari
1595 4242 1744 4314 restrictio,
1756 4241 1796 4297 nl·

155 4331 273 4388 teritum
294 4327 398 4384 dictum
420 4333 463 4384 est
483 4327 550 4384 libro
573 4329 619 4400 lll,
640 4328 729 4400 capite
752 4328 821 4385 itttt.
843 4332 963 4384 tractare·
998 4334 1109 4404 mirum,
1122 4328 1794 4405 quaealiquideximatebobligationelegls,quod

155 4421 211 4494 dn,
228 4418 369 4492 quomodo
384 4418 426 4475 lex
438 4417 542 4475 leretur
552 4419 628 4474 oiroa
639 4417 805 4492 praeterita,
821 4416 964 4473 dectamn·
998 4423 1080 4480 tuerit
1094 4417 1325 4491 comprehensum
1339 4419 1392 4475 sut
1403 4428 1493 4478 mente
1505 4421 1676 4494 legislatoris,
1688 4420 1797 4477 illenim

156 4511 212 4580 dn,
233 4525 291 4567 non
304 4507 490 4580 disponend03
506 4513 533 4564 et
550 4508 612 4565 ideo
627 4508 688 4565 talis
703 4511 825 4565 extensio
844 4512 918 4564 recte
935 4507 965 4563 lit
998 4511 1207 4586 repugnantiam
1221 4507 1345 4579 lu'volvit,
1361 4508 1459 4567 stando
1474 4511 1501 4567 in
1515 4511 1540 4566 ei
1556 4510 1796 4583 interpretationis,

155 4613 208 4672 per
228 4600 285 4654 vim
305 4596 418 4654 rationis
439 4597 464 4652 ln
485 4596 544 4669 lege
563 4611 724 4668 expressae,
741 4595 850 4670 quando
871 4612 904 4653 ex
919 4595 964 4652 illa
998 4601 1049 4658 nisi
1071 4598 1221 4657 intercedat
1239 4597 1421 4670 dispensatio,
1444 4616 1514 4674 quae
1533 4603 1704 4674 superiorem
1723 4606 1799 4672 pote·

156 4687 251 4760 colligi
270 4692 376 4758 potest,
397 4685 484 4759 legem
498 4701 560 4743 esse
574 4687 779 4758 declarativam,
794 4692 821 4742 et
835 4701 888 4742 non
903 4692 965 4742 tan·
998 4694 1095 4747 statem
1114 4689 1246 4762 requirit,
1261 4693 1292 4744 ut
1305 4687 1372 4744 inire
1386 4687 1504 4746 dicetur.
1519 4692 1587 4747 llam
1603 4705 1677 4746 mens
1692 4689 1799 4761 legisla-

158 4785 222 4834 tunv
244 4777 468 4832 constitutivam:
484 4773 612 4849 idemque
626 4777 687 4847 erit,
705 4777 815 4848 quoties
829 4791 863 4832 ex
878 4774 965 4848 quoll·
999 4778 1064 4835 toris
1085 4793 1135 4834 seu
1156 4777 1284 4834 voluntas
1301 4784 1345 4834 est
1361 4779 1420 4848 ipsa
1435 4778 1493 4852 lex,
1508 4795 1558 4837 seu
1573 4778 1645 4835 unde
1660 4777 1740 4835 habet
1755 4778 1798 4835 lex

157 4868 209 4925 bet
225 4865 280 4922 alio
295 4866 394 4937 verbo,
415 4865 457 4922 sel
472 4881 505 4922 ex
519 4869 633 4923 materia
646 4866 673 4923 id
687 4872 815 4922 constare
830 4866 963 4937 potuerit,
997 4867 1052 4924 vim
1072 4864 1223 4940 obligandi:
1245 4881 1313 4939 ergo
1328 4867 1493 4939 impossibile
1507 4875 1559 4940 est,
1575 4885 1624 4941 per
1639 4869 1800 4940 interpreta-

159 4971 213 5012 nec
236 4955 317 5012 aliter
338 4955 368 5010 lit
388 4955 433 5012 illa
452 4956 585 5012 extensio.
608 4955 747 5027 ltespedtu
768 4963 860 5010 autem
879 4953 965 5012 iuturi
1000 4957 1102 5014 tionem
1117 4956 1217 5030 aliquid
1233 4959 1351 5012 eximere
1365 4973 1380 5013 a
1394 4957 1463 5031 lege,
1480 4957 1556 5032 quod
1570 4975 1623 5014 non
1638 4960 1800 5015 eximaturn

158 5043 296 5116 temporis
315 5059 368 5100 non
389 5050 433 5100 est
445 5059 510 5101 vera
528 5045 666 5116 extensio,
688 5059 750 5100 nam
766 5044 833 5100 haec
848 5049 890 5100 est
903 5059 966 5115 pro·
1000 5053 1091 5104 mente
1112 5046 1286 5119 legislatoris.
1308 5047 1394 5119 igitur
1412 5050 1501 5104 omnis
1521 5047 1659 5104 restrictio
1681 5047 1748 5118 legis
1767 5061 1801 5102 en

159 5135 221 5209 pria
242 5133 309 5207 legis
327 5139 444 5205 nature,
466 5140 496 5191 ut
514 5132 547 5190 ad
563 5132 655 5190 iutttrn
670 5132 789 5206 leretur,
805 5135 879 5190 iuxta
893 5132 911 5188 l.
927 5131 967 5189 le·
1000 5137 1101 5208 tendit,
1123 5141 1293 5194 clarentem
1314 5136 1399 5207 ipsam
1424 5134 1584 5210 legislatoris
1609 5135 1642 5193 ad
1668 5135 1802 5207 pauciora

162 5239 214 5298 ges
229 5227 258 5280 et
271 5225 504 5292 constitutiones,
519 5223 550 5280 G.
566 5222 600 5280 de
614 5223 693 5294 legib.
707 5228 736 5280 et
746 5221 806 5279 ideo
818 5224 909 5294 potius
925 5239 968 5280 re·
1001 5231 1137 5298 coarctet,
1154 5241 1238 5298 quam
1253 5224 1337 5282 verba
1350 5224 1392 5306 vel
1406 5227 1475 5283 ratio
1487 5226 1555 5299 legis
1566 5241 1630 5298 prae
1642 5240 1670 5280 se
1682 5224 1753 5281 ierre
1764 5227 1803 5281 vi·

163 5313 231 5388 gula
246 5315 312 5388 erit,
327 5313 417 5388 legent
431 5311 466 5371 de
479 5325 509 5372 se
520 5313 752 5385 comprehendere
762 5312 888 5372 littorum
899 5320 968 5372 tem·
1002 5315 1130 5374 deantur.
1151 5314 1190 5372 ld
1209 5316 1341 5380 mucrene
1361 5321 1453 5374 aarum
1468 5315 1622 5374 claritatem
1635 5313 1802 5390 distinguere

1072 2034 1200 2114 (ὶιιαιιάο
1214 2041 1242 2094 et
1254 2032 1397 2110 quomodo
1405 1999 1557 2111 pussillos
1568 2038 1708 2109 restrlapl

1212 2126 1563 2201 pmlotmpretotiortem.

1273 2318 1516 2384 summarium
