4232 6220
389 348 451 412 618
1086 357 1254 408 ιιειιιιιιι.

347 491 518 562 scripturae,
533 495 561 546 et
574 489 692 560 positam
705 487 790 546 luisse
802 488 831 544 in
844 489 993 559 praecepto
1008 483 1147 557 apostolo·
1182 485 1218 541 tie
1236 489 1328 544 autem
1343 485 1377 544 ab
1395 485 1539 545 immolatis
1557 487 1718 564 intelligitur
1737 492 1771 550 ab
1787 509 1841 550 esu
1863 492 1983 564 illorum3

347 597 429 654 rum,
453 580 570 637 habetur
588 580 660 636 enim
677 582 705 635 in
720 578 825 652 graecis
839 586 866 634 et
882 576 974 633 latinis
987 573 1147 647 exemplari·
1182 589 1249 648 ergo
1264 575 1360 632 eodem
1375 575 1455 634 modo
1470 577 1627 652 intelligitur
1642 579 1675 636 de
1697 584 1829 655 sunguine
1847 592 1878 640 et
1896 581 1986 657 sussc-
2093 629 2094 632 ,

347 670 446 741 hus‚et
458 687 509 727 usu
522 675 551 727 ει
563 669 707 727 traditione
715 667 854 726 Ecclesiae
868 671 1079 738 recepteeat,et
1092 678 1147 719 uon
1181 669 1258 720 cmo:
1276 681 1340 720 narn
1354 668 1467 723 materia
1480 673 1523 724 est
1534 665 1657 726 eiusdem
1674 673 1796 745 rstinnis,
1807 677 1836 727 et
1855 671 1918 728 iden
1933 689 1985 728 nen

347 775 444 832 purum
469 759 646 816 confirmatur
671 757 789 832 generali
818 756 1012 829 approbatione
1036 750 1147 810 concilii
1181 759 1225 809 εει
1238 755 1323 811 simile
1343 755 1377 811 de
1391 755 1582 828 fornicatione,
1595 774 1667 832 quec
1680 768 1722 818 est
1740 763 1986 819 materiadirersae
2093 749 2094 780 ³

347 849 503 923 tridentini,
519 849 650 923 nullaque
664 855 707 904 est
720 849 788 905 rstin
804 846 944 903 suliiclens
959 843 993 900 sd
1015 841 1147 914 repelles·
1181 843 1304 899 rationis.
1325 844 1454 916 decedit,
1469 846 1543 920 quod
1559 847 1584 903 iu
1604 847 1657 905 hoc
1672 867 1755 908 sensu
1777 851 1933 924 prohibitus
1946 861 1989 908 est

345 940 409 998 dem
424 939 498 996 iilam
513 953 608 996 rocem
622 954 637 994 e
653 942 729 995 textu
744 951 838 1008 sacro,
854 941 883 992 et
901 938 992 1009 potres
1005 932 1087 989 etiam
1101 946 1148 987 en·
1183 935 1295 1006 sanguis
1309 934 1406 992 Genes.
1421 939 1454 1006 9,
1470 942 1497 992 ει
1515 936 1618 996 clarius
1632 941 1720 998 multo
1735 942 1762 997 in
1780 941 1839 1016 lege
1854 945 1945 1000 Levit.
1959 946 1985 1010 i,

346 1031 491 1103 liquissirni
506 1028 578 1086 illem
593 1027 697 1102 legunt,
712 1035 743 1084 nt
757 1026 920 1098 Clempapa
935 1023 980 1081 lib.
993 1028 1020 1080 6.
1032 1021 1066 1080 de
1079 1022 1148 1078 Coa·
1181 1027 1209 1078 et
1225 1025 1268 1094 li,
1282 1023 1328 1080 uhi
1349 1032 1554 1098 consequenter
1568 1027 1726 1098 prohibetur
1741 1031 1932 1101 morticinum,
1946 1030 1985 1089 rel

346 1119 482 1178 stitutiou.
498 1134 561 1189 cop.
578 1123 621 1190 12,
637 1123 665 1174 ει
682 1118 840 1192 Hieronym.
857 1115 932 1172 dicto
947 1112 994 1170 llh.
1010 1116 1035 1169 l.
1052 1118 1148 1169 contra
1182 1117 1295 1184 captum
1309 1129 1325 1170 a
1338 1113 1436 1186 bestia,
1450 1115 1501 1172 suh
1512 1115 1615 1189 quihus
1626 1120 1914 1191 comprehendebatur
1928 1119 1987 1193 sus-

344 1211 477 1267 lovinian.
490 1209 575 1286 cyril.
589 1206 764 1283 hierosolym.
776 1203 918 1262 catechesi
935 1207 963 1274 1,
974 1208 1004 1258 ει
1017 1201 1148 1274 Origenes
1182 1197 1328 1270 fornicor,-
1340 1219 1401 1260 nem
1413 1204 1465 1261 suh
1481 1202 1534 1262 hoc
1549 1209 1656 1264 nomine
1668 1223 1722 1265 aon
1737 1210 1879 1268 invenitur
1890 1213 1917 1267 in
1932 1210 1988 1284 lege

345 1299 391 1358 lib.
406 1305 432 1358 8.
449 1306 548 1355 eontra
560 1296 685 1368 Celsum,
700 1304 728 1352 et
744 1293 847 1351 indicnl
860 1290 1019 1350 tertullian.
1031 1290 1057 1346 lu
1076 1292 1147 1362 lipo-
1183 1291 1399 1362 prohibitumlu
1409 1309 1514 1350 canone
1529 1301 1621 1353 eutem
1633 1301 1680 1356 62.
1693 1301 1886 1370 ιροειοιοιιιιιι
1896 1299 1989 1357 ιιειιι·

344 1391 498 1462 togetcap.
509 1391 537 1448 9.
550 1385 690 1456 Secundo,
704 1386 769 1458 quis
784 1383 860 1440 multi
874 1396 983 1452 eorum,
995 1381 1043 1454 qui
1058 1378 1150 1436 viden·
1182 1388 1272 1454 ratur,
1287 1381 1495 1453 prohibitionem
1510 1383 1585 1442 illam
1599 1385 1701 1445 luctam
1714 1403 1776 1446 esse
1789 1389 1824 1446 ad
1838 1388 1987 1462 quamdam

345 1488 391 1538 tur
405 1495 465 1541 eam
481 1475 644 1550 parucutnrn
659 1477 796 1544 omittere,
812 1473 933 1530 letentur
947 1470 1000 1526 suh
1014 1471 1147 1543 sunguine
1158 1461 1249 1542 ·'logis
1263 1470 1452 1528 imitationem.
1467 1474 1518 1530 Est
1535 1475 1618 1532 etiam
1633 1476 1676 1532 illa
1692 1481 1828 1550 expositio
1848 1479 1930 1535 nimis
1944 1496 1989 1535 vo·

344 1567 549 1642 comprehendi:
562 1574 590 1625 et
601 1565 768 1624 Gaudentius
781 1563 901 1636 exponit,
915 1565 943 1618 ει
953 1577 975 1618 n
987 1561 1143 1632 sunguine,
1181 1557 1309 1630 luntario,
1324 1569 1354 1617 ut
1365 1568 1440 1619 recte
1451 1571 1659 1636 argumentetur
1670 1567 1831 1625 Ambrosius
1848 1584 1948 1641 supra,
1963 1577 1990 1626 et

344 1659 371 1718 id
390 1666 432 1715 est
447 1673 468 1716 ca
486 1654 649 1730 suffocato,
666 1660 694 1712 ει
712 1654 808 1712 ιιιειιιιε
824 1650 971 1725 huguslin.
989 1653 1034 1707 32.
1051 1653 1147 1706 εοιιιιι
1181 1647 1988 1730 iudicatd.Thomast.l,q.103,ert.t,ed9,quiauulla

343 1750 481 1807 Fausto.
496 1751 539 1806 ta.
556 1762 577 1804 o
590 1747 747 1817 sanquine,
762 1743 790 1800 id
804 1748 847 1798 εει
861 1756 897 1798 ne
910 1741 1071 1814 quiequam
1083 1735 1147 1794 ede·
1180 1745 1239 1794 erat
1255 1739 1323 1796 rntio
1337 1740 1492 1812 specialiter
1503 1742 1662 1812 prohibendi
1678 1745 1870 1818 homicidium,
1888 1747 1933 1803 rel
1948 1762 1988 1802 ra·

342 1845 411 1895 rent
423 1839 542 1902 curuis,
560 1838 649 1892 cutes
668 1835 792 1906 sanguis
806 1847 865 1888 oon
885 1834 960 1888 esset
973 1826 1106 1900 &fusum
1119 1833 1148 1884 ει
1180 1828 1270 1901 plnum
1286 1828 1396 1902 (quam,
1412 1836 1443 1886 ut
1460 1830 1561 1902 reteri,
1583 1832 1628 1888 ιιιι
1645 1833 1696 1890 suh
1714 1835 1822 1891 nomine
1843 1833 1988 1908 suffocati

343 1925 415 1984 idem
436 1926 519 1985 sentit
531 1923 689 1981 Tertulllau.
707 1924 734 1978 in
755 1921 900 1992 Apologet.
913 1933 976 1989 cop.
990 1922 1017 1975 9.
1038 1918 1145 1988 Suppo·
1179 1915 1386 1992 intelligebant),
1399 1933 1461 1977 uam
1475 1921 1589 1992 gentiles
1603 1921 1684 1979 etiem
1699 1923 1820 1980 infideles
1840 1940 1897 1982 non
1913 1926 1988 1999 igno·
2093 1987 2094 1992 .

342 2023 413 2074 nunt
426 2031 512 2088 argo,
533 2012 702 2085 prohibitum
716 2011 751 2067 ibi
771 2025 831 2066 esse
844 2024 924 2066 esum
943 2006 1098 2080 sanguinis,
1118 2015 1148 2064 ει
1179 2003 1295 2077 rabant,
1312 2005 1379 2064 haec
1397 2023 1460 2066 esse
1474 2009 1561 2083 mels,
1576 2024 1639 2069 nom
1652 2012 1724 2069 later
1737 2012 1811 2086 ipsos
1825 2015 1911 2071 etiam
1925 2031 1987 2088 gra·

341 2109 546 2177 consequenter
556 2117 617 2160 esse
628 2100 795 2174 prohibitum
806 2095 995 2171 suffocatum,
1007 2097 1072 2172 quie
1084 2111 1145 2153 san·
1180 2094 1250 2150 riter
1264 2095 1460 2165 puniebantur.

341 2196 453 2270 guinem
467 2195 493 2250 in
509 2207 539 2250 se
552 2193 687 2250 continet.
1222 2186 1265 2241 12.
1281 2184 1410 2242 Secunde
1431 2193 1538 2259 ergoet
1557 2203 1622 2246 rere
1635 2191 1778 2262 responsio
1793 2198 1852 2263 εει,
1873 2191 1915 2248 ihi
1927 2207 1987 2249 esse

382 2287 426 2344 ll.
438 2285 530 2342 Tertio
544 2284 582 2339 ito
595 2281 646 2337 luit
660 2279 713 2337 hoc
728 2283 908 2352 praeceptum
923 2276 950 2332 ιιι
964 2273 1089 2334 Ecclesia
1104 2276 1146 2332 in·
1179 2269 1274 2329 datum
1288 2273 1436 2346 positivum
1451 2284 1630 2351 praeceptum
1648 2277 1685 2334 illi
1708 2281 1823 2352 tempori
1838 2289 1867 2338 ct
1880 2283 1988 2354 regioni

340 2373 494 2444 tellectum,
508 2379 540 2428 ut
549 2372 670 2428 sumitur
681 2385 714 2426 ex
726 2369 882 2442 Augustino
898 2372 928 2423 et
950 2365 1008 2422 aliis
1020 2363 1145 2437 patribus
1178 2364 1360 2436 couveniens,
1383 2377 1439 2436 quo
1458 2363 1610 2438 prohibitus
1626 2367 1677 2424 luit
1697 2384 1762 2426 esus
1779 2371 1941 2444 sanguinis,
1962 2378 1989 2430 ει

341 2463 443 2533 ειιιιιε,
456 2468 484 2519 et
497 2459 599 2528 Etrseb.
613 2458 658 2515 lib.
672 2463 696 2516 5.
710 2459 812 2514 ilistor.
826 2471 888 2528 cop.
906 2457 931 2527 1,
944 2453 989 2510 uhi
1005 2453 1089 2511 relert
1102 2455 1145 2510 Bi·
1179 2459 1381 2526 consequenter
1395 2455 1553 2515 animalium
1568 2459 1703 2531 omnium,
1718 2474 1789 2531 quae
1802 2463 1861 2517 sine
1877 2465 1989 2535 sangui·

340 2551 441 2610 hiidem
457 2557 607 2625 martyrem
621 2562 671 2619 pro
687 2546 846 2604 christianis
861 2543 1046 2616 respondisse:
1066 2547 1146 2619 Quo·
1179 2541 1221 2597 nis
1240 2542 1370 2600 effusione
1391 2545 1563 2616 moriuntur,
1584 2546 1627 2604 vel
1652 2547 1829 2607 occiduntur.
1847 2551 1927 2618 Quae
1947 2559 1988 2610 est

339 2639 427 2700 modo
440 2637 589 2698 eiusmodi
602 2640 661 2694 oiri
674 2635 781 2694 liberos
796 2651 865 2694 suos
879 2633 1066 2692 desereretis
1079 2637 1144 2690 ani·
1179 2631 1354 2688 communior
1365 2636 1498 2691 sententia
1509 2641 1631 2708 patrum,
1642 2643 1674 2694 ut
1684 2637 1811 2695 vidimus.
1820 2640 1856 2696 Et
1866 2639 1904 2696 ad
1915 2642 1987 2698 ahie·

340 2748 423 2788 mum
432 2732 572 2804 poterunt
581 2725 731 2798 inmisere,
740 2725 888 2799 quidesse
897 2722 1017 2780 licitum
1027 2720 1145 2796 quidem
1179 2721 1302 2779 ctionem
1313 2721 1414 2780 iactam
1428 2725 1596 2798 respoudeat
1609 2742 1715 2800 omnes,
1727 2729 1803 2786 illum
1817 2731 1917 2788 cibum
1935 2748 1987 2787 uon

339 2824 387 2888 sit,
403 2823 583 2891 sneprrmem
597 2814 778 2874 animalium
788 2815 907 2872 salioru
919 2814 1088 2870 carentium
1098 2827 1144 2867 co·
1178 2809 1263 2868 luisse
1274 2811 1444 2884 prohibitum
1458 2817 1562 2872 ratione
1573 2815 1641 2890 legis
1654 2819 1764 2890 veteris,
1776 2833 1827 2875 uec
1839 2822 1923 2892 quusi
1941 2836 1989 2876 co·

339 2907 470 2968 medere?
479 2909 528 2966 Ubi
542 2906 576 2966 de
588 2907 645 2962 solo
660 2893 809 2978 sryfsoealo
823 2904 852 2961 dt
866 2903 977 2976 mentio,
989 2909 1080 2960 tamen
1092 2901 1144 2959 suh
1177 2898 1266 2970 gendo
1280 2900 1314 2957 ed
1335 2900 1536 2960 observantiam
1556 2903 1631 2976 elus,
1653 2904 1702 2963 sed
1716 2907 1805 2962 solum
1826 2909 1909 2980 qussi
1929 2911 1988 2964 imi-

338 2997 385 3055 illo
399 2998 512 3071 sanguis
528 2979 789 3067 comprehenditur,
805 2993 871 3066 quia
884 2992 989 3048 ratione
1004 2991 1144 3065 sanguinis
1178 2987 1300 3045 tandein
1314 2989 1406 3065 sliquo
1421 2991 1508 3064 legem
1523 2994 1679 3066 uniquam,
1696 3001 1728 3052 ut
1740 3011 1872 3068 expresse
1888 2998 1988 3072 sigtrih

338 3085 520 3161 suffocatum
539 3084 713 3157 prohibetur,
736 3090 768 3140 ιιι
786 3081 892 3140 dictum
912 3088 963 3137 est.
981 3079 1144 3138 Extenditur
1178 3085 1258 3135 catur
1270 3080 1296 3135 in
1309 3079 1384 3137 dicto
1396 3085 1552 3141 canumet.
1566 3083 1765 3155 apostolorum:
1779 3085 1833 3144 hoe
1846 3089 1923 3145 enim
1936 3105 1988 3146 nou

339 3184 432 3234 autem
460 3175 604 3249 prohibitio
624 3173 659 3232 ed
680 3171 805 3230 raimelia
829 3170 980 3228 bestiarum
1005 3168 1143 3227 morsibus
1177 3175 1220 3226 εει
1240 3167 1409 3240 prohibitum
1423 3171 1449 3226 in
1470 3172 1604 3230 Ecclesia.
1616 3173 1650 3230 Et
1669 3178 1796 3248 quamvis
1818 3177 1989 3250 regulariter

338 3269 470 3335 extinctu,
482 3267 548 3340 quis
561 3272 690 3338 tauquam
705 3262 841 3319 sutiocata
854 3265 1053 3330 censentur,eo
1068 3257 1144 3334 quod
1176 3255 1223 3312 liat
1233 3257 1261 3312 in
1275 3256 1342 3314 solis
1356 3260 1510 3332 praeceptis
1524 3259 1709 3337 iudicialibus,
1723 3265 1813 3335 potuit
1826 3267 1862 3324 ab
1877 3275 1988 3340 sposto-

339 3357 452 3429 saaguls
466 3370 563 3412 eorum
577 3370 631 3424 non
651 3351 821 3410 effundatur.
838 3350 874 3406 tat
892 3348 964 3406 idem
978 3348 1101 3406 hahetur
1115 3351 1142 3407 in
1177 3345 1210 3402 lis
1224 3348 1307 3404 etism
1321 3348 1378 3405 lieri
1391 3351 1420 3406 in
1434 3348 1526 3422 aliqua
1540 3350 1714 3409 observantia
1728 3353 1826 3428 legali,
1841 3371 1916 3430 quae
1932 3373 1986 3415 nou

339 3446 455 3504 concilio
469 3443 630 3502 vormatien.
648 3456 746 3500 canon.
760 3443 807 3509 61,
822 3446 851 3496 ει
866 3441 912 3510 65,
926 3438 971 3495 uhi
983 3439 1066 3496 etiam
1080 3453 1143 3510 pro·
1176 3436 1334 3494 continebat
1353 3437 1579 3512 significationem
1598 3440 1769 3514 futurorum,
1790 3459 1842 3501 uec
1867 3445 1987 3504 tortasse

338 3534 467 3592 hibentur
481 3548 546 3590 aves
561 3532 665 3590 retibus
679 3528 877 3602 strangulatae,
890 3533 1002 3600 propter
1017 3525 1142 3584 eamdem
1177 3525 1285 3597 proprie
1299 3525 1333 3582 sd
1348 3526 1456 3585 cultum
1471 3531 1518 3586 Dei
1536 3530 1697 3604 pertinebat.
1713 3533 1826 3592 ιιιιιιιιε
1840 3538 1910 3609 quia
1933 3539 1987 3594 sub

338 3625 484 3695 rationem,
498 3624 552 3680 luno
566 3620 701 3695 quaedem
714 3618 765 3675 ιιιι
775 3617 812 3674 ιιι
827 3616 979 3689 adduntur,
992 3631 1065 3692 quae
1079 3631 1143 3687 pro·
1175 3611 1283 3673 diversa
1297 3615 1400 3672 ratione
1415 3623 1441 3674 et
1457 3619 1578 3690 motivo,
1595 3619 1741 3689 prohibitio
1755 3621 1800 3678 illa
1816 3623 1851 3679 ah
1876 3633 1987 3698 sposto-

339 3714 397 3785 prie
409 3712 482 3769 illius
493 3710 600 3769 concilii
611 3711 670 3783 lege
681 3725 735 3766 uon
746 3706 937 3780 prohibentur:
950 3720 1001 3763 nec
1016 3706 1069 3763 sub
1080 3721 1143 3762 sen·
1176 3702 1208 3759 lis
1229 3701 1301 3759 lecta
1319 3710 1361 3761 est
1379 3705 1437 3762 siue
1457 3707 1515 3765 ullo
1530 3707 1587 3764 iere
1606 3717 1737 3782 respectu
1751 3710 1786 3768 ad
1810 3721 1936 3774 veterem
1950 3717 1988 3774 le·

338 3803 420 3873 guine
434 3809 463 3859 et
476 3798 625 3873 suffocato
639 3797 686 3856 illo
700 3795 781 3854 modo
796 3793 1142 3867 comprehenduntur.he-
1175 3807 1247 3866 gem.
1261 3792 1401 3866 Multiplex
1421 3801 1513 3853 sutem
1532 3797 1601 3854 ratio
1614 3797 1687 3858 illius
1700 3804 1840 3874 praecepti
1862 3808 1987 3880 ossigna-

338 3892 424 3962 nique,
436 3891 464 3947 in
477 3888 595 3947 concilio
608 3887 754 3962 gangrensi
766 3884 813 3942 illa
829 3885 884 3970 ¹tria
897 3887 1030 3958 sanguis,
1048 3880 1142 3960 stesso·
1175 3886 1221 3938 tur
1232 3898 1248 3938 ι
1260 3882 1396 3956 patribus.
1406 3885 1496 3942 Ριιιιιι
1506 3893 1550 3944 εει
1564 3887 1676 3945 moralis
1687 3888 1721 3946 ad
1741 3891 1921 3951 fraenandam
1937 3912 1988 3968 gu-

339 3983 458 4047 catum,
476 3985 505 4036 ει
518 3974 709 4035 inimolatum
722 3973 810 4032 idolis
824 3987 953 4047 expresse
967 3971 1143 4029 nouriaantur
1175 3969 1240 4044 lem,
1255 3978 1284 4029 ει
1297 3972 1460 4031 modestiam
1475 3973 1598 4033 fidelibus
1613 3976 1639 4032 iu
1661 3977 1731 4034 cibis
1752 3982 1893 4040 sumendis
1908 4000 1987 4043 corn-

339 4075 472 4141 tunqunm
487 4066 632 4140 prohibita,
645 4081 707 4122 nam
722 4065 778 4146 sinc
790 4063 874 4120 dubio
886 4062 930 4119 hic
942 4068 986 4120 est
1001 4078 1099 4119 sensus
1109 4061 1141 4118 il·
1175 4059 1365 4121 mendandrm.
1379 4063 1420 4121 lta
1434 4064 1516 4139 Cyril.
1533 4064 1662 4123 hierosol.
1676 4069 1814 4127 catechesi
1828 4053 1940 4146 l,cap.
1952 4075 1987 4132 ds

339 4156 393 4214 lius
406 4157 531 4229 canonis,
543 4159 590 4229 qui
602 4155 641 4212 sin
654 4145 984 4226 hubetrdtqciseerlaem
996 4149 1138 4217 edentem,
1174 4150 1253 4207 cibis.
1270 4151 1323 4210 Sed
1343 4151 1396 4210 hoe
1417 4151 1444 4210 d.
1462 4153 1581 4212 Thomas
1602 4171 1656 4212 noa
1677 4156 1785 4233 placet,
1808 4163 1875 4234 quia
1896 4165 1988 4221 multa

334 4253 459 4322 praeter
477 4247 664 4320 sanguinem,
683 4240 811 4300 elidetis
824 4238 1024 4308 inimolatum,
1038 4237 1142 4313 eisrys·
1173 4248 1240 4298 eunt
1252 4241 1322 4314 sliu,
1345 4258 1417 4316 quus
1437 4245 1525 4318 magis
1541 4243 1575 4301 ad
1594 4246 1689 4319 gulam
1706 4257 1876 4323 provocant,
1899 4268 1987 4325 quam

328 4335 481 4408 focatem,
491 4352 558 4392 cunt
570 4329 816 4407 religiooeetfide
827 4328 1055 4396 condemned...
1065 4344 1141 4386 anu·
1173 4332 1295 4404 sanguis.
1305 4332 1340 4387 tat
1354 4334 1482 4405 quemvis
1497 4332 1617 4392 lnmhere
1631 4337 1794 4410 sanguinem
1810 4340 1986 4415 animalium,

338 4425 635 4496 describerentur
649 4421 794 4480 dividenda
807 4427 874 4478 sunt
888 4419 982 4492 serbe,
996 4426 1027 4476 ut
1039 4418 1141 4476 haben·
1173 4421 1215 4477 rel
1230 4418 1361 4478 devorare
1375 4419 1530 4494 suffocate
1543 4439 1598 4481 non
1612 4432 1694 4483 cocta
1707 4426 1823 4486 larinum
1838 4432 1887 4502 sit,
1903 4439 1937 4489 ut
1950 4435 1989 4491 ιιι

338 4525 385 4574 tur
398 4518 425 4574 ia
446 4514 580 4574 correctis
594 4511 733 4581 conciliis,
748 4518 781 4568 ut
795 4508 910 4586 reddant
924 4523 1035 4564 sensum
1052 4506 1140 4580 legiti·
1172 4509 1309 4585 cyrillus,
1326 4511 1444 4582 apostoli
1457 4519 1550 4570 autem
1565 4529 1620 4570 non
1638 4512 1691 4571 hoc
1706 4521 1812 4574 tantum
1833 4519 1988 4590 prohihue-

338 4622 426 4679 mum,
438 4606 485 4679 qui
499 4611 551 4678 est,
566 4618 642 4660 esum
657 4603 782 4658 curulum
796 4616 856 4656 esse
870 4599 1084 4670 licitum,excipi
1099 4605 1140 4656 ιι·
1173 4605 1249 4672 runt,
1262 4598 1310 4656 sed
1324 4601 1405 4656 etism
1417 4599 1485 4658 heco
1500 4608 1592 4674 coctu,
1605 4591 1632 4659 et
1645 4618 1824 4680 quocumque
1838 4609 1923 4666 modo
1939 4627 1987 4683 pa·

336 4711 399 4752 men
421 4695 464 4751 illo
488 4696 551 4750 tris.
567 4693 603 4749 Ει
629 4691 667 4748 ιιι
687 4689 877 4747 intellexerunt
901 4686 977 4744 illum
1003 4702 1139 4745 canonem
1172 4697 1232 4746 ruta
1245 4688 1459 4762 munducare,in
1476 4706 1598 4763 quonon
1611 4701 1831 4766 epperettnntus
1849 4712 1987 4757 excessus

337 4783 497 4842 scholastici
511 4797 618 4856 omnes,
629 4782 677 4855 qui
691 4782 717 4837 in
731 4779 869 4852 praesenti
879 4776 957 4835 illurn
971 4775 1100 4849 allegent,
1111 4783 1140 4834 et
1171 4778 1264 4853 gulae,
1277 4782 1325 4836 aut
1337 4778 1461 4836 deiectus
1477 4779 1637 4853 modestinc,
1650 4789 1682 4839 ιιι
1695 4791 1808 4856 propter
1819 4801 1882 4843 eam
1898 4789 1986 4846 solnm

336 4874 469 4932 Buronius
484 4885 579 4944 sttprn.
1171 4883 1284 4925 csussm
1307 4866 1433 4926 debuerit
1458 4869 1606 4942 prohiberi.
1622 4871 1672 4927 Alli
1693 4873 1823 4932 rationem
1849 4875 1984 4950 reddunt,

374 4963 478 5030 Quarto
499 4945 614 5032 denique
628 4956 713 5015 altera
732 4957 865 5027 expositio
878 4953 912 5011 de
934 4953 1078 5012 homicidio
1097 4955 1137 5011 ul·
1171 4959 1235 5030 quia
1253 4958 1365 5031 sanguis
1385 4959 1482 5032 etiam,
1497 4965 1525 5015 et
1545 4956 1745 5032 suffocatum,
1769 4965 1799 5021 in
1819 4963 1987 5025 idololatriis
2093 5035 2094 5040 γ

337 5052 388 5110 mis
408 5059 453 5108 est
472 5048 672 5122 metaphorice,
694 5055 723 5104 et
743 5053 850 5118 proeter
871 5047 921 5103 viru
943 5043 1089 5101 verborum
1109 5051 1138 5102 ει
1169 5046 1292 5120 gentium
1303 5046 1434 5119 peculiari
1449 5046 1530 5104 ruodo
1543 5049 1740 5122 usurpabatur.
1748 5052 1836 5121 Quam
1848 5057 1986 5116 rationem

337 5147 495 5213 contextus;
508 5155 571 5197 nam
584 5138 680 5195 eodem
696 5135 776 5194 modo
791 5135 961 5209 praecipitur
975 5135 1136 5191 abstinentia
1169 5136 1293 5195 iudicant
1305 5136 1382 5209 Orig.
1391 5137 1503 5195 etiert.
1512 5153 1604 5210 supra,
1616 5146 1645 5197 et
1654 5139 1784 5200 dihom.
1798 5147 1863 5220 1.2,
1875 5163 1905 5220 q.
1918 5151 1987 5226 162,

337 5229 371 5292 eh
385 5229 543 5304 immoletis,
555 5237 583 5288 ει
596 5244 612 5286 ι
625 5225 781 5302 suffocato,
799 5231 826 5282 et
840 5225 983 5300 sanguine,
997 5225 1134 5281 abstinen-
1170 5232 1222 5282 nrt.
1237 5231 1265 5300 6,
1280 5224 1314 5283 ιιι
1333 5232 1342 5284 t
1356 5267 1363 5301 ,
1377 5223 1458 5302 dicit,
1474 5225 1559 5286 luisse
1574 5230 1803 5292 cousuetudinem
1821 5235 1983 5314 gentilium,
