4256 6224
411 329 473 393 582
513 337 517 345 '
1117 340 1222 393 amna
1236 333 1288 392 rx.

371 468 416 527 illu
437 476 540 544 puncto
561 469 644 528 veluti
664 469 806 542 clausum,
822 475 851 528 et
870 468 931 527 ideo
949 467 1071 541 oportuit
1090 467 1169 540 prius
1206 482 1260 524 aon
1274 463 1364 526 solum
1379 465 1458 540 quasi
1470 465 1610 540 effective,
1633 463 1681 523 scd
1695 461 1865 534 formaliter,
1883 462 1954 522 etin
1969 477 2017 520 en·

371 563 449 633 quasi
464 563 583 633 aperiri,
603 575 636 617 ac
651 560 831 634 promulgari,
848 567 878 616 ut
891 559 1033 632 antiquum
1056 558 1168 614 omnino
1205 555 1267 614 dem
1280 558 1410 630 instanti,
1427 557 1453 612 in
1468 573 1524 632 quo
1539 557 1580 613 rir
1593 557 1719 626 moritur,
1736 555 1870 613 liberatur
1891 554 1928 610 ab
1943 553 2017 611 illius

371 650 620 708 excluderetfunc
633 665 700 722 ergo
713 649 999 720 fundamentaliter,ut
1015 646 1054 702 sic
1066 646 1168 716 dicam,
1206 646 1265 718 lege
1286 663 1335 718 ρετ
1350 655 1466 722 mortem
1480 648 1557 718 eius3
1573 661 1641 720 argu
1656 646 1698 703 rel
1713 644 1870 716 exemplum
1893 659 1949 701 non
1965 644 2017 700 luit

372 741 424 798 fuit
439 739 591 796 rescissum
608 743 687 794 retus
698 739 912 808 Testamentum,
928 735 1057 811 mondum
1080 741 1172 791 famen
1204 735 1466 808 accommodatum,
1494 736 1537 792 vel
1558 751 1655 792 sensus
1670 734 1746 792 Pauli
1771 741 1834 806 est,
1861 749 1912 806 ρετ
1926 737 2014 805 ipsam

371 828 520 886 formaliter
543 833 571 884 et
594 827 619 884 in
640 842 679 883 se.
695 827 744 885 Cui
760 817 915 900 'consonat,
931 825 1005 899 quod
1019 823 1088 882 dixit
1101 826 1171 880 Pau·
1206 832 1324 883 mortem
1337 826 1436 883 Christi
1455 833 1485 883 et
1502 827 1528 881 in
1548 824 1645 883 eodem
1659 824 1945 882 momentoliberatos
1966 839 2016 879 nos

373 919 415 975 lus
431 919 457 975 in
472 919 522 974 fine
536 917 609 974 illius
623 917 735 989 capitis:
750 916 883 975 Dicendo
897 931 1016 982 uocum
1030 914 1172 971 veteravit
1204 930 1265 972 esse
1279 931 1294 972 ε
1308 915 1368 988 lege
1377 956 1384 987 ,
1394 931 1426 972 ac
1440 914 1556 973 subinde
1566 917 1654 986 ipsam
1666 914 1752 986 legem
1764 913 1857 970 statim
1874 920 2016 969 mortuam

368 1012 467 1084 prium
485 1005 565 1080 quod
577 1011 678 1064 autem
692 1009 880 1079 antiquatur,
891 1012 919 1062 et
932 1007 1064 1070 senescit,
1080 1017 1172 1077 prope
1205 1006 1297 1063 fuisse.
1321 1006 1495 1077 Quapropter
1516 1005 1550 1061 ad
1571 1003 1796 1061 satisfaciendum
1819 1008 1922 1059 exacte
1952 1001 2016 1058 huic

371 1101 528 1154 interitum
541 1101 593 1153 est.
610 1098 694 1152 Favet
711 1095 791 1152 etiam
805 1094 994 1169 Chrysostum.
1009 1092 1105 1150 homil.
1127 1094 1182 1149 tu·
1205 1095 1381 1167 testimonio,
1402 1096 1588 1153 necessarium
1601 1101 1660 1167 est,
1676 1095 1857 1165 praecipuam
1876 1091 1952 1148 illius
1967 1092 2017 1148 dif-

372 1189 397 1243 in
413 1203 475 1259 cap.
493 1191 520 1257 a,
536 1186 643 1258 dicens,
658 1191 853 1242 testamentum
868 1185 974 1242 factum
988 1198 1049 1240 esse
1062 1183 1173 1238 firmum
1208 1185 1359 1243 fiaultatem
1373 1185 1537 1259 expendere,
1551 1199 1621 1258 quae
1632 1184 1719 1256 posita
1731 1189 1775 1240 ast
1787 1183 1813 1239 in
1832 1182 2018 1255 applicatione

371 1283 399 1333 et
419 1282 511 1333 ratum
531 1277 557 1332 iu
571 1275 614 1332 die
629 1276 736 1346 mortis,
752 1281 845 1348 postea
857 1291 923 1332 vero
937 1274 1074 1345 impletam
1090 1272 1173 1328 fuisse
1207 1275 1280 1332 illius
1297 1273 1482 1333 similitudinis
1497 1272 1531 1331 ad
1545 1289 1603 1330 rem
1617 1275 1758 1332 intentam.
1774 1271 1844 1340 Quia
1864 1277 1930 1328 anta
1945 1287 2017 1328 mor·

372 1365 578 1439 promissionem
599 1367 626 1422 in
637 1365 683 1422 illu
697 1365 853 1438 factam3ita
866 1365 937 1421 enim
951 1362 985 1420 de
999 1363 1057 1420 aliis
1071 1363 1173 1420 ellecti-
1207 1373 1262 1422 tem
1277 1363 1378 1421 Christi
1392 1380 1441 1420 nos
1455 1380 1510 1421 non
1525 1379 1636 1421 eramus
1650 1363 1807 1435 desponsati
1825 1361 1950 1431 Christo,
1967 1377 2016 1419 nec

370 1456 422 1512 bus
436 1454 603 1512 censendum
625 1461 680 1512 est.
1207 1455 1310 1512 ratione
1322 1452 1393 1510 illius
1406 1453 1555 1526 spiritualis
1567 1455 1734 1510 matrimonii
1751 1451 1943 1510 subdebamur
1955 1451 2016 1526 legi,

410 1550 436 1608 8.
449 1545 526 1600 hiter
541 1559 605 1600 roro
621 1544 699 1602 lucus
714 1543 791 1602 Pauli
805 1543 839 1600 ad
854 1545 969 1602 Roman.
985 1545 1010 1600 f.
1024 1544 1050 1598 iu
1066 1557 1096 1598 se
1112 1541 1174 1615 qui·
1208 1549 1239 1600 ut
1256 1559 1303 1615 per
1318 1549 1434 1601 mortem
1445 1543 1548 1600 Christi
1562 1549 1693 1616 tanquam
1708 1558 1757 1615 per
1778 1548 1897 1599 martem
1913 1543 1968 1598 riri
1981 1541 2018 1598 di·

370 1633 433 1690 dem
448 1633 588 1690 difficilior
600 1639 660 1705 est,
677 1633 740 1706 quia
754 1641 796 1690 cst
809 1633 961 1702 obscurus,
976 1636 1004 1689 ει
1018 1631 1111 1703 ριυτεε
1127 1629 1174 1686 ha·
1207 1647 1304 1688 camur
1318 1631 1423 1690 liberati
1438 1633 1472 1689 ab
1486 1631 1531 1689 iila
1545 1631 1614 1705 lege.
1627 1631 1705 1699 Quod
1721 1631 1743 1687 si
1762 1630 1891 1689 Christus
1908 1639 2019 1687 nonest

372 1723 417 1779 bet
434 1722 635 1793 expositiones,
655 1727 684 1779 et
697 1721 772 1796 quod
787 1721 821 1778 ad
836 1737 964 1793 praesens
979 1726 1103 1792 spectat,
1119 1733 1172 1775 nun
1209 1722 1265 1791 rir,
1289 1721 1335 1776 cui
1355 1737 1467 1778 eramus
1481 1722 1559 1793 quasi
1579 1721 1751 1778 matrimonio
1768 1720 1929 1791 coniuncti,
1951 1736 2019 1793 quo·

371 1818 449 1869 caret
459 1810 637 1881 difficultate,
651 1827 713 1867 nam
725 1811 826 1869 Paulus
837 1813 876 1869 ita
887 1810 1041 1868 concludit:
1057 1812 1169 1882 ltaque,
1208 1811 1290 1867 modo
1303 1825 1350 1881 ρετ
1362 1817 1479 1868 mortem
1489 1811 1588 1868 Christi
1603 1810 1708 1868 liberati
1719 1827 1818 1867 sumus
1837 1809 2020 1882 alege,sicut

325 1893 330 1902 ’
362 1901 482 1973 fratres
490 1904 556 1968 mei,
567 1905 652 1958 etuas
660 1900 833 1974 mortificati
847 1904 917 1958 estis
931 1900 988 1974 teqi
999 1916 1054 1974 per
1068 1915 1174 1972 corpus
1209 1915 1279 1956 uxor
1293 1899 1424 1958 liberatur
1436 1915 1483 1972 per
1497 1906 1615 1958 mortem
1626 1901 1729 1974 viri,ac
1741 1900 1858 1958 subinde
1873 1899 2018 1974 quomodo

373 1993 501 2058 Christi,
523 1991 569 2048 arbi
584 1991 922 2068 Ambr.Chrys.hom.12.
935 1990 1181 2065 effheopylaotus¹
1209 1988 1327 2062 quadrat
1339 1989 1517 2063 exemplum?

370 2082 467 2140 Adam.
486 2081 664 2139 Caietfnlet.
680 2087 707 2138 ει
721 2081 764 2138 alii
778 2097 826 2154 per
841 2097 948 2154 corpus
966 2081 1079 2138 Christi
1093 2079 1175 2136 inter·
1252 2081 1294 2134 fo.
1311 2081 1428 2151 Propter
1440 2079 1493 2136 hoc
1507 2081 1597 2136 rarine
1612 2086 1678 2137 sunt
1690 2079 1883 2151 expositiones.
1899 2078 2017 2148 Quidam

371 2178 516 2244 pretautur
530 2187 633 2244 corpus
648 2171 811 2228 crucifixum
825 2178 854 2228 et
865 2177 1006 2227 mortuum
1020 2184 1070 2241 pro
1084 2168 1171 2235 nobis,
1210 2174 1324 2240 putant,
1340 2169 1455 2227 Paulum
1472 2169 1507 2228 ibi
1521 2185 1574 2226 non
1589 2170 1664 2242 loqui
1678 2168 1711 2227 de
1726 2171 1785 2243 lege
1800 2171 1901 2240 veteri,
1922 2169 2017 2226 sedda

371 2269 454 2334 atque
473 2261 541 2318 adeo
554 2271 670 2318 mortem
684 2264 782 2334 ipsam,
793 2276 858 2333 ergo
870 2261 957 2318 sensit
967 2258 1174 2332 Paulus,leqem
1208 2256 1268 2331 lege
1289 2260 1411 2331 peccati,
1433 2275 1519 2333 aqua
1536 2275 1584 2330 per
1598 2259 1698 2316 Christi
1713 2266 1831 2317 mortem
1850 2259 2015 2316 liberamur.

372 2351 453 2407 fuisse
471 2357 609 2407 mortuam
623 2353 648 2407 in
664 2357 752 2430 morte
762 2350 871 2423 Christi,
885 2351 910 2407 id
921 2356 964 2406 est
974 2351 1003 2406 iu¹
1011 2349 1106 2406 eodem
1119 2364 1174 2404 mo·
1209 2348 1263 2404 Lex
1285 2357 1375 2404 autem
1396 2349 1503 2421 peccati
1523 2349 1577 2406 dici
1596 2355 1689 2420 potest
1710 2355 1759 2405 aut
1772 2349 1813 2406 leu
1837 2348 1954 2420 fomitis,
1971 2356 2020 2406 aut

372 2447 474 2511 mento,
488 2441 513 2497 in
528 2457 583 2513 quo
601 2448 727 2497 mortuus
742 2440 793 2498 fuit
807 2441 943 2497 Christus.
954 2442 1046 2513 Dices,
1059 2439 1174 2496 Paulum
1208 2435 1250 2492 lea
1271 2436 1466 2506 damnationis,
1489 2439 1534 2497 cui
1555 2455 1605 2495 nos
1620 2438 1737 2495 subiecit
1753 2443 1915 2511 peccatum,
1930 2453 1949 2494 a
1964 2453 2019 2513 qua

268 2587 273 2592 .
372 2548 424 2588 non
440 2530 530 2588 dicere
545 2531 571 2585 in
585 2537 685 2600 morte,
702 2529 751 2587 sed
762 2545 817 2604 per
831 2545 938 2603 corpus
955 2529 1077 2590 Christi,
1099 2527 1173 2600 quod
1210 2526 1268 2599 lege
1284 2527 1433 2584 liberamur
1446 2543 1495 2600 per
1509 2528 1625 2601 gratiam
1638 2527 1821 2601 Christi,quia
1832 2527 1948 2584 ettollit
1959 2543 2018 2583 rea·

372 2627 464 2692 potest
479 2625 554 2677 recte
567 2619 695 2692 intelligi,
716 2620 742 2676 id
758 2626 801 2675 εει
815 2634 865 2690 ρετ
879 2619 1031 2676 efficaciam
1047 2623 1075 2674 et
1088 2618 1174 2674 virtu·
1210 2621 1269 2672 tum
1289 2623 1414 2674 aeternae
1435 2618 1633 2690 damnationis,
1653 2617 1762 2674 cilicet
1782 2633 1838 2675 non
1853 2617 1965 2674 auferat
1978 2618 2017 2674 fo-

373 2719 426 2766 tem
442 2711 538 2765 mortis
554 2711 623 2765 eius.
637 2711 704 2766 Nem
718 2715 831 2780 propter
842 2710 971 2765 virtutem
986 2709 1082 2764 mortis
1096 2707 1174 2763 Chri·
1209 2707 1315 2778 mitem,
1327 2705 1375 2764 dat
1389 2709 1519 2765 virtutem
1533 2707 1567 2764 ad
1584 2707 1768 2766 resistendum
1781 2706 1831 2762 illi.
1841 2709 1922 2765 furta
1934 2723 2016 2782 quem

372 2801 406 2856 sti
420 2806 530 2856 mortua
547 2807 589 2856 est
603 2797 656 2870 lex,
673 2815 725 2854 non
740 2807 830 2855 tamen
845 2799 945 2870 statim,
963 2799 1010 2855 sed
1024 2798 1134 2872 quando
1147 2804 1177 2854 et
1209 2793 1320 2852 'sensum
1335 2802 1480 2868 peccatum
1493 2798 1582 2870 ipsum
1597 2802 1776 2868 comparatur
1793 2797 1922 2870 viro,cui
1935 2797 2016 2854 homo

371 2888 508 2961 quomodo
524 2890 655 2961 oportuit.
669 2889 708 2944 Eo
722 2889 764 2944 vel
780 2890 907 2960 manime,
919 2888 994 2961 quod
1009 2888 1110 2945 Paulus
1122 2903 1174 2944 non
1209 2886 1349 2957 peccando
1363 2889 1442 2960 quasi
1457 2889 1630 2943 matrimonio
1645 2887 1834 2960 coniungitur,
1847 2895 1876 2944 et
1888 2885 1952 2944 inde
1962 2889 2016 2943 ori·

371 2979 438 3034 dixit
460 2978 584 3051 directe,
613 2985 750 3035 mortuam
775 2993 836 3033 essa
860 2977 961 3050 legem,
983 2977 1031 3034 sed
1050 2994 1100 3034 nos
1115 2993 1175 3034 esse
1211 2983 1255 3032 tur
1274 2973 1316 3032 lex
1332 2977 1452 3047 peccati,
1473 2977 1520 3032 cui
1540 2975 1622 3032 homa
1640 2976 1782 3032 subiectus
1797 2983 1855 3046 est,
1879 2977 2015 3050 quamdiu

372 3067 551 3125 mortificatos
570 3066 636 3140 legi:
657 3072 768 3124 constat
781 3074 874 3122 autem
894 3082 943 3122 nos
957 3082 1012 3122 noa
1025 3082 1085 3122 esse
1101 3082 1175 3123 mor·
1209 3071 1354 3136 peceatum
1376 3067 1402 3122 in
1422 3081 1456 3121 eo
1477 3065 1558 3122 vivit:
1581 3072 1690 3122 mortuo
1710 3073 1804 3122 autem
1828 3073 1948 3137 peccato
1967 3082 2015 3138 ρετ

372 3159 488 3214 tificatos
514 3157 567 3230 legi
593 3158 618 3212 in
642 3164 766 3228 tempore
793 3156 886 3213 mortis
911 3156 1034 3228 Christi,
1060 3170 1110 3212 nec
1126 3171 1174 3226 ρετ
1208 3153 1394 3225 baptismum,
1413 3153 1514 3212 desinit
1538 3155 1619 3213 homo
1644 3170 1706 3211 esse
1731 3155 1782 3211 sub
1808 3153 1870 3227 lege
1892 3157 2011 3226 pcccati.

372 3247 456 3318 ipsam
482 3254 600 3303 mortam
625 3247 685 3303 eius
709 3244 876 3314 formaliter,
896 3253 929 3302 ut
944 3247 983 3302 sic
1004 3243 1109 3316 dicam,
1125 3244 1173 3300 sed
1207 3241 1284 3300 Unde
1305 3244 1330 3300 in
1355 3243 1408 3302 hoc
1433 3260 1516 3300 seusu
1537 3259 1611 3300 murs
1630 3242 1730 3301 Christi
1753 3259 1807 3300 uon
1833 3251 2014 3315 comparatur

371 3336 570 3392 mortificamur
595 3336 667 3408 legi,
690 3335 799 3408 quando
813 3333 924 3392 Christo
938 3335 1072 3391 morimur
1087 3335 1113 3390 in
1126 3335 1173 3392 ba·
1207 3333 1288 3388 morti
1306 3333 1377 3404 viri,
1401 3333 1448 3390 sed
1474 3333 1564 3391 solum
1588 3339 1818 3390 commemoratur
1834 3349 1850 3388 a
1864 3333 1969 3404 Paulo,
1987 3341 2014 3390 ut

371 3425 487 3495 ptismo,
514 3441 562 3497 per
583 3441 667 3498 quam
687 3424 763 3480 uobis
778 3425 890 3482 fructus
905 3422 1002 3480 mortis
1015 3423 1114 3481 Christi
1129 3441 1175 3496 ap·
1208 3425 1359 3493 causa3par
1374 3437 1457 3495 quam
1473 3423 1588 3478 moritur
1602 3423 1628 3477 in
1642 3422 1721 3478 nobis
1737 3411 1934 3494 peccatum,et
1949 3439 2014 3479 con·

370 3512 511 3585 plicatur,
528 3520 559 3571 ut
572 3512 652 3571 iidem
667 3521 759 3586 patres
773 3519 931 3584 exponunt3
947 3525 1015 3586 ergo
1029 3514 1110 3569 etiam
1126 3529 1172 3569 ue·
1208 3517 1353 3583 sequenter
1369 3510 1518 3568 liberamur
1533 3527 1547 3566 a
1560 3511 1619 3584 lege
1632 3511 1740 3568 eiusEt
1754 3510 1829 3568 bunc
1844 3527 1961 3568 sensum
1975 3516 2014 3568 in-

370 3593 450 3660 cesse
476 3620 530 3660 non
554 3609 597 3660 est
620 3619 653 3660 ex
677 3606 703 3659 ri
722 3605 857 3660 sermonis
871 3603 966 3673 Pauli,
988 3609 1020 3660 ut
1033 3603 1074 3660 lex
1090 3603 1174 3660 fuerit
1206 3599 1281 3656 dicat
1295 3601 1390 3656 ambr.
1406 3600 1459 3672 ibi,
1474 3601 1646 3674 iuxtaquem
1659 3599 1726 3657 nihil
1745 3600 1811 3658 facit
1825 3603 2014 3659 testimonium

370 3700 480 3751 mortua
493 3694 520 3749 in
535 3693 645 3749 instanti
658 3695 757 3749 mortis
767 3692 880 3763 Christi,
893 3690 956 3748 licet
967 3692 1049 3748 fuerit
1061 3698 1172 3748 mortua
1205 3689 1275 3748 illud
1289 3689 1322 3746 ad
1335 3695 1504 3762 praesentem
1519 3707 1642 3747 causam.

366 3798 423 3857 per
441 3799 548 3858 corpus
566 3785 641 3852 eius,
663 3781 691 3837 id
709 3789 752 3838 est
770 3798 818 3852 per
838 3782 971 3838 virtutem
986 3781 1083 3837 mortis
1099 3782 1171 3838 eius.
1216 3823 1222 3830 .
1249 3785 1292 3838 ιι.
1309 3779 1390 3837 Nobis
1408 3787 1500 3836 nutem
1515 3796 1569 3837 non
1584 3780 1674 3853 placet
1686 3778 1831 3852 expositio,
1853 3782 1920 3854 quia
1937 3781 2015 3851 plane

369 3873 494 3943 Accedit,
503 3871 577 3944 quod
588 3872 689 3928 Paulus
701 3873 790 3928 statim
798 3870 922 3926 adiunxit
941 3871 1173 3927 resurrectionem
1206 3869 1330 3943 loquitur
1346 3869 1449 3926 Paulus
1463 3868 1496 3926 de
1511 3867 1569 3942 lege
1584 3869 1680 3941 veteri,
1692 3868 1726 3925 de
1741 3869 1792 3926 bac
1806 3871 1880 3925 enim
1900 3869 2016 3928 locutus

370 3961 488 4026 Christi,
510 3961 618 4016 diceas:
640 3963 679 4020 Ut
692 3964 756 4017 sitis
771 3960 911 4028 ulterius,
931 3963 980 4034 qui
993 3976 1031 4015 em
1045 3963 1172 4016 mortuis
1206 3959 1296 4016 fuerat
1314 3961 1340 4014 in
1353 3975 1416 4032 cap.
1434 3963 1461 4016 6.
1477 3975 1542 4015 oum
1557 3957 1645 4015 dixit:
1661 3961 1827 4016 Peccatum
1839 3963 1922 4015 euim
1935 3960 2015 4016 vohis

370 4055 544 4120 resurrecti,
565 4051 731 4123 significans,
748 4066 798 4106 nos
812 4067 866 4107 noa
883 4057 988 4106 tantum
1003 4063 1063 4105 esse
1078 4049 1172 4105 morti·
1205 4064 1265 4105 uon
1284 4047 1503 4114 dominabitur,
1526 4064 1587 4104 uon
1604 4051 1686 4104 enim
1702 4051 1772 4105 estis
1792 4048 1845 4104 sub
1866 4048 1948 4122 leqe,
1965 4049 2016 4107 sed

371 4142 463 4198 ficatos
485 4140 538 4212 legi
561 4155 609 4212 per
627 4141 769 4197 Christum
783 4147 939 4209 mortuum,
960 4139 1101 4196 sedetiam
1122 4155 1171 4210 per
1205 4139 1259 4198 suh
1272 4141 1394 4211 pretim·
1409 4139 1456 4195 ubi
1475 4143 1569 4210 aperte
1583 4139 1696 4210 opponit
1710 4144 1813 4195 statum
1830 4140 1943 4210 gratiae
1959 4147 2012 4198 sta·

370 4230 509 4288 Christum
529 4230 745 4301 resuscitatum,
766 4231 831 4304 quia
843 4235 978 4286 mortuus
993 4233 1037 4286 est
1045 4233 1172 4303 propter
1206 4229 1326 4300 tullegio
1344 4228 1460 4284 veteris:
1475 4242 1537 4284 nam
1550 4226 1598 4285 illa
1610 4242 1664 4284 noa
1677 4227 1762 4285 dabat
1780 4226 1913 4285 virtutem
1925 4229 1962 4286 ad
1972 4246 2013 4287 re·

369 4319 481 4378 delicta
494 4325 609 4381 uestro,
623 4324 652 4375 et
663 4323 828 4376 resurrecti
839 4326 963 4395 propter
981 4318 1172 4391 iustificatio-
1205 4317 1357 4374 sistendum
1381 4323 1515 4389 peccato,
1537 4333 1620 4390 quam
1634 4316 1681 4373 dat
1695 4319 1792 4391 gratia.
1810 4318 1845 4374 Et
1860 4325 1940 4376 certe
1956 4321 2013 4381 ubi·

370 4425 437 4467 rtem
456 4413 601 4466 uestrum.
620 4411 694 4481 Ergo
715 4424 769 4465 non
789 4410 879 4466 solum
900 4425 974 4466 mors
992 4408 1106 4480 Christi,
1123 4409 1170 4466 sed
1205 4423 1326 4481 cumque
1340 4407 1383 4463 len
1398 4406 1521 4464 absolute
1535 4407 1610 4464 dicta
1620 4409 1725 4480 gratiae
1738 4409 1888 4479 opponitur
1898 4411 1928 4465 in
1940 4409 2012 4466 Scri·

369 4499 448 4556 etiam
462 4501 630 4556 resurrectio
644 4506 793 4572 cooperata
811 4498 901 4556 est-ad
918 4506 1033 4554 mortem
1048 4499 1125 4570 legis,
1142 4503 1170 4556 et
1204 4505 1299 4570 ptura,
1314 4497 1348 4554 de
1363 4496 1422 4569 lege
1436 4497 1521 4553 veteri
1536 4513 1625 4554 sermo
1639 4512 1702 4553 esse
1715 4497 1796 4554 solet.
1816 4497 1895 4555 Unde
1911 4497 2013 4556 ibidem

370 4596 402 4645 ut
421 4605 470 4646 nus
484 4590 571 4646 simus
586 4588 637 4661 legi
652 4588 825 4660 mortificati;
846 4604 913 4661 ergo
929 4587 990 4644 inde
1003 4587 1097 4644 inferri
1114 4604 1169 4646 non
1204 4587 1346 4644 subditur:
1369 4585 1450 4664 Quid
1468 4587 1558 4661 erpo?
1573 4586 1780 4661 peccabimus,
1800 4589 1875 4662 quio.
1889 4605 1952 4644 cora
1964 4606 2012 4645 su-

369 4685 476 4750 potest,
498 4679 585 4753 legem
605 4681 690 4737 fuisse
711 4688 849 4736 mortuam
868 4679 894 4735 in
908 4685 995 4736 monte
1010 4679 1126 4750 Christi,
1143 4677 1180 4734 id·
1203 4694 1270 4735 mres
1291 4677 1345 4734 sud
1366 4676 1441 4750 leqe,
1463 4675 1515 4733 sed
1528 4677 1583 4734 sub
1596 4677 1722 4751 pratici
1736 4678 1811 4745 Quae
1830 4679 2012 4751 iuterrogatio

369 4776 413 4826 est
432 4771 461 4825 in
481 4770 592 4827 instanti
611 4771 689 4841 eius,
709 4769 757 4827 sed
778 4771 805 4825 in
824 4771 925 4826 virtute
945 4769 1035 4839 illius,
1058 4784 1107 4825 seu
1122 4783 1170 4839 pen
1204 4783 1259 4824 non
1274 4768 1417 4824 habuisset
1430 4766 1592 4837 locum,nisi
1604 4773 1680 4824 esset
1692 4781 1784 4823 sermo
1796 4766 1830 4822 de
1850 4766 1912 4840 lege
1928 4767 2011 4825 reteri

368 4859 521 4916 efficaciam
545 4861 618 4929 eius,
645 4859 688 4916 ille
711 4859 782 4915 enim
802 4866 866 4916 sunt
885 4857 962 4916 valde
977 4857 1122 4932 distincta,
1139 4864 1171 4915 ut
1203 4859 1401 4929 praecipiente,
1422 4871 1484 4912 nam
1498 4871 1532 4912 ex
1545 4870 1594 4925 eo,
1614 4854 1690 4928 quod
1704 4871 1759 4913 non
1781 4857 1868 4911 simus
1883 4857 1937 4913 sub
1952 4857 2011 4931 lege

369 4955 489 5019 constet,
506 4955 533 5006 et
546 4949 607 5007 ideo
622 4948 815 5005 confundenda
830 4964 884 5004 aon
900 4955 976 5005 suat.
1203 4949 1321 5021 peccati,
1336 4963 1392 5004 non
1406 4952 1514 5018 poterat
1528 4952 1691 5018 apparenter
1705 4947 1815 5015 inferri,
1826 4945 1948 5004 liberum
1962 4964 2011 5004 no·

408 5043 435 5096 ι,
453 5036 505 5096 sed
525 5045 622 5095 contra
642 5038 712 5095 hanc
734 5039 939 5109 responsionem
954 5037 1089 5095 instatur:
1107 5051 1169 5094 nam
1204 5038 1245 5093 bis
1259 5053 1320 5094 esse
1335 5051 1466 5109 peccare,
1482 5042 1612 5109 respectu
1625 5051 1691 5094 nero
1707 5034 1840 5092 libertatis
1857 5036 1950 5110 alege
1964 5037 2010 5093 ba-

370 5127 434 5183 hinc
448 5127 602 5186 destruitur
615 5128 759 5186 discursus
772 5128 848 5185 Pauli
867 5133 895 5186 et
907 5125 1067 5202 similitudo,
1085 5145 1169 5202 quarn
1204 5127 1285 5184 bebat
1295 5127 1469 5184 occasionem
1480 5125 1605 5183 obiectio.
1615 5127 1650 5183 lit
1660 5123 1719 5182 ideo
1731 5125 1835 5184 Paulus
1851 5126 2009 5198 respondet:

370 5217 448 5275 affert
461 5217 494 5274 de
510 5219 569 5294 iege
584 5217 633 5276 riri
647 5223 676 5276 ct
686 5218 788 5291 uxorie3
801 5233 864 5275 nam
875 5220 903 5276 in
913 5233 947 5276 eo
957 5218 1082 5295 exemplo
1098 5235 1170 5277 uxor
1205 5217 1300 5286 Ausim
1315 5223 1342 5275 et
1355 5224 1399 5275 est
1411 5215 1586 5294 aequivalens
1601 5216 1735 5274 sententia
1750 5215 1784 5274 ad
1798 5215 1887 5278 Galat.
1902 5223 1936 5276 ιτ
1955 5219 2012 5274 Vos
