4278 6242
1066 373 1168 426 atella
1182 375 1217 425 ll.

557 493 697 567 CAPUT
712 494 864 566 XXXIII.
1146 500 1232 559 Sentit
1254 499 1359 560 liedine
1383 503 1408 560 l.
1431 506 1466 577 t,
1486 519 1515 577 q.
1532 507 1584 578 90,
1606 505 1685 564 artie.
1701 510 1734 580 ⁴3
1751 477 1855 566 citatur
1867 508 1950 569 etlam

1145 591 1231 663 Soto,
1254 591 1304 650 sed
1324 590 1475 664 immerito,
1491 600 1524 651 ut
1541 593 1641 652 dicam.
1657 595 1876 656 Fundamentum
1891 607 1948 674 eet,

348 727 355 740 ι
399 701 528 782 Quando
546 701 596 762 ιη
615 706 743 764 mam
762 705 890 780 impia,
909 703 1025 780 pssum
1145 679 1208 753 qula
1223 681 1388 753 irritationes
1402 682 1602 742 ecclesiasticae
1617 692 1681 743 eunt
1695 685 1824 745 derebus
1839 689 1948 760 gravio·
2023 745 2028 750 ,

461 795 541 854 lunc
554 792 694 868 meatem
707 794 855 854 emeandi
867 801 964 856 acm„
1145 770 1222 829 ribus
1239 777 1268 828 st
1280 772 1389 830 nlaioris
1403 776 1544 846 momenti,
1560 781 1587 833 et
1600 773 1660 833 ideo
1675 791 1730 833 non
1743 776 1853 850 expedit
1866 777 1948 835 aliter

1146 861 1213 920 lieri.
1230 857 1439 936 Respondstur,
1451 863 1538 921 solam
1548 865 1736 924 coniecturam
1751 882 1807 923 non
1819 865 1950 926 srrfficerc

589 975 667 1038 Sum
676 990 703 1038 lll
711 947 833 1039 „ium
963 1023 965 1026 Ι
1147 951 1182 1009 ed
1200 957 1305 1010 cerum
1318 953 1443 1025 regulam
1461 954 1697 1029 constituendam,
1712 957 1769 1013 sine
1783 958 1898 1029 positive
1912 956 1957 1015 le··

1146 1057 1197 1113 gs,
1214 1043 1240 1097 ln
1260 1056 1290 1098 re
1310 1057 1382 1116 quae
1401 1055 1435 1099 ex
1449 1042 1508 1100 solo
1521 1044 1581 1100 lure
1595 1051 1708 1102 naturae
1723 1047 1878 1102 necessarie
1891 1061 1946 1102 non

313 1161 337 1214 1·
353 1161 405 1213 Le,
417 1161 524 1212 imm,
533 1167 573 1213 ω,
586 1161 715 1225 gemmus
727 1161 818 1226 ,egula
830 1161 975 1225 monum,
987 1173 1017 1214 ,ο
1026 1163 1112 1228 prom,
1147 1136 1199 1232 est.
1214 1129 1261 1189 illa
1274 1145 1341 1204 ergo
1351 1129 1425 1189 'ratio
1440 1131 1474 1190 ad
1488 1148 1627 1190 summunt
1643 1134 1765 1192 declarat
1782 1139 1949 1194 convenien-

345 1231 379 1282 da
396 1237 427 1282 ut
444 1231 559 1294 obliget,
573 1230 650 1282 dehet
669 1243 725 1282 esse
737 1231 850 1295 publica.
863 1231 933 1283 -ε,
947 1232 1019 1283 luxts
1035 1244 1114 1297 supra
1147 1225 1212 1277 tun
1236 1218 1384 1294 quemdem
1397 1261 1404 1294 ,
1419 1219 1456 1277 ob
1469 1237 1552 1295 quam
1566 1230 1656 1295 potest
1669 1223 1805 1282 interdum
1819 1227 1949 1297 expedire
1997 1271 2001 1280 .

200 1324 205 1336 ·
284 1371 286 1378 Α
347 1300 496 1363 dieta,una
515 1301 656 1366 publicatio
667 1301 771 1363 sufficit,
786 1301 853 1352 Iactat
867 1301 907 1351 vel
918 1303 945 1352 ili
958 1304 1030 1352 curia
1042 1304 1113 1367 pritt-
1148 1309 1230 1366 fllium
1246 1308 1359 1366 modum
1371 1311 1594 1383 promulgationis
1609 1313 1816 1383 stptuepfflpdg
1830 1331 1950 1373 peroso.

347 1370 1114 1504 ξέξίῧῃζθῖὲῇὲῃέζξξξζἴυζ’,,ἓέἓζέξπὲζὲῐξῖῗξῗῑὴῗο
1148 1399 1205 1457 lum
1228 1399 1320 1456 inferri
1341 1407 1445 1472 potest,
1468 1401 1502 1459 ad
1522 1402 1693 1474 prudentiam
1714 1405 1899 1476 praelatorum
1919 1412 1949 1462 et

348 1517 449 1574 tempus
458 1513 499 1562 est
509 1510 764 1560 necessarlum—t.
776 1509 858 1573 Leges
870 1512 1007 1562 canonicae
1015 1511 1114 1563 habent
1148 1490 1307 1547 P⁰¹¹¹¹5⁰⁰¹¹¹
1322 1492 1477 1563 Ρθῐῑῑῦθΐθε
1494 1499 1525 1549 ¹¹²
1542 1492 1618 1550 quta
1634 1496 1761 1551 ¹¹¹¹¹⁰I¹⁸0
1775 1494 1947 1568 Iu¹¹¹¹⁸¹⁰¹¹¹a

348 1579 468 1631 ellectum
482 1579 717 1639 irritannl‚atetim
729 1590 759 1629 sc
774 1579 866 1632 Romae
880 1579 923 1631 ilat
942 1582 1115 1645 promulgatio
1149 1578 1260 1636 modurn
1283 1579 1365 1636 etiam
1386 1581 1610 1654 promulgationis
1630 1584 1657 1638 ln
1677 1591 1729 1640 sua
1748 1584 1806 1657 lege
1820 1585 1950 1642 determi-

348 1650 481 1732 j⁸⁰¹¹¹¹¹3¹¹¹²
497 1655 538 1698 ¹³⁵¹
551 1649 691 1730 ¹¹¹¹¹9¹¹¹¹¹¹
704 1649 873 1731 ⁰¹¹¹¹⁰·.'·5·
887 1650 1054 1728 ¹¹⁰⁰¹⁰⁸¹¹¹³
1064 1663 1115 1701 ¹⁰¹¹
1149 1675 1231 1740 nent,
1247 1685 1301 1726 non
1316 1677 1404 1726 tamen
1423 1685 1456 1726 ex
1470 1677 1568 1728 natura
1582 1673 1621 1730 rel
1635 1687 1695 1729 esse
1710 1675 1914 1746 necessarlum,
1929 1675 1954 1732 ei
2025 1707 2027 1712 ·

347 1719 505 1781 inlellrgrtur
518 1717 551 1768 de
563 1731 631 1768 omni
645 1719 702 1780 lege
715 1730 836 1770 canonica
846 1755 854 1780 ‚
865 1719 910 1770 scd
922 1717 1023 1771 tantum
1034 1721 1066 1771 de
1077 1720 1115 1770 lc·

349 1788 427 1852 gibus
445 1785 583 1852 pontificiis
601 1786 758 1838 ,amphus
775 1789 929 1853 „miculam
941 1801 976 1842 ,ω
987 1801 1069 1844 Μ,
1080 1816 1115 1826 ,
1149 1759 1175 1815 ln
1198 1757 1256 1831 lege
1275 1773 1331 1816 non
1351 1758 1530 1831 exprimatur.
1550 1761 1711 1834 Exemplum
1726 1763 1858 1834 optimum
1872 1771 1916 1820 est
1928 1764 1955 1822 ln

349 1859 376 1911 e.
391 1857 449 1908 illia
461 1857 642 1920 interrogatio.
652 1884 688 1894 -
699 1857 723 1908 7.
737 1857 807 1909 item
819 1860 943 1911 auctoris.
1149 1848 1266 1905 concilio
1281 1847 1426 1905 tridentino
1440 1864 1511 1906 sees.
1526 1854 1574 1922 tl,
1588 1851 1632 1907 ubi
1645 1853 1672 1908 ln
1685 1851 1746 1927 lege
1760 1853 1884 1911 irritante
1895 1868 1954 1911 ma·

388 1991 395 2002 ,
1150 1937 1308 1994 trimonlum
1322 1935 1522 1996 clandestinum
1535 1955 1663 2012 expresse
1677 1939 1841 2014 declaravit,
1857 1957 1953 2000 neces·

357 2034 382 2091 l.
397 2028 525 2108 Quamuis
539 2031 664 2103 superius
679 2029 787 2088 dictum
801 2031 836 2088 sit
849 2029 881 2088 de
892 2029 1115 2106 promulgatione
1151 2027 1249 2084 aeriam
1267 2027 1325 2084 iore
1344 2027 1589 2100 promulgationem
1608 2030 1634 2086 in
1649 2031 1761 2106 singulis
1777 2031 1952 2105 ulmensibus,

315 2119 401 2194 legis,
418 2119 584 2192 temenqula
602 2118 748 2176 nonnullae
759 2119 832 2192 leges
845 2122 984 2178 irritantes
998 2135 1115 2177 censen·
1149 2117 1214 2191 qula
1234 2118 1348 2174 materia
1368 2124 1428 2175 erat
1446 2119 1620 2192 gravissim,
1636 2127 1664 2177 et
1684 2121 1770 2179 multa
1784 2128 1897 2194 possent
1914 2122 1957 2184 inq

317 2217 365 2268 tur
384 2209 410 2266 ia
430 2209 483 2266 hoc
503 2208 604 2266 habere
618 2208 719 2282 aliquid
733 2210 864 2283 speciale,
884 2209 1076 2283 explicandum
1090 2209 1116 2266 ln
1150 2206 1294 2265 commode
1308 2207 1404 2281 ecqui,
1420 2207 1442 2263 sl
1456 2207 1536 2266 aliter
1550 2209 1637 2268 lieret.
1653 2211 1753 2268 Tamen
1768 2211 1829 2269 inde
1850 2227 1899 2284 per
1912 2226 1956 2268 ar·

315 2299 455 2372 praesenti
476 2299 593 2358 breviter
611 2305 664 2356 est.
687 2299 857 2374 Primo'ergo
871 2315 1013 2374 suppono,
1029 2299 1116 2374 legem
1150 2302 1313 2369 gementum
1328 2296 1361 2353 ab
1375 2295 1485 2369 speciali
1500 2298 1589 2368 potius
1603 2301 1721 2356 sumitur
1734 2281 1913 2372 coniequra,
1928 2300 1956 2358 ld

317 2389 469 2448 irritantem
488 2403 543 2446 non
563 2387 705 2446 annullare
725 2394 837 2462 actum,
851 2389 939 2448 donec
961 2390 1118 2448 solemnitor
1151 2401 1206 2442 uon
1220 2401 1281 2443 asse
1294 2387 1480 2444 necessarlum
1492 2428 1499 2459 ,
1512 2388 1562 2444 ulei
1578 2389 1604 2444 ln
1616 2388 1674 2462 lege
1685 2390 1867 2463 exprimatur,
1879 2390 1955 2464 quod
2006 2431 2010 2441 .

316 2477 491 2552 promulgata
513 2479 558 2535 sit.
573 2479 603 2534 ln
624 2476 677 2535 hoc
691 2493 786 2536 omnes
800 2480 978 2556 conveniunt.
994 2479 1030 2536 Et
1043 2479 1116 2536 ratio
1152 2491 1167 2532 a
1182 2475 1286 2533 tortiorl
1300 2475 1401 2548 patebit
1410 2491 1445 2532 ex
1457 2475 1588 2533 dicendis.

317 2574 374 2638 eet,
389 2568 454 2641 qrtie
464 2572 527 2623 ante
537 2566 618 2625 talem
629 2567 875 2640 promulgationem
886 2583 940 2625 non
951 2574 994 2625 est
1004 2568 1057 2625 lex.
1070 2570 1118 2625 iii·
1192 2569 1219 2622 3.
1234 2563 1324 2620 Tertio
1340 2564 1550 2635 supponendum
1564 2571 1621 2637 est,
1637 2572 1699 2640 post
1712 2566 1814 2626 iactam
1834 2569 1958 2641 promul·

317 2671 383 2729 ces,
397 2655 449 2714 hoe
463 2670 524 2713 osee
536 2670 632 2712 rerum
643 2655 735 2730 quoad
746 2656 797 2712 vim
808 2656 961 2730 obligandi,
975 2659 1039 2730 qula
1050 2657 1118 2714 obli·
1152 2655 1289 2730 gallonem
1313 2653 1338 2709 lu
1363 2654 1442 2710 ouria
1461 2654 1610 2728 principis,
1633 2656 1762 2715 sufficere
1789 2658 1957 2715 ordinarium

317 2745 391 2820 gallo
414 2745 442 2802 ut
456 2745 589 2805 mediante
604 2746 707 2816 notitia,
722 2760 794 2818 quae
807 2761 856 2818 per
871 2745 1117 2819 promulgationem
1154 2751 1265 2815 tempus
1279 2743 1399 2800 duorum
1413 2743 1564 2815 mensium,
1579 2752 1608 2803 ut
1621 2752 1716 2818 postea
1730 2747 1771 2805 lea
1787 2749 1898 2806 irritans
1912 2750 1957 2805 in-

319 2834 415 2893 datur:
433 2849 486 2891 non
501 2839 544 2891 est
555 2841 648 2892 auum
663 2833 734 2892 idem
745 2834 779 2892 de
792 2835 893 2893 virtute
904 2835 1039 2908 irritandi,
1054 2837 1118 2910 qrria
1152 2835 1237 2908 cipiet
1251 2832 1350 2890 habere
1364 2849 1445 2890 suum
1460 2833 1600 2892 ellectum.
1615 2837 1658 2892 lte
1671 2838 1792 2894 sentiunt
1804 2853 1916 2910 omnes,
1928 2844 1958 2895 et

322 2925 439 2982 irritatio
459 2939 512 2980 non
527 2922 657 2995 pendete
672 2925 783 2995 notitia,
797 2931 825 2982 et
839 2924 900 2982 ldeo
913 2926 942 2983 iit
955 2926 1039 2983 etiem
1053 2940 1119 2982 con·
1153 2924 1290 2997 colligitur
1303 2923 1344 2980 'ex
1362 2921 1529 3006 authentico
1554 2927 1594 2984 Ut
1606 2940 1700 2983 eneae
1726 2930 1955 2995 eoarstsletreaes,

234 3046 239 3056 ·
320 3013 1120 3102 traignorantes,utsupradiximus.ilespondetur,quam·
1153 3013 1228 3088 quod
1249 3013 1328 3086 plane
1348 3012 1472 3087 loquitur
1491 3013 1525 3071 ds
1539 3013 1598 3086 lege
1617 3016 1749 3073 irritante.
1765 3017 1801 3074 Et
1814 3018 1882 3074 ratio
1900 3025 1955 3090 est,

322 3103 363 3160 ris
376 3105 404 3160 in
417 3101 470 3160 hoc
485 3103 520 3160 sit
534 3101 626 3175 aliqua
638 3101 798 3176 diuersitas,
813 3105 876 3177 quia
890 3106 1003 3164 irritatio
1016 3107 1044 3162 ln
1059 3120 1121 3178 par·
1153 3104 1218 3176 quie
1231 3101 1305 3159 nulla
1316 3102 1358 3158 lex
1368 3106 1412 3158 est
1426 3101 1468 3158 vel
1482 3103 1657 3177 constitutio,
1670 3120 1740 3178 quae
1757 3105 1865 3163 maioris
1890 3113 1958 3164 tem·

320 3192 432 3251 ticulari
445 3207 499 3248 non
513 3191 542 3248 ut
556 3205 605 3264 per
619 3192 827 3265 applicationem
840 3197 1036 3266 eonscientiae,
1047 3195 1122 3253 sicut
1153 3192 1229 3264 poris
1243 3189 1350 3266 lepsuni
1364 3192 1390 3246 in
1405 3190 1512 3264 legibus
1526 3192 1692 3252 irritantibus
1713 3194 1847 3268 postulet,
1867 3211 1951 3270 quarn

321 3281 461 3356 obligati03
476 3280 650 3341 nihilominus
659 3282 687 3338 in
700 3281 752 3340 hoc
764 3285 942 3356 conveniunt,
955 3283 1032 3358 quod
1044 3290 1119 3342 utra·
1154 3277 1180 3337 ln
1195 3280 1262 3338 eliis.
1278 3281 1373 3354 Neque
1390 3280 1468 3337 etiarn
1482 3296 1515 3338 er
1530 3282 1588 3338 sols
1604 3285 1641 3338 rei
1655 3290 1753 3342 natura
1770 3291 1813 3342 est
1826 3301 1958 3358 necessa·v

320 3385 375 3446 que
395 3371 452 3428 lieri
471 3368 551 3427 debet
569 3385 618 3442 per
638 3369 777 3444 publicam
794 3378 824 3429 et
837 3373 970 3430 notoriam
984 3373 1118 3447 regulam,
1154 3369 1398 3444 rlum,quisquod
1411 3368 1957 3446 sufficltadobligandumsufllcltetlam

312 3466 349 3519 et
362 3465 566 3534 consequenter
581 3459 707 3518 omnibus
721 3461 904 3535 propositam,
919 3461 995 3535 quod
1008 3477 1063 3518 non
1078 3462 1119 3533 fit,
1155 3473 1188 3517 ex
1208 3457 1260 3516 laao
1274 3466 1351 3531 parte
1365 3457 1398 3514 ad
1413 3457 1583 3516 irritandum.
1605 3459 1681 3519 Unde
1695 3464 1741 3536 nt,
1757 3471 1789 3522 ut
1803 3472 1911 3539 tempus
1924 3464 1957 3522 il·

321 3551 373 3608 nisi
388 3565 437 3623 per
451 3549 707 3623 promulgationem.
721 3551 898 3624 utreooest,
911 3553 1066 3625 quinetiam
1078 3551 1121 3609 les
1156 3546 1203 3606 lud
1216 3545 1311 3605 eodem
1327 3546 1407 3605 modo
1420 3549 1448 3603 in
1464 3546 1505 3603 nls
1519 3547 1625 3622 legibue
1636 3548 1831 3610 declarandum
1842 3554 1887 3620 sit,
1900 3570 1957 3628 quo

322 3640 432 3697 irritans
451 3647 496 3698 est
513 3638 646 3711 generalis
660 3639 756 3712 regule
771 3641 911 3698 notionum
925 3641 1119 3712 humanarum,
1155 3638 1180 3694 in
1195 3637 1254 3695 allis
1264 3680 1272 3708 ,
1284 3638 1358 3695 iuste
1370 3653 1412 3709 ea,
1425 3652 1495 3710 quae
1510 3639 1639 3710 superius
1652 3639 1780 3700 diximus.
1796 3641 1958 3716 intelligitur

323 3736 353 3787 et
365 3729 426 3786 ideo
440 3744 489 3801 per
503 3719 531 3784 se
546 3726 682 3801 loquendo
696 3728 847 3787 denotasse
861 3730 948 3802 iusta,
962 3745 994 3788 ac
1009 3729 1122 3788 subinde
1155 3728 1227 3783 enlm
1244 3727 1335 3799 quoad
1347 3725 1421 3799 leges
1432 3728 1533 3783 summi
1543 3728 1672 3801 principis
1684 3737 1712 3786 et
1722 3738 1851 3804 respectu
1862 3747 1958 3789 earum

321 3817 432 3890 publice
452 3815 557 3888 posita,
572 3816 653 3876 etlam
667 3822 700 3873 ut
714 3817 839 3890 irritans,
855 3819 920 3892 qula
934 3819 1122 3876 necessarlum
1156 3818 1313 3891 regionum,
1330 3814 1364 3873 ad
1378 3831 1447 3890 quae
1462 3815 1528 3874 illud
1543 3823 1653 3891 tempus
1666 3818 1807 3876 sufficiens
1820 3827 1877 3891 est,
1894 3835 1957 3877 nam

322 3914 379 3978 est,
393 3913 425 3964 ut
438 3904 558 3963 hominos
569 3905 819 3979 scient,quomodo
830 3908 948 3979 possint,
961 3921 994 3964 nc
1006 3906 1122 3965 debeant
1157 3907 1179 3963 si
1196 3907 1304 3980 longius
1324 3905 1442 3979 distent,
1457 3906 1545 3963 malus
1566 3913 1674 3979 tempus
1694 3917 1737 3968 εει
1749 3909 1956 3968 concedendum

322 3995 442 4053 uolones
464 4007 528 4051 suas
549 3989 657 4065 lacere,
681 3999 711 4050 ut
724 3993 828 4052 validae
841 3995 910 4061 elnt;
926 3996 1048 4071 alioquin
1063 3998 1122 4054 inli-
1155 3995 1299 4069 prudentie
1310 3995 1433 4069 arbitrio,
1445 3996 1520 4069 quod
1530 3997 1643 4054 manime
1655 3997 1681 4054 in
1693 3998 1733 4056 bis
1744 3999 1850 4072 legibus
1861 4016 1956 4057 neces-

321 4086 377 4142 nlta
387 4080 559 4142 incommoda
572 4083 599 4139 in
611 4085 807 4142 communitate
819 4093 1013 4158 sequerentur,
1023 4091 1050 4142 et
1060 4086 1121 4145 ideo
1156 4087 1259 4142 serlum
1272 4091 1329 4156 est,
1342 4091 1456 4157 propter
1469 4083 1659 4158 incommoda,
1671 4102 1743 4161 quae
1757 4104 1789 4146 ea
1805 4090 1956 4148 irritatione

321 4191 355 4233 ex
368 4181 467 4231 nature
480 4172 636 4229 necessaria
645 4179 689 4230 est
698 4173 880 4248 promulgatio
896 4174 973 4248 legis,
986 4176 1068 4232 etiam
1087 4175 1121 4233 ad
1155 4173 1233 4247 sequi
1248 4181 1369 4246 possent.

321 4265 396 4324 hune
411 4262 551 4320 ellectum.
1193 4263 1261 4340 ilinc
1282 4268 1385 4336 quarte
1403 4260 1552 4319 dicendum
1573 4269 1633 4336 est,
1655 4267 1682 4321 in
1703 4265 1807 4338 legibue
1829 4269 1956 4328 civilibus

360 4358 389 4412 2.
405 4348 533 4409 Secundo
547 4363 684 4422 suppono,
700 4365 749 4422 per
763 4365 792 4407 se
805 4357 834 4408 et
846 4365 879 4408 ex
893 4352 920 4407 ri
931 4351 993 4409 telis
1003 4353 1120 4412 ellectue
1157 4352 1223 4411 illud
1245 4359 1355 4424 tenpus
1370 4353 1555 4411 neceesarium
1568 4368 1629 4412 esse
1643 4395 1650 4422 ,
1666 4361 1697 4412 ut
1711 4355 1753 4414 los
1767 4359 1879 4431 incipiat
1894 4362 1956 4419 irri-

304 4459 405 4520 ,uuem
420 4439 667 4514 promulgationem
676 4439 805 4499 sufficere
813 4439 913 4498 tactam
924 4442 951 4498 in
960 4443 1039 4500 ouria
1048 4439 1129 4517 prin!
1156 4450 1214 4501 tare
1233 4450 1328 4500 actum
1349 4449 1526 4501 contrusam
1548 4443 1661 4501 lectum.
1679 4447 1718 4502 lta
1738 4445 1839 4504 docent
1859 4465 1955 4515 omnes

322 4532 407 4606 elpis,
423 4529 465 4586 vel
485 4529 511 4586 in
531 4527 676 4600 metropoli
697 4529 772 4602 regni
791 4545 857 4586 curu
878 4532 1053 4603 proportione
1068 4532 1121 4591 hoc
1156 4533 1305 4606 doctores,
1326 4548 1397 4608 quoe
1418 4532 1508 4590 statim
1531 4533 1656 4592 reterens.
1672 4535 1707 4592 Et
1721 4536 1791 4593 ratio
1805 4545 1872 4608 est,
1892 4541 1956 4613 quia

319 4619 480 4695 applicando
497 4617 532 4674 ad
546 4616 620 4689 leges
634 4615 727 4672 civiles
738 4620 936 4692 atcsnonloas,
948 4620 1025 4678 iuxta
1038 4637 1121 4694 supe·
1155 4622 1230 4679 nulla
1250 4623 1331 4679 etium
1351 4622 1393 4678 lex
1413 4628 1457 4678 est
1477 4621 1579 4694 civilis,
1600 4639 1670 4696 quae
1684 4623 1717 4680 ed
1732 4623 1806 4681 hunc
1823 4627 1955 4686 ellectum

319 4712 378 4769 rius
398 4709 473 4766 dicte
492 4708 527 4764 de
547 4705 683 4779 utrisque.
699 4707 734 4763 Et
753 4708 878 4779 probatio
897 4709 978 4766 etlam
996 4709 1058 4768 inde
1073 4727 1120 4768 su·
1155 4711 1253 4769 minori
1265 4719 1387 4783 ternpore
1398 4712 1433 4769 sit
1443 4717 1583 4769 contenta.
1592 4713 1662 4780 Quin
1672 4713 1765 4785 potius
1775 4715 1883 4773 dictum
1896 4721 1954 4774 du·

285 4819 287 4826 ’
319 4798 418 4858 ruenda
437 4805 496 4868 eet,
518 4795 584 4870 quia
603 4810 691 4868 neque
705 4810 736 4852 ex
753 4803 852 4854 nature
866 4799 989 4870 rei,een
1003 4801 1063 4857 sola
1076 4816 1120 4858 ra·
1156 4801 1327 4873 theatinum,
1344 4798 1420 4872 quod
1433 4808 1542 4872 tempus
1557 4800 1686 4858 bimestre
1699 4803 1955 4879 concedit,loqul·
1990 4795 1992 4800 ’

319 4891 405 4961 tlone,
421 4901 510 4960 aeque
524 4900 557 4942 ex
570 4883 631 4942 lure
643 4883 733 4958 aliquo
748 4886 864 4958 positivo
879 4885 952 4944 allud
963 4890 1120 4960 postuletur
1155 4896 1200 4947 tur
1214 4888 1248 4945 de
1263 4889 1369 4962 legibus
1385 4895 1630 4961 testamentorum,
1645 4906 1716 4963 quae
1730 4893 1875 4952 includunt
1892 4897 1954 4952 irri-

318 4981 345 5036 in
359 4977 401 5034 his
421 4974 535 5048 legibus.
557 4972 649 5046 Aliqui
670 4989 734 5030 vero
748 4973 872 5032 moderni
885 4978 1041 5049 oppositum
1057 4995 1119 5038 een·
1154 4981 1296 5037 tationem.
1313 4979 1380 5034 item
1401 4981 1467 5052 quia
1486 4985 1548 5036 ante
1569 4979 1677 5052 lapsum
1697 4980 1763 5038 illud
1785 4989 1892 5056 tempus
1909 4985 1953 5044 lex

320 5070 407 5139 tiunt,
430 5062 521 5138 quoad
543 5061 616 5136 leges
638 5063 782 5121 canonicae
803 5065 957 5139 irritantes,
976 5067 1116 5142 nimirum,
1152 5068 1198 5125 illa
1213 5084 1266 5125 non
1281 5055 1434 5125 habet'vim
1448 5068 1514 5142 legia
1530 5075 1660 5140 respectu
1676 5071 1736 5127 tells
1751 5071 1816 5144 loci,
1829 5089 1879 5146 pro
1896 5090 1953 5148 quo

317 5173 373 5215 non
387 5154 487 5211 habere
500 5153 573 5210 huno
586 5151 716 5210 ellectum
727 5159 789 5225 post
801 5170 946 5212 romanam
961 5156 1117 5232 promulgas·
1154 5157 1221 5216 illud
1242 5165 1352 5231 tempus
1372 5157 1558 5216 necessarium
1578 5165 1640 5234 est,
1663 5157 1706 5217 rel
1726 5159 1822 5219 saltem
1845 5179 1898 5220 nou
1910 5172 1953 5230 est

318 5248 438 5319 tionem,
452 5242 539 5302 donec
561 5243 586 5301 ln
608 5242 724 5319 singulis
737 5243 881 5318 provincis
896 5245 1116 5324 promulgentur.
1154 5248 1191 5307 llll
1206 5247 1378 5308 sufficienter
1390 5249 1538 5323 applicatur
1554 5263 1619 5322 ergo
1635 5250 1709 5308 siout
1719 5266 1774 5309 non
1788 5251 1901 5326 obligat,
1914 5254 1951 5312 ita
