4190 6234
467 272 508 338 'l8
1163 284 1264 337 mnu
1279 287 1313 336 v.

425 415 512 491 legem
533 416 626 475 tributi
645 431 706 474 esse
724 416 839 487 iustam,
855 429 967 473 necesse
980 419 1037 486 est,
1053 418 1086 472 ut
1098 419 1218 484 constet,
1255 430 1308 472 non
1328 413 1418 473 solum
1435 421 1581 493 antequam
1596 424 1743 494 petantur,
1758 421 1804 480 sed
1818 423 1924 482 etiami
1936 428 2030 499 exigan-

425 525 520 566 omnes
535 507 705 566 conditiones
719 509 745 564 in
759 506 804 565 illo
818 511 1036 564 concurreresut
1048 509 1140 562 autem
1153 519 1219 561 cou·
1255 510 1310 562 tur.
1326 507 1356 562 ln
1377 505 1429 565 boc
1451 524 1545 565 omnes
1566 510 1747 582 conveniunt,
1768 519 1796 570 ct
1815 515 1885 572 ratio
1904 516 2028 592 estclara3

424 606 478 657 stet
490 614 550 657 esse
566 600 705 670 iniustam,
717 599 783 654 satis
798 603 851 664 est,
860 603 890 653 ut
904 602 1011 654 constet
1025 611 1105 652 unam
1120 594 1218 652 delice-
1254 595 1317 669 quia
1331 597 1352 654 si
1367 596 1409 656 lex
1422 605 1465 656 cst
1478 599 1586 670 iniusta,
1601 603 1681 659 etiarn
1693 603 1786 674 petitio
1800 605 1905 677 tributi,
1916 623 1977 680 ergo
1988 626 2032 666 non

423 706 464 748 rc.
477 691 585 749 Tertius
602 689 705 764 gradus
719 697 761 746 est
776 688 893 760 medius,
909 687 1024 758 scilicet,
1040 684 1150 760 quando
1164 701 1219 741 uon
1253 693 1345 760 potest
1360 691 1445 762 magis
1459 689 1578 764 obligare
1592 691 1784 766 petitio,quam
1798 695 1851 753 lex.
1864 695 1919 753 lmo
1929 697 1986 756 binc
1997 716 2030 756 se

422 788 533 840 constat
552 781 585 839 de
599 781 738 852 iniustitia,
753 793 842 853 neque
854 777 888 836 de
901 779 1004 835 iustitia
1017 777 1126 834 tributi:
1143 774 1217 850 quod
1253 777 1350 852 quitur
1363 780 1464 852 primo,
1480 796 1595 851 peccare
1607 784 1737 858 graviter,
1749 791 1777 841 et
1788 787 1873 843 teneri
1888 785 1919 843 ad
1934 793 2029 847 restitu-

422 880 513 947 potest
536 876 695 947 contingere
715 871 884 944 dupliciter,
905 869 1010 925 scilicet
1027 867 1069 924 rel
1089 868 1213 942 negative
1253 869 1352 924 tionem
1371 885 1424 927 non
1445 871 1534 928 solum
1554 874 1690 946 principes
1704 875 1819 934 serentes
1834 877 1904 935 tales
1917 878 1993 954 leges,
2006 889 2029 940 et

421 969 546 1038 omniuo,
568 965 631 1039 quia
653 979 703 1021 nec
723 969 766 1020 est
786 962 853 1018 ratio
874 959 908 1018 ad
928 957 1154 1032 praesumendam
1178 956 1218 1012 in·
1253 957 1419 1030 accipientes
1435 959 1498 1018 talia
1512 962 1681 1032 tributn,sed
1694 965 1774 1022 etlam
1790 967 1927 1028 ministros
1941 969 2033 1028 illacri-

421 1057 559 1128 iuslitiam,
576 1070 664 1129 neque
680 1053 764 1111 etiam
778 1051 811 1109 de
826 1051 954 1108 iniustitia
968 1055 1088 1120 constet,
1098 1046 1139 1104 vel
1154 1049 1219 1120 quia
1251 1055 1360 1122 gentes,
1387 1051 1408 1106 si
1422 1049 1475 1107 illis
1490 1059 1598 1110 constat
1611 1053 1644 1111 de
1659 1055 1787 1114 iniustitia
1802 1058 1903 1132 legum.
1919 1062 2032 1133 Sequitur

422 1163 472 1219 pro
489 1153 602 1218 utraque
617 1151 693 1218 parte
707 1149 770 1200 sunt
783 1142 997 1200 coniecturaeet
1008 1137 1162 1210 probabiles
1174 1153 1217 1194 re·
1252 1139 1395 1209 secundo,
1417 1157 1510 1198 ornnes
1523 1143 1583 1200 illos
1598 1145 1739 1204 incurrere
1753 1149 1779 1203 in
1794 1165 1938 1220 consqrmn
1953 1153 2031 1210 bullas

420 1238 519 1308 tiones,
539 1242 633 1293 neutra
649 1242 737 1292 tumen
753 1237 873 1292 constat.
1250 1231 1354 1288 (leenae
1377 1231 1496 1303 Domini,
1520 1239 1551 1306 ut
1571 1235 1645 1292 ciros
1671 1235 1741 1294 iliam
1756 1236 1953 1297 declaravimus
1966 1243 1989 1298 in
2002 1251 2033 1299 to·

459 1329 485 1385 s.
504 1327 568 1384 Dico
591 1341 657 1398 ergo
671 1327 776 1397 primo:
793 1325 878 1397 Leges
891 1323 978 1378 iustae
993 1319 1152 1393 simpliciter
1165 1319 1214 1376 im·
1251 1336 1294 1376 mo
1312 1326 1346 1392 5,
1368 1319 1438 1394 disp.
1455 1327 1503 1396 tt,
1520 1329 1586 1380 scot.
1603 1329 1632 1394 2,
1647 1342 1722 1383 uum.
1741 1333 1788 1400 35,
1803 1336 1830 1387 et
1845 1334 1892 1388 43,
1905 1333 1986 1388 Tertia
1998 1349 2032 1390 ee.

417 1423 548 1491 ponentes
569 1416 680 1486 tributa,
697 1415 760 1470 licet
773 1430 826 1470 non
841 1411 989 1481 declarent,
1004 1408 1142 1484 quomodo
1157 1408 1213 1466 sol·
1252 1411 1356 1484 quitur,
1371 1427 1500 1484 personas
1516 1413 1586 1482 illas,
1599 1431 1614 1472 a
1628 1417 1726 1490 quibus
1741 1419 1803 1476 talia
1817 1420 1920 1478 tributa
1933 1425 2030 1495 erigun-

418 1509 505 1566 venda
518 1508 589 1579 sint,
613 1523 663 1579 per
677 1521 705 1561 se
716 1513 745 1562 et
757 1511 856 1561 natura
871 1519 920 1559 sus
931 1500 1050 1575 obligant
1064 1500 1096 1558 ad
1108 1497 1229 1557 solven·'
1250 1507 1394 1573 tur,posse
1409 1501 1480 1559 licite
1495 1519 1547 1561 non
1563 1505 1667 1563 solvere
1682 1508 1894 1583 tributum,tum
1908 1528 1937 1567 se
1949 1514 2031 1569 occul·

416 1599 482 1657 dum
502 1598 647 1666 tributum,
662 1597 743 1653 etium
757 1609 811 1650 non
825 1593 950 1667 petitum,
966 1588 1075 1664 quando
1089 1590 1123 1647 de
1138 1591 1214 1647 iusti·
1247 1590 1341 1661 tando,
1358 1594 1511 1650 tumeliam
1526 1594 1676 1653 resistendo
1692 1597 1895 1672 aliquomodo,
1911 1610 2029 1674 quantun

416 1689 454 1746 tia
467 1687 533 1762 legis
554 1687 722 1745 sufficienter
735 1691 844 1742 constat
857 1683 952 1741 morali
962 1681 1052 1739 ruodo.
1061 1683 1136 1739 Hanc
1148 1697 1213 1738 ocu·
1248 1681 1303 1738 sine
1322 1682 1397 1755 gravi
1420 1683 1478 1739 rixa
1498 1693 1526 1742 et
1540 1685 1669 1742 scandalo
1682 1689 1801 1759 possint,
1816 1690 1882 1764 quiu
1896 1691 1936 1746 ius
1950 1692 2027 1748 delen·

416 1779 565 1836 cluaicnem
590 1778 734 1850 praecipue
758 1774 900 1834 intendunt
921 1780 1049 1830 auctores
1074 1772 1211 1831 secundae
1247 1771 1329 1828 sionis
1351 1771 1474 1830 naturale
1487 1782 1541 1832 est.
1553 1776 1671 1834 Possunt
1683 1778 1763 1835 etiarn
1779 1781 1817 1836 uti
1837 1780 2026 1854 amphibologia

416 1869 575 1934 sententiae,
587 1873 615 1924 el
627 1881 687 1924 earn
704 1868 782 1938 plane
797 1865 1010 1944 confitentur,ac
1021 1865 1208 1936 praemittunt:
1247 1861 1281 1919 ad
1299 1879 1353 1919 non
1373 1861 1546 1921 revelandam
1561 1867 1716 1942 veritatem,
1734 1869 1796 1941 quie
1810 1870 1911 1928 iniuste
1925 1873 2026 1929 interro·

414 1960 497 2018 Celet.
510 1960 592 2017 Gabr.
605 1958 723 2035 Splvest.
737 1958 815 2026 Soto,
825 1952 1208 2028 urredcmdubetlragon.
1246 1961 1365 2027 gantur,
1385 1960 1416 2010 et
1432 1970 1486 2010 uon
1503 1961 1630 2014 tenentur
1642 1958 1806 2031 respondere
1821 1960 1855 2017 ad
1870 1968 1983 2018 mentem
1995 1964 2027 2017 in·

414 2051 449 2107 Et
461 2049 632 2109 convincitur
649 2047 801 2105 rationibus
813 2045 893 2102 lactis
906 2041 1104 2116 inprobatione
1117 2045 1210 2101 tertiae
1246 2044 1420 2117 terrogantis.
1430 2045 1531 2101 llentiri
1547 2052 1639 2104 nutem
1654 2063 1705 2103 non
1718 2057 1844 2121 possunt,
1857 2056 1885 2108 et
1896 2051 1977 2108 rnirlto
1988 2053 2028 2108 ni·

415 2140 574 2198 sententiae:
602 2153 690 2212 neque
708 2142 806 2194 contre
820 2134 897 2208 ¹illurn
919 2133 1020 2208 aliquid
1038 2133 1165 2190 obiicitur
1182 2135 1208 2190 in
1243 2147 1296 2190 nus
1311 2135 1446 2208 peierare,
1463 2135 1484 2190 si
1499 2141 1591 2192 autern
1606 2136 1632 2193 id
1647 2135 1757 2210 iaciant,
1770 2138 1836 2196 licet
1850 2146 2026 2213 peccentcon·

413 2232 497 2307 priori
517 2231 657 2303 opinione,
673 2227 746 2303 quod
762 2225 878 2285 alicuius
892 2226 1023 2282 momenti
1036 2224 1080 2296 sit,
1097 2222 1207 2297 quodve
1246 2230 1287 2283 tra
1300 2224 1459 2296 veritatem,
1474 2226 1516 2282 vel
1532 2227 1701 2300 religionem,
1716 2235 1874 2290 nontamen
1889 2241 1980 2290 contra
1993 2235 2027 2290 iu·

414 2326 483 2381 inter
493 2320 659 2396 probandam
672 2321 778 2378 tertium
790 2315 948 2375 senteutiam
960 2331 1014 2372 uon
1025 2315 1060 2371 sit
1071 2314 1205 2371 solutum.
1244 2315 1363 2387 stitiarn,
1385 2323 1413 2372 et
1434 2316 1492 2372 ideo
1512 2315 1575 2374 nibil
1599 2320 1744 2378 restituere
1759 2327 1898 2381 tenentur.
1914 2326 2026 2398 Sequitur

413 2418 470 2473 lrno
485 2420 561 2470 certe
581 2413 662 2470 etiem
675 2409 770 2484 bugei.
785 2410 899 2466 Navarr.
914 2414 942 2465 et
955 2405 998 2462 alii
1011 2420 1065 2461 non
1080 2401 1206 2462 videntur
1243 2411 1353 2478 quarto,
1366 2421 1425 2478 eos,
1437 2408 1484 2480 qui
1500 2415 1637 2481 coguntur
1648 2409 1754 2469 solvere
1766 2413 1827 2470 talia
1841 2415 2023 2488 tributa,posse

381 2523 385 2533 ·
411 2505 466 2563 boc
486 2507 530 2561 ius
550 2518 666 2577 negare,
690 2501 753 2575 quia
772 2514 824 2556 non
839 2505 939 2572 negant
952 2498 980 2552 in
995 2497 1115 2568 principe
1130 2501 1207 2567 pole-
1243 2495 1295 2553 elia
1310 2499 1352 2552 via
1367 2513 1495 2570 reparare
1509 2497 1699 2571 damnum,vel
1714 2519 1765 2560 non
1782 2505 1912 2562 solvendo
1926 2507 1974 2563 alia
1986 2509 2023 2563 tri-

412 2601 508 2652 statent
530 2592 563 2650 ad
582 2589 804 2665 praecipiendum
819 2589 871 2645 boc
886 2585 967 2645 modo
982 2585 1132 2656 tributum3
1154 2599 1206 2642 uec
1240 2586 1306 2646 buta
1320 2587 1434 2656 iusta,si
1448 2591 1557 2646 occasio
1571 2588 1664 2661 detur,
1680 2591 1722 2648 vel
1736 2593 1786 2650 alio
1803 2595 1884 2652 simili
1898 2597 1974 2654 modo
1985 2613 2023 2654 oc·

410 2687 490 2743 etiarn
504 2683 613 2754 dicunt,
630 2681 786 2739 absolutum
801 2678 955 2751 imperium,
975 2682 1005 2733 ut
1019 2677 1143 2732 solvatur
1158 2678 1205 2733 tri·
1241 2677 1333 2748 culto,
1350 2678 1406 2734 sine
1421 2679 1445 2734 vi
1459 2685 1487 2736 et
1500 2680 1604 2753 rapine,
1615 2687 1899 2756 recompensationem
1910 2687 2019 2745 iaciendo

409 2776 522 2845 butum,
539 2789 594 2831 uon
609 2773 734 2829 sufficere
747 2770 839 2845 quoad
854 2771 907 2826 rirn
924 2768 1070 2826 verborum
1085 2765 1118 2823 ad
1134 2767 1204 2824 banc
1240 2783 1274 2825 ex
1288 2767 1365 2826 bonis
1387 2769 1532 2841 principis,
1549 2769 1591 2826 vel
1605 2771 1674 2842 eius,
1689 2773 1736 2847 qui
1751 2790 1799 2847 per
1814 2777 1971 2835 iniustitiam
1985 2780 2023 2834 tri-

409 2864 618 2938 obligationem,
638 2877 709 2935 quac
731 2863 758 2918 in
776 2861 834 2932 ipsa
848 2859 961 2915 materia
976 2857 1036 2913 talis
1048 2858 1152 2929 imperii
1167 2857 1205 2913 iu·
1239 2856 1336 2914 butum
1359 2861 1486 2915 extorsit.
1502 2860 1576 2917 llaec
1595 2861 1683 2918 omnia
1702 2871 1847 2935 patentes
1862 2867 2019 2941 generalibus

409 2957 526 3014 trinsccc
543 2953 650 3010 inclusa
665 2959 718 3024 est,
731 2952 782 3007 uisi
796 2949 830 3008 ob
844 2965 902 3006 earn
918 2964 1030 3004 causam
1042 2946 1148 3005 aliunde
1158 2963 1204 3004 er·
1238 2947 1341 3022 regulis
1356 2947 1388 3005 de
1400 2951 1591 3024 restitutione,
1613 2967 1682 3024 quae
1697 2955 1725 3010 in
1740 2973 1791 3013 suo
1806 2956 1870 3016 loco
1884 2957 1960 3016 latius
1974 2966 2020 3014 tra·
2059 3021 2060 3024 Ἴ

408 3047 522 3105 cedatur
546 3045 571 3100 in
596 3045 733 3118 aequitate
751 3041 880 3098 iustitiae.
898 3040 932 3096 Et
954 3039 1020 3096 baec
1040 3045 1083 3095 est
1103 3039 1203 3096 retiae
1239 3045 1363 3098 ctantur.
2059 3057 2060 3063 ¹

407 3137 490 3210 priori
509 3135 591 3192 buius
606 3133 704 3206 partis,
720 3131 845 3188 videlicet
860 3129 946 3204 legem
961 3129 1030 3190 banc
1046 3128 1203 3200 simpliciter
1279 3131 1305 3186 i.
1321 3131 1371 3186 Est
1383 3136 1475 3187 autern
1491 3131 1565 3188 circa
1580 3131 1649 3189 banc
1671 3138 1852 3196 assertionem
1866 3139 2020 3212 distinguan-

407 3227 488 3286 lalsm
503 3223 795 3298 simpliciter-obligare
809 3222 951 3292 supposita
963 3225 1097 3292 potestate
1113 3219 1201 3276 ieren·
1239 3217 1305 3275 dum
1321 3219 1390 3276 inter
1408 3221 1569 3278 iniustitiam
1592 3223 1686 3281 tributi
1706 3241 1740 3283 ex
1760 3237 1838 3300 perte
1860 3231 2017 3303 imponentis,

406 3318 440 3375 tis
460 3317 564 3390 legem,
585 3321 613 3372 et
633 3315 768 3388 aequitate
788 3327 821 3369 cx
844 3316 920 3384 parte
935 3313 1073 3368 materiae:
1090 3325 1153 3366 nem
1168 3325 1202 3367 ex
1238 3309 1280 3366 vel
1294 3326 1328 3366 en
1342 3309 1451 3367 delectu
1466 3310 1579 3369 ulterius
1594 3313 1765 3372 conditionis.
1775 3319 1890 3387 Quando
1905 3321 1969 3377 enirn
1983 3319 2017 3374 lcr

405 3415 484 3482 parte
510 3407 656 3464 verborum
677 3404 741 3461 nibil
761 3404 878 3474 amplius
892 3403 1050 3475 requiritur,
1065 3415 1154 3473 neque
1167 3415 1201 3456 es
1237 3402 1275 3458 ita
1287 3407 1330 3458 est
1340 3401 1439 3458 iniusta
1449 3417 1482 3459 ex
1498 3411 1575 3475 parte
1590 3403 1754 3476 imponentis
1766 3408 1912 3484 tributum,
1925 3417 2018 3468 utcon-

406 3501 431 3558 si
446 3498 647 3572 significationis
667 3510 763 3552 eorum
778 3492 960 3550 absconditio
975 3491 1201 3565 intelligitur,uec
1236 3498 1300 3563 stet,
1314 3491 1391 3549 illum
1409 3492 1510 3551 nullam
1526 3493 1625 3553 babere
1646 3503 1827 3570 potestatem,
1845 3517 1897 3558 nec
1915 3502 2017 3558 inculta·

404 3607 437 3649 ex
457 3587 639 3645 declaratione
665 3585 743 3656 iuris,
759 3600 848 3658 neque
861 3601 895 3642 ex
908 3586 934 3641 ri
949 3582 1066 3640 alicuius
1081 3597 1201 3639 consue·
1236 3589 1290 3639 tem
1300 3582 1334 3639 ad
1346 3584 1541 3656 imponendum
1553 3585 1771 3657 tributum,tuuc
1782 3591 2014 3650 tribulunromnino

404 3679 505 3738 turbnis
519 3679 608 3735 iustae
621 3679 649 3732 et
662 3674 790 3732 toleratae
805 3691 821 3732 o
834 3675 966 3748 principe,
982 3676 1098 3731 manime
1113 3675 1140 3729 in
1157 3673 1200 3730 bis
1236 3681 1279 3731 est
1293 3672 1415 3746 nullum,
1431 3681 1458 3732 et
1472 3678 1587 3736 maxime
1603 3677 1780 3750 reprobatum
1794 3688 1822 3739 et
1843 3683 2016 3752 ieiunumst

404 3770 530 3839 tributis,
550 3765 585 3824 de
607 3780 725 3839 quorum
744 3767 847 3822 iustitia
861 3769 979 3822 constat.
995 3766 1088 3838 Neque
1102 3765 1129 3820 in
1145 3769 1200 3820 ter·
1235 3764 1297 3822 ideo
1312 3764 1373 3822 tulis
1388 3765 1432 3823 lex
1446 3781 1496 3822 nec
1510 3767 1542 3824 ad
1558 3773 1660 3839 toturn,
1676 3785 1727 3828 nec
1741 3771 1776 3829 ad
1791 3781 1897 3846 partem
1911 3774 2014 3846 obligare

404 3860 484 3920 minis
505 3858 586 3915 buius
606 3855 789 3914 conclusionis
810 3855 914 3922 invenio
929 3855 1007 3912 aliam
1021 3854 1199 3912 dillereutiam
1235 3863 1334 3928 potest.
1351 3857 1379 3914 Si
1394 3863 1486 3914 autern
1498 3858 1525 3913 in
1540 3857 1691 3930 imponente
1707 3863 1743 3920 sit
1757 3863 1884 3924 absoluta
1898 3872 2013 3938 potestas,

403 3951 474 4008 inter
490 3951 600 4022 antiqua
613 3953 642 4004 et
656 3960 725 4003 nove
735 3944 846 4015 tributa,
857 3944 907 4001 uisi
918 3945 991 4017 quod
1003 3945 1200 4018 antiqua,quo·
1233 3952 1262 4003 et
1278 3946 1406 4004 iniustitia
1419 3946 1487 4021 legis
1502 3948 1589 4020 posita
1602 3950 1637 4006 sil
1650 3952 1679 4007 iu
1692 3952 1780 4011 abusu
1795 3962 1824 4012 et
1841 3972 1953 4013 excessu
1965 3953 2014 4011 talis

404 4057 466 4099 rum
489 4039 594 4096 initium
615 4039 773 4111 ignoratur,
792 4041 984 4128 supponapitur
998 4051 1059 4092 esse
1073 4037 1149 4111 talia,
1165 4041 1197 4093 ut
1233 4037 1393 4109 potestatis3
1408 4043 1473 4094 trruc
1488 4038 1686 4098 consideranda
1699 4050 1742 4100 est
1754 4045 1873 4118 qualitas
1885 4061 2013 4114 excessus,

310 4141 314 4150 ·
402 4132 435 4190 dc
455 4146 550 4188 corum
571 4128 671 4186 iustitia
685 4125 750 4184 satis
764 4132 883 4197 constet,
898 4142 948 4184 nec
964 4129 1068 4200 possint
1081 4129 1197 4186 rationa-
1233 4135 1261 4184 et
1275 4127 1365 4201 quoad
1380 4127 1407 4184 id
1423 4143 1475 4184 non
1490 4128 1618 4202 obligabit
1633 4129 1686 4204 len3
1699 4133 1789 4207 quoad
1803 4136 1856 4194 alia
1869 4152 1941 4206 vero,
1952 4149 2012 4210 quae

401 4225 491 4282 biliter
509 4221 536 4276 in
559 4219 673 4277 dubium
688 4217 828 4289 revocari,
843 4218 907 4291 quia
922 4233 970 4290 pro
984 4216 1035 4274 illis
1050 4225 1105 4276 stat
1122 4233 1199 4292 prse-
1232 4217 1391 4291 scparabilie
1410 4224 1437 4274 et
1456 4216 1596 4275 divisibilia
1615 4228 1697 4295 sunt,
1718 4225 1817 4295 poterit
1837 4226 1962 4301 obligare,
1979 4225 2011 4280 sic

401 4314 522 4387 sumptio
543 4310 611 4368 iuris
632 4315 659 4367 et
679 4310 712 4367 de
733 4311 801 4366 iure.
814 4310 871 4366 lmo
890 4309 978 4380 potius
998 4309 1125 4366 videntur
1139 4311 1198 4381 ipso
1231 4309 1302 4366 enirn
1316 4309 1383 4366 utile
1398 4325 1446 4380 per
1461 4309 1557 4366 inutile
1571 4327 1625 4367 non
1641 4314 1848 4375 vitiarunttnde
1860 4319 1883 4375 si
1896 4331 2010 4375 excessus

399 4410 459 4465 iure
480 4401 629 4476 approbata
642 4403 669 4457 in
683 4399 758 4456 dicto
772 4415 833 4472 cup.
851 4397 938 4476 Quod
951 4417 1039 4476 super
1052 4402 1116 4464 lits:
1134 4417 1196 4458 narn
1233 4399 1320 4458 solum
1343 4401 1378 4456 sit
1392 4399 1418 4455 in
1439 4401 1593 4458 extensione
1612 4401 1645 4459 ed
1667 4420 1797 4477 personas
1815 4415 1962 4481 exemptas,
1976 4407 2011 4464 ler

400 4512 455 4572 qua
470 4494 573 4552 ratione
588 4499 653 4549 sunt
669 4490 816 4563 approbata
826 4489 917 4563 quoad
931 4494 1122 4548 auctoritatem
1134 4533 1141 4559 ,
1154 4508 1200 4549 ea·
1232 4508 1285 4548 non
1305 4490 1432 4564 obligabit
1446 4490 1522 4564 illas,
1537 4493 1635 4564 poterit
1648 4489 1740 4554 tumen
1759 4499 1823 4556 alius
1839 4499 1938 4558 babilas
1954 4496 2011 4556 obli·

399 4585 463 4644 dem
485 4584 592 4640 censeri
606 4581 704 4639 debent
717 4580 864 4654 approbata
877 4581 966 4654 quoad
981 4597 1092 4638 causam
1107 4588 1134 4638 et
1144 4582 1199 4639 ior·
1230 4597 1305 4655 gare,
1320 4589 1352 4638 ut
1365 4583 1387 4637 si
1401 4597 1449 4639 rex
1460 4583 1485 4637 in
1501 4598 1552 4639 suo
1567 4599 1651 4658 regno
1664 4588 1779 4646 iuelaer
1794 4605 1877 4648 causa
1892 4591 2009 4648 tributum

399 4691 481 4737 mam.
495 4677 530 4732 bt
544 4688 607 4730 vero
623 4672 725 4729 tributa
735 4686 815 4743 nove,
829 4671 919 4746 qu‘alia
929 4677 1079 4729 censentur
1092 4675 1193 4745 omnia,
1230 4680 1327 4746 ponat,
1343 4672 1550 4747 praecipiatque
1564 4675 1598 4731 ab
1612 4677 1738 4736 omnibus
1752 4681 1833 4750 etiapn
1849 4681 1950 4740 clericis
1964 4677 2009 4734 sol·

400 4781 518 4843 quorum
532 4764 635 4822 initium
648 4763 836 4836 cognoscitur,
853 4778 907 4819 non
917 4767 981 4819 sunt
992 4777 1099 4834 semper
1112 4762 1194 4836 insta,
1231 4765 1275 4836 vi,
1289 4778 1342 4819 non
1357 4751 1487 4836 obligabit
1500 4764 1633 4838 clericos,
1649 4767 1778 4843 obligabit
1790 4778 1878 4832 tamen
1896 4773 1964 4829 alios.
1979 4773 2008 4825 lt

398 4873 450 4915 nec
472 4871 531 4914 esse
553 4859 756 4928 supponuntur,
770 4850 820 4907 uisi
833 4852 995 4925 probentur:
1017 4853 1040 4907 si
1061 4859 1148 4909 tamen
1162 4851 1196 4909 de
1230 4871 1296 4913 vero
1310 4855 1332 4910 si
1352 4868 1482 4911 excessus
1501 4856 1577 4912 sitin
1595 4856 1704 4918 deiectu
1722 4877 1833 4935 causae,
1850 4862 2008 4921 consideren-

398 4949 437 5006 eis
454 4952 562 5006 constet
580 4945 813 5003 sufficienteresso
823 4943 905 5012 iuste,
920 4945 947 5001 iu
963 4943 1001 5002 eis
1016 4944 1137 5017 procedit
1151 4959 1194 5001 as·
1228 4947 1293 5003 dum
1308 4948 1361 5014 est,
1372 4959 1406 5000 au
1421 4943 1527 5002 omnino
1542 4960 1626 5005 causa
1640 4948 1727 5025 desit,
1743 4953 1786 5010 vel
1802 4954 1888 5012 soluna
1903 4951 2003 5012 exceda-

399 5040 481 5097 scrtio
494 5036 590 5095 eodem
602 5035 761 5109 modo,quie
777 5033 900 5107 procedit
913 5033 939 5090 in
951 5035 991 5091 eis
1002 5034 1096 5092 eadem
1112 5034 1190 5092 ratio.
1232 5044 1278 5095 tur
1296 5037 1322 5093 in
1344 5037 1519 5107 proportione
1541 5039 1636 5096 tributi
1660 5049 1788 5116 respectu
1808 5061 1906 5103 causae
1927 5040 2005 5118 quoad

438 5131 464 5186 6.
481 5129 547 5204 llice
563 5122 700 5184 secundo:
717 5129 801 5199 Leges
816 5125 1112 5198 tributorum,quundo
1126 5141 1192 5183 con·
1229 5129 1421 5201 quantitatem,
1434 5127 1498 5199 quia
1510 5128 1614 5186 scilicet
1625 5129 1686 5203 plus
1696 5134 1823 5209 erigitur,
1836 5153 1914 5210 quam
1924 5149 2004 5192 ncces·

400 5225 456 5278 stat
468 5234 529 5276 esse
543 5217 671 5291 iniustas,
686 5232 739 5274 non
753 5215 873 5290 obligent
885 5214 918 5274 ad
933 5214 1063 5274 solvenda
1078 5216 1191 5294 tribute,
1231 5217 1332 5278 sarium
1348 5215 1391 5274 sit.
1406 5216 1442 5278 Et
1461 5217 1487 5274 in
1503 5217 1585 5292 priori
1604 5235 1672 5280 casn
1686 5225 1795 5302 quande
1810 5242 1892 5286 causa
1911 5225 2003 5284 omnino
