4190 6234
803 396 908 447 eaeor
922 399 980 448 xv.
1611 380 1653 443 69

79 531 158 584 cessat
170 524 323 598 mulum,
334 540 385 582 nec
401 525 504 583 iustitia
518 526 659 583 elusium
672 525 736 599 quia
748 522 814 582 illud
826 529 868 580 est
903 524 945 582 illa
961 539 1055 599 causa,
1066 525 1132 584 alias
1143 541 1221 584 omne
1232 527 1362 586 tributum
1375 528 1492 602 positum
1503 535 1616 602 propter
1626 542 1692 588 cau·

79 616 300 686 accidentarium,
315 621 344 672 et
355 617 383 672 in
396 631 427 672 re
440 616 535 674 morali
550 633 604 672 ηοη
617 622 781 689 potestesse
795 619 868 672 tanta
903 631 960 673 sam
977 617 1160 689 temporalem,
1176 617 1335 678 duraturam
1350 628 1439 679 tamen
1454 620 1536 696 longo
1556 627 1689 694 ternpore,

79 706 256 780 dependentia,
275 705 345 762 alias
365 703 486 780 quotidie
504 708 578 763 lieret
599 707 712 764 mutatio
727 707 803 763 iuxta
822 719 869 762 oc·
904 707 1094 782 quadraginta,
1110 717 1157 768 aut
1176 718 1287 768 centnm
1302 727 1449 782 annorum,
1466 712 1696 785 praescriberetur

80 802 210 854 currentes
226 797 405 868 occasiones,
420 796 495 870 quod
509 797 565 854 sine
578 796 661 855 dubio
676 813 728 853 non
749 793 866 868 expedit.
904 813 953 871 per
973 798 1039 856 illud
1059 806 1178 872 tempus,
1201 807 1232 858 ut
1251 809 1383 874 perpetuo
1404 805 1458 875 peti
1479 803 1576 876 possit,
1595 803 1701 860 edumei

79 887 307 959 lumpraeeipue,
319 889 384 959 quia
397 886 441 944 illa
455 887 583 944 causade
597 903 626 944 se
637 893 680 944 est
692 903 865 960 permanens,
905 895 1011 946 constet
1029 904 1142 947 causam
1162 907 1304 965 cessasse,
1319 893 1392 966 quod
1412 899 1455 950 est
1475 900 1569 964 aperte
1588 893 1698 965 laisum,

80 989 102 1038 et
114 981 233 1052 princeps
249 991 366 1049 semper
383 983 491 1034 tenetur
504 993 565 1036 esse
584 984 708 1051 paratus.
722 982 752 1034 et
770 977 870 1033 babere
906 981 971 1055 quia
983 985 1057 1036 esset
1070 982 1249 1054 inaequalitas
1259 998 1356 1058 magna
1367 985 1437 1040 inter
1451 985 1583 1042 tributum
1595 989 1624 1041 et
1637 999 1704 1041 cau·

81 1085 163 1128 euram
182 1068 346 1124 securitatis
360 1070 479 1140 riarum,
494 1076 542 1126 aut
554 1069 648 1140 maris,
660 1084 731 1142 quae
745 1067 870 1141 obligatio
906 1086 963 1127 sam
980 1072 1050 1143 eius,
1064 1073 1128 1143 quin
1143 1072 1231 1143 potius
1242 1089 1274 1128 eo
1292 1075 1362 1145 ipso,
1374 1073 1448 1146 quod
1459 1073 1632 1130 consuetudo
1646 1075 1702 1132 exi-

81 1158 200 1232 estdigna
219 1156 371 1230 stipendio.
384 1159 452 1215 'lum
471 1157 597 1232 denique,
612 1160 676 1231 quia
690 1161 762 1214 sicut
782 1162 873 1214 cessat
906 1160 985 1236 gendi
1000 1163 1178 1218 continuatur
1199 1169 1306 1220 tautum
1321 1171 1430 1235 propter
1452 1163 1624 1220 durationem
1637 1179 1704 1221 cau·

82 1249 198 1308 interdum
215 1249 374 1305 necessitas
384 1265 565 1322 expensarum
577 1251 603 1304 io
615 1250 732 1320 uuo,vel
744 1247 796 1304 alio
807 1263 873 1321 ope·
907 1268 963 1322 sae,
979 1253 1187 1324 praescribitur,
1204 1259 1236 1310 nt
1256 1255 1295 1309 sic
1310 1253 1409 1325 dicam,
1426 1261 1522 1311 contra
1540 1255 1703 1312 solutionem

82 1358 113 1408 re,
124 1341 155 1397 ita
170 1353 252 1411 saepe
267 1341 504 1396 occurruntaliae
518 1341 679 1396 occasiones
693 1335 869 1410 expendendi,
909 1342 969 1398 talis
985 1342 1092 1409 tributi,
1107 1345 1129 1398 si
1144 1351 1233 1400 cesset
1247 1344 1306 1400 talis
1321 1359 1415 1401 causa.
1432 1346 1466 1402 Et
1483 1348 1519 1403 ita
1533 1344 1599 1402 dum
1613 1363 1700 1403 causa

82 1429 209 1503 qunloco
227 1428 353 1486 aliorum
366 1444 480 1501 operum
492 1437 608 1502 possunt
619 1429 780 1486 succedere.
790 1429 824 1485 Et
835 1428 873 1483 ita
907 1431 1001 1504 durat,
1016 1439 1044 1488 et
1065 1440 1175 1505 propter
1188 1433 1262 1490 illam
1282 1433 1361 1490 durat
1374 1437 1454 1491 etiam
1469 1437 1575 1493 exactio
1591 1436 1701 1506 tributi,

83 1530 104 1580 ut
117 1523 140 1577 in
156 1519 207 1576 boc
223 1519 310 1577 etiam
326 1527 454 1577 sumatur
468 1520 631 1593 neutralitas,
650 1521 783 1578 tenebitur
797 1521 872 1592 prin·
907 1538 960 1578 non
977 1528 1067 1595 potest
1081 1523 1202 1580 inchoari
1217 1525 1395 1596 praescriptio
1411 1524 1443 1582 ad
1457 1525 1621 1599 exigendum
1637 1527 1704 1584 illud

81 1628 136 1684 ceps
152 1627 203 1667 non
225 1626 278 1683 pro
295 1625 476 1684 quacumque
496 1617 644 1683 exurgente
662 1612 804 1668 occasione
826 1627 874 1667 no·
908 1615 964 1668 sine
978 1613 1021 1670 tali
1036 1629 1132 1684 causa;
1146 1630 1210 1687 ergo
1224 1613 1337 1672 deberet
1351 1615 1471 1673 inchoari
1482 1625 1626 1690 postquam
1642 1633 1703 1674 ces·

81 1719 132 1759 ram
144 1702 230 1758 iacere
251 1702 476 1774 impositionem,
491 1702 570 1758 etiem
586 1709 805 1773 temporaneam,
821 1700 868 1756 sed
909 1707 979 1760 savit
992 1720 1088 1774 causo,
1103 1712 1131 1762 et
1153 1705 1326 1762 nibilominus
1341 1707 1564 1770 continuateluit
1584 1710 1701 1780 exactio,

82 1795 213 1865 pudenter
235 1807 369 1864 pensare,
382 1807 416 1847 an
430 1791 541 1864 proillio
556 1792 694 1849 sulliciant
705 1794 815 1865 antiqua
826 1794 873 1848 tri·
909 1800 937 1851 at
951 1801 1016 1850 ωηο
1030 1811 1084 1856 ηοη
1107 1797 1197 1867 poluit
1210 1811 1270 1853 esse
1290 1795 1360 1854 bona
1374 1797 1450 1866 fides,
1465 1798 1528 1870 quia
1542 1813 1593 1854 nec
1614 1801 1705 1870 potuit

81 1885 146 1952 buta,
158 1885 183 1939 in
201 1882 307 1956 quinus
320 1882 438 1939 actualis
453 1882 601 1940 necessitas
613 1881 725 1940 leniendi
740 1897 872 1954 expensas
911 1885 1018 1942 innodari
1029 1887 1055 1941 in
1071 1902 1166 1958 causa,
1179 1903 1249 1960 quae
1264 1889 1392 1961 cessavit,
1404 1895 1431 1945 et
1446 1905 1498 1944 ηοη
1511 1889 1697 1962 ignorabatur,

82 1975 193 2044 cessarit,
212 1973 255 2030 rel
272 1988 413 2045 suspensa
426 1979 478 2030 est.
910 1983 942 2032 ut
962 1979 1138 2049 supponitur,
1154 1993 1241 2053 neque
1261 1979 1288 2034 io
1310 1980 1531 2051 praescriptione,
1546 1995 1616 2054 quae
1636 1996 1704 2037 noo-

113 2071 137 2123 3.
148 2065 244 2133 Quaeri
264 2079 337 2120 vero
359 2063 474 2121 ulterius
493 2070 593 2137 potest,
609 2080 641 2120 an
656 2064 681 2120 in
700 2063 791 2136 aliquo
805 2077 871 2118 casu
910 2066 975 2123 dum
995 2073 1073 2134 erata
1094 2083 1160 2141 ergo
1181 2069 1241 2124 talis
1262 2070 1434 2146 consuetudo
1454 2087 1596 2145 nunquam
1616 2078 1707 2144 potest

83 2157 154 2229 possit
175 2158 245 2212 iuste
265 2156 345 2228 exigi
365 2153 515 2227 tributum,
537 2157 618 2212 cuius
639 2170 725 2212 causa
745 2155 873 2226 cessarit,
908 2153 973 2213 dare
988 2156 1098 2214 titulum
1112 2159 1346 2230 praescriptionis.

82 2247 161 2302 suen
182 2246 289 2302 maone
301 2246 432 2318 antiquae
442 2245 737 2318 consuetudinis,quae
749 2245 875 2316 suppleat
948 2250 976 2305 l.
991 2247 1049 2304 Alio
1063 2262 1127 2322 ergo
1143 2248 1224 2306 modo
1239 2265 1348 2322 censeo,
1361 2265 1421 2307 esse
1435 2250 1590 2323 possibilem
1605 2249 1705 2308 bonam

83 2341 154 2392 vicen
172 2351 285 2392 causae.
295 2337 357 2392 lloc
369 2334 483 2392 dubium
494 2339 582 2409 tangit
593 2335 746 2393 Cordubin
762 2337 874 2392 Summa
909 2336 989 2395 iidem
1004 2339 1029 2394 iu
1050 2338 1207 2397 huiusmodi
1222 2339 1433 2413 consuetudine,
1448 2347 1475 2398 et
1496 2341 1532 2398 ila
1547 2356 1608 2398 esse
1622 2341 1706 2414 expli·

84 2428 176 2497 llispau.
196 2441 223 2498 q.
242 2430 294 2495 95,
318 2433 350 2483 et
369 2426 493 2483 absolute
513 2436 603 2500 negat,
625 2428 689 2500 quia
708 2443 761 2483 non
781 2431 872 2499 putat,
913 2429 1038 2498 caudam,
1055 2437 1082 2486 et
1098 2430 1336 2503 praesumendam,
1351 2439 1382 2489 ut
1398 2432 1577 2506 praescriptio
1594 2431 1707 2490 iudicari

85 2533 149 2589 posse
167 2517 265 2573 bonam
282 2515 368 2572 tidem
382 2518 409 2572 io
424 2517 468 2574 tali
483 2517 682 2574 consuetudine
696 2519 874 2575 intervenire.
910 2521 996 2592 possit
1008 2520 1212 2594 legitima.llam
1225 2521 1382 2580 licetcausa
1394 2524 1489 2595 prime,
1501 2529 1708 2596 propterquam

84 2607 237 2662 contrarium
258 2613 342 2664 tenet
360 2605 736 2682 lledin.dictucap.tl,qui
757 2623 810 2664 non
830 2623 875 2662 so·
899 2611 961 2692 p'uit
980 2611 1134 2682 impositum
1156 2610 1302 2685 tributum,
1318 2614 1476 2685 cessaverit,
1492 2613 1659 2684 potuitioco
1678 2613 1709 2671 il·
1742 2654 1744 2666 ,

84 2695 129 2752 lum
150 2695 268 2754 affirmat
283 2696 417 2752 sufficere
438 2696 666 2754 consuetudinem
681 2697 714 2752 ad
734 2711 873 2768 praesum·
911 2700 962 2759 lius
978 2701 1028 2757 alia
1045 2708 1074 2758 et
1092 2701 1143 2758 alia
1157 2701 1319 2774 succedere,
1331 2709 1361 2760 et
1375 2705 1411 2760 ita
1423 2703 1494 2761 bona
1505 2702 1555 2761 lide
1570 2703 1703 2761 tributum

86 2791 184 2860 ptlouem
199 2790 294 2846 iustae
309 2803 426 2854 causae,
441 2787 549 2861 quaudo
563 2787 597 2845 de
610 2787 654 2845 illa
667 2794 710 2844 est
721 2787 872 2859 ignorantia
911 2792 1081 2848 continuari:
1104 2807 1166 2848 nam
1185 2791 1238 2849 boc
1259 2799 1303 2850 est
1315 2794 1342 2849 in
1364 2799 1497 2865 potestate
1517 2795 1657 2867 principis,
1674 2802 1707 2852 ut

85 2881 200 2950 menan,
220 2885 250 2934 ut
270 2876 431 2946 sic-dicam,
441 2892 537 2933 rerum
551 2877 657 2934 etiamsi
675 2883 794 2946 constet,
808 2890 876 2932 cau·
911 2880 1037 2939 diximus.
1054 2881 1081 2936 Si
1095 2897 1160 2954 ergo
1174 2889 1323 2954 constaret,
1339 2900 1392 2939 non
1407 2883 1495 2942 solnm
1509 2884 1624 2956 primam
1639 2900 1705 2942 cau·

85 2984 141 3024 sani⁴
158 2976 367 3040 propterquam
381 2967 538 3038 impositura
550 2965 602 3023 luit
614 2966 756 3038 tributum,
768 2981 874 3022 cessas·
911 2987 968 3029 sam
981 2987 1115 3042 cessasse,
1125 2971 1173 3030 sed
1186 2975 1266 3030 etiarn
1278 2973 1380 3030 nullam
1392 2975 1471 3031 aliam
1483 2981 1558 3032 extra
1571 2976 1705 3048 praeseri·

85 3063 194 3130 malque
208 3057 278 3114 adeo
289 3057 347 3112 iam
357 3072 412 3112 uon
423 3056 574 3112 subsistere
586 3057 731 3128 legitimam
743 3071 868 3125 causam3
911 3062 1029 3134 ptionem
1053 3062 1137 3118 luisse
1159 3063 1221 3120 loco
1242 3063 1314 3120 illius
1335 3065 1523 3138 subrogatam,
1543 3082 1596 3122 non
1617 3064 1706 3135 video,

86 3157 149 3219 putat
161 3149 349 3220 nibilominus,
360 3147 589 3205 consuetudinem
600 3147 749 3219 antiquam,
761 3153 790 3202 et
799 3146 871 3203 bona
910 3151 1049 3226 quomodo
1062 3154 1148 3225 possit
1158 3153 1227 3209 bona
1239 3153 1288 3210 fide
1300 3156 1453 3212 continuari
1466 3154 1638 3212 consuetudo
1648 3157 1703 3212 exi·

86 3236 165 3294 tideac
187 3237 343 3294 sufficienti
361 3245 482 3310 tempore
504 3237 710 3308 praescriptam,
731 3236 873 3308 sullicere,
910 3241 990 3316 genili
1004 3241 1056 3299 tale
1077 3243 1223 3315 tributum,
1240 3251 1270 3301 ut
1291 3246 1389 3317 probat
1404 3247 1472 3302 ratio
1493 3245 1575 3303 iacta.
1589 3246 1616 3322 Si
1636 3262 1700 3304 raro

87 3335 111 3384 ut
121 3329 245 3385 {rutilum
264 3331 343 3384 lusis
357 3327 490 3400 exissilffl·
505 3329 583 3384 R³fl⁰
596 3333 650 3394 esis
663 3327 727 3399 quia
740 3327 875 3399 praescri·
910 3333 1035 3405 quamvis
1049 3335 1300 3407 constet,·primam
1316 3350 1427 3392 causam
1443 3351 1580 3406 cessasse,
1598 3352 1650 3393 ηοη
1669 3345 1709 3394 ta·

86 3419 129 3488 ptio
145 3418 189 3474 dat
209 3417 400 3474 sufficientem
424 3417 544 3489 titulum,
560 3423 588 3473 et
609 3417 718 3488 supplet
736 3414 873 3473 delectum
911 3439 971 3478 men
993 3430 1115 3494 constet,
1136 3439 1168 3479 an
1190 3422 1240 3480 alia
1262 3425 1344 3481 luerit
1363 3424 1425 3482 loco
1445 3425 1517 3482 illius
1531 3427 1701 3500 subrogata,

87 3508 343 3582 quaulbel,etlam⁵i
365 3507 548 3580 proveulalet
559 3505 667 3564 delectu
679 3503 874 3572 causae-Quod
913 3519 978 3569 tunc
993 3519 1084 3585 potest
1096 3512 1175 3570 iaciie
1193 3511 1285 3570 locum
1300 3513 1400 3572 babere
1415 3515 1485 3572 bona
1504 3514 1580 3572 fides.
1596 3517 1629 3572 Et
1647 3517 1708 3574 idco
1773 3547 1777 3554 ·

87 3601 103 3654 tl
119 3600 230 3662 obiicias,
251 3600 324 3672 quia
345 3603 413 3654 tunc
433 3613 486 3653 11⁰⁰
508 3603 598 3669 polest
618 3593 792 3654 cousuetudo
812 3610 873 3651 esse
908 3600 1097 3674 distinguenda
1126 3609 1189 3658 aunt
1209 3606 1410 3675 temporabat
1430 3607 1502 3662 euim
1524 3621 1621 3662 sumus
1636 3606 1706 3663 iutra

87 3689 142 3746 tana
157 3691 204 3746 fide
218 3692 395 3758 continuata,
408 3704 468 3744 nam
479 3703 512 3745 eo
525 3690 594 3761 ipso,
606 3687 680 3761 quod
695 3689 793 3757 scitur,
806 3703 873 3742 cau·
908 3701 1016 3764 tempus
1042 3693 1163 3751 nondum
1188 3701 1394 3752 consummatae
1417 3696 1658 3767 praescriptionis,
1679 3703 1707 3753 et

87 3795 132 3836 nn
149 3797 281 3850 cessasse,
306 3795 364 3836 ηοη
385 3785 476 3851 potest
494 3779 599 3835 exactio
621 3778 715 3834 tributi
729 3777 798 3834 bona
819 3777 868 3833 fide
909 3792 976 3841 ωηο
988 3783 1133 3841 dicendum
1155 3791 1207 3852 est,
1217 3787 1419 3857 quamprimum
1431 3785 1583 3842 constiterit
1593 3800 1707 3842 causam

88 3873 239 3940 continuaris
260 3868 424 3944 respondet,
445 3885 524 3942 posse
544 3869 644 3926 durare
665 3869 763 3924 bonam
782 3866 872 3940 iidem,
909 3878 1017 3930 omnino
1040 3890 1174 3944 cessasse,
1189 3877 1227 3930 ita
1243 3881 1275 3932 ut
1296 3890 1384 3948 neque
1398 3877 1484 3948 prima
1506 3874 1646 3947 subsistat,
1662 3891 1709 3932 ne·

87 3965 137 4034 qnia
149 3964 210 4020 licet
225 3962 302 4034 prior
318 3976 406 4018 cause
420 3961 579 4031 cessaverit,
598 3958 660 4016 loco
676 3958 749 4015 illius
763 3973 874 4014 succes·
912 3981 965 4038 qne
980 3964 1031 4021 alin
1053 3964 1123 4021 iusta
1143 3964 1310 4037 subvenerit,
1328 3966 1491 4022 cessandum
1511 3984 1571 4027 esse
1590 3971 1623 4028 ab
1645 3983 1708 4024 exa·

88 4049 446 4125 aitpraescriptio,quacdal
458 4049 763 4107 sufficienlemcuustm
775 4048 872 4105 iustum
911 4055 1002 4111 ctione
1020 4054 1125 4125 tributi,
1142 4056 1206 4128 quia
1225 4062 1292 4112 tunc
1312 4071 1363 4114 uec
1379 4073 1427 4128 per
1442 4074 1471 4115 se
1490 4061 1662 4136 astinetum,
1679 4070 1710 4121 ut

87 4141 114 4197 ad
124 4137 278 4216 erigendum
295 4141 441 4196 tributum.
910 4161 942 4202 es
953 4144 1033 4201 dictis
1048 4152 1134 4217 patet,
1146 4160 1196 4202 nec
1212 4147 1317 4203 ratione
1328 4149 1558 4222 praescriptionis,
1572 4155 1636 4225 quia
1650 4171 1704 4211 non

119 4233 163 4290 Sed
171 4219 226 4290 ¹lroc
243 4247 301 4288 noo
318 4229 427 4286 videtur
442 4228 688 4286 satisfacerellam
702 4228 873 4286 constratudo
910 4234 961 4290 luit
980 4241 1181 4291 consummata.
1203 4242 1258 4292 Aut
1283 4236 1421 4310 loquimur
1441 4237 1475 4295 de
1500 4247 1623 4314 tempore
1643 4254 1707 4318 post

88 4322 203 4379 antecedit
231 4320 348 4379 titulum
373 4319 614 4392 praescriptionis,
637 4335 698 4375 uam
723 4325 766 4376 est
786 4333 870 4375 causa
910 4332 1128 4382 consummatam
1144 4327 1405 4402 praescriptionem,
1422 4337 1449 4387 et
1465 4337 1530 4389 tunc
1545 4336 1644 4405 poterit
1658 4338 1707 4394 tri·

88 4415 147 4486 ains,
164 4430 228 4488 ergo
240 4412 318 4470 bona
332 4410 399 4468 fides
413 4409 621 4467 consuetudinis
636 4425 689 4465 nnn
709 4415 799 4480 potest
811 4409 873 4465 luu-
908 4415 1004 4472 butum
1020 4415 1157 4485 sustineri,
1173 4417 1303 4490 quicquid
1318 4420 1363 4491 sit,
1380 4418 1422 4475 rel
1437 4420 1519 4478 luerit
1533 4421 1567 4479 de
1581 4441 1667 4483 causa
1681 4427 1706 4483 iu

88 4500 166 4558 dania
187 4501 416 4574 praescriptione,
429 4503 492 4573 quia
507 4507 568 4557 ante
583 4500 747 4573 acquisitum
763 4498 873 4557 titulum
909 4521 939 4562 re
954 4507 1011 4577 ipsa
1027 4513 1164 4578 spectata,
1180 4523 1241 4564 uam
1256 4510 1443 4581 praesumitur
1457 4512 1541 4570 luisse
1558 4515 1641 4573 iusta.
1653 4519 1706 4576 Nc·

89 4593 289 4665 praescriptionis
308 4590 654 4662 oportet,utconsuetudo
666 4589 874 4646 bonafidecon·
908 4613 963 4670 que
976 4604 1020 4654 est
1039 4595 1176 4654 moraliter
1192 4599 1325 4670 possibile,
1343 4606 1375 4656 ut
1394 4607 1456 4672 post
1472 4603 1552 4660 talem
1574 4608 1708 4677 praescri·

91 4683 277 4756 intratumergo
288 4687 349 4738 toto
361 4679 405 4736 illo
414 4688 533 4752 tempore
545 4697 598 4736 ηοη
610 4687 699 4752 potest
708 4678 875 4762 lundari'bo·
910 4687 1028 4758 ptionem
1036 4689 1147 4760 incipiat
1161 4688 1274 4759 positive
1286 4698 1425 4764 constare,
1435 4693 1513 4749 utsic
1525 4693 1624 4764 dicam,
1635 4697 1707 4770 quod

92 4773 180 4828 naides
196 4773 220 4828 io
234 4771 315 4828 titulo
330 4771 464 4844 acquisito
474 4770 873 4845 perpraescriptionem.Neque
909 4777 984 4834 nulla
1000 4779 1089 4834 subsit
1103 4793 1198 4850 causa,
1212 4778 1258 4836 sed
1274 4781 1306 4838 ad
1323 4797 1463 4839 alimmum
1477 4786 1600 4859 negative
1615 4794 1707 4859 potest

92 4869 142 4917 tunc
155 4868 242 4934 potest
256 4859 367 4918 lundari
382 4860 407 4914 in
422 4860 472 4915 alis
487 4875 570 4916 cansa
584 4859 673 4931 iusta,
688 4875 750 4916 nam
770 4875 874 4932 suppo·
908 4882 961 4922 non
977 4874 1104 4924 constare
1119 4867 1152 4924 de
1167 4869 1220 4942 illa,
1233 4875 1262 4926 et
1276 4871 1312 4927 ita
1327 4887 1435 4944 semper
1446 4880 1488 4930 est
1501 4875 1578 4933 locus
1590 4893 1702 4949 praesu-

93 4951 174 5021 rinus,
193 4950 262 5008 illam
279 4965 416 5020 cessasse,
430 4954 459 5005 et
477 4948 529 5005 boc
544 4955 669 5005 constare
685 4949 799 5021 principi
815 4950 871 5008 exi·
908 4955 998 5013 mnndi
1014 4972 1067 5012 non
1081 4957 1186 5015 deesse.

94 5043 150 5111 penti
163 5043 303 5098 tributum:
316 5056 385 5120 ergo
396 5055 449 5095 non
461 5041 551 5112 potuit
561 5040 604 5096 illa
616 5039 789 5097 consuetudo
801 5039 872 5098 bona
946 5049 1107 5104 Praesertim
1120 5049 1184 5122 quia
1195 5055 1238 5106 est
1252 5057 1326 5108 tanta
1336 5053 1450 5110 varietas
1462 5055 1488 5111 in
1499 5047 1616 5128 statu,et
1628 5075 1702 5116 sum-

95 5129 134 5186 lide
151 5133 312 5188 continuari.
328 5132 365 5187 Et
390 5129 547 5187 declaratur
567 5131 696 5204 amplius,
718 5132 781 5204 quia
805 5131 872 5189 dum
908 5137 999 5210 ptrbus
1012 5138 1176 5212 principum,
1188 5145 1216 5196 et
1229 5141 1253 5196 in
1269 5140 1360 5198 valore
1374 5158 1478 5215 rerum,
1492 5153 1524 5202 ut
1537 5147 1703 5208 lucilecredi

95 5219 152 5278 iusta
165 5237 245 5278 causa
267 5221 365 5278 tributi
380 5219 470 5283 durat,
486 5220 658 5278 cousuetudo
675 5221 797 5294 exigendi
817 5239 871 5280 non
907 5228 1004 5301 possit,
1024 5229 1136 5302 antiqua
1155 5229 1273 5302 tributa,
1295 5247 1366 5305 quae
1386 5241 1497 5308 propter
1516 5237 1583 5295 alias
1603 5255 1702 5298 causas

14 5367 15 5376 ,
98 5311 203 5368 serritad
213 5311 456 5384 praescribendum
469 5311 510 5368 ius
523 5311 644 5388 exigendi
656 5311 736 5370 etiam
748 5321 871 5374 cessante
907 5319 1033 5396 imposita
1048 5317 1134 5392 luere,
1150 5317 1199 5378 illia
1218 5323 1389 5382 cessantibus
1404 5323 1531 5400 durasse,
1547 5331 1612 5406 quia
1631 5331 1702 5389 iudi·
