4190 6234
404 367 447 433 22
1109 375 1210 428 elatu
1225 375 1259 428 V·

364 507 556 569 contrahentes
577 505 724 566 convenire
744 501 778 564 de
802 518 889 577 poena
907 499 1037 560 solvenda
1050 501 1077 559 in
1092 517 1161 560 oon·
1234 501 1311 562 hddo
1325 503 1398 563 enim
1413 501 1546 579 ulterius,
1562 500 1628 561 licet
1644 502 1672 561 in
1686 507 1834 562 contractu
1850 501 1950 560 solum
1965 501 2004 562 di·

365 603 479 659 scientia
493 599 527 658 eb
542 599 601 668 illo,
616 601 664 673 qui
678 601 855 656 contractum
869 593 912 652 rel
926 593 1091 666 promissum
1106 607 1162 650 noo
1196 601 1293 669 catur,
1308 595 1361 652 sub
1376 595 1423 654 tali
1436 610 1540 669 poene,
1555 609 1638 668 quam
1653 593 1760 652 solvere
1773 593 1879 654 debeat
1892 600 2008 653 contro·

364 692 527 763 serraverii,
548 691 630 748 etiam
651 703 706 746 non
726 692 870 760 expectata
888 684 1004 743 alterius
1019 685 1159 758 petitione.
1196 685 1307 742 veniens
1328 685 1502 756 contractui,
1522 687 1599 744 iuxta
1612 699 1762 744 commuue
1776 685 1833 760 ius,
1851 691 1886 743 et
1900 691 2009 744 attenta

364 781 442 848 Quod
455 794 534 838 nemo
547 793 651 852 negare
663 781 767 851 potest,
781 781 839 833 tum
854 775 905 832 hoc
917 773 994 832 nulla
1008 771 1068 847 lege
1082 777 1162 830 natu·
1196 777 1237 833 rei
1256 781 1355 833 nature
1374 774 1580 849 intelligendum
1600 790 1662 833 esse
1682 775 1842 834 solvendam
1858 790 1926 834 osse
1940 791 2005 848 poe-

364 871 426 942 rali,
439 869 482 927 vel
497 868 615 926 humana
628 868 664 924 sit
678 865 858 939 prohibitum,
870 871 899 920 et
911 879 966 920 non
980 861 1117 921 concedat
1129 861 1162 918 li·
1197 880 1271 936 nam,
1286 865 1362 924 nulla
1375 865 1519 938 sententia,
1531 863 1573 923 vel
1588 867 1732 924 coactione
1746 865 1845 924 iudicis
1856 871 2011 937 exspocta-

364 960 457 1018 beram
470 957 628 1016 facultatem
642 954 875 1013 contrahentium.
888 953 999 1028 Loquor
1012 959 1104 1010 autem
1115 967 1165 1026 ge·
1196 960 1233 1012 ta.
1242 957 1300 1014 lloc
1316 955 1382 1014 mihi
1395 955 1512 1014 suadent
1526 955 1702 1014 fundamenta
1715 956 1816 1029 prioris
1829 956 2007 1030 sententiae,

365 1051 479 1110 neratim
495 1049 529 1107 de
542 1045 747 1118 contractibus,
762 1044 904 1118 inquibus
919 1048 1029 1100 nonest
1043 1041 1162 1115 prohibi·
1197 1045 1262 1119 quia
1284 1061 1314 1104 re
1334 1062 1399 1104 rere
1419 1053 1478 1104 tota
1496 1045 1542 1104 illa
1555 1045 1684 1120 obligatio
1699 1047 1860 1121 intelligitur
1875 1048 1960 1104 nasci
1973 1061 2007 1103 or

362 1148 438 1214 tum,
461 1154 576 1214 poenam
597 1151 752 1210 apponere,
775 1149 837 1192 nam
857 1134 879 1191 si
899 1133 960 1208 quis
979 1138 1023 1206 cst
1035 1131 1161 1204 specialia
1199 1136 1364 1209 obligatione
1388 1139 1473 1211 pacti,
1488 1145 1516 1195 ct
1530 1137 1719 1210 promissionis
1733 1137 1874 1196 humanae
1889 1144 2010 1196 mutuae

362 1235 538 1299 contractus,
554 1227 601 1285 ubi
614 1227 667 1284 boc
682 1231 725 1284 est
738 1223 917 1297 prohibitum,
933 1231 964 1280 ut
977 1221 1011 1280 de
1027 1221 1159 1296 sponsali·
1197 1225 1240 1282 rel
1252 1233 1392 1299 acceptae;
1406 1233 1520 1300 pactum
1531 1233 1624 1285 numm
1636 1227 1788 1286 humanum
1798 1227 1911 1301 obligat
1921 1243 1956 1284 ex
1968 1243 2010 1298 se,

362 1322 415 1380 bus
435 1321 564 1379 statuitur
583 1320 611 1375 in
629 1332 692 1390 cap.
709 1319 842 1382 Gemma,
861 1314 895 1371 de
908 1328 1002 1386 spous.
1018 1312 1055 1370 ibi
1070 1327 1121 1369 nec
1135 1313 1161 1368 in
1197 1322 1227 1373 et
1236 1317 1292 1373 sine
1306 1315 1361 1373 ullo
1372 1316 1466 1376 ordine
1478 1317 1511 1374 ad
1520 1317 1691 1374 coactionem
1703 1316 1902 1378 iudicis.Unde
1910 1331 2012 1390 quam·

362 1409 550 1481 conscientie,
572 1423 623 1465 nee
644 1422 694 1479 per
714 1405 875 1463 senentiam
895 1401 986 1460 debita
1005 1410 1049 1460 est
1063 1417 1161 1475 poena.
1197 1405 1238 1462 ris
1258 1421 1312 1463 non
1333 1411 1483 1480 repugnet,
1499 1411 1615 1480 pactum
1628 1407 1687 1465 lieri
1701 1405 1753 1465 sub
1768 1407 1813 1464 illa
1828 1406 2010 1477 conditione,

361 1498 597 1572 Quandocumque
617 1510 683 1553 vero
705 1494 813 1552 licitum
833 1498 890 1560 est,
912 1507 1027 1565 poenam
1048 1505 1160 1565 ponere,
1197 1495 1306 1554 scilicet
1331 1496 1383 1553 sub
1402 1496 1451 1554 tali
1465 1511 1552 1569 poena
1565 1511 1614 1570 per
1628 1497 1749 1556 iudicem
1763 1495 1949 1570 imponenda,
1967 1495 2010 1554 rel

361 1589 465 1647 licitum
480 1589 561 1646 eham
574 1592 627 1656 est,
643 1600 704 1643 sose
720 1585 836 1642 invicem
852 1582 1045 1640 contrahentes
1059 1581 1086 1638 in
1097 1597 1164 1640 con·
1197 1592 1262 1658 post
1277 1585 1337 1644 eius
1351 1586 1512 1643 senentiam
1526 1585 1622 1643 saltem
1636 1585 1846 1644 declaratoriam
1858 1585 2008 1656 solvenda3

362 1675 701 1751 scientiaobligare.sicut
713 1675 849 1732 etiamest
861 1671 1066 1745 certum,quod
1078 1674 1100 1728 si
1115 1686 1163 1728 no·
1196 1675 1259 1733 talis
1284 1681 1374 1732 tamen
1399 1676 1514 1733 intentio
1535 1691 1590 1733 non
1610 1675 1721 1734 ridetur
1739 1683 1934 1735 consentanea
1948 1691 2011 1749 pro·

362 1769 414 1827 lint
434 1783 464 1826 se
485 1770 524 1825 ita
544 1766 683 1840 obligare,
704 1764 752 1823 sod
767 1763 857 1821 solum
872 1768 904 1820 ut
915 1763 978 1835 cogi
993 1762 1100 1833 possint
1113 1776 1161 1834 per
1196 1765 1334 1833 missioni,
1357 1765 1398 1823 rel
1418 1765 1539 1839 pactioni
1558 1765 1712 1840 humantes
1728 1781 1779 1824 nec
1793 1767 1879 1826 etiarn
1896 1765 2010 1824 ridetur

362 1858 482 1918 iudicem
497 1859 530 1916 ad
546 1857 627 1914 talem
642 1870 757 1930 poenam
772 1852 940 1923 solvendam,
953 1850 978 1908 id
993 1853 1074 1936 etiam
1087 1853 1160 1924 posi·
1196 1853 1413 1928 praesumenda,
1435 1855 1487 1912 nisi
1506 1857 1535 1912 in
1554 1855 1647 1913 verbis
1661 1856 1831 1929 declaretur,
1846 1856 1893 1914 rel
1909 1855 1947 1914 de
1964 1854 2010 1913 illa

362 1954 422 2007 tum
435 1950 472 2006 sit
484 1950 510 2005 in
525 1962 621 2005 eorum
637 1945 786 2016 voluntate,
798 1943 862 2018 quia
874 1940 940 1999 nibil
953 1948 1007 2015 est,
1020 1941 1098 2016 quod
1112 1957 1160 1999 cos
1195 1952 1273 2003 certo
1293 1950 1404 2003 constat
1423 1945 1584 2019 paciscenti.
1601 1944 1651 2003 Vel
1671 1953 1747 2004 certe
1760 1948 1814 2006 nisi
1826 1955 1944 2005 cortram
1961 1947 2008 2019 sit,

362 2041 510 2098 necessitct
524 2036 557 2095 ed
573 2052 601 2094 se
616 2035 702 2110 magis
716 2033 921 2107 obligandum
974 2083 977 2090 .
1195 2036 1266 2092 hanc
1288 2049 1349 2092 esse
1370 2050 1547 2094 communem
1567 2035 1816 2109 consuetudinem
1837 2043 1911 2095 tunc
1931 2037 2006 2094 enim

400 2132 427 2188 e.
444 2131 483 2188 lis
497 2127 619 2202 biserga
633 2125 744 2200 colligo,
756 2126 783 2182 in
797 2123 965 2182 conscientia
980 2120 1159 2181 iudicandum
1194 2125 1351 2182 censendus
1365 2130 1408 2183 est
1422 2128 1614 2200 unusquisque
1626 2125 1695 2184 rollo
1709 2127 1824 2200 obligari
1836 2125 2000 2186 secundum
2079 2145 2080 2156 ¹

360 2234 421 2278 esse
432 2219 466 2277 de
476 2217 639 2291 obligatione
649 2213 869 2273 contrabentium
880 2229 913 2271 ex
923 2213 1072 2271 intentione
1083 2214 1160 2285 ipso·
1193 2229 1367 2271 communem
1387 2215 1625 2274 consuetudinem.
1640 2219 1678 2274 lie
1700 2217 1746 2274 tall
1760 2223 1853 2274 sutem
1869 2231 2003 2274 consue·

360 2325 435 2380 rum,
456 2307 521 2382 quia
539 2323 574 2365 ex
594 2306 639 2364 illa
660 2304 761 2379 pendet
773 2305 918 2378 obligatio,
931 2310 961 2361 et
972 2301 1067 2377 quoad
1081 2301 1156 2359 illam
1192 2303 1285 2361 tudine
1300 2303 1364 2360 mibi
1378 2319 1435 2389 non
1446 2311 1571 2377 constat,
1587 2305 1719 2381 quicquid
1732 2308 1832 2366 Narnr.
1847 2315 1876 2366 et
1891 2308 1939 2364 alii
1959 2305 2004 2364 di·

361 2416 459 2457 eorum
473 2398 638 2456 confessioni
653 2395 781 2454 standum
792 2401 834 2453 est
845 2395 872 2452 in
885 2394 945 2452 loro
956 2393 1157 2451 conscientiae.
1192 2400 1266 2452 cant.
1282 2395 1316 2451 Et
1333 2394 1449 2453 formose
1463 2395 1498 2452 ad
1513 2411 1652 2455 summum
1666 2397 1839 2456 consuetudo
1849 2397 1949 2469 habet,
1967 2402 1999 2455 ut

361 2490 389 2548 Si
404 2496 496 2548 autem
516 2488 639 2545 nesciant
657 2485 805 2559 specialem
820 2485 995 2542 intentionem
1009 2483 1156 2556 explicare,
1192 2483 1253 2542 talis
1267 2499 1354 2558 poena
1368 2500 1422 2543 non
1436 2492 1582 2544 censeatur
1595 2485 1699 2556 debita,
1715 2487 1804 2546 donec
1818 2495 1953 2561 petatur,
1968 2494 2000 2545 ut

361 2580 410 2638 sed
430 2579 522 2636 solum
541 2575 697 2652 generalem
714 2574 910 2647 contrahendi,
925 2580 953 2632 at
966 2571 1101 2646 obligandi
1116 2588 1156 2645 sc,
1191 2572 1305 2631 covarr.
1320 2572 1443 2632 dicebat:
1460 2577 1549 2646 potuit
1559 2583 1652 2634 autem
1662 2577 1837 2636 consuetudo
1848 2577 2001 2636 introduci

359 2676 444 2743 prout
463 2666 615 2732 debebantr
639 2672 699 2724 tum
720 2665 746 2722 in
767 2666 861 2738 primis
878 2665 1028 2722 verborum
1042 2663 1083 2720 ris
1097 2678 1158 2736 per·
1183 2677 1225 2744 'er
1233 2661 1362 2734 probabili
1375 2664 1593 2737 praesumptione
1607 2680 1692 2738 supra
1705 2668 1911 2742 notataNeque
1927 2666 1998 2724 baec

359 2758 501 2832 penderma
521 2762 578 2830 est,
597 2771 660 2813 nam
675 2755 699 2811 si
713 2753 757 2812 illa
771 2755 930 2812 contineant
944 2752 1155 2826 promissionem
1191 2756 1234 2808 est
1248 2753 1356 2824 propria
1371 2751 1494 2810 limitatio
1508 2753 1619 2827 regulae
1639 2771 1723 2828 supra
1738 2756 1851 2828 positae,
1867 2757 1939 2831 quia
1953 2755 2000 2812 illa

359 2849 448 2921 ipsius
463 2861 568 2918 poenae
583 2847 611 2902 in
625 2845 673 2903 tali
687 2849 803 2918 eventu,
818 2845 875 2900 sine
889 2843 973 2901 dubio
987 2843 1076 2901 oritur
1091 2842 1159 2900 obli·
1192 2839 1317 2913 procedit
1331 2840 1364 2898 de
1379 2857 1465 2914 poena
1479 2841 1635 2916 legis,quae
1646 2851 1689 2902 est
1699 2845 1856 2919 simpliciter
1869 2845 1999 2903 involun-

360 2939 433 3013 gatio
456 2939 483 2994 in
498 2936 679 3009 conscientia,
695 2935 760 3010 quia
774 2941 817 2992 est
831 2933 973 3006 promissio
987 2931 1158 2990 conditiona-
1193 2929 1275 3000 uria,
1300 2935 1330 2986 et
1351 2943 1384 2986 ex
1407 2929 1573 3004 obligatione
1597 2935 1735 3007 imposita,
1758 2951 1811 2992 non
1836 2942 1998 3009 assumpta:

360 3035 405 3096 ta,
425 3042 497 3099 quae
518 3024 621 3099 obligat
634 3024 744 3098 impleta
758 3014 926 3081 conditione.
942 3023 978 3079 lit
990 3020 1043 3079 hoc
1059 3022 1158 3094 probat
1192 3031 1280 3089 poena
1293 3025 1386 3077 numm
1397 3021 1610 3080 conventionalia
1623 3028 1666 3080 est
1676 3023 1827 3082 voluntaria
1837 3027 1866 3084 in
1877 3042 1932 3084 sun
1946 3024 2000 3082 ori·

359 3115 514 3188 exemplum
528 3114 561 3172 de
575 3121 651 3187 roto,
666 3120 695 3171 et
709 3128 780 3187 quae
794 3112 828 3171 de
842 3113 889 3170 illo
903 3111 974 3170 tra'di
989 3111 1090 3185 solent,
1106 3112 1153 3170 ha·
1192 3108 1263 3182 gine,
1289 3123 1351 3166 nam
1373 3125 1408 3168 ea
1428 3110 1583 3170 voluntario
1603 3119 1749 3172 contractu
1768 3119 1907 3175 nascitur.
1931 3117 2000 3174 ltom

358 3205 424 3264 bont
443 3208 515 3263 enim
535 3204 629 3263 locum
650 3204 676 3260 in
697 3203 878 3277 promissione
898 3202 1017 3259 humana
1036 3202 1155 3275 poenali,
1193 3199 1235 3257 lex
1254 3199 1337 3257 ueluti
1358 3206 1456 3278 natura
1469 3216 1520 3258 sue
1535 3201 1603 3260 dicit
1615 3201 1737 3262 ordinem
1752 3204 1784 3262 ad
1798 3203 1924 3265 iudicem
1939 3211 1999 3264 tan·

359 3311 431 3371 quae
444 3300 487 3352 est
500 3293 611 3368 quidam
626 3299 799 3351 contractus.
816 3293 851 3350 lit
863 3290 958 3350 eadem
972 3293 1079 3350 ratione
1093 3307 1157 3366 pro·
1192 3304 1276 3363 quam
1297 3289 1330 3346 ad
1352 3296 1485 3348 motorem
1498 3307 1597 3365 suum,
1623 3307 1686 3351 nam
1700 3294 1781 3352 iudex
1801 3302 1845 3353 est
1856 3299 1941 3370 quasi
1955 3296 1999 3353 lex

359 3383 459 3442 cedent
473 3385 499 3441 in
513 3399 693 3458 quocumque
708 3389 857 3441 contractu
869 3380 983 3439 similem
995 3381 1155 3454 promissio·
1191 3379 1263 3452 viva,
1274 3393 1323 3435 seu
1337 3379 1426 3436 anima
1439 3379 1518 3452 legis,
1535 3389 1645 3452 pactum
1660 3388 1752 3442 autem
1765 3400 1798 3442 ex
1813 3399 1842 3442 se
1852 3400 1904 3457 per
1914 3385 2001 3458 ipsos·

359 3490 422 3532 nem
435 3472 699 3547 includentelltque
713 3473 786 3530 idem
800 3472 863 3536 erit,
880 3471 902 3527 si
916 3477 1079 3530 contractus
1091 3487 1156 3544 poe·
1192 3473 1247 3525 met
1262 3466 1453 3525 contrahentes
1467 3470 1623 3526 executioni
1641 3471 1764 3529 mandari
1786 3472 1880 3545 debet,
1896 3480 1926 3532 et
1938 3472 1998 3531 ideo

361 3562 430 3621 nelis
443 3564 601 3621 resolvatur
612 3564 640 3620 in
651 3561 858 3636 disiunctirum,
868 3567 899 3618 ut
908 3563 1038 3619 Faciam
1048 3560 1157 3618 luceat
1193 3573 1240 3632 ρετ
1260 3573 1289 3614 se
1302 3573 1356 3614 non
1371 3559 1490 3631 requirit
1501 3558 1636 3630 iudicem,
1653 3561 1785 3620 etiamad
1802 3566 1998 3622 executionem

359 3651 449 3721 iilud·
460 3669 522 3710 nam
536 3669 568 3710 os
584 3652 634 3709 illis
647 3651 738 3710 verbis
754 3653 813 3708 sine
827 3651 910 3708 dubio
925 3651 1013 3708 oritur
1028 3649 1156 3724 obligatio
1193 3661 1307 3719 poenae,
1322 3646 1370 3704 sed
1385 3646 1476 3704 solum
1487 3647 1562 3721 quod
1581 3650 1609 3705 in
1628 3651 1929 3726 couscientiaconstot,
1941 3658 1995 3710 mm

361 3743 395 3800 ad
409 3759 496 3800 unum
509 3759 543 3800 es
557 3742 626 3813 illis,
641 3749 670 3800 et
683 3747 884 3815 consequenter
899 3739 933 3798 ad
947 3739 1120 3812 secundum,
1136 3739 1159 3797 si
1195 3737 1227 3795 de
1245 3736 1476 3810 transgressione,
1497 3753 1581 3810 quam
1600 3736 1633 3795 de
1653 3740 1794 3799 voluntate
1813 3742 1948 3814 alterius,
1969 3745 1998 3798 et

360 3834 480 3904 primum
503 3848 556 3889 non
579 3832 718 3905 impletur.
736 3831 811 3889 Solet
833 3837 926 3889 autem
950 3830 1002 3887 hoc
1023 3831 1081 3886 lieri
1109 3846 1158 3903 per
1194 3827 1267 3884 cirili
1281 3842 1314 3883 ac
1328 3831 1476 3898 spontaneo
1491 3825 1572 3883 modo
1585 3829 1719 3902 erigentis
1734 3845 1846 3902 poenas.

361 3923 472 3979 modum
492 3936 608 3994 poenae,
623 3919 734 3996 quando
750 3935 835 3978 unum
851 3901 894 3976 ist
907 3935 956 3993 per
972 3921 1103 3992 reprimo
1119 3919 1158 3976 in·
1237 3918 1264 3974 l.
1278 3915 1337 3973 ntia
1352 3916 1414 3972 itero
1429 3915 1553 3974 limitatio
1567 3915 1602 3973 ad
1615 3915 1718 3976 dictam
1731 3919 1854 3993 regulam
1870 3918 1994 3981 adhiberi

361 4017 467 4070 tentum
487 4027 536 4085 per
556 4015 742 4082 contractum,
764 4015 793 4066 et
806 4007 882 4068 aliud
897 4009 1057 4081 adiungitur
1071 4009 1097 4065 in
1111 4008 1160 4068 de·
1194 4003 1274 4077 solet,
1287 4011 1319 4063 ut
1332 4003 1449 4079 scilicet,
1462 4020 1516 4061 non
1531 4007 1662 4077 procedat
1676 4011 1703 4066 in
1719 4025 1806 4082 poena
1819 4015 1995 4070 testamenta·

358 4103 463 4161 tectum
477 4099 562 4172 illius,
577 4104 606 4158 et
620 4100 700 4172 quasi
714 4099 749 4156 ad
765 4098 924 4173 cogendum
938 4097 1155 4171 contrahentem,
1196 4097 1247 4168 ria,
1262 4111 1333 4169 quae
1348 4095 1418 4153 solet
1431 4095 1496 4167 poni
1510 4096 1537 4152 in
1551 4096 1654 4170 legato,
1670 4114 1720 4157 seu
1735 4100 1864 4160 mandato
1879 4108 1996 4160 teamto·

361 4206 396 4248 ne
416 4192 441 4248 in
462 4189 604 4263 principali
623 4187 742 4247 deficiat.
758 4188 877 4262 Denique
899 4188 934 4246 ob
954 4187 1077 4246 eamdem
1093 4203 1159 4247 cau·
1194 4185 1233 4244 ris
1252 4185 1416 4258 imponentis
1439 4185 1522 4242 talem
1535 4185 1578 4243 vel
1600 4186 1682 4246 talem
1697 4203 1823 4264 poenam,
1839 4191 1861 4247 si
1875 4207 1931 4248 non
1946 4191 1995 4246 im·

361 4297 437 4354 sam,
456 4281 477 4336 si
489 4278 574 4337 rerba
586 4284 750 4338 contractus
765 4278 830 4336 satis
846 4279 998 4352 significant
1018 4277 1160 4352 obligatio·
1194 4276 1313 4349 plentur.
1327 4275 1396 4332 llam
1409 4273 1474 4332 licet
1488 4279 1601 4333 testator
1615 4277 1705 4360 solum
1720 4278 1795 4337 dicat
1807 4278 1860 4337 sub
1873 4281 1922 4340 tali
1932 4294 1997 4354 poe·

360 4389 424 4430 nem
445 4371 504 4444 ipso
523 4369 607 4442 lacto,
624 4368 666 4426 rel
680 4383 714 4426 eo
727 4369 802 4441 ipso,
817 4367 890 4442 quod
905 4367 1003 4443 aliquis
1018 4368 1099 4427 luerit
1113 4386 1160 4443 pa·
1194 4381 1245 4437 ne,
1266 4381 1320 4423 non
1341 4364 1455 4438 impleus
1473 4364 1532 4423 eius
1552 4365 1736 4440 voluntatem,
1750 4374 1861 4428 tenetur
1877 4371 1906 4427 in
1929 4383 1995 4427 con·

361 4470 439 4521 ctum
452 4467 651 4533 transgressus,
664 4473 719 4515 oon
734 4457 824 4530 video,
836 4473 889 4516 cur
902 4474 956 4516 non
973 4457 1079 4516 oriatur
1092 4459 1159 4516 obli·
1193 4455 1316 4515 scientia.
1331 4445 1415 4523 Quae'
1428 4463 1472 4514 est
1494 4457 1650 4514 communis
1676 4459 1808 4518 sententia
1822 4462 1951 4520 Pancrm.
1968 4457 1994 4514 in

361 4553 437 4627 gatio
451 4550 478 4608 in
492 4549 673 4621 conscicntia,
686 4562 751 4606 curn
761 4562 794 4605 ex
805 4547 894 4606 verbis
905 4546 1052 4606 debeamus
1066 4548 1100 4605 de
1111 4565 1159 4607 ro·
1193 4543 1404 4617 edelboldus,
1416 4543 1450 4603 de
1465 4551 1619 4603 testament.
1633 4561 1661 4602 n.
1675 4549 1793 4620 25,hot.
1807 4554 1835 4608 3.
1848 4567 1876 4622 ρ.
1891 4551 1934 4610 tit.
1951 4553 1992 4620 to,

259 4685 263 4694 .
362 4643 465 4700 lunute
484 4639 624 4713 iudicare,
638 4645 669 4697 et
688 4637 733 4695 illa
753 4637 836 4697 verba
850 4639 916 4696 sotis
930 4638 1050 4696 indicent
1063 4638 1159 4696 huius·
1193 4651 1221 4695 c.
1238 4641 1266 4706 i,
1281 4643 1297 4704 6
1314 4641 1360 4706 11,
1376 4635 1549 4709 quaestione.
1566 4638 1594 4706 4,
1609 4634 1695 4694 Caiet-
1717 4637 1745 4696 in
1760 4638 1890 4712 Summa,
1906 4638 1993 4697 aerbo

361 4731 435 4790 modi
453 4729 633 4788 ‘voluntatem
650 4730 824 4801 Quapropter
846 4729 897 4785 nisl
919 4733 1030 4786 constet
1046 4729 1080 4786 de
1093 4743 1161 4786 con·
1190 4742 1300 4804 poeno,
1316 4726 1414 4785 Corar.
1430 4725 1457 4782 in
1479 4724 1827 4798 discooperientem,
1845 4733 1861 4795 s
1879 4733 1905 4804 l,
1922 4746 1949 4787 n.
1966 4732 1992 4798 6,

363 4822 446 4880 traria
459 4818 657 4878 cousuetudine
673 4817 719 4894 lde
733 4834 788 4892 qua
801 4818 868 4877 mihi
884 4834 938 4877 non
952 4825 1158 4893 constat,praa·
1192 4825 1221 4876 et
1234 4816 1259 4874 io
1275 4820 1303 4888 1,
1316 4831 1344 4887 ρ.
1357 4819 1410 4888 Μ
1425 4819 1453 4887 8,
1465 4830 1542 4871 num.
1562 4817 1608 4885 ll,
1619 4816 1719 4873 Narar.
1739 4815 1816 4873 dioto
1841 4818 1932 4893 capite
1945 4822 1992 4888 23,

362 4913 457 4969 sertim
477 4925 527 4982 pro
548 4909 594 4967 teli
613 4907 707 4984 casu),
722 4925 835 4981 conseo,
850 4911 891 4968 sic
906 4910 1114 4984 contrahentes,
1130 4917 1159 4970 et
1192 4923 1220 4964 n·
1234 4907 1282 4977 67,
1296 4913 1325 4963 et
1337 4904 1433 4963 Castro
1448 4902 1523 4960 dieto
1536 4901 1607 4960 libro
1620 4909 1650 4976 2,
1666 4920 1694 4961 c·
1710 4908 1736 4980 l,
1752 4905 1891 4980 Titoquel.
1908 4921 1992 4982 supra

361 4999 592 5075 transgredientes
615 5005 792 5059 contractum
815 5001 928 5075 obligari
951 5001 985 5060 ad
1000 5016 1119 5074 poenam
1132 5001 1159 5058 in
1191 5013 1219 5054 n.
1239 5000 1285 5056 et.
1308 4997 1485 5054 flaecautem
1506 4992 1629 5052 limitatio
1650 4993 1714 5053 licet
1734 4996 1989 5058 veramdoctriuam

361 5091 543 5164 conscientia,
568 5097 630 5149 ante
653 5091 830 5164 sententiam,
857 5090 952 5149 saltem
977 5093 1000 5149 ei
1023 5091 1058 5148 nb
1072 5092 1159 5149 altera
1192 5087 1340 5155 contineat,
1356 5099 1453 5144 revera
1473 5098 1529 5141 non
1550 5090 1593 5141 est
1610 5083 1733 5143 limitatio
1753 5085 1986 5168 regulaepositee.

361 5186 439 5254 parte
457 5187 582 5255 petatur,
608 5187 640 5241 ut
662 5182 750 5257 magis
768 5195 802 5241 cx
820 5183 943 5257 mouenti
958 5187 1062 5256 puncto
1081 5197 1153 5259 ,con-
1196 5177 1265 5246 Quia
1276 5176 1409 5234 haecnon
1422 5179 1468 5232 est
1479 5187 1544 5232 rora
1559 5173 1714 5247 poena,sed
1728 5175 1900 5250 conditio,ut
1912 5181 1987 5236 recte

362 5269 454 5329 stabit.
1193 5268 1298 5330 nonsit
1308 5267 1378 5328 abb.
1393 5281 1478 5342 supra
1492 5280 1525 5325 ox
1536 5264 1666 5325 Glaesibi
1679 5265 1762 5326 aerbo
1778 5263 1933 5328 adiicient-
1942 5267 1989 5328 Te·
