4294 6238
403 367 465 432 296
1099 380 1276 432 pransuri.

361 512 419 566 cito
430 511 589 585 principis,
599 507 644 565 oei
656 506 801 584 praelati.
811 512 900 582 Atque
914 508 1009 565 eodem
1022 505 1102 563 modo
1114 521 1159 562 ex·
1196 504 1256 562 idec
1272 515 1403 564 censetur
1418 509 1545 580 princeps
1560 511 1642 577 tacite
1657 511 1835 582 consentire,
1855 512 1997 582 suppositis

361 599 492 672 pedieuda
510 607 553 656 est
573 606 672 673 quarta
687 599 820 670 obiectioq
842 615 905 655 nam
919 597 1104 655 communitas
1120 594 1158 651 ie·
1194 595 1253 652 aiiis
1267 596 1480 669 conditionibus,
1491 606 1523 654 ut
1536 600 1656 670 populus
1669 615 1722 658 uon
1733 602 1879 657 consentit
1900 603 1999 658 ratione

360 692 494 747 minarum
508 705 569 746 esse
585 694 676 761 potest
689 704 776 760 copas
792 690 867 761 tegis,
883 689 965 744 etita
984 685 1159 743 consuetudo
1195 688 1308 742 minoris
1323 690 1428 762 partis,
1445 703 1523 760 ergo.

360 793 455 836 eorum
469 786 615 850 acceptata
629 794 644 835 a
659 778 780 862 praelato
795 783 890 849 'potest
910 776 997 849 legem
1015 775 1157 845 inducero,
1232 777 1368 832 Posterior
1383 783 1476 837 nutem
1491 793 1566 850 pars,
1580 777 1700 848 sciticet,
1716 795 1798 836 usum
1814 780 1924 836 maioris
1941 795 2000 850 par-

360 875 391 925 ut
408 885 537 942 expresso
562 869 667 925 notavit
686 869 761 924 Bart.
778 869 804 923 in
819 866 891 922 dicto
911 867 930 922 Ι.
947 871 974 937 2,
991 867 1021 922 G.
1038 867 1161 938 quaesit
1194 865 1227 920 tis
1247 866 1399 938 sufficere,
1425 869 1565 924 contraria
1590 869 1692 926 ratione
1713 869 1866 939 fundatur,
1891 871 1957 941 quia
1976 871 2000 926 ia

359 958 433 1032 iong.
450 963 576 1015 consuet.
594 974 622 1014 n.
643 961 685 1015 ts.
704 956 743 1014 nd
760 956 882 1014 citimam
897 971 963 1012 sero
978 954 1091 1022 dicitur,
1108 953 1157 1009 iai-
1193 956 1267 1010 omui
1285 959 1487 1013 communitate.
1498 956 1531 1014 ad
1547 956 1666 1015 satorem
1677 965 1792 1016 actuum
1808 958 1868 1014 eius
1885 973 2001 1015 consen·

359 1063 417 1105 sam
435 1063 496 1105 esse
517 1048 679 1104 seutentiam
693 1046 726 1102 ibi
742 1046 900 1120 allegatam,
917 1061 979 1102 narn
997 1047 1103 1116 privata
1119 1043 1159 1100 ia·
1194 1060 1241 1100 sus
1262 1045 1373 1101 maioris
1394 1048 1479 1118 partis
1500 1045 1630 1103 sufficere
1651 1047 1738 1118 soiet,
1761 1047 1807 1104 ubi
1831 1047 1875 1103 ius
1904 1047 2000 1120 aliquid

359 1137 432 1194 mitia
445 1154 499 1194 uon
514 1144 606 1209 potest
620 1137 751 1194 inducere
767 1137 909 1208 proprium
924 1137 967 1192 ius
981 1134 1159 1191 consuetudi·
1194 1135 1312 1205 speciata
1329 1151 1382 1191 non
1397 1137 1503 1193 statuit.
1513 1137 1581 1204 Quia
1594 1136 1619 1192 iu
1634 1137 1831 1208 permundata
1852 1152 2000 1194 consensus

358 1230 411 1300 nis,
424 1227 488 1301 quia
502 1243 550 1300 per
564 1242 593 1283 se
608 1226 665 1284 scia
681 1242 734 1284 nou
749 1233 793 1283 est
806 1241 893 1298 capax
908 1209 987 1298 ieg'is,
999 1224 1081 1281 otiam
1095 1239 1156 1295 pns·
1194 1227 1303 1283 inaioris
1317 1230 1402 1300 partis
1414 1218 1546 1283 'censetur
1564 1229 1648 1283 totius
1663 1226 1827 1298 corporis,i.
1844 1225 1923 1299 qued
1936 1243 1999 1284 nic·

358 1321 415 1375 sire
433 1324 540 1374 tantum
554 1339 561 1390 3
585 1334 646 1374 nam
667 1324 709 1374 est
729 1316 889 1389 imperfecta
904 1315 1031 1387 omuino,
1047 1319 1075 1370 et
1088 1329 1158 1369 nun·
1195 1318 1250 1383 ior,
1265 1316 1342 1374 idad
1357 1316 1563 1389 municipaicur,
1579 1324 1607 1374 ot
1621 1319 1725 1373 notarit
1741 1331 1896 1388 congerens
1916 1316 2000 1374 muita

358 1423 441 1482 quam
462 1423 512 1464 suo
532 1406 733 1464 consuetudine
752 1413 843 1478 potest
857 1406 1032 1462 introducere
1046 1406 1102 1475 ius,
1117 1409 1158 1460 et·
1193 1399 1279 1462 Feiin.
1297 1406 1322 1462 in
1337 1422 1399 1478 cap.
1418 1408 1495 1463 Com
1510 1422 1625 1466 carneo.
1644 1406 1678 1463 dc
1692 1406 1805 1462 constit.
1822 1421 1851 1461 n.
1873 1409 1919 1476 ti,
1935 1411 1961 1460 et
1976 1407 2000 1461 in

332 1519 335 1529 ·
358 1499 412 1555 inm
427 1512 492 1554 cum
507 1513 644 1553 consensu
661 1497 801 1568 principis,
824 1499 889 1569 quia
909 1495 952 1552 iiia
967 1495 1037 1566 sois,
1060 1510 1092 1550 nc
1110 1510 1158 1566 per
1195 1495 1384 1566 structioribus
1407 1496 1433 1552 id
1455 1498 1508 1552 iam
1523 1497 1681 1567 attigimus,
1702 1509 1767 1567 ergo
1781 1495 1865 1551 etiam
1880 1495 1907 1549 iu
1927 1509 1999 1565 prae·

358 1603 388 1644 ac
401 1594 512 1660 sumpta
530 1603 585 1644 non
605 1592 648 1643 est
661 1602 746 1659 capax
762 1586 840 1660 tegis,
856 1587 935 1643 ctiam
950 1584 1127 1655 imponendae
1143 1599 1157 1640 a
1193 1585 1260 1639 senti
1281 1588 1413 1640 censetur
1438 1585 1612 1644 consuetudo
1628 1586 1713 1640 totius
1727 1585 1951 1654 communitatis,
1968 1600 1998 1640 ac

357 1679 491 1752 principe,
504 1684 534 1734 ut
548 1677 592 1733 tib.
607 1679 629 1750 i,
642 1693 704 1748 cap.
719 1677 763 1733 lX.
778 1676 926 1732 declaravi.
939 1677 995 1732 Nec
1010 1678 1094 1732 otiam
1109 1691 1158 1747 po·
1193 1673 1305 1730 subinde
1324 1674 1477 1730 sufficiens.
1495 1675 1530 1730 Et
1550 1675 1587 1730 ita
1607 1674 1729 1730 sentiunt
1741 1673 1800 1730 iere
1815 1681 1946 1731 auctores
1962 1674 1999 1728 nt·

358 1775 413 1824 test
436 1769 511 1824 circa
535 1767 602 1823 aiios
628 1764 856 1826 consuetudinem
878 1766 1070 1837 introducere,
1094 1765 1158 1837 quio
1193 1763 1289 1836 iegati,
1314 1765 1380 1836 quia
1401 1763 1489 1820 scium
1511 1763 1562 1820 boc
1578 1765 1732 1834 requirunt.
1748 1762 1894 1830 Quomodo
1911 1769 1999 1818 autem

358 1856 531 1914 consuetudo
552 1858 633 1913 unius
648 1872 702 1912 uon
719 1852 822 1928 obiigat
835 1855 937 1927 otium,
953 1870 1005 1912 nec
1021 1856 1055 1911 ibi
1067 1846 1159 1927 potest
1192 1853 1245 1910 boc
1264 1853 1387 1910 sufficiat
1402 1852 1435 1909 ad
1450 1852 1677 1910 consuetudinem
1689 1852 1868 1927 derogantem
1887 1853 1950 1924 tegi,
1962 1851 1999 1908 di·

357 1947 495 2020 praesumi
516 1946 645 2004 voiuutas
667 1947 798 2018 principis
820 1945 957 2020 obligandi
980 1951 1065 2002 totam
1081 1960 1157 2002 com·
1192 1959 1253 1999 carn
1274 1944 1300 1998 in
1330 1959 1391 2014 cap.
1405 1943 1473 1999 XVI.
1488 1941 1570 1999 Addit
1584 1958 1650 1999 vero
1664 1944 1761 2016 Augei.
1778 1958 1865 2014 supra
1882 1958 1957 1998 num.
1971 1944 1996 2009 i,

357 2039 518 2094 munitatem
532 2034 695 2108 perfectam,
706 2041 818 2107 propter
832 2035 1060 2092 consuetudinem
1076 2036 1158 2091 unius
1192 2047 1252 2089 esse
1272 2033 1470 2102 necessarium,
1481 2031 1593 2089 uiduae
1605 2039 1697 2104 partes
1709 2033 1919 2090 communitatis
1936 2047 1998 2088 eoa·

356 2127 442 2198 portis
462 2125 648 2198 imperfectae,
665 2132 695 2182 ut
709 2127 735 2181 ia
750 2126 877 2199 sequenti
891 2132 994 2198 puncto
1009 2123 1157 2197 explicabi·
1192 2123 1329 2192 sentiant,
1350 2129 1377 2179 ot
1395 2121 1510 2179 adducit
1529 2121 1547 2178 Ι.
1565 2119 1649 2188 sacili,
1675 2128 1704 2178 ot
1724 2121 1742 2177 Ι.
1758 2121 1865 2196 picae,
1884 2122 1911 2178 ii.
1927 2119 1997 2194 quod

357 2231 430 2273 mus.
447 2215 590 2283 Quomodo
605 2222 698 2272 nutem
713 2215 765 2271 boc
780 2215 871 2271 lacurn
888 2215 985 2290 habent
998 2216 1023 2271 in
1039 2230 1156 2272 consue·
1191 2211 1282 2269 cuius.
1299 2215 1419 2269 univers.
1436 2219 1464 2268 et
1485 2213 1604 2288 sumpsit
1623 2229 1655 2270 ar
1676 2213 1863 2270 Panormitae.
1881 2211 1907 2266 in
1925 2209 1995 2268 dicto

357 2303 450 2362 tudina
471 2304 619 2378 abrogante
641 2303 744 2378 iegem,
768 2303 846 2362 iuciie
865 2303 1044 2376 explicabitur
1057 2319 1090 2361 ea
1104 2303 1156 2361 hac
1192 2317 1253 2374 cap.
1275 2303 1328 2359 uit.
1344 2318 1371 2358 n.
1393 2306 1438 2371 ts,
1454 2303 1501 2375 qui
1521 2304 1606 2374 magis
1631 2301 1683 2358 boc
1702 2300 1866 2359 declaravit.
1882 2304 1918 2357 nt
1934 2315 1995 2356 sero

357 2395 453 2452 uitima
473 2392 699 2472 consideratione.
1191 2407 1370 2465 quocumque
1393 2391 1473 2448 modo
1489 2391 1658 2464 demoretur,
1674 2398 1717 2449 est
1731 2408 1830 2464 parurn
1840 2390 1996 2448 necessarie
2079 2451 2080 2454 ,

400 2488 443 2542 td.
460 2484 525 2540 Dico
545 2485 639 2540 tertio:
655 2484 690 2542 Ut
708 2486 883 2543 consuetudo
897 2503 911 2542 a
927 2483 1028 2558 papuio
1044 2483 1156 2541 induca-
1192 2481 1217 2537 in
1236 2483 1372 2553 praesenti
1393 2481 1461 2538 baec
1477 2481 1626 2538 restrictio.
1642 2483 1711 2540 Nam
1726 2482 1748 2537 si
1770 2481 1949 2554 intelligatur,
1966 2484 1996 2534 ut
2079 2469 2080 2512 ἶ

357 2582 415 2646 tur,
427 2573 613 2630 necessarium
632 2582 684 2645 est,
694 2581 725 2632 ut
740 2575 836 2632 saitem
850 2591 865 2632 a
880 2576 975 2632 maiori
989 2580 1065 2647 parte
1080 2590 1156 2630 com·
1191 2569 1262 2627 duae
1286 2577 1378 2642 partos
1399 2571 1491 2642 popuii
1516 2573 1703 2642 consentiant,
1724 2579 1753 2629 et
1765 2569 1993 2629 consuetudinem

356 2663 496 2722 munitatis
513 2664 686 2735 observetur,
699 2671 781 2737 atque
796 2665 840 2723 iila
856 2665 969 2722 suflicit.
982 2665 1103 2721 Assertio
1114 2670 1157 2720 est
1191 2659 1348 2730 observent,
1363 2659 1416 2716 boc
1431 2675 1486 2716 non
1500 2666 1541 2716 est
1555 2675 1669 2732 rerum,
1686 2663 1751 2734 quio
1771 2660 1849 2718 nulio
1859 2664 1923 2718 iure
1936 2675 1993 2732 pro-

357 2755 514 2814 ccmmunis
530 2755 652 2811 omnium
667 2763 826 2828 oriciorum,
843 2772 913 2830 quos
928 2754 1018 2828 retuii3
1031 2761 1059 2810 et
1073 2753 1156 2810 rideri
1191 2751 1287 2823 batur3
1312 2765 1375 2808 nam
1391 2753 1418 2806 in
1433 2749 1485 2806 iliis
1500 2748 1607 2823 iegibus
1621 2749 1674 2806 boc
1689 2766 1741 2807 uon
1756 2750 1878 2821 dicitur,
1894 2749 1940 2806 sed
1954 2765 1994 2805 so-

357 2850 448 2917 potest
463 2844 516 2900 iate
530 2845 602 2900 Bari.
620 2845 646 2898 ia
663 2843 680 2899 Ι.
692 2848 721 2914 2,
734 2845 763 2901 C.
776 2861 846 2917 quae
861 2848 898 2901 sit
912 2845 985 2917 long.
998 2851 1156 2901 consucta
1191 2840 1248 2897 lum
1263 2855 1323 2896 esse
1346 2841 1529 2897 necessariam
1545 2843 1725 2911 praesentiam
1740 2840 1863 2897 duarum
1880 2841 1992 2912 partium

355 2949 433 2990 num.
454 2937 498 3002 ta,
513 2941 541 2990 et
553 2932 642 2989 Roob.
656 2949 741 3005 supra
756 2943 826 2991 sect.
843 2940 870 2994 t.
888 2951 903 2991 a
919 2937 1062 3007 principio.
1075 2936 1155 2992 Ratio
1191 2931 1412 3002 uniuscuiusque
1426 2931 1650 3001 communitatis,
1675 2938 1706 2988 ut
1720 2937 1782 2990 aeta
1797 2929 1872 2987 iliius
1889 2932 1992 2987 nomiae

357 3025 458 3096 prioris
474 3025 559 3095 partis
572 3025 696 3096 estquis
710 3008 884 3082 consuetudo
895 3023 976 3082 debet
990 3041 1051 3081 esse
1066 3041 1155 3082 mora·
1191 3021 1400 3079 communitatis
1413 3021 1470 3076 fieri
1484 3027 1664 3092 censeantur,
1683 3021 1727 3078 ubi
1740 3022 1839 3078 Glossa
1858 3027 1945 3094 notat,
1956 3013 1998 3076 et·'

355 3113 417 3171 iitor
430 3129 446 3170 a
459 3118 517 3170 tota
530 3115 737 3185 communitate,
754 3129 820 3178 cunr
835 3115 877 3170 ius
893 3114 951 3171 eius
966 3115 991 3170 in
1008 3121 1094 3172 totam
1108 3131 1155 3172 ca·
1190 3111 1243 3169 iam
1258 3118 1323 3169 tunc
1338 3127 1392 3168 non
1410 3127 1471 3168 esse
1491 3111 1678 3168 necessarium
1691 3126 1859 3169 consensum
1876 3111 1991 3168 duarum
2079 3151 2080 3154 ,

355 3204 420 3261 dot:
444 3203 639 3260 minorantem
654 3219 717 3278 pars
731 3219 785 3261 non
801 3203 920 3276 sufficit,
938 3211 969 3261 ut
983 3206 1155 3262 consuetudo
1189 3200 1306 3274 partium
1325 3201 1453 3273 iliorum,
1472 3203 1519 3273 qui
1533 3202 1683 3273 assistunt,
1703 3200 1750 3258 sod
1764 3203 1834 3258 sotis
1852 3217 1915 3259 esse
1929 3216 1991 3257 con·

355 3293 405 3365 ipsi
427 3292 615 3349 communitati
637 3283 795 3365 simplicit&
810 3293 1055 3368 tribuatur,neque
1071 3295 1155 3351 utin·
1190 3307 1301 3348 sensnm
1318 3291 1429 3347 maioris
1440 3290 1526 3362 partis
1543 3291 1737 3362 praesentium.
1752 3289 1832 3358 Quod
1851 3291 1932 3348 etism
1945 3291 1991 3345 Pn-

354 3382 441 3446 ducat
459 3397 626 3440 consensum
640 3382 1054 3457 eius.ltemquiaadierondam
1067 3386 1154 3457 tegern
1190 3381 1300 3438 normit.
1316 3380 1342 3437 in
1362 3381 1496 3451 praesenti
1516 3378 1633 3450 iatetur,
1648 3386 1676 3435 et
1696 3380 1874 3454 itainteiiigit
1892 3380 1988 3436 dictam
2079 3423 2080 3428 1

353 3488 402 3545 per
418 3487 576 3544 expressam
591 3471 757 3528 uetustatem
772 3475 991 3545 communitatis,
1009 3489 1062 3530 non
1078 3473 1155 3530 suffl·
1189 3471 1208 3527 i.
1221 3467 1298 3544 quod
1311 3472 1432 3536 maiori,
1449 3473 1477 3525 et
1489 3483 1550 3540 cap.
1568 3468 1646 3541 2,'de
1662 3467 1720 3537 bis,
1733 3483 1802 3542 quae
1817 3469 1913 3525 firrnta
1928 3466 1986 3524 mai.

355 3569 431 3620 cerci
452 3577 606 3618 consensus
627 3561 738 3619 minoris
753 3563 854 3635 pertis,
874 3578 926 3620 nec
939 3562 1010 3620 solet
1024 3563 1160 3621 sufficere·
1190 3577 1249 3634 por.
1267 3576 1331 3632 cap.
1345 3561 1372 3616 st
1393 3575 1458 3617 roro
1475 3559 1566 3616 scium
1584 3557 1769 3632 intelligatur,
1785 3575 1848 3616 esse
1866 3573 1987 3616 necessa·

354 3654 380 3708 in
394 3651 631 3726 eiectionibus,et
650 3639 679 3708 in'
689 3652 746 3708 otiis
760 3653 879 3726 actibus,
898 3655 945 3727 qui
967 3669 981 3710 a
1001 3655 1154 3710 communi·
1189 3653 1258 3708 riom
1275 3651 1455 3722 praesentiam
1469 3648 1587 3707 duarum
1605 3651 1726 3721 partium
1747 3650 1858 3724 popuii,
1882 3651 1931 3705 troc
1944 3663 1987 3704 su·

354 3748 409 3798 tate
425 3742 481 3797 iicri
497 3741 596 3812 soient,
612 3738 654 3797 aci
670 3747 795 3816 possunt3
811 3758 877 3815 ergo
892 3742 979 3798 muitc
995 3742 1083 3800 minus
1098 3743 1154 3800 sui·
1190 3740 1293 3811 pertus
1307 3740 1462 3818 postulatur
1478 3739 1503 3794 in
1524 3738 1725 3795 consuetudine
1742 3739 1849 3810 popuii,
1866 3754 1928 3796 cum
1943 3750 1987 3807 per

354 3830 426 3887 ficiet
440 3828 474 3886 ad
487 3829 670 3887 inducendam
686 3831 914 3888 consuetudinem
927 3831 1152 3904 tegetemliices,
1190 3846 1218 3888 se
1238 3836 1356 3901 constet,
1372 3829 1428 3886 iero
1449 3829 1585 3901 integrum
1600 3828 1733 3900 poputum
1752 3827 1910 3885 necessario
1930 3839 1985 3883 esse

353 3918 407 3976 troo
428 3924 504 3976 recto
523 3918 691 3990 procedere,
715 3920 760 3976 ubi
781 3935 935 3977 consensus
950 3922 1155 3980 communitatis
1191 3927 1362 3993 praesentem
1376 3919 1403 3976 in
1416 3917 1499 3991 ionga
1513 3915 1722 3975 consuetudine.

352 4016 426 4067 esset
439 4009 549 4082 propria
564 4024 649 4066 causa
663 4009 742 4082 togis,
758 4026 811 4066 nou
826 4025 892 4068 vero
909 4011 955 4067 ubi
970 4010 1012 4068 tex
1027 4025 1075 4083 per
1088 4027 1154 4069 corr·
1236 4013 1277 4070 tt.
1295 4012 1329 4068 Et
1344 4009 1404 4067 ideo
1417 3997 1565 4066 Panormit.
1579 4006 1664 4065 addit.
1676 4013 1819 4082 oportere,
1838 4011 1872 4064 ut
1886 4003 1983 4063 sulem

353 4097 526 4156 suetudinem
541 4097 680 4156 inducitur
690 4113 722 4156 ex
734 4113 870 4156 consensu
879 4101 1019 4172 principis.
1030 4103 1155 4173 Respoo·
1190 4099 1384 4174 discoperies
1398 4102 1523 4156 scientes
1537 4101 1597 4154 sint
1611 4096 1841 4166 consectudim's,
1860 4111 1932 4169 quae
1944 4097 1983 4150 tc·

353 4190 420 4246 dec:
443 4187 484 4245 rei
505 4189 595 4262 agitur
609 4187 643 4245 de
657 4205 797 4246 consensu
811 4205 941 4262 expresso
956 4193 1105 4265 principis,
1126 4198 1154 4251 et
1190 4188 1367 4248 troduetdur.
1381 4189 1435 4246 Sed
1450 4189 1503 4245 boc
1518 4195 1626 4260 spectat
1636 4188 1669 4245 ad
1684 4189 1749 4244 oties
1764 4188 1932 4246 conditiones
1945 4199 1982 4240 re·

352 4285 421 4336 tune
437 4295 532 4336 rerum
547 4284 688 4351 est,posse
701 4281 856 4352 principem
870 4280 941 4338 ierre
958 4282 1056 4356 tegern,
1070 4283 1154 4354 respi·
1188 4282 1304 4355 quisitas
1319 4283 1344 4336 in
1359 4279 1401 4335 bis
1416 4277 1522 4335 actibus
1537 4277 1921 4348 consuetudinis,scilicet,ut
1935 4290 1981 4347 pu·

351 4369 466 4442 ciendo,
482 4369 503 4426 si
518 4368 592 4440 sciit,
608 4368 642 4424 ad
657 4369 886 4427 consuetudinem
901 4385 1067 4445 paucorum,
1081 4374 1103 4429 si
1116 4372 1153 4430 iiii
1190 4370 1263 4428 biico
1276 4371 1351 4440 tiant;
1365 4367 1427 4424 inde
1440 4369 1512 4423 enim
1528 4367 1684 4424 necessario
1699 4382 1872 4439 consequens
1889 4371 1940 4434 cst,
1953 4369 1981 4418 ut

351 4458 460 4529 metior,
473 4458 516 4514 rei
532 4456 618 4530 magis
632 4457 777 4529 expediens
791 4457 927 4532 rideatur,
940 4459 1006 4517 iiiud
1022 4476 1085 4519 tero
1099 4479 1153 4518 non
1189 4461 1213 4516 si
1229 4460 1317 4517 maior
1332 4473 1395 4530 pars
1410 4454 1507 4529 popuii
1518 4455 1629 4528 publico
1643 4457 1873 4514 consuetudinem
1886 4458 1982 4534 sarret,¹

351 4548 461 4605 eritius
479 4547 768 4619 consuetudinarium,
785 4547 833 4605 sed
848 4551 902 4606 erit
916 4549 959 4606 tex
974 4551 1093 4624 scripta,
1111 4554 1151 4610 rei
1188 4565 1243 4607 non
1258 4549 1348 4607 sotum
1363 4547 1418 4620 iiia,
1428 4547 1476 4604 sed
1486 4546 1568 4604 etiam
1584 4546 1627 4602 aiii
1640 4548 1764 4604 notitiam
1775 4546 1849 4604 iiiios
1861 4545 1976 4602 babeam·

351 4651 484 4708 expresse
498 4635 564 4693 lata.
580 4635 627 4694 Vct
643 4637 733 4710 agitur
752 4637 786 4694 de
800 4653 936 4696 consensu
951 4642 1051 4714 tacito,
1067 4649 1095 4698 et
1109 4639 1152 4718 bip
1187 4641 1359 4712 Quamquam
1372 4637 1424 4696 boc
1439 4637 1688 4694 necessariumnco
1701 4638 1746 4693 sit:
1757 4652 1821 4694 nam
1833 4638 1895 4694 ticet
1908 4632 1978 4691 matti

351 4741 407 4783 non
433 4732 522 4799 potest
546 4726 742 4784 rationabiliter
765 4730 903 4799 praesumi
927 4736 1040 4803 propter
1065 4731 1152 4788 sciam
1187 4733 1330 4804 ignorent,
1351 4727 1503 4787 dummodo
1523 4743 1573 4799 pro
1587 4727 1684 4783 maiori
1700 4733 1776 4798 porte
1792 4727 1893 4797 sciant,
1908 4720 1977 4778 suffi-

351 4815 580 4874 cousuetudinem
600 4817 713 4872 minoris
731 4818 817 4888 portis
831 4821 911 4876 etiem
926 4819 1096 4877 sufficienter
1111 4828 1152 4878 to·
1188 4822 1311 4893 cit„quia
1325 4836 1390 4876 cum
1407 4836 1461 4877 non
1478 4819 1636 4890 requiretur
1649 4830 1744 4873 eorum
1759 4831 1919 4882 consensus,
1930 4824 1976 4868 nec

350 4905 480 4978 tamtam,
501 4911 559 4962 turn
578 4905 643 4979 quia
662 4904 707 4963 iiia
721 4909 909 4979 praesumptio
924 4908 999 4965 nutio
1014 4911 1074 4967 iuro
1089 4911 1153 4967 iun·
1187 4910 1284 4968 notitia
1298 4911 1453 4968 necessario
1467 4893 1650 4980 est,satisque
1664 4913 1718 4978 est,
1728 4906 1801 4980 quod
1817 4921 1858 4964 res
1869 4906 1901 4962 dc
1911 4899 1976 4958 sosii

350 4995 445 5066 datur,
461 5003 519 5053 tum
530 4997 611 5068 etiarn
624 4997 687 5069 quia
700 4997 827 5068 princeps
841 5013 888 5069 per
900 4998 951 5056 hcc
964 5000 1006 5056 ius
1017 5016 1070 5056 non
1082 5001 1151 5057 scri·
1186 4999 1307 5072 publica.
1322 4998 1442 5072 ideoque
1456 4993 1523 5057 dixit
1534 4997 1646 5054 iiocbus
1659 4996 1732 5053 dicto
1746 5013 1810 5069 cap.
1821 4999 1869 5055 uit.
1878 4993 1973 5060 secti,

351 5095 429 5162 ptum
444 5102 499 5142 non
513 5092 642 5143 censetor
653 5085 721 5143 reite
736 5086 856 5160 obtigere
867 5089 1000 5161 poputum
1013 5107 1068 5148 non
1084 5107 1150 5149 con-
1187 5107 1217 5148 n.
1235 5095 1283 5163 at,
1298 5090 1331 5147 ad
1352 5088 1580 5147 consuetudinem
1599 5087 1702 5160 requiri
1721 5087 1861 5144 scientiam
1880 5079 1972 5157 popuii,

351 5178 525 5249 sentientem,
546 5182 576 5233 ut
590 5177 757 5247 consentiae
769 5176 816 5234 sed
832 5179 936 5252 potius,
950 5181 1015 5253 quie
1029 5182 1148 5253 popuius
1185 5182 1228 5239 rei
1244 5181 1353 5239 maioris
1367 5180 1462 5254 partis,
1481 5178 1526 5236 ubi
1541 5177 1594 5235 iate
1609 5177 1661 5234 hoc
1675 5179 1865 5251 prosequitur,
1877 5179 1904 5230 et
1915 5183 1973 5228 con·

351 5266 508 5341 coumntit,
531 5273 560 5325 ot
581 5267 666 5325 tacito
686 5264 809 5340 postulat
822 5281 988 5327 consensum
1003 5271 1147 5346 principis,
1185 5271 1285 5332 firmat.
1302 5273 1347 5330 Sic
1360 5271 1442 5330 etiarn
1456 5269 1534 5328 dixit.
1548 5270 1662 5344 Gregor.
1679 5269 1768 5344 Lapsa
1783 5268 1808 5325 ic
1822 5267 1840 5326 1.
1854 5273 1880 5339 5,
1895 5263 1932 5321 tit.
1945 5262 1970 5330 ir
