<?xml version="1.0" encoding="UTF-8"?>
<!DOCTYPE html PUBLIC "-//W3C//DTD XHTML 1.0 Transitional//EN"
    "http://www.w3.org/TR/xhtml1/DTD/xhtml1-transitional.dtd">
<html xmlns="http://www.w3.org/1999/xhtml" xml:lang="en" lang="en">
 <head>
  <title>
</title>
<meta http-equiv="Content-Type" content="text/html;charset=utf-8" />
  <meta name='ocr-system' content='tesseract 3.04.00' />
  <meta name='ocr-capabilities' content='ocr_page ocr_carea ocr_par ocr_line ocrx_word'/>
</head>
<body>
  <div class='ocr_page' id='page_1' title='image "./tractatusdelegi00sugoog_0666.png"; bbox 0 0 4232 6220; ppageno 0'>
   <div class='ocr_carea' id='block_1_1' title="bbox 829 395 1678 463">
    <p class='ocr_par' dir='ltr' id='par_1_1' title="bbox 829 395 1678 463">
     <span class='ocr_line' id='line_1_1' title="bbox 829 395 1678 463; baseline -0.004 0"><span class='ocrx_word' id='word_1_1' title='bbox 829 411 989 463; x_wconf 80' lang='lat' dir='ltr'><strong>concurr.</strong></span> <span class='ocrx_word' id='word_1_2' title='bbox 1614 395 1678 460; x_wconf 83' lang='grc'><strong>639</strong></span> 
     </span>
    </p>
   </div>
   <div class='ocr_carea' id='block_1_2' title="bbox 59 535 1767 5354">
    <p class='ocr_par' dir='ltr' id='par_1_2' title="bbox 59 535 1767 5354">
     <span class='ocr_line' id='line_1_2' title="bbox 95 535 1730 614; baseline -0.001 -17"><span class='ocrx_word' id='word_1_3' title='bbox 95 545 224 614; x_wconf 85' lang='lat' dir='ltr'><strong>quatenus</strong></span> <span class='ocrx_word' id='word_1_4' title='bbox 245 544 289 596; x_wconf 90' lang='lat' dir='ltr'><strong>est</strong></span> <span class='ocrx_word' id='word_1_5' title='bbox 306 538 375 597; x_wconf 88' lang='lat' dir='ltr'><strong>iuris</strong></span> <span class='ocrx_word' id='word_1_6' title='bbox 394 537 546 610; x_wconf 88' lang='lat' dir='ltr'><strong>naturalis,</strong></span> <span class='ocrx_word' id='word_1_7' title='bbox 561 535 609 596; x_wconf 91' lang='lat' dir='ltr'><strong>sed</strong></span> <span class='ocrx_word' id='word_1_8' title='bbox 624 539 707 597; x_wconf 87' lang='lat' dir='ltr'><strong>etiam</strong></span> <span class='ocrx_word' id='word_1_9' title='bbox 722 538 841 610; x_wconf 91' lang='lat' dir='ltr'><strong>propriis</strong></span> <span class='ocrx_word' id='word_1_10' title='bbox 856 536 892 594; x_wconf 89' lang='lat' dir='ltr'><strong>le·</strong></span> <span class='ocrx_word' id='word_1_11' title='bbox 930 535 1099 610; x_wconf 89' lang='lat' dir='ltr'><strong>pellavimus,</strong></span> <span class='ocrx_word' id='word_1_12' title='bbox 1118 535 1152 593; x_wconf 92' lang='lat' dir='ltr'><strong>de</strong></span> <span class='ocrx_word' id='word_1_13' title='bbox 1166 551 1221 610; x_wconf 88' lang='lat' dir='ltr'><strong>que</strong></span> <span class='ocrx_word' id='word_1_14' title='bbox 1234 553 1286 594; x_wconf 91' lang='lat' dir='ltr'><strong>nou</strong></span> <span class='ocrx_word' id='word_1_15' title='bbox 1299 539 1389 594; x_wconf 89' lang='lat' dir='ltr'><strong>minor</strong></span> <span class='ocrx_word' id='word_1_16' title='bbox 1400 545 1456 609; x_wconf 90' lang='lat' dir='ltr'><strong>est,</strong></span> <span class='ocrx_word' id='word_1_17' title='bbox 1469 537 1516 595; x_wconf 88' lang='lat' dir='ltr'><strong>sed</strong></span> <span class='ocrx_word' id='word_1_18' title='bbox 1528 537 1730 612; x_wconf 88' lang='lat' dir='ltr'><strong>quodammodo</strong></span> 
     </span>
     <span class='ocr_line' id='line_1_3' title="bbox 95 625 1737 704; baseline 0 -18"><span class='ocrx_word' id='word_1_19' title='bbox 95 631 183 703; x_wconf 90' lang='lat' dir='ltr'><strong>gibus,</strong></span> <span class='ocrx_word' id='word_1_20' title='bbox 199 635 227 686; x_wconf 90' lang='lat' dir='ltr'><strong>et</strong></span> <span class='ocrx_word' id='word_1_21' title='bbox 239 630 393 704; x_wconf 74' lang='lat' dir='ltr'><strong>praeceptis</strong></span> <span class='ocrx_word' id='word_1_22' title='bbox 406 630 463 687; x_wconf 88' lang='lat' dir='ltr'><strong>suis</strong></span> <span class='ocrx_word' id='word_1_23' title='bbox 481 627 592 686; x_wconf 87' lang='lat' dir='ltr'><strong>easdem</strong></span> <span class='ocrx_word' id='word_1_24' title='bbox 607 643 650 686; x_wconf 87' lang='lat' dir='ltr'><strong>res</strong></span> <span class='ocrx_word' id='word_1_25' title='bbox 671 628 892 696; x_wconf 79' lang='lat' dir='ltr'>commendasse,</span> <span class='ocrx_word' id='word_1_26' title='bbox 930 628 1016 682; x_wconf 89' lang='lat' dir='ltr'><strong>maiar</strong></span> <span class='ocrx_word' id='word_1_27' title='bbox 1033 625 1186 684; x_wconf 77' lang='lat' dir='ltr'>certitudo.</span> <span class='ocrx_word' id='word_1_28' title='bbox 1204 627 1272 694; x_wconf 78' lang='lat' dir='ltr'><strong>Quia</strong></span> <span class='ocrx_word' id='word_1_29' title='bbox 1286 642 1333 698; x_wconf 90' lang='lat' dir='ltr'><strong>per</strong></span> <span class='ocrx_word' id='word_1_30' title='bbox 1344 643 1372 682; x_wconf 89' lang='lat' dir='ltr'><strong>se</strong></span> <span class='ocrx_word' id='word_1_31' title='bbox 1387 634 1483 684; x_wconf 90' lang='lat' dir='ltr'><strong>uotum</strong></span> <span class='ocrx_word' id='word_1_32' title='bbox 1497 633 1551 698; x_wconf 89' lang='lat' dir='ltr'><strong>est,</strong></span> <span class='ocrx_word' id='word_1_33' title='bbox 1569 631 1737 686; x_wconf 82' lang='lat' dir='ltr'><strong>sacrificium</strong></span> 
     </span>
     <span class='ocr_line' id='line_1_4' title="bbox 96 705 1738 791; baseline -0.001 -16"><span class='ocrx_word' id='word_1_34' title='bbox 96 733 125 776; x_wconf 87' lang='lat' dir='ltr'><strong>ac</strong></span> <span class='ocrx_word' id='word_1_35' title='bbox 142 719 321 791; x_wconf 75' lang='lat' dir='ltr'><strong>praecepisse.</strong></span> <span class='ocrx_word' id='word_1_36' title='bbox 333 719 390 775; x_wconf 89' lang='lat' dir='ltr'><strong>lloc</strong></span> <span class='ocrx_word' id='word_1_37' title='bbox 402 723 511 776; x_wconf 91' lang='lat' dir='ltr'><strong>constat</strong></span> <span class='ocrx_word' id='word_1_38' title='bbox 522 719 609 789; x_wconf 89' lang='lat' dir='ltr'><strong>primo</strong></span> <span class='ocrx_word' id='word_1_39' title='bbox 620 733 654 775; x_wconf 86' lang='lat' dir='ltr'><strong>ex</strong></span> <span class='ocrx_word' id='word_1_40' title='bbox 665 705 892 774; x_wconf 56' lang='lat' dir='ltr'><strong>verbis&#39;einsdem</strong></span> <span class='ocrx_word' id='word_1_41' title='bbox 929 723 958 773; x_wconf 91' lang='lat' dir='ltr'><strong>et</strong></span> <span class='ocrx_word' id='word_1_42' title='bbox 982 723 1154 774; x_wconf 89' lang='lat' dir='ltr'><strong>sacramenta</strong></span> <span class='ocrx_word' id='word_1_43' title='bbox 1173 719 1310 788; x_wconf 89' lang='lat' dir='ltr'><strong>pertinere</strong></span> <span class='ocrx_word' id='word_1_44' title='bbox 1331 716 1364 773; x_wconf 91' lang='lat' dir='ltr'><strong>ed</strong></span> <span class='ocrx_word' id='word_1_45' title='bbox 1384 719 1570 774; x_wconf 89' lang='lat' dir='ltr'><strong>caeremonias</strong></span> <span class='ocrx_word' id='word_1_46' title='bbox 1585 718 1663 775; x_wconf 91' lang='lat' dir='ltr'><strong>divini</strong></span> <span class='ocrx_word' id='word_1_47' title='bbox 1679 717 1738 774; x_wconf 93' lang='lat' dir='ltr'><strong>cul·</strong></span> 
     </span>
     <span class='ocr_line' id='line_1_5' title="bbox 95 805 1734 880; baseline 0 -16"><span class='ocrx_word' id='word_1_48' title='bbox 95 807 204 866; x_wconf 84' lang='lat' dir='ltr'><strong>Christi:</strong></span> <span class='ocrx_word' id='word_1_49' title='bbox 225 811 288 880; x_wconf 77' lang='lat' dir='ltr'><strong>Epo</strong></span> <span class='ocrx_word' id='word_1_50' title='bbox 298 806 580 874; x_wconf 81' lang='lat' dir='ltr'><strong>autemdieooobs‘s,</strong></span> <span class='ocrx_word' id='word_1_51' title='bbox 594 806 688 864; x_wconf 88' lang='lat' dir='ltr'><strong>blatth.</strong></span> <span class='ocrx_word' id='word_1_52' title='bbox 704 812 734 877; x_wconf 82' lang='lat'><strong>53</strong></span> <span class='ocrx_word' id='word_1_53' title='bbox 747 813 790 877; x_wconf 92' lang='lat' dir='ltr'><strong>et,</strong></span> <span class='ocrx_word' id='word_1_54' title='bbox 803 807 894 864; x_wconf 85' lang='lat' dir='ltr'><strong>Mae·</strong></span> <span class='ocrx_word' id='word_1_55' title='bbox 930 812 987 872; x_wconf 89' lang='lat' dir='ltr'><strong>tus,</strong></span> <span class='ocrx_word' id='word_1_56' title='bbox 1007 812 1038 861; x_wconf 93' lang='lat' dir='ltr'><strong>ut</strong></span> <span class='ocrx_word' id='word_1_57' title='bbox 1049 822 1081 862; x_wconf 84' lang='lat' dir='ltr'><strong>ex</strong></span> <span class='ocrx_word' id='word_1_58' title='bbox 1092 807 1207 864; x_wconf 89' lang='lat' dir='ltr'><strong>materia</strong></span> <span class='ocrx_word' id='word_1_59' title='bbox 1218 806 1251 862; x_wconf 92' lang='lat' dir='ltr'><strong>de</strong></span> <span class='ocrx_word' id='word_1_60' title='bbox 1265 805 1351 879; x_wconf 85' lang='lat' dir='ltr'><strong>Relig.</strong></span> <span class='ocrx_word' id='word_1_61' title='bbox 1364 813 1392 862; x_wconf 92' lang='lat' dir='ltr'><strong>et</strong></span> <span class='ocrx_word' id='word_1_62' title='bbox 1403 807 1435 863; x_wconf 87' lang='lat' dir='ltr'><strong>de</strong></span> <span class='ocrx_word' id='word_1_63' title='bbox 1446 809 1648 876; x_wconf 86' lang='lat' dir='ltr'><strong>sacrementis,</strong></span> <span class='ocrx_word' id='word_1_64' title='bbox 1663 813 1691 864; x_wconf 90' lang='lat' dir='ltr'><strong>et</strong></span> <span class='ocrx_word' id='word_1_65' title='bbox 1701 823 1734 864; x_wconf 89' lang='lat' dir='ltr'><strong>err</strong></span> 
     </span>
     <span class='ocr_line' id='line_1_6' title="bbox 95 893 1738 970; baseline 0.001 -18"><span class='ocrx_word' id='word_1_66' title='bbox 95 893 194 954; x_wconf 85' lang='lat' dir='ltr'><strong>dotem</strong></span> <span class='ocrx_word' id='word_1_67' title='bbox 212 893 465 965; x_wconf 80' lang='lat' dir='ltr'><strong>aocnoadcnohs&#39;s,</strong></span> <span class='ocrx_word' id='word_1_68' title='bbox 482 896 556 954; x_wconf 86' lang='lat' dir='ltr'><strong>loen.</strong></span> <span class='ocrx_word' id='word_1_69' title='bbox 573 900 616 966; x_wconf 76' lang='lat'><strong>133</strong></span> <span class='ocrx_word' id='word_1_70' title='bbox 629 901 666 966; x_wconf 92' lang='lat' dir='ltr'><strong>et,</strong></span> <span class='ocrx_word' id='word_1_71' title='bbox 680 899 795 954; x_wconf 84' lang='lat' dir='ltr'><strong>Hoccst</strong></span> <span class='ocrx_word' id='word_1_72' title='bbox 804 910 895 970; x_wconf 81' lang='lat' dir='ltr'><strong>prae·</strong></span> <span class='ocrx_word' id='word_1_73' title='bbox 929 893 1011 950; x_wconf 89' lang='lat' dir='ltr'><strong>dictis</strong></span> <span class='ocrx_word' id='word_1_74' title='bbox 1030 910 1114 966; x_wconf 90' lang='lat' dir='ltr'><strong>supra</strong></span> <span class='ocrx_word' id='word_1_75' title='bbox 1133 895 1166 951; x_wconf 92' lang='lat' dir='ltr'><strong>de</strong></span> <span class='ocrx_word' id='word_1_76' title='bbox 1189 895 1246 966; x_wconf 88' lang='lat' dir='ltr'><strong>lege</strong></span> <span class='ocrx_word' id='word_1_77' title='bbox 1263 895 1346 952; x_wconf 88' lang='lat' dir='ltr'><strong>veteri</strong></span> <span class='ocrx_word' id='word_1_78' title='bbox 1360 903 1479 954; x_wconf 87' lang='lat' dir='ltr'><strong>constat.</strong></span> <span class='ocrx_word' id='word_1_79' title='bbox 1496 897 1548 954; x_wconf 91' lang='lat' dir='ltr'><strong>Sed</strong></span> <span class='ocrx_word' id='word_1_80' title='bbox 1563 897 1678 967; x_wconf 85' lang='lat' dir='ltr'><strong>speciale</strong></span> <span class='ocrx_word' id='word_1_81' title='bbox 1695 913 1738 954; x_wconf 89' lang='lat' dir='ltr'><strong>sa·</strong></span> 
     </span>
     <span class='ocr_line' id='line_1_7' title="bbox 94 982 1738 1058; baseline 0.002 -18"><span class='ocrx_word' id='word_1_82' title='bbox 94 989 205 1058; x_wconf 82' lang='lat' dir='ltr'><strong>captam</strong></span> <span class='ocrx_word' id='word_1_83' title='bbox 223 1000 338 1052; x_wconf 82' lang='lat' dir='ltr'><strong>meam,</strong></span> <span class='ocrx_word' id='word_1_84' title='bbox 353 989 388 1052; x_wconf 69' lang='lat' dir='ltr'><strong>act</strong></span> <span class='ocrx_word' id='word_1_85' title='bbox 405 982 541 1058; x_wconf 79' lang='lat' dir='ltr'><strong>diligatis</strong></span> <span class='ocrx_word' id='word_1_86' title='bbox 555 989 693 1052; x_wconf 79' lang='lat' dir='ltr'><strong>tutricem,</strong></span> <span class='ocrx_word' id='word_1_87' title='bbox 713 986 787 1041; x_wconf 85' lang='lat' dir='ltr'><strong>loen.</strong></span> <span class='ocrx_word' id='word_1_88' title='bbox 808 988 851 1058; x_wconf 72' lang='lat'><strong>143</strong></span> <span class='ocrx_word' id='word_1_89' title='bbox 868 986 894 1040; x_wconf 90' lang='lat' dir='ltr'><strong>in</strong></span> <span class='ocrx_word' id='word_1_90' title='bbox 930 985 1073 1056; x_wconf 87' lang='lat' dir='ltr'><strong>criticium,</strong></span> <span class='ocrx_word' id='word_1_91' title='bbox 1096 993 1125 1043; x_wconf 92' lang='lat' dir='ltr'><strong>et</strong></span> <span class='ocrx_word' id='word_1_92' title='bbox 1138 985 1266 1057; x_wconf 90' lang='lat' dir='ltr'><strong>specialia</strong></span> <span class='ocrx_word' id='word_1_93' title='bbox 1278 991 1452 1050; x_wconf 85' lang='lat' dir='ltr'><strong>sacramenta</strong></span> <span class='ocrx_word' id='word_1_94' title='bbox 1463 987 1671 1045; x_wconf 86' lang='lat' dir='ltr'><strong>suntaChristo</strong></span> <span class='ocrx_word' id='word_1_95' title='bbox 1682 1004 1738 1044; x_wconf 90' lang='lat' dir='ltr'><strong>nou</strong></span> 
     </span>
     <span class='ocr_line' id='line_1_8' title="bbox 95 1071 1761 1147; baseline 0.001 -19"><span class='ocrx_word' id='word_1_96' title='bbox 95 1089 147 1146; x_wconf 88' lang='lat' dir='ltr'><strong>quo</strong></span> <span class='ocrx_word' id='word_1_97' title='bbox 165 1079 309 1146; x_wconf 88' lang='lat' dir='ltr'><strong>praecepto</strong></span> <span class='ocrx_word' id='word_1_98' title='bbox 324 1072 366 1130; x_wconf 84' lang='lat' dir='ltr'><strong>lex</strong></span> <span class='ocrx_word' id='word_1_99' title='bbox 380 1073 506 1146; x_wconf 87' lang='lat' dir='ltr'><strong>becelogi</strong></span> <span class='ocrx_word' id='word_1_100' title='bbox 521 1074 665 1146; x_wconf 91' lang='lat' dir='ltr'><strong>impletur,</strong></span> <span class='ocrx_word' id='word_1_101' title='bbox 681 1079 749 1130; x_wconf 91' lang='lat' dir='ltr'><strong>teste</strong></span> <span class='ocrx_word' id='word_1_102' title='bbox 763 1072 847 1130; x_wconf 83' lang='lat' dir='ltr'><strong>Paulo</strong></span> <span class='ocrx_word' id='word_1_103' title='bbox 861 1071 895 1128; x_wconf 89' lang='lat' dir='ltr'><strong>ad</strong></span> <span class='ocrx_word' id='word_1_104' title='bbox 931 1074 1021 1130; x_wconf 86' lang='lat' dir='ltr'><strong>solum</strong></span> <span class='ocrx_word' id='word_1_105' title='bbox 1046 1075 1187 1144; x_wconf 89' lang='lat' dir='ltr'><strong>institute,</strong></span> <span class='ocrx_word' id='word_1_106' title='bbox 1208 1075 1255 1130; x_wconf 89' lang='lat' dir='ltr'><strong>sed</strong></span> <span class='ocrx_word' id='word_1_107' title='bbox 1269 1077 1350 1132; x_wconf 91' lang='lat' dir='ltr'><strong>etiam</strong></span> <span class='ocrx_word' id='word_1_108' title='bbox 1366 1083 1524 1147; x_wconf 85' lang='lat' dir='ltr'><strong>praecepta,</strong></span> <span class='ocrx_word' id='word_1_109' title='bbox 1541 1083 1572 1132; x_wconf 94' lang='lat' dir='ltr'><strong>ut</strong></span> <span class='ocrx_word' id='word_1_110' title='bbox 1584 1077 1672 1134; x_wconf 88' lang='lat' dir='ltr'><strong>estde</strong></span> <span class='ocrx_word' id='word_1_111' title='bbox 1686 1076 1737 1134; x_wconf 90' lang='lat' dir='ltr'><strong>tide</strong></span> <span class='ocrx_word' id='word_1_112' title='bbox 1757 1121 1761 1130; x_wconf 95' lang='lat'><em>.</em></span> 
     </span>
     <span class='ocr_line' id='line_1_9' title="bbox 94 1160 1738 1237; baseline 0.002 -19"><span class='ocrx_word' id='word_1_113' title='bbox 94 1161 203 1219; x_wconf 83' lang='lat' dir='ltr'><strong>Rornae.</strong></span> <span class='ocrx_word' id='word_1_114' title='bbox 234 1165 277 1222; x_wconf 87' lang='grc'><strong>13.</strong></span> <span class='ocrx_word' id='word_1_115' title='bbox 293 1160 367 1220; x_wconf 84' lang='lat' dir='ltr'><strong>Idem</strong></span> <span class='ocrx_word' id='word_1_116' title='bbox 382 1163 502 1220; x_wconf 89' lang='lat' dir='ltr'><strong>sumitur</strong></span> <span class='ocrx_word' id='word_1_117' title='bbox 515 1177 549 1218; x_wconf 85' lang='lat' dir='ltr'><strong>ex</strong></span> <span class='ocrx_word' id='word_1_118' title='bbox 564 1161 608 1218; x_wconf 92' lang='lat' dir='ltr'><strong>illo</strong></span> <span class='ocrx_word' id='word_1_119' title='bbox 622 1161 699 1220; x_wconf 86' lang='lat' dir='ltr'><strong>Pauli</strong></span> <span class='ocrx_word' id='word_1_120' title='bbox 713 1162 745 1220; x_wconf 93' lang='lat' dir='ltr'><strong>ed</strong></span> <span class='ocrx_word' id='word_1_121' title='bbox 761 1160 849 1220; x_wconf 80' lang='lat' dir='ltr'><strong>Galat.</strong></span> <span class='ocrx_word' id='word_1_122' title='bbox 866 1164 892 1218; x_wconf 81' lang='lat'><strong>6:</strong></span> <span class='ocrx_word' id='word_1_123' title='bbox 931 1169 1056 1234; x_wconf 90' lang='lat' dir='ltr'><strong>certum,</strong></span> <span class='ocrx_word' id='word_1_124' title='bbox 1082 1173 1111 1221; x_wconf 90' lang='lat' dir='ltr'><strong>et</strong></span> <span class='ocrx_word' id='word_1_125' title='bbox 1130 1163 1248 1222; x_wconf 86' lang='lat' dir='ltr'><strong>breviter</strong></span> <span class='ocrx_word' id='word_1_126' title='bbox 1266 1163 1411 1236; x_wconf 89' lang='lat' dir='ltr'><strong>probatum</strong></span> <span class='ocrx_word' id='word_1_127' title='bbox 1426 1171 1469 1222; x_wconf 90' lang='lat' dir='ltr'><strong>est</strong></span> <span class='ocrx_word' id='word_1_128' title='bbox 1482 1165 1508 1220; x_wconf 94' lang='lat' dir='ltr'><strong>ia</strong></span> <span class='ocrx_word' id='word_1_129' title='bbox 1523 1165 1612 1237; x_wconf 87' lang='lat' dir='ltr'><strong>capite</strong></span> <span class='ocrx_word' id='word_1_130' title='bbox 1627 1180 1738 1237; x_wconf 89' lang='lat' dir='ltr'><strong>praece-</strong></span> 
     </span>
     <span class='ocr_line' id='line_1_10' title="bbox 94 1238 1737 1325; baseline 0.001 -17"><span class='ocrx_word' id='word_1_131' title='bbox 94 1238 172 1308; x_wconf 84' lang='lat' dir='ltr'><strong>Alter</strong></span> <span class='ocrx_word' id='word_1_132' title='bbox 195 1249 321 1310; x_wconf 84' lang='lat' dir='ltr'><strong>alterius</strong></span> <span class='ocrx_word' id='word_1_133' title='bbox 336 1256 572 1325; x_wconf 66' lang='lat' dir='ltr'><strong>oceraporacrc</strong></span> <span class='ocrx_word' id='word_1_134' title='bbox 590 1255 673 1310; x_wconf 84' lang='lat' dir='ltr'><strong>etsie</strong></span> <span class='ocrx_word' id='word_1_135' title='bbox 694 1249 896 1325; x_wconf 81' lang='lat' dir='ltr'><strong>adimplebitis</strong></span> <span class='ocrx_word' id='word_1_136' title='bbox 930 1251 1018 1323; x_wconf 90' lang='lat' dir='ltr'><strong>denti,</strong></span> <span class='ocrx_word' id='word_1_137' title='bbox 1048 1253 1129 1310; x_wconf 91' lang='lat' dir='ltr'><strong>latius</strong></span> <span class='ocrx_word' id='word_1_138' title='bbox 1144 1259 1298 1320; x_wconf 81' lang='lat' dir='ltr'><strong>veroeterr</strong></span> <span class='ocrx_word' id='word_1_139' title='bbox 1314 1254 1436 1324; x_wconf 80' lang='lat' dir='ltr'><strong>professo</strong></span> <span class='ocrx_word' id='word_1_140' title='bbox 1451 1254 1559 1310; x_wconf 87' lang='lat' dir='ltr'><strong>intem.</strong></span> <span class='ocrx_word' id='word_1_141' title='bbox 1577 1259 1604 1325; x_wconf 88' lang='grc'><strong>3,</strong></span> <span class='ocrx_word' id='word_1_142' title='bbox 1620 1258 1689 1313; x_wconf 85' lang='lat' dir='ltr'><strong>etl.</strong></span> <span class='ocrx_word' id='word_1_143' title='bbox 1704 1253 1737 1311; x_wconf 90' lang='lat' dir='ltr'><strong>de</strong></span> 
     </span>
     <span class='ocr_line' id='line_1_11' title="bbox 93 1338 1737 1414; baseline 0.002 -18"><span class='ocrx_word' id='word_1_144' title='bbox 93 1338 182 1412; x_wconf 78' lang='lat' dir='ltr'><strong>legem</strong></span> <span class='ocrx_word' id='word_1_145' title='bbox 201 1341 332 1407; x_wconf 68' lang='lat' dir='ltr'><strong>etrum</strong></span> <span class='ocrx_word' id='word_1_146' title='bbox 347 1354 414 1413; x_wconf 89' lang='lat' dir='ltr'><strong>ergo</strong></span> <span class='ocrx_word' id='word_1_147' title='bbox 433 1341 476 1396; x_wconf 84' lang='lat' dir='ltr'><strong>lex</strong></span> <span class='ocrx_word' id='word_1_148' title='bbox 494 1340 594 1398; x_wconf 86' lang='lat' dir='ltr'><strong>Christi</strong></span> <span class='ocrx_word' id='word_1_149' title='bbox 615 1339 659 1398; x_wconf 92' lang='lat' dir='ltr'><strong>illa</strong></span> <span class='ocrx_word' id='word_1_150' title='bbox 673 1341 762 1396; x_wconf 91' lang='lat' dir='ltr'><strong>cmnie</strong></span> <span class='ocrx_word' id='word_1_151' title='bbox 776 1339 896 1411; x_wconf 91' lang='lat' dir='ltr'><strong>comple·</strong></span> <span class='ocrx_word' id='word_1_152' title='bbox 931 1343 1124 1400; x_wconf 84' lang='lat' dir='ltr'><strong>sacramentis.</strong></span> <span class='ocrx_word' id='word_1_153' title='bbox 1142 1343 1214 1414; x_wconf 84' lang='lat' dir='ltr'><strong>Ergo</strong></span> <span class='ocrx_word' id='word_1_154' title='bbox 1224 1341 1320 1399; x_wconf 90' lang='lat' dir='ltr'><strong>eadem</strong></span> <span class='ocrx_word' id='word_1_155' title='bbox 1332 1341 1413 1400; x_wconf 89' lang='lat' dir='ltr'><strong>modo</strong></span> <span class='ocrx_word' id='word_1_156' title='bbox 1425 1341 1737 1413; x_wconf 86' lang='lat' dir='ltr'><strong>certumest,dataesse</strong></span> 
     </span>
     <span class='ocr_line' id='line_1_12' title="bbox 95 1429 1738 1505; baseline 0.002 -21"><span class='ocrx_word' id='word_1_157' title='bbox 95 1431 185 1500; x_wconf 92' lang='lat' dir='ltr'><strong>ctitur,</strong></span> <span class='ocrx_word' id='word_1_158' title='bbox 195 1444 266 1502; x_wconf 83' lang='lat' dir='ltr'><strong>quae</strong></span> <span class='ocrx_word' id='word_1_159' title='bbox 277 1430 413 1487; x_wconf 88' lang='lat' dir='ltr'><strong>virtutein</strong></span> <span class='ocrx_word' id='word_1_160' title='bbox 424 1429 470 1487; x_wconf 92' lang='lat' dir='ltr'><strong>illo</strong></span> <span class='ocrx_word' id='word_1_161' title='bbox 481 1429 613 1503; x_wconf 89' lang='lat' dir='ltr'><strong>principio</strong></span> <span class='ocrx_word' id='word_1_162' title='bbox 625 1430 811 1498; x_wconf 90' lang='lat' dir='ltr'><strong>eontinentur,</strong></span> <span class='ocrx_word' id='word_1_163' title='bbox 825 1444 896 1502; x_wconf 91' lang='lat' dir='ltr'><strong>qnae</strong></span> <span class='ocrx_word' id='word_1_164' title='bbox 932 1447 947 1488; x_wconf 95' lang='lat' dir='ltr'><strong>a</strong></span> <span class='ocrx_word' id='word_1_165' title='bbox 965 1431 1072 1490; x_wconf 90' lang='lat' dir='ltr'><strong>Christo</strong></span> <span class='ocrx_word' id='word_1_166' title='bbox 1101 1433 1125 1488; x_wconf 92' lang='lat' dir='ltr'><strong>iu</strong></span> <span class='ocrx_word' id='word_1_167' title='bbox 1147 1449 1197 1488; x_wconf 91' lang='lat' dir='ltr'><strong>sua</strong></span> <span class='ocrx_word' id='word_1_168' title='bbox 1213 1431 1271 1505; x_wconf 82' lang='lat' dir='ltr'><strong>lege</strong></span> <span class='ocrx_word' id='word_1_169' title='bbox 1285 1433 1376 1504; x_wconf 88' lang='lat' dir='ltr'><strong>aliqua</strong></span> <span class='ocrx_word' id='word_1_170' title='bbox 1390 1431 1481 1488; x_wconf 89' lang='lat' dir='ltr'><strong>divine</strong></span> <span class='ocrx_word' id='word_1_171' title='bbox 1493 1439 1521 1488; x_wconf 86' lang='lat' dir='ltr'><strong>et</strong></span> <span class='ocrx_word' id='word_1_172' title='bbox 1534 1432 1738 1490; x_wconf 88' lang='lat' dir='ltr'><strong>caeremonialia</strong></span> 
     </span>
     <span class='ocr_line' id='line_1_13' title="bbox 94 1517 1735 1594; baseline 0.002 -20"><span class='ocrx_word' id='word_1_173' title='bbox 94 1517 212 1575; x_wconf 82' lang='lat' dir='ltr'><strong>Christus</strong></span> <span class='ocrx_word' id='word_1_174' title='bbox 233 1519 315 1576; x_wconf 83' lang='lat' dir='ltr'><strong>etiam</strong></span> <span class='ocrx_word' id='word_1_175' title='bbox 334 1520 487 1591; x_wconf 88' lang='lat' dir='ltr'><strong>praecepit,</strong></span> <span class='ocrx_word' id='word_1_176' title='bbox 503 1534 569 1576; x_wconf 88' lang='lat' dir='ltr'><strong>curn</strong></span> <span class='ocrx_word' id='word_1_177' title='bbox 582 1518 665 1576; x_wconf 84' lang='lat' dir='ltr'><strong>dixit:</strong></span> <span class='ocrx_word' id='word_1_178' title='bbox 685 1520 796 1576; x_wconf 82' lang='lat' dir='ltr'><strong>Omnia</strong></span> <span class='ocrx_word' id='word_1_179' title='bbox 809 1533 897 1592; x_wconf 82' lang='lat' dir='ltr'><strong>qnae·</strong></span> <span class='ocrx_word' id='word_1_180' title='bbox 931 1529 1088 1594; x_wconf 89' lang='lat' dir='ltr'><strong>preecepta.</strong></span> <span class='ocrx_word' id='word_1_181' title='bbox 1106 1525 1143 1578; x_wconf 86' lang='lat' dir='ltr'><strong>be</strong></span> <span class='ocrx_word' id='word_1_182' title='bbox 1154 1523 1253 1594; x_wconf 90' lang='lat' dir='ltr'><strong>quibus</strong></span> <span class='ocrx_word' id='word_1_183' title='bbox 1265 1522 1343 1580; x_wconf 90' lang='lat' dir='ltr'><strong>etiem</strong></span> <span class='ocrx_word' id='word_1_184' title='bbox 1354 1527 1527 1590; x_wconf 89' lang='lat' dir='ltr'><strong>estcertum,</strong></span> <span class='ocrx_word' id='word_1_185' title='bbox 1538 1522 1735 1594; x_wconf 87' lang='lat' dir='ltr'><strong>positiveesse,</strong></span> 
     </span>
     <span class='ocr_line' id='line_1_14' title="bbox 94 1605 1737 1681; baseline 0.002 -17"><span class='ocrx_word' id='word_1_186' title='bbox 94 1623 213 1680; x_wconf 80' lang='lat' dir='ltr'><strong>consque</strong></span> <span class='ocrx_word' id='word_1_187' title='bbox 225 1605 334 1677; x_wconf 80' lang='lat' dir='ltr'><strong>cultis,</strong></span> <span class='ocrx_word' id='word_1_188' title='bbox 358 1606 527 1681; x_wconf 74' lang='lat' dir='ltr'><strong>etfaciam</strong></span> <span class='ocrx_word' id='word_1_189' title='bbox 544 1608 623 1666; x_wconf 85' lang='lat' dir='ltr'><strong>vobis</strong></span> <span class='ocrx_word' id='word_1_190' title='bbox 642 1609 789 1674; x_wconf 81' lang='lat' dir='ltr'><strong>homines,</strong></span> <span class='ocrx_word' id='word_1_191' title='bbox 806 1611 834 1663; x_wconf 84' lang='lat' dir='ltr'><strong>et</strong></span> <span class='ocrx_word' id='word_1_192' title='bbox 846 1623 897 1664; x_wconf 82' lang='lat' dir='ltr'><strong>uos</strong></span> <span class='ocrx_word' id='word_1_193' title='bbox 931 1618 960 1668; x_wconf 94' lang='lat' dir='ltr'><strong>et</strong></span> <span class='ocrx_word' id='word_1_194' title='bbox 979 1627 1032 1668; x_wconf 90' lang='lat' dir='ltr'><strong>ooo</strong></span> <span class='ocrx_word' id='word_1_195' title='bbox 1047 1612 1115 1670; x_wconf 89' lang='lat' dir='ltr'><strong>iuris</strong></span> <span class='ocrx_word' id='word_1_196' title='bbox 1129 1611 1273 1680; x_wconf 87' lang='lat' dir='ltr'><strong>naturalis,</strong></span> <span class='ocrx_word' id='word_1_197' title='bbox 1288 1612 1344 1668; x_wconf 86' lang='lat' dir='ltr'><strong>sive</strong></span> <span class='ocrx_word' id='word_1_198' title='bbox 1358 1610 1568 1668; x_wconf 80' lang='lat' dir='ltr'><strong>considerentur</strong></span> <span class='ocrx_word' id='word_1_199' title='bbox 1581 1617 1610 1668; x_wconf 92' lang='lat' dir='ltr'><strong>ut</strong></span> <span class='ocrx_word' id='word_1_200' title='bbox 1623 1612 1737 1670; x_wconf 86' lang='lat' dir='ltr'><strong>coniun-</strong></span> 
     </span>
     <span class='ocr_line' id='line_1_15' title="bbox 84 1693 1737 1773; baseline 0.002 -19"><span class='ocrx_word' id='word_1_201' title='bbox 84 1693 179 1768; x_wconf 80' lang='lat' dir='ltr'><strong>sccttc</strong></span> <span class='ocrx_word' id='word_1_202' title='bbox 191 1694 269 1763; x_wconf 83' lang='lat' dir='ltr'><strong>illis,</strong></span> <span class='ocrx_word' id='word_1_203' title='bbox 290 1697 384 1760; x_wconf 83' lang='lat' dir='ltr'><strong>llatth.</strong></span> <span class='ocrx_word' id='word_1_204' title='bbox 399 1700 412 1756; x_wconf 89' lang='grc'><strong>1</strong></span> <span class='ocrx_word' id='word_1_205' title='bbox 426 1739 434 1772; x_wconf 84' lang='grc'>,</span> <span class='ocrx_word' id='word_1_206' title='bbox 446 1704 475 1755; x_wconf 88' lang='lat' dir='ltr'><strong>et</strong></span> <span class='ocrx_word' id='word_1_207' title='bbox 487 1700 556 1756; x_wconf 88' lang='lat' dir='ltr'><strong>huc.</strong></span> <span class='ocrx_word' id='word_1_208' title='bbox 571 1702 598 1755; x_wconf 82' lang='grc'><strong>6.</strong></span> <span class='ocrx_word' id='word_1_209' title='bbox 612 1699 657 1754; x_wconf 88' lang='lat' dir='ltr'><strong>Sic</strong></span> <span class='ocrx_word' id='word_1_210' title='bbox 669 1699 750 1754; x_wconf 90' lang='lat' dir='ltr'><strong>etiam</strong></span> <span class='ocrx_word' id='word_1_211' title='bbox 762 1696 828 1754; x_wconf 81' lang='lat' dir='ltr'><strong>dixit</strong></span> <span class='ocrx_word' id='word_1_212' title='bbox 837 1697 898 1754; x_wconf 84' lang='lat' dir='ltr'><strong>Cle·</strong></span> <span class='ocrx_word' id='word_1_213' title='bbox 931 1708 978 1758; x_wconf 92' lang='lat' dir='ltr'><strong>cta</strong></span> <span class='ocrx_word' id='word_1_214' title='bbox 996 1701 1173 1770; x_wconf 72' lang='lat' dir='ltr'><strong>institutioni,</strong></span> <span class='ocrx_word' id='word_1_215' title='bbox 1186 1717 1218 1758; x_wconf 94' lang='lat' dir='ltr'><strong>ac</strong></span> <span class='ocrx_word' id='word_1_216' title='bbox 1230 1701 1401 1772; x_wconf 70' lang='lat' dir='ltr'><strong>simpiciter,</strong></span> <span class='ocrx_word' id='word_1_217' title='bbox 1414 1700 1471 1756; x_wconf 91' lang='lat' dir='ltr'><strong>sive</strong></span> <span class='ocrx_word' id='word_1_218' title='bbox 1482 1715 1530 1771; x_wconf 90' lang='lat' dir='ltr'><strong>per</strong></span> <span class='ocrx_word' id='word_1_219' title='bbox 1542 1717 1582 1771; x_wconf 87' lang='lat' dir='ltr'><strong>se,</strong></span> <span class='ocrx_word' id='word_1_220' title='bbox 1592 1706 1621 1756; x_wconf 93' lang='lat' dir='ltr'><strong>et</strong></span> <span class='ocrx_word' id='word_1_221' title='bbox 1637 1717 1737 1773; x_wconf 85' lang='lat' dir='ltr'><strong>suppo·</strong></span> 
     </span>
     <span class='ocr_line' id='line_1_16' title="bbox 94 1785 1737 1862; baseline 0.002 -20"><span class='ocrx_word' id='word_1_222' title='bbox 94 1800 164 1842; x_wconf 87' lang='lat' dir='ltr'><strong>meas</strong></span> <span class='ocrx_word' id='word_1_223' title='bbox 177 1787 259 1844; x_wconf 84' lang='lat' dir='ltr'><strong>Rom.</strong></span> <span class='ocrx_word' id='word_1_224' title='bbox 283 1785 359 1844; x_wconf 92' lang='lat' dir='ltr'><strong>dicto</strong></span> <span class='ocrx_word' id='word_1_225' title='bbox 373 1786 420 1844; x_wconf 91' lang='lat' dir='ltr'><strong>lib.</strong></span> <span class='ocrx_word' id='word_1_226' title='bbox 439 1791 466 1844; x_wconf 85' lang='lat' dir='ltr'><strong>a.</strong></span> <span class='ocrx_word' id='word_1_227' title='bbox 483 1803 510 1844; x_wconf 92' lang='lat' dir='ltr'><strong>c.</strong></span> <span class='ocrx_word' id='word_1_228' title='bbox 525 1792 579 1858; x_wconf 79' lang='lat'><strong>23,</strong></span> <span class='ocrx_word' id='word_1_229' title='bbox 595 1785 733 1844; x_wconf 83' lang='lat' dir='ltr'><strong>Christum</strong></span> <span class='ocrx_word' id='word_1_230' title='bbox 748 1786 835 1860; x_wconf 87' lang='lat' dir='ltr'><strong>legem</strong></span> <span class='ocrx_word' id='word_1_231' title='bbox 850 1803 896 1844; x_wconf 94' lang='lat' dir='ltr'><strong>na·</strong></span> <span class='ocrx_word' id='word_1_232' title='bbox 933 1790 984 1847; x_wconf 85' lang='lat' dir='ltr'><strong>site</strong></span> <span class='ocrx_word' id='word_1_233' title='bbox 1000 1791 1183 1847; x_wconf 88' lang='lat' dir='ltr'><strong>institutione.</strong></span> <span class='ocrx_word' id='word_1_234' title='bbox 1198 1792 1275 1847; x_wconf 85' lang='lat' dir='ltr'><strong>Prior</strong></span> <span class='ocrx_word' id='word_1_235' title='bbox 1288 1805 1352 1860; x_wconf 89' lang='lat' dir='ltr'><strong>pers</strong></span> <span class='ocrx_word' id='word_1_236' title='bbox 1366 1789 1508 1861; x_wconf 87' lang='lat' dir='ltr'><strong>probetur,</strong></span> <span class='ocrx_word' id='word_1_237' title='bbox 1524 1791 1589 1862; x_wconf 86' lang='lat' dir='ltr'><strong>quia</strong></span> <span class='ocrx_word' id='word_1_238' title='bbox 1603 1790 1737 1847; x_wconf 88' lang='lat' dir='ltr'><strong>institutio</strong></span> 
     </span>
     <span class='ocr_line' id='line_1_17' title="bbox 93 1875 1736 1950; baseline 0.002 -20"><span class='ocrx_word' id='word_1_239' title='bbox 93 1875 203 1934; x_wconf 85' lang='lat' dir='ltr'><strong>turalem</strong></span> <span class='ocrx_word' id='word_1_240' title='bbox 225 1877 450 1950; x_wconf 60' lang='lat' dir='ltr'><strong>confirmassem</strong></span> <span class='ocrx_word' id='word_1_241' title='bbox 461 1875 686 1949; x_wconf 80' lang='lat' dir='ltr'><strong>significetetiam</strong></span> <span class='ocrx_word' id='word_1_242' title='bbox 699 1875 896 1948; x_wconf 80' lang='lat' dir='ltr'><strong>angusttibro</strong></span> <span class='ocrx_word' id='word_1_243' title='bbox 931 1878 994 1939; x_wconf 90' lang='lat' dir='ltr'><strong>talis</strong></span> <span class='ocrx_word' id='word_1_244' title='bbox 1011 1879 1138 1936; x_wconf 87' lang='lat' dir='ltr'><strong>sacrificii</strong></span> <span class='ocrx_word' id='word_1_245' title='bbox 1154 1886 1182 1936; x_wconf 91' lang='lat' dir='ltr'><strong>et</strong></span> <span class='ocrx_word' id='word_1_246' title='bbox 1203 1878 1295 1936; x_wconf 87' lang='lat' dir='ltr'><strong>talium</strong></span> <span class='ocrx_word' id='word_1_247' title='bbox 1310 1884 1546 1934; x_wconf 86' lang='lat' dir='ltr'><strong>sacramentorum</strong></span> <span class='ocrx_word' id='word_1_248' title='bbox 1561 1877 1636 1935; x_wconf 89' lang='lat' dir='ltr'><strong>nullo</strong></span> <span class='ocrx_word' id='word_1_249' title='bbox 1655 1877 1736 1937; x_wconf 90' lang='lat' dir='ltr'><strong>modo</strong></span> 
     </span>
     <span class='ocr_line' id='line_1_18' title="bbox 96 1966 1736 2040; baseline 0.002 -18"><span class='ocrx_word' id='word_1_250' title='bbox 96 1967 137 2022; x_wconf 89' lang='grc'><strong>10.</strong></span> <span class='ocrx_word' id='word_1_251' title='bbox 149 1972 248 2024; x_wconf 90' lang='lat' dir='ltr'><strong>contra</strong></span> <span class='ocrx_word' id='word_1_252' title='bbox 263 1969 396 2026; x_wconf 77' lang='lat' dir='ltr'><strong>Fructum</strong></span> <span class='ocrx_word' id='word_1_253' title='bbox 406 1982 469 2038; x_wconf 90' lang='lat' dir='ltr'><strong>cap.</strong></span> <span class='ocrx_word' id='word_1_254' title='bbox 481 1971 510 2024; x_wconf 83' lang='grc'><strong>2.</strong></span> <span class='ocrx_word' id='word_1_255' title='bbox 524 1968 644 2040; x_wconf 88' lang='lat' dir='ltr'><strong>benique</strong></span> <span class='ocrx_word' id='word_1_256' title='bbox 655 1967 690 2024; x_wconf 92' lang='lat' dir='ltr'><strong>ita</strong></span> <span class='ocrx_word' id='word_1_257' title='bbox 700 1972 898 2022; x_wconf 85' lang='lat' dir='ltr'><strong>estconsenta-</strong></span> <span class='ocrx_word' id='word_1_258' title='bbox 931 1968 1061 2040; x_wconf 84' lang='lat' dir='ltr'><strong>pertinuit</strong></span> <span class='ocrx_word' id='word_1_259' title='bbox 1078 1967 1112 2024; x_wconf 95' lang='lat' dir='ltr'><strong>ad</strong></span> <span class='ocrx_word' id='word_1_260' title='bbox 1125 1969 1167 2025; x_wconf 91' lang='lat' dir='ltr'><strong>ius</strong></span> <span class='ocrx_word' id='word_1_261' title='bbox 1183 1966 1323 2037; x_wconf 74' lang='lat' dir='ltr'><strong>naturale,</strong></span> <span class='ocrx_word' id='word_1_262' title='bbox 1336 1979 1398 2024; x_wconf 87' lang='lat' dir='ltr'><strong>nam</strong></span> <span class='ocrx_word' id='word_1_263' title='bbox 1412 1966 1462 2024; x_wconf 91' lang='lat' dir='ltr'><strong>luit</strong></span> <span class='ocrx_word' id='word_1_264' title='bbox 1476 1967 1630 2024; x_wconf 90' lang='lat' dir='ltr'><strong>voluntarie</strong></span> <span class='ocrx_word' id='word_1_265' title='bbox 1647 1966 1736 2026; x_wconf 82' lang='lat' dir='ltr'><strong>deter-</strong></span> 
     </span>
     <span class='ocr_line' id='line_1_19' title="bbox 59 2053 1735 2129; baseline 0.003 -19"><span class='ocrx_word' id='word_1_266' title='bbox 59 2112 66 2128; x_wconf 64' lang='grc'><em>,</em></span> <span class='ocrx_word' id='word_1_267' title='bbox 91 2069 170 2112; x_wconf 89' lang='lat' dir='ltr'><strong>neum</strong></span> <span class='ocrx_word' id='word_1_268' title='bbox 187 2056 352 2128; x_wconf 80' lang='lat' dir='ltr'><strong>perfectioni</strong></span> <span class='ocrx_word' id='word_1_269' title='bbox 381 2055 449 2129; x_wconf 86' lang='lat' dir='ltr'><strong>legis</strong></span> <span class='ocrx_word' id='word_1_270' title='bbox 467 2071 571 2127; x_wconf 70' lang='lat' dir='ltr'><strong>novae,</strong></span> <span class='ocrx_word' id='word_1_271' title='bbox 587 2068 649 2113; x_wconf 92' lang='lat' dir='ltr'><strong>nam</strong></span> <span class='ocrx_word' id='word_1_272' title='bbox 669 2056 742 2114; x_wconf 92' lang='lat' dir='ltr'><strong>sicut</strong></span> <span class='ocrx_word' id='word_1_273' title='bbox 760 2053 802 2112; x_wconf 83' lang='lat' dir='ltr'><strong>lex</strong></span> <span class='ocrx_word' id='word_1_274' title='bbox 817 2062 897 2112; x_wconf 84' lang='lat' dir='ltr'><strong>vetars</strong></span> <span class='ocrx_word' id='word_1_275' title='bbox 931 2057 1040 2114; x_wconf 90' lang='lat' dir='ltr'><strong>minatio</strong></span> <span class='ocrx_word' id='word_1_276' title='bbox 1060 2056 1142 2114; x_wconf 86' lang='lat' dir='ltr'><strong>divini</strong></span> <span class='ocrx_word' id='word_1_277' title='bbox 1156 2059 1267 2128; x_wconf 91' lang='lat' dir='ltr'><strong>cultus,</strong></span> <span class='ocrx_word' id='word_1_278' title='bbox 1280 2072 1363 2129; x_wconf 90' lang='lat' dir='ltr'><strong>quern</strong></span> <span class='ocrx_word' id='word_1_279' title='bbox 1375 2057 1542 2129; x_wconf 78' lang='lat' dir='ltr'><strong>generaliter</strong></span> <span class='ocrx_word' id='word_1_280' title='bbox 1555 2056 1597 2112; x_wconf 91' lang='lat' dir='ltr'><strong>ius</strong></span> <span class='ocrx_word' id='word_1_281' title='bbox 1612 2057 1735 2116; x_wconf 90' lang='lat' dir='ltr'><strong>naturale</strong></span> 
     </span>
     <span class='ocr_line' id='line_1_20' title="bbox 91 2135 1736 2220; baseline 0.003 -21"><span class='ocrx_word' id='word_1_282' title='bbox 91 2135 205 2204; x_wconf 83' lang='lat' dir='ltr'><strong>cessavit</strong></span> <span class='ocrx_word' id='word_1_283' title='bbox 221 2146 395 2218; x_wconf 88' lang='lat' dir='ltr'><strong>simpliciter,</strong></span> <span class='ocrx_word' id='word_1_284' title='bbox 420 2145 501 2202; x_wconf 89' lang='lat' dir='ltr'><strong>etiarn</strong></span> <span class='ocrx_word' id='word_1_285' title='bbox 516 2152 654 2218; x_wconf 89' lang='lat' dir='ltr'><strong>quatenus</strong></span> <span class='ocrx_word' id='word_1_286' title='bbox 673 2145 811 2217; x_wconf 87' lang='lat' dir='ltr'><strong>propriam</strong></span> <span class='ocrx_word' id='word_1_287' title='bbox 830 2144 897 2202; x_wconf 89' lang='lat' dir='ltr'><strong>obli·</strong></span> <span class='ocrx_word' id='word_1_288' title='bbox 930 2145 1063 2218; x_wconf 91' lang='lat' dir='ltr'><strong>praecipit</strong></span> <span class='ocrx_word' id='word_1_289' title='bbox 1075 2145 1110 2204; x_wconf 89' lang='lat' dir='ltr'><strong>ad</strong></span> <span class='ocrx_word' id='word_1_290' title='bbox 1126 2145 1192 2204; x_wconf 87' lang='lat' dir='ltr'><strong>tales</strong></span> <span class='ocrx_word' id='word_1_291' title='bbox 1207 2147 1341 2218; x_wconf 85' lang='lat' dir='ltr'><strong>actiones,</strong></span> <span class='ocrx_word' id='word_1_292' title='bbox 1353 2149 1592 2220; x_wconf 88' lang='lat' dir='ltr'><strong>etcaeremoaies‚</strong></span> <span class='ocrx_word' id='word_1_293' title='bbox 1604 2164 1676 2220; x_wconf 86' lang='lat' dir='ltr'><strong>qnae</strong></span> <span class='ocrx_word' id='word_1_294' title='bbox 1692 2163 1736 2204; x_wconf 88' lang='lat' dir='ltr'><strong>re·</strong></span> 
     </span>
     <span class='ocr_line' id='line_1_21' title="bbox 91 2234 1734 2308; baseline 0.002 -18"><span class='ocrx_word' id='word_1_295' title='bbox 91 2235 226 2305; x_wconf 88' lang='lat' dir='ltr'><strong>gatiouem</strong></span> <span class='ocrx_word' id='word_1_296' title='bbox 251 2235 369 2308; x_wconf 89' lang='lat' dir='ltr'><strong>ponebat</strong></span> <span class='ocrx_word' id='word_1_297' title='bbox 389 2236 415 2292; x_wconf 92' lang='lat' dir='ltr'><strong>iu</strong></span> <span class='ocrx_word' id='word_1_298' title='bbox 436 2236 547 2292; x_wconf 89' lang='lat' dir='ltr'><strong>materie</strong></span> <span class='ocrx_word' id='word_1_299' title='bbox 567 2235 679 2308; x_wconf 72' lang='lat' dir='ltr'><strong>morali,</strong></span> <span class='ocrx_word' id='word_1_300' title='bbox 695 2237 733 2292; x_wconf 92' lang='lat' dir='ltr'><strong>ita</strong></span> <span class='ocrx_word' id='word_1_301' title='bbox 747 2234 841 2292; x_wconf 92' lang='lat' dir='ltr'><strong>debuit</strong></span> <span class='ocrx_word' id='word_1_302' title='bbox 855 2235 896 2291; x_wconf 85' lang='lat' dir='ltr'><strong>ler</strong></span> <span class='ocrx_word' id='word_1_303' title='bbox 932 2236 970 2292; x_wconf 92' lang='lat' dir='ltr'><strong>tio</strong></span> <span class='ocrx_word' id='word_1_304' title='bbox 981 2237 1114 2293; x_wconf 89' lang='lat' dir='ltr'><strong>naturalis</strong></span> <span class='ocrx_word' id='word_1_305' title='bbox 1130 2252 1182 2293; x_wconf 91' lang='lat' dir='ltr'><strong>non</strong></span> <span class='ocrx_word' id='word_1_306' title='bbox 1197 2235 1285 2293; x_wconf 87' lang='lat' dir='ltr'><strong>solum</strong></span> <span class='ocrx_word' id='word_1_307' title='bbox 1297 2235 1532 2307; x_wconf 88' lang='lat' dir='ltr'><strong>nondeterminat,</strong></span> <span class='ocrx_word' id='word_1_308' title='bbox 1545 2238 1734 2294; x_wconf 79' lang='lat' dir='ltr'><strong>verumetiam</strong></span> 
     </span>
     <span class='ocr_line' id='line_1_22' title="bbox 92 2325 1736 2397; baseline 0.002 -18"><span class='ocrx_word' id='word_1_309' title='bbox 92 2339 158 2382; x_wconf 92' lang='lat' dir='ltr'><strong>nova</strong></span> <span class='ocrx_word' id='word_1_310' title='bbox 174 2325 301 2384; x_wconf 90' lang='lat' dir='ltr'><strong>eamdem</strong></span> <span class='ocrx_word' id='word_1_311' title='bbox 325 2326 483 2397; x_wconf 87' lang='lat' dir='ltr'><strong>materiam,</strong></span> <span class='ocrx_word' id='word_1_312' title='bbox 500 2333 636 2397; x_wconf 87' lang='lat' dir='ltr'><strong>quatenus</strong></span> <span class='ocrx_word' id='word_1_313' title='bbox 657 2340 706 2397; x_wconf 90' lang='lat' dir='ltr'><strong>per</strong></span> <span class='ocrx_word' id='word_1_314' title='bbox 726 2341 755 2382; x_wconf 89' lang='lat' dir='ltr'><strong>se</strong></span> <span class='ocrx_word' id='word_1_315' title='bbox 770 2325 840 2382; x_wconf 91' lang='lat' dir='ltr'><strong>bone</strong></span> <span class='ocrx_word' id='word_1_316' title='bbox 854 2330 899 2382; x_wconf 87' lang='lat' dir='ltr'><strong>est</strong></span> <span class='ocrx_word' id='word_1_317' title='bbox 933 2338 982 2380; x_wconf 92' lang='lat' dir='ltr'><strong>nec</strong></span> <span class='ocrx_word' id='word_1_318' title='bbox 1005 2326 1125 2381; x_wconf 88' lang='lat' dir='ltr'><strong>invenire</strong></span> <span class='ocrx_word' id='word_1_319' title='bbox 1150 2331 1257 2396; x_wconf 87' lang='lat' dir='ltr'><strong>posset:</strong></span> <span class='ocrx_word' id='word_1_320' title='bbox 1279 2325 1393 2381; x_wconf 90' lang='lat' dir='ltr'><strong>inerunt</strong></span> <span class='ocrx_word' id='word_1_321' title='bbox 1414 2339 1496 2397; x_wconf 91' lang='lat' dir='ltr'><strong>ergo,</strong></span> <span class='ocrx_word' id='word_1_322' title='bbox 1520 2331 1551 2382; x_wconf 91' lang='lat' dir='ltr'><strong>ut</strong></span> <span class='ocrx_word' id='word_1_323' title='bbox 1575 2327 1611 2383; x_wconf 89' lang='lat' dir='ltr'><strong>ita</strong></span> <span class='ocrx_word' id='word_1_324' title='bbox 1634 2325 1736 2397; x_wconf 88' lang='lat' dir='ltr'><strong>dicam,</strong></span> 
     </span>
     <span class='ocr_line' id='line_1_23' title="bbox 90 2405 1737 2488; baseline 0.002 -20"><span class='ocrx_word' id='word_1_325' title='bbox 90 2418 117 2469; x_wconf 92' lang='lat' dir='ltr'><strong>et</strong></span> <span class='ocrx_word' id='word_1_326' title='bbox 133 2413 167 2470; x_wconf 91' lang='lat' dir='ltr'><strong>ad</strong></span> <span class='ocrx_word' id='word_1_327' title='bbox 188 2413 362 2472; x_wconf 85' lang='lat' dir='ltr'><strong>honestatem</strong></span> <span class='ocrx_word' id='word_1_328' title='bbox 382 2415 552 2488; x_wconf 87' lang='lat' dir='ltr'><strong>necessaria,</strong></span> <span class='ocrx_word' id='word_1_329' title='bbox 568 2416 743 2486; x_wconf 90' lang='lat' dir='ltr'><strong>praecipere,</strong></span> <span class='ocrx_word' id='word_1_330' title='bbox 757 2420 785 2472; x_wconf 90' lang='lat' dir='ltr'><strong>et</strong></span> <span class='ocrx_word' id='word_1_331' title='bbox 800 2429 898 2472; x_wconf 87' lang='lat' dir='ltr'><strong>conse·</strong></span> <span class='ocrx_word' id='word_1_332' title='bbox 932 2412 1134 2471; x_wconf 86' lang='lat' dir='ltr'><strong>adinventiones</strong></span> <span class='ocrx_word' id='word_1_333' title='bbox 1156 2413 1277 2483; x_wconf 70' lang='lat' dir='ltr'><strong>divinae,</strong></span> <span class='ocrx_word' id='word_1_334' title='bbox 1293 2405 1360 2486; x_wconf 79' lang='lat' dir='ltr'><strong>c&#39;rgo</strong></span> <span class='ocrx_word' id='word_1_335' title='bbox 1374 2413 1487 2470; x_wconf 89' lang='lat' dir='ltr'><strong>luerunt</strong></span> <span class='ocrx_word' id='word_1_336' title='bbox 1500 2413 1568 2472; x_wconf 90' lang='lat' dir='ltr'><strong>iuris</strong></span> <span class='ocrx_word' id='word_1_337' title='bbox 1592 2414 1672 2471; x_wconf 92' lang='lat' dir='ltr'><strong>divini</strong></span> <span class='ocrx_word' id='word_1_338' title='bbox 1687 2430 1737 2487; x_wconf 89' lang='lat' dir='ltr'><strong>po·</strong></span> 
     </span>
     <span class='ocr_line' id='line_1_24' title="bbox 90 2502 1736 2576; baseline 0.002 -18"><span class='ocrx_word' id='word_1_339' title='bbox 90 2509 201 2573; x_wconf 87' lang='lat' dir='ltr'><strong>quenter</strong></span> <span class='ocrx_word' id='word_1_340' title='bbox 217 2506 348 2562; x_wconf 89' lang='lat' dir='ltr'><strong>maiorem</strong></span> <span class='ocrx_word' id='word_1_341' title='bbox 366 2502 517 2576; x_wconf 87' lang='lat' dir='ltr'><strong>quamdam</strong></span> <span class='ocrx_word' id='word_1_342' title='bbox 531 2504 732 2576; x_wconf 85' lang='lat' dir='ltr'><strong>obligationem</strong></span> <span class='ocrx_word' id='word_1_343' title='bbox 748 2504 895 2575; x_wconf 90' lang='lat' dir='ltr'><strong>imponere.</strong></span> <span class='ocrx_word' id='word_1_344' title='bbox 933 2505 1023 2576; x_wconf 72' lang='lat' dir='ltr'><strong>sitivi,</strong></span> <span class='ocrx_word' id='word_1_345' title='bbox 1039 2519 1105 2576; x_wconf 87' lang='lat' dir='ltr'><strong>ergo</strong></span> <span class='ocrx_word' id='word_1_346' title='bbox 1123 2503 1246 2561; x_wconf 89' lang='lat' dir='ltr'><strong>eiusdem</strong></span> <span class='ocrx_word' id='word_1_347' title='bbox 1261 2503 1364 2560; x_wconf 84' lang='lat' dir='ltr'><strong>ordinis</strong></span> <span class='ocrx_word' id='word_1_348' title='bbox 1378 2508 1444 2561; x_wconf 88' lang='lat' dir='ltr'><strong>sunt</strong></span> <span class='ocrx_word' id='word_1_349' title='bbox 1457 2509 1605 2576; x_wconf 90' lang='lat' dir='ltr'><strong>praecepta</strong></span> <span class='ocrx_word' id='word_1_350' title='bbox 1619 2512 1650 2562; x_wconf 91' lang='lat' dir='ltr'><strong>nt</strong></span> <span class='ocrx_word' id='word_1_351' title='bbox 1670 2521 1736 2562; x_wconf 91' lang='lat' dir='ltr'><strong>con·</strong></span> 
     </span>
     <span class='ocr_line' id='line_1_25' title="bbox 133 2591 1734 2668; baseline 0.001 -20"><span class='ocrx_word' id='word_1_352' title='bbox 133 2594 176 2650; x_wconf 81' lang='grc'><strong>15.</strong></span> <span class='ocrx_word' id='word_1_353' title='bbox 191 2595 284 2668; x_wconf 77' lang='lat' dir='ltr'><strong>Atque</strong></span> <span class='ocrx_word' id='word_1_354' title='bbox 299 2595 384 2652; x_wconf 86' lang='lat' dir='ltr'><strong>itsex</strong></span> <span class='ocrx_word' id='word_1_355' title='bbox 397 2592 450 2650; x_wconf 91' lang='lat' dir='ltr'><strong>hoc</strong></span> <span class='ocrx_word' id='word_1_356' title='bbox 466 2591 643 2650; x_wconf 86' lang='lat' dir='ltr'><strong>laudamento</strong></span> <span class='ocrx_word' id='word_1_357' title='bbox 664 2597 739 2664; x_wconf 92' lang='lat' dir='ltr'><strong>patet</strong></span> <span class='ocrx_word' id='word_1_358' title='bbox 757 2594 897 2664; x_wconf 88' lang='lat' dir='ltr'><strong>responsio</strong></span> <span class='ocrx_word' id='word_1_359' title='bbox 931 2595 1026 2652; x_wconf 86' lang='lat' dir='ltr'><strong>iuncta</strong></span> <span class='ocrx_word' id='word_1_360' title='bbox 1048 2593 1094 2650; x_wconf 93' lang='lat' dir='ltr'><strong>tali</strong></span> <span class='ocrx_word' id='word_1_361' title='bbox 1116 2593 1287 2650; x_wconf 87' lang='lat' dir='ltr'><strong>institutioni.</strong></span> <span class='ocrx_word' id='word_1_362' title='bbox 1304 2591 1394 2650; x_wconf 78' lang='lat' dir='ltr'><strong>altera</strong></span> <span class='ocrx_word' id='word_1_363' title='bbox 1413 2608 1478 2648; x_wconf 87' lang='lat' dir='ltr'><strong>vero</strong></span> <span class='ocrx_word' id='word_1_364' title='bbox 1499 2609 1562 2666; x_wconf 93' lang='lat' dir='ltr'><strong>pers</strong></span> <span class='ocrx_word' id='word_1_365' title='bbox 1590 2594 1734 2665; x_wconf 89' lang='lat' dir='ltr'><strong>probatur,</strong></span> 
     </span>
     <span class='ocr_line' id='line_1_26' title="bbox 91 2678 1738 2756; baseline 0.002 -20"><span class='ocrx_word' id='word_1_366' title='bbox 91 2678 125 2736; x_wconf 94' lang='lat' dir='ltr'><strong>ed</strong></span> <span class='ocrx_word' id='word_1_367' title='bbox 145 2682 389 2756; x_wconf 76' lang='lat' dir='ltr'><strong>interrogationem</strong></span> <span class='ocrx_word' id='word_1_368' title='bbox 411 2683 530 2751; x_wconf 91' lang='lat' dir='ltr'><strong>lactem,</strong></span> <span class='ocrx_word' id='word_1_369' title='bbox 553 2682 677 2753; x_wconf 90' lang='lat' dir='ltr'><strong>scilicet,</strong></span> <span class='ocrx_word' id='word_1_370' title='bbox 697 2680 784 2755; x_wconf 88' lang='lat' dir='ltr'><strong>legem</strong></span> <span class='ocrx_word' id='word_1_371' title='bbox 800 2697 898 2738; x_wconf 91' lang='lat' dir='ltr'><strong>novam</strong></span> <span class='ocrx_word' id='word_1_372' title='bbox 933 2684 996 2754; x_wconf 87' lang='lat' dir='ltr'><strong>quia</strong></span> <span class='ocrx_word' id='word_1_373' title='bbox 1011 2683 1091 2740; x_wconf 88' lang='lat' dir='ltr'><strong>etiarn</strong></span> <span class='ocrx_word' id='word_1_374' title='bbox 1107 2682 1178 2740; x_wconf 89' lang='lat' dir='ltr'><strong>iacta</strong></span> <span class='ocrx_word' id='word_1_375' title='bbox 1195 2682 1362 2740; x_wconf 89' lang='lat' dir='ltr'><strong>institutione</strong></span> <span class='ocrx_word' id='word_1_376' title='bbox 1374 2723 1381 2750; x_wconf 94' lang='lat'><strong>,</strong></span> <span class='ocrx_word' id='word_1_377' title='bbox 1393 2685 1516 2753; x_wconf 89' lang='lat' dir='ltr'><strong>oportuit</strong></span> <span class='ocrx_word' id='word_1_378' title='bbox 1534 2681 1644 2755; x_wconf 89' lang='lat' dir='ltr'><strong>adiungi</strong></span> <span class='ocrx_word' id='word_1_379' title='bbox 1658 2698 1738 2754; x_wconf 82' lang='lat' dir='ltr'><strong>prae-</strong></span> 
     </span>
     <span class='ocr_line' id='line_1_27' title="bbox 89 2767 1736 2846; baseline 0.002 -20"><span class='ocrx_word' id='word_1_380' title='bbox 89 2769 228 2828; x_wconf 89' lang='lat' dir='ltr'><strong>eddidisse</strong></span> <span class='ocrx_word' id='word_1_381' title='bbox 246 2771 441 2846; x_wconf 87' lang='lat' dir='ltr'><strong>obligationem</strong></span> <span class='ocrx_word' id='word_1_382' title='bbox 456 2772 481 2827; x_wconf 89' lang='lat' dir='ltr'><strong>iu</strong></span> <span class='ocrx_word' id='word_1_383' title='bbox 498 2767 545 2828; x_wconf 92' lang='lat' dir='ltr'><strong>tali</strong></span> <span class='ocrx_word' id='word_1_384' title='bbox 559 2773 684 2840; x_wconf 88' lang='lat' dir='ltr'><strong>materis,</strong></span> <span class='ocrx_word' id='word_1_385' title='bbox 700 2770 743 2827; x_wconf 89' lang='lat' dir='ltr'><strong>vel</strong></span> <span class='ocrx_word' id='word_1_386' title='bbox 758 2772 898 2830; x_wconf 84' lang='lat' dir='ltr'><strong>extensive</strong></span> <span class='ocrx_word' id='word_1_387' title='bbox 933 2779 1047 2845; x_wconf 89' lang='lat' dir='ltr'><strong>ceptum</strong></span> <span class='ocrx_word' id='word_1_388' title='bbox 1065 2788 1099 2830; x_wconf 82' lang='lat' dir='ltr'><strong>er</strong></span> <span class='ocrx_word' id='word_1_389' title='bbox 1119 2771 1177 2830; x_wconf 91' lang='lat' dir='ltr'><strong>sola</strong></span> <span class='ocrx_word' id='word_1_390' title='bbox 1196 2770 1336 2827; x_wconf 90' lang='lat' dir='ltr'><strong>voluntate</strong></span> <span class='ocrx_word' id='word_1_391' title='bbox 1355 2770 1472 2844; x_wconf 84' lang='lat' dir='ltr'><strong>Christi,</strong></span> <span class='ocrx_word' id='word_1_392' title='bbox 1488 2772 1552 2843; x_wconf 88' lang='lat' dir='ltr'><strong>quia</strong></span> <span class='ocrx_word' id='word_1_393' title='bbox 1573 2772 1640 2829; x_wconf 94' lang='lat' dir='ltr'><strong>ratio</strong></span> <span class='ocrx_word' id='word_1_394' title='bbox 1656 2779 1736 2830; x_wconf 88' lang='lat' dir='ltr'><strong>netu·</strong></span> 
     </span>
     <span class='ocr_line' id='line_1_28' title="bbox 88 2860 1737 2934; baseline 0.001 -18"><span class='ocrx_word' id='word_1_395' title='bbox 88 2871 198 2933; x_wconf 89' lang='lat' dir='ltr'><strong>propter</strong></span> <span class='ocrx_word' id='word_1_396' title='bbox 220 2860 387 2920; x_wconf 88' lang='lat' dir='ltr'><strong>additionem</strong></span> <span class='ocrx_word' id='word_1_397' title='bbox 404 2861 468 2917; x_wconf 93' lang='lat' dir='ltr'><strong>novi</strong></span> <span class='ocrx_word' id='word_1_398' title='bbox 481 2860 636 2934; x_wconf 88' lang='lat' dir='ltr'><strong>praecepti,</strong></span> <span class='ocrx_word' id='word_1_399' title='bbox 653 2860 695 2918; x_wconf 91' lang='lat' dir='ltr'><strong>vel</strong></span> <span class='ocrx_word' id='word_1_400' title='bbox 714 2862 794 2918; x_wconf 90' lang='lat' dir='ltr'><strong>etiam</strong></span> <span class='ocrx_word' id='word_1_401' title='bbox 810 2863 899 2918; x_wconf 90' lang='lat' dir='ltr'><strong>iaten·</strong></span> <span class='ocrx_word' id='word_1_402' title='bbox 933 2862 999 2919; x_wconf 89' lang='lat' dir='ltr'><strong>ralis</strong></span> <span class='ocrx_word' id='word_1_403' title='bbox 1009 2862 1089 2920; x_wconf 91' lang='lat' dir='ltr'><strong>etiarn</strong></span> <span class='ocrx_word' id='word_1_404' title='bbox 1101 2862 1253 2920; x_wconf 88' lang='lat' dir='ltr'><strong>illuminata</strong></span> <span class='ocrx_word' id='word_1_405' title='bbox 1268 2877 1316 2934; x_wconf 90' lang='lat' dir='ltr'><strong>per</strong></span> <span class='ocrx_word' id='word_1_406' title='bbox 1327 2861 1406 2920; x_wconf 88' lang='lat' dir='ltr'><strong>tidem</strong></span> <span class='ocrx_word' id='word_1_407' title='bbox 1417 2877 1471 2918; x_wconf 91' lang='lat' dir='ltr'><strong>nou</strong></span> <span class='ocrx_word' id='word_1_408' title='bbox 1482 2861 1598 2920; x_wconf 87' lang='lat' dir='ltr'><strong>dictaret</strong></span> <span class='ocrx_word' id='word_1_409' title='bbox 1610 2903 1617 2933; x_wconf 96' lang='lat'><strong>,</strong></span> <span class='ocrx_word' id='word_1_410' title='bbox 1629 2860 1670 2918; x_wconf 91' lang='lat' dir='ltr'><strong>vel</strong></span> <span class='ocrx_word' id='word_1_411' title='bbox 1681 2864 1737 2919; x_wconf 87' lang='lat' dir='ltr'><strong>exi·</strong></span> 
     </span>
     <span class='ocr_line' id='line_1_29' title="bbox 88 2948 1737 3025; baseline 0.004 -21"><span class='ocrx_word' id='word_1_412' title='bbox 88 2949 159 3021; x_wconf 87' lang='lat' dir='ltr'><strong>sive,</strong></span> <span class='ocrx_word' id='word_1_413' title='bbox 185 2965 244 3007; x_wconf 88' lang='lat' dir='ltr'><strong>non</strong></span> <span class='ocrx_word' id='word_1_414' title='bbox 258 2950 347 3016; x_wconf 89' lang='lat' dir='ltr'><strong>solum</strong></span> <span class='ocrx_word' id='word_1_415' title='bbox 362 2954 475 3022; x_wconf 87' lang='lat' dir='ltr'><strong>propter</strong></span> <span class='ocrx_word' id='word_1_416' title='bbox 489 2950 620 3007; x_wconf 90' lang='lat' dir='ltr'><strong>maiorem</strong></span> <span class='ocrx_word' id='word_1_417' title='bbox 634 2948 740 3020; x_wconf 90' lang='lat' dir='ltr'><strong>iucem,</strong></span> <span class='ocrx_word' id='word_1_418' title='bbox 755 2949 898 3024; x_wconf 88' lang='lat' dir='ltr'><strong>maiusque</strong></span> <span class='ocrx_word' id='word_1_419' title='bbox 934 2959 1011 3025; x_wconf 90' lang='lat' dir='ltr'><strong>geret</strong></span> <span class='ocrx_word' id='word_1_420' title='bbox 1030 2951 1223 3025; x_wconf 79' lang='lat' dir='ltr'><strong>obligationem</strong></span> <span class='ocrx_word' id='word_1_421' title='bbox 1242 2967 1275 3008; x_wconf 85' lang='lat' dir='ltr'><strong>ex</strong></span> <span class='ocrx_word' id='word_1_422' title='bbox 1293 2953 1320 3008; x_wconf 92' lang='lat' dir='ltr'><strong>vi</strong></span> <span class='ocrx_word' id='word_1_423' title='bbox 1339 2951 1427 3008; x_wconf 86' lang='lat' dir='ltr'><strong>solius</strong></span> <span class='ocrx_word' id='word_1_424' title='bbox 1447 2951 1634 3008; x_wconf 86' lang='lat' dir='ltr'><strong>institutionis.</strong></span> <span class='ocrx_word' id='word_1_425' title='bbox 1651 2953 1687 3009; x_wconf 83' lang='lat' dir='ltr'><strong>Et</strong></span> <span class='ocrx_word' id='word_1_426' title='bbox 1701 2951 1737 3010; x_wconf 87' lang='lat' dir='ltr'><strong>ita</strong></span> 
     </span>
     <span class='ocr_line' id='line_1_30' title="bbox 86 3038 1738 3113; baseline 0 -17"><span class='ocrx_word' id='word_1_427' title='bbox 86 3040 187 3112; x_wconf 82' lang='lat' dir='ltr'><strong>gratiae</strong></span> <span class='ocrx_word' id='word_1_428' title='bbox 220 3038 373 3112; x_wconf 80' lang='lat' dir='ltr'><strong>auxilium,</strong></span> <span class='ocrx_word' id='word_1_429' title='bbox 397 3038 446 3096; x_wconf 90' lang='lat' dir='ltr'><strong>sed</strong></span> <span class='ocrx_word' id='word_1_430' title='bbox 468 3039 549 3096; x_wconf 90' lang='lat' dir='ltr'><strong>etiem</strong></span> <span class='ocrx_word' id='word_1_431' title='bbox 571 3047 684 3111; x_wconf 91' lang='lat' dir='ltr'><strong>propter</strong></span> <span class='ocrx_word' id='word_1_432' title='bbox 704 3041 899 3097; x_wconf 90' lang='lat' dir='ltr'><strong>auctoritatem</strong></span> <span class='ocrx_word' id='word_1_433' title='bbox 934 3040 1172 3112; x_wconf 84' lang='lat' dir='ltr'><strong>viventeChristo,</strong></span> <span class='ocrx_word' id='word_1_434' title='bbox 1184 3041 1248 3098; x_wconf 92' lang='lat' dir='ltr'><strong>licet</strong></span> <span class='ocrx_word' id='word_1_435' title='bbox 1261 3041 1498 3112; x_wconf 85' lang='lat' dir='ltr'><strong>baptismusesset</strong></span> <span class='ocrx_word' id='word_1_436' title='bbox 1514 3040 1668 3113; x_wconf 87' lang='lat' dir='ltr'><strong>institutus,</strong></span> <span class='ocrx_word' id='word_1_437' title='bbox 1683 3055 1738 3097; x_wconf 90' lang='lat' dir='ltr'><strong>nou</strong></span> 
     </span>
     <span class='ocr_line' id='line_1_31' title="bbox 88 3119 1737 3204; baseline 0.001 -20"><span class='ocrx_word' id='word_1_438' title='bbox 88 3127 187 3187; x_wconf 85' lang='lat' dir='ltr'><strong>Christi</strong></span> <span class='ocrx_word' id='word_1_439' title='bbox 208 3129 412 3201; x_wconf 88' lang='lat' dir='ltr'><strong>interpositam,</strong></span> <span class='ocrx_word' id='word_1_440' title='bbox 428 3143 510 3204; x_wconf 89' lang='lat' dir='ltr'><strong>qnam</strong></span> <span class='ocrx_word' id='word_1_441' title='bbox 525 3131 584 3201; x_wconf 87' lang='lat' dir='ltr'><strong>ipae</strong></span> <span class='ocrx_word' id='word_1_442' title='bbox 599 3129 771 3202; x_wconf 83' lang='lat' dir='ltr'><strong>significavit,</strong></span> <span class='ocrx_word' id='word_1_443' title='bbox 783 3145 847 3187; x_wconf 89' lang='lat' dir='ltr'><strong>cnm</strong></span> <span class='ocrx_word' id='word_1_444' title='bbox 859 3128 899 3186; x_wconf 93' lang='lat' dir='ltr'><strong>di·</strong></span> <span class='ocrx_word' id='word_1_445' title='bbox 933 3136 995 3186; x_wconf 85' lang='lat' dir='ltr'><strong>erat</strong></span> <span class='ocrx_word' id='word_1_446' title='bbox 1009 3130 1060 3186; x_wconf 90' lang='lat' dir='ltr'><strong>sub</strong></span> <span class='ocrx_word' id='word_1_447' title='bbox 1075 3119 1237 3202; x_wconf 79' lang='lat' dir='ltr'><strong>praecept03</strong></span> <span class='ocrx_word' id='word_1_448' title='bbox 1253 3129 1364 3188; x_wconf 84' lang='lat' dir='ltr'><strong>elidem</strong></span> <span class='ocrx_word' id='word_1_449' title='bbox 1379 3145 1453 3186; x_wconf 91' lang='lat' dir='ltr'><strong>nuuc</strong></span> <span class='ocrx_word' id='word_1_450' title='bbox 1474 3137 1588 3186; x_wconf 88' lang='lat' dir='ltr'><strong>censeat</strong></span> <span class='ocrx_word' id='word_1_451' title='bbox 1607 3129 1690 3202; x_wconf 89' lang='lat' dir='ltr'><strong>aliqui</strong></span> <span class='ocrx_word' id='word_1_452' title='bbox 1703 3129 1737 3186; x_wconf 91' lang='lat' dir='ltr'><strong>de</strong></span> 
     </span>
     <span class='ocr_line' id='line_1_32' title="bbox 88 3215 1737 3292; baseline -0.002 -16"><span class='ocrx_word' id='word_1_453' title='bbox 88 3219 147 3276; x_wconf 83' lang='lat' dir='ltr'><strong>rit:</strong></span> <span class='ocrx_word' id='word_1_454' title='bbox 165 3223 231 3292; x_wconf 79' lang='lat' dir='ltr'><strong>Epo</strong></span> <span class='ocrx_word' id='word_1_455' title='bbox 251 3223 353 3276; x_wconf 80' lang='lat' dir='ltr'><strong>entem</strong></span> <span class='ocrx_word' id='word_1_456' title='bbox 372 3215 438 3277; x_wconf 83' lang='lat' dir='ltr'><strong>dico</strong></span> <span class='ocrx_word' id='word_1_457' title='bbox 455 3217 550 3284; x_wconf 64' lang='lat' dir='ltr'><strong>achim</strong></span> <span class='ocrx_word' id='word_1_458' title='bbox 565 3225 593 3276; x_wconf 96' lang='lat' dir='ltr'><strong>et</strong></span> <span class='ocrx_word' id='word_1_459' title='bbox 606 3226 720 3290; x_wconf 91' lang='lat' dir='ltr'><strong>propter</strong></span> <span class='ocrx_word' id='word_1_460' title='bbox 733 3219 793 3277; x_wconf 86' lang='lat' dir='ltr'><strong>cius</strong></span> <span class='ocrx_word' id='word_1_461' title='bbox 806 3234 898 3276; x_wconf 80' lang='lat' dir='ltr'><strong>exem·</strong></span> <span class='ocrx_word' id='word_1_462' title='bbox 933 3225 1056 3279; x_wconf 74' lang='lat' dir='ltr'><strong>extreme</strong></span> <span class='ocrx_word' id='word_1_463' title='bbox 1067 3219 1318 3290; x_wconf 87' lang='lat' dir='ltr'><strong>unctione.Negare</strong></span> <span class='ocrx_word' id='word_1_464' title='bbox 1328 3224 1420 3284; x_wconf 87' lang='lat' dir='ltr'><strong>autem</strong></span> <span class='ocrx_word' id='word_1_465' title='bbox 1431 3233 1485 3276; x_wconf 90' lang='lat' dir='ltr'><strong>aon</strong></span> <span class='ocrx_word' id='word_1_466' title='bbox 1499 3233 1658 3292; x_wconf 88' lang='lat' dir='ltr'><strong>pessumus,</strong></span> <span class='ocrx_word' id='word_1_467' title='bbox 1670 3218 1737 3290; x_wconf 84' lang='lat' dir='ltr'><strong>quin</strong></span> 
     </span>
     <span class='ocr_line' id='line_1_33' title="bbox 89 3305 1737 3382; baseline 0.001 -20"><span class='ocrx_word' id='word_1_468' title='bbox 89 3305 165 3378; x_wconf 85' lang='lat' dir='ltr'><strong>plum</strong></span> <span class='ocrx_word' id='word_1_469' title='bbox 181 3315 211 3366; x_wconf 90' lang='lat' dir='ltr'><strong>et</strong></span> <span class='ocrx_word' id='word_1_470' title='bbox 231 3307 380 3380; x_wconf 90' lang='lat' dir='ltr'><strong>specialem</strong></span> <span class='ocrx_word' id='word_1_471' title='bbox 390 3307 581 3380; x_wconf 73' lang='lat' dir='ltr'><strong>dilectionem,</strong></span> <span class='ocrx_word' id='word_1_472' title='bbox 594 3321 677 3381; x_wconf 84' lang='lat' dir='ltr'><strong>quem</strong></span> <span class='ocrx_word' id='word_1_473' title='bbox 687 3314 845 3382; x_wconf 83' lang='lat' dir='ltr'><strong>respectum</strong></span> <span class='ocrx_word' id='word_1_474' title='bbox 859 3311 898 3364; x_wconf 92' lang='lat' dir='ltr'><strong>in·</strong></span> <span class='ocrx_word' id='word_1_475' title='bbox 934 3308 1001 3364; x_wconf 90' lang='lat' dir='ltr'><strong>haec</strong></span> <span class='ocrx_word' id='word_1_476' title='bbox 1025 3313 1171 3379; x_wconf 90' lang='lat' dir='ltr'><strong>praccepta</strong></span> <span class='ocrx_word' id='word_1_477' title='bbox 1194 3309 1249 3364; x_wconf 89' lang='lat' dir='ltr'><strong>sint</strong></span> <span class='ocrx_word' id='word_1_478' title='bbox 1266 3305 1345 3363; x_wconf 91' lang='lat' dir='ltr'><strong>valde</strong></span> <span class='ocrx_word' id='word_1_479' title='bbox 1364 3312 1549 3364; x_wconf 89' lang='lat' dir='ltr'><strong>consentanee</strong></span> <span class='ocrx_word' id='word_1_480' title='bbox 1573 3307 1687 3379; x_wconf 81' lang='lat' dir='ltr'><strong>raboni,</strong></span> <span class='ocrx_word' id='word_1_481' title='bbox 1709 3313 1737 3376; x_wconf 91' lang='lat' dir='ltr'><strong>et</strong></span> 
     </span>
     <span class='ocr_line' id='line_1_34' title="bbox 89 3394 1736 3469; baseline 0.001 -17"><span class='ocrx_word' id='word_1_482' title='bbox 89 3395 206 3469; x_wconf 90' lang='lat' dir='ltr'><strong>dicerit,</strong></span> <span class='ocrx_word' id='word_1_483' title='bbox 227 3411 295 3454; x_wconf 90' lang='lat' dir='ltr'><strong>cam</strong></span> <span class='ocrx_word' id='word_1_484' title='bbox 313 3396 392 3462; x_wconf 74' lang='lat' dir='ltr'><strong>ohta:</strong></span> <span class='ocrx_word' id='word_1_485' title='bbox 408 3398 494 3454; x_wconf 83' lang='lat' dir='ltr'><strong>Sicut</strong></span> <span class='ocrx_word' id='word_1_486' title='bbox 506 3394 601 3454; x_wconf 78' lang='lat' dir='ltr'><strong>dilect</strong></span> <span class='ocrx_word' id='word_1_487' title='bbox 614 3412 673 3464; x_wconf 86' lang='lat' dir='ltr'><strong>eos,</strong></span> <span class='ocrx_word' id='word_1_488' title='bbox 691 3404 719 3457; x_wconf 89' lang='lat' dir='ltr'><strong>et</strong></span> <span class='ocrx_word' id='word_1_489' title='bbox 732 3413 798 3456; x_wconf 91' lang='lat' dir='ltr'><strong>cum</strong></span> <span class='ocrx_word' id='word_1_490' title='bbox 814 3397 896 3456; x_wconf 85' lang='lat' dir='ltr'><strong>dirit:</strong></span> <span class='ocrx_word' id='word_1_491' title='bbox 934 3396 1013 3469; x_wconf 88' lang='lat' dir='ltr'><strong>quasi</strong></span> <span class='ocrx_word' id='word_1_492' title='bbox 1029 3398 1186 3454; x_wconf 83' lang='lat' dir='ltr'><strong>necessaria</strong></span> <span class='ocrx_word' id='word_1_493' title='bbox 1200 3411 1234 3456; x_wconf 83' lang='lat' dir='ltr'><strong>er</strong></span> <span class='ocrx_word' id='word_1_494' title='bbox 1247 3395 1428 3460; x_wconf 87' lang='lat' dir='ltr'><strong>institutione.</strong></span> <span class='ocrx_word' id='word_1_495' title='bbox 1442 3397 1528 3467; x_wconf 86' lang='lat' dir='ltr'><strong>Nam,</strong></span> <span class='ocrx_word' id='word_1_496' title='bbox 1544 3398 1687 3468; x_wconf 85' lang='lat' dir='ltr'><strong>supposita</strong></span> <span class='ocrx_word' id='word_1_497' title='bbox 1697 3397 1736 3454; x_wconf 91' lang='lat' dir='ltr'><strong>ia·</strong></span> 
     </span>
     <span class='ocr_line' id='line_1_35' title="bbox 88 3479 1736 3562; baseline 0 -20"><span class='ocrx_word' id='word_1_498' title='bbox 88 3489 150 3542; x_wconf 83' lang='lat' dir='ltr'><strong>Hoc</strong></span> <span class='ocrx_word' id='word_1_499' title='bbox 162 3492 208 3544; x_wconf 84' lang='lat' dir='ltr'><strong>est</strong></span> <span class='ocrx_word' id='word_1_500' title='bbox 222 3491 419 3562; x_wconf 81' lang='lat' dir='ltr'><strong>praeceptum</strong></span> <span class='ocrx_word' id='word_1_501' title='bbox 431 3501 542 3554; x_wconf 83' lang='lat' dir='ltr'><strong>mecm,</strong></span> <span class='ocrx_word' id='word_1_502' title='bbox 561 3491 588 3544; x_wconf 90' lang='lat' dir='ltr'><strong>et</strong></span> <span class='ocrx_word' id='word_1_503' title='bbox 601 3487 677 3545; x_wconf 85' lang='lat' dir='ltr'><strong>loen.</strong></span> <span class='ocrx_word' id='word_1_504' title='bbox 693 3490 736 3546; x_wconf 80' lang='grc'><strong>13.</strong></span> <span class='ocrx_word' id='word_1_505' title='bbox 749 3486 825 3547; x_wconf 79' lang='lat' dir='ltr'><strong>dixit:</strong></span> <span class='ocrx_word' id='word_1_506' title='bbox 836 3479 902 3544; x_wconf 71' lang='grc' dir='ltr'><strong>11ωέ</strong></span> <span class='ocrx_word' id='word_1_507' title='bbox 935 3485 1079 3542; x_wconf 88' lang='lat' dir='ltr'><strong>stitutione</strong></span> <span class='ocrx_word' id='word_1_508' title='bbox 1094 3485 1167 3542; x_wconf 89' lang='lat' dir='ltr'><strong>unici</strong></span> <span class='ocrx_word' id='word_1_509' title='bbox 1181 3484 1324 3554; x_wconf 81' lang='lat' dir='ltr'><strong>sacrificii,</strong></span> <span class='ocrx_word' id='word_1_510' title='bbox 1338 3485 1502 3544; x_wconf 86' lang='lat' dir='ltr'><strong>naturaiiter</strong></span> <span class='ocrx_word' id='word_1_511' title='bbox 1528 3487 1655 3558; x_wconf 84' lang='lat' dir='ltr'><strong>seqsvitur</strong></span> <span class='ocrx_word' id='word_1_512' title='bbox 1669 3485 1736 3542; x_wconf 88' lang='lat' dir='ltr'><strong>obli·</strong></span> 
     </span>
     <span class='ocr_line' id='line_1_36' title="bbox 88 3572 1734 3650; baseline 0 -19"><span class='ocrx_word' id='word_1_513' title='bbox 88 3573 221 3650; x_wconf 79' lang='lat' dir='ltr'><strong>emplum</strong></span> <span class='ocrx_word' id='word_1_514' title='bbox 245 3573 317 3646; x_wconf 64' lang='lat' dir='ltr'><strong>dedi,</strong></span> <span class='ocrx_word' id='word_1_515' title='bbox 333 3574 428 3643; x_wconf 81' lang='lat' dir='ltr'><strong>vobis,</strong></span> <span class='ocrx_word' id='word_1_516' title='bbox 446 3579 480 3634; x_wconf 87' lang='lat' dir='ltr'><strong>ut</strong></span> <span class='ocrx_word' id='word_1_517' title='bbox 493 3581 548 3634; x_wconf 91' lang='lat' dir='ltr'><strong>etc.</strong></span> <span class='ocrx_word' id='word_1_518' title='bbox 567 3576 661 3649; x_wconf 87' lang='lat' dir='ltr'><strong>Neque</strong></span> <span class='ocrx_word' id='word_1_519' title='bbox 676 3575 728 3632; x_wconf 91' lang='lat' dir='ltr'><strong>hoe</strong></span> <span class='ocrx_word' id='word_1_520' title='bbox 741 3581 787 3634; x_wconf 88' lang='lat' dir='ltr'><strong>est</strong></span> <span class='ocrx_word' id='word_1_521' title='bbox 801 3582 900 3634; x_wconf 89' lang='lat' dir='ltr'><strong>contra</strong></span> <span class='ocrx_word' id='word_1_522' title='bbox 933 3574 1008 3647; x_wconf 90' lang='lat' dir='ltr'><strong>gatio</strong></span> <span class='ocrx_word' id='word_1_523' title='bbox 1018 3572 1085 3631; x_wconf 94' lang='lat' dir='ltr'><strong>illud</strong></span> <span class='ocrx_word' id='word_1_524' title='bbox 1095 3573 1240 3644; x_wconf 90' lang='lat' dir='ltr'><strong>ollereodi,</strong></span> <span class='ocrx_word' id='word_1_525' title='bbox 1253 3574 1317 3646; x_wconf 81' lang='lat' dir='ltr'><strong>quia</strong></span> <span class='ocrx_word' id='word_1_526' title='bbox 1332 3573 1459 3647; x_wconf 87' lang='lat' dir='ltr'><strong>obligatio</strong></span> <span class='ocrx_word' id='word_1_527' title='bbox 1469 3573 1576 3631; x_wconf 88' lang='lat' dir='ltr'><strong>colendi</strong></span> <span class='ocrx_word' id='word_1_528' title='bbox 1589 3577 1675 3632; x_wconf 68' lang='lat' dir='ltr'><strong>mum</strong></span> <span class='ocrx_word' id='word_1_529' title='bbox 1684 3590 1734 3646; x_wconf 90' lang='lat' dir='ltr'><strong>per</strong></span> 
     </span>
     <span class='ocr_line' id='line_1_37' title="bbox 88 3661 1736 3739; baseline 0.002 -21"><span class='ocrx_word' id='word_1_530' title='bbox 88 3667 217 3737; x_wconf 84' lang='lat' dir='ltr'><strong>superius</strong></span> <span class='ocrx_word' id='word_1_531' title='bbox 239 3663 323 3722; x_wconf 91' lang='lat' dir='ltr'><strong>dicta.</strong></span> <span class='ocrx_word' id='word_1_532' title='bbox 336 3665 502 3739; x_wconf 82' lang='lat' dir='ltr'><strong>Negavimua</strong></span> <span class='ocrx_word' id='word_1_533' title='bbox 512 3666 597 3738; x_wconf 89' lang='lat' dir='ltr'><strong>eninr,</strong></span> <span class='ocrx_word' id='word_1_534' title='bbox 608 3664 749 3725; x_wconf 85' lang='lat' dir='ltr'><strong>christum</strong></span> <span class='ocrx_word' id='word_1_535' title='bbox 762 3663 899 3724; x_wconf 84' lang='lat' dir='ltr'><strong>addidisse</strong></span> <span class='ocrx_word' id='word_1_536' title='bbox 933 3661 1098 3719; x_wconf 78' lang='lat' dir='ltr'><strong>sacrificium</strong></span> <span class='ocrx_word' id='word_1_537' title='bbox 1117 3678 1169 3720; x_wconf 89' lang='lat' dir='ltr'><strong>suo</strong></span> <span class='ocrx_word' id='word_1_538' title='bbox 1187 3663 1269 3720; x_wconf 91' lang='lat' dir='ltr'><strong>modo</strong></span> <span class='ocrx_word' id='word_1_539' title='bbox 1285 3663 1418 3720; x_wconf 83' lang='lat' dir='ltr'><strong>naturalis</strong></span> <span class='ocrx_word' id='word_1_540' title='bbox 1431 3669 1491 3732; x_wconf 78' lang='lat' dir='ltr'><strong>est3</strong></span> <span class='ocrx_word' id='word_1_541' title='bbox 1509 3677 1591 3736; x_wconf 88' lang='lat' dir='ltr'><strong>ergo,</strong></span> <span class='ocrx_word' id='word_1_542' title='bbox 1606 3663 1736 3722; x_wconf 84' lang='lat' dir='ltr'><strong>determi-</strong></span> 
     </span>
     <span class='ocr_line' id='line_1_38' title="bbox 88 3750 1736 3828; baseline 0 -20"><span class='ocrx_word' id='word_1_543' title='bbox 88 3763 269 3828; x_wconf 89' lang='lat' dir='ltr'><strong>praeceptum</strong></span> <span class='ocrx_word' id='word_1_544' title='bbox 285 3755 435 3826; x_wconf 88' lang='lat' dir='ltr'><strong>positivum</strong></span> <span class='ocrx_word' id='word_1_545' title='bbox 450 3753 478 3812; x_wconf 91' lang='lat' dir='ltr'><strong>ia</strong></span> <span class='ocrx_word' id='word_1_546' title='bbox 491 3755 607 3813; x_wconf 89' lang='lat' dir='ltr'><strong>materie</strong></span> <span class='ocrx_word' id='word_1_547' title='bbox 619 3753 716 3812; x_wconf 89' lang='lat' dir='ltr'><strong>morali</strong></span> <span class='ocrx_word' id='word_1_548' title='bbox 730 3754 822 3827; x_wconf 84' lang='lat' dir='ltr'><strong>quoad</strong></span> <span class='ocrx_word' id='word_1_549' title='bbox 840 3769 899 3815; x_wconf 89' lang='lat' dir='ltr'><strong>rem</strong></span> <span class='ocrx_word' id='word_1_550' title='bbox 934 3759 997 3809; x_wconf 90' lang='lat' dir='ltr'><strong>aete</strong></span> <span class='ocrx_word' id='word_1_551' title='bbox 1012 3751 1183 3809; x_wconf 82' lang='lat' dir='ltr'><strong>institutione</strong></span> <span class='ocrx_word' id='word_1_552' title='bbox 1202 3750 1236 3808; x_wconf 88' lang='lat' dir='ltr'><strong>ad</strong></span> <span class='ocrx_word' id='word_1_553' title='bbox 1256 3751 1309 3810; x_wconf 91' lang='lat' dir='ltr'><strong>tale</strong></span> <span class='ocrx_word' id='word_1_554' title='bbox 1330 3750 1514 3824; x_wconf 82' lang='lat' dir='ltr'><strong>sacrificium,</strong></span> <span class='ocrx_word' id='word_1_555' title='bbox 1536 3759 1736 3825; x_wconf 81' lang='lat' dir='ltr'><strong>cousequenter</strong></span> 
     </span>
     <span class='ocr_line' id='line_1_39' title="bbox 87 3840 1734 3918; baseline 0.002 -21"><span class='ocrx_word' id='word_1_556' title='bbox 87 3857 142 3899; x_wconf 89' lang='lat' dir='ltr'><strong>non</strong></span> <span class='ocrx_word' id='word_1_557' title='bbox 164 3850 341 3917; x_wconf 86' lang='lat' dir='ltr'><strong>praeceptam</strong></span> <span class='ocrx_word' id='word_1_558' title='bbox 361 3843 421 3902; x_wconf 90' lang='lat' dir='ltr'><strong>iure</strong></span> <span class='ocrx_word' id='word_1_559' title='bbox 440 3849 573 3916; x_wconf 84' lang='lat' dir='ltr'><strong>naturae,</strong></span> <span class='ocrx_word' id='word_1_560' title='bbox 588 3860 638 3902; x_wconf 91' lang='lat' dir='ltr'><strong>seu</strong></span> <span class='ocrx_word' id='word_1_561' title='bbox 652 3843 777 3904; x_wconf 89' lang='lat' dir='ltr'><strong>addendo</strong></span> <span class='ocrx_word' id='word_1_562' title='bbox 795 3845 900 3918; x_wconf 88' lang='lat' dir='ltr'><strong>specia·</strong></span> <span class='ocrx_word' id='word_1_563' title='bbox 933 3840 1132 3908; x_wconf 88' lang='lat' dir='ltr'><strong>determinetur</strong></span> <span class='ocrx_word' id='word_1_564' title='bbox 1151 3840 1279 3916; x_wconf 80' lang='lat' dir='ltr'><strong>obligatio</strong></span> <span class='ocrx_word' id='word_1_565' title='bbox 1299 3840 1440 3898; x_wconf 87' lang='lat' dir='ltr'><strong>naturalis.</strong></span> <span class='ocrx_word' id='word_1_566' title='bbox 1456 3842 1556 3900; x_wconf 86' lang='lat' dir='ltr'><strong>Verum</strong></span> <span class='ocrx_word' id='word_1_567' title='bbox 1573 3847 1616 3901; x_wconf 90' lang='lat' dir='ltr'><strong>est</strong></span> <span class='ocrx_word' id='word_1_568' title='bbox 1629 3848 1734 3917; x_wconf 92' lang='lat' dir='ltr'><strong>autem,</strong></span> 
     </span>
     <span class='ocr_line' id='line_1_40' title="bbox 89 3919 1735 4006; baseline 0.002 -20"><span class='ocrx_word' id='word_1_569' title='bbox 89 3929 141 3988; x_wconf 88' lang='lat' dir='ltr'><strong>leru</strong></span> <span class='ocrx_word' id='word_1_570' title='bbox 166 3933 424 3990; x_wconf 87' lang='lat' dir='ltr'><strong>determinationem</strong></span> <span class='ocrx_word' id='word_1_571' title='bbox 439 3933 584 4006; x_wconf 86' lang='lat' dir='ltr'><strong>temporis,</strong></span> <span class='ocrx_word' id='word_1_572' title='bbox 598 3931 664 4003; x_wconf 92' lang='lat' dir='ltr'><strong>loci,</strong></span> <span class='ocrx_word' id='word_1_573' title='bbox 679 3940 728 3992; x_wconf 90' lang='lat' dir='ltr'><strong>aut</strong></span> <span class='ocrx_word' id='word_1_574' title='bbox 743 3933 815 3991; x_wconf 90' lang='lat' dir='ltr'><strong>modi</strong></span> <span class='ocrx_word' id='word_1_575' title='bbox 829 3977 836 4004; x_wconf 94' lang='lat'><strong>,</strong></span> <span class='ocrx_word' id='word_1_576' title='bbox 851 3941 900 3992; x_wconf 89' lang='lat' dir='ltr'><strong>aut</strong></span> <span class='ocrx_word' id='word_1_577' title='bbox 936 3932 962 3987; x_wconf 90' lang='lat' dir='ltr'><strong>in</strong></span> <span class='ocrx_word' id='word_1_578' title='bbox 978 3931 1147 3988; x_wconf 86' lang='lat' dir='ltr'><strong>institutione</strong></span> <span class='ocrx_word' id='word_1_579' title='bbox 1162 3919 1236 3988; x_wconf 89' lang='lat' dir='ltr'><strong>unici</strong></span> <span class='ocrx_word' id='word_1_580' title='bbox 1255 3929 1380 3988; x_wconf 82' lang='lat' dir='ltr'><strong>sacrificii</strong></span> <span class='ocrx_word' id='word_1_581' title='bbox 1400 3929 1503 3988; x_wconf 89' lang='lat' dir='ltr'><strong>includi</strong></span> <span class='ocrx_word' id='word_1_582' title='bbox 1524 3929 1735 4003; x_wconf 89' lang='lat' dir='ltr'><strong>prohibitionem</strong></span> 
     </span>
     <span class='ocr_line' id='line_1_41' title="bbox 86 4019 1736 4096; baseline 0.003 -21"><span class='ocrx_word' id='word_1_583' title='bbox 86 4020 220 4079; x_wconf 90' lang='lat' dir='ltr'><strong>similium</strong></span> <span class='ocrx_word' id='word_1_584' title='bbox 239 4021 511 4080; x_wconf 87' lang='lat' dir='ltr'><strong>circumstantiarum</strong></span> <span class='ocrx_word' id='word_1_585' title='bbox 527 4021 561 4082; x_wconf 89' lang='lat' dir='ltr'><strong>ad</strong></span> <span class='ocrx_word' id='word_1_586' title='bbox 575 4021 731 4094; x_wconf 87' lang='lat' dir='ltr'><strong>generalem</strong></span> <span class='ocrx_word' id='word_1_587' title='bbox 745 4021 899 4081; x_wconf 92' lang='lat' dir='ltr'><strong>etindeter·</strong></span> <span class='ocrx_word' id='word_1_588' title='bbox 934 4021 1030 4080; x_wconf 92' lang='lat' dir='ltr'><strong>utendi</strong></span> <span class='ocrx_word' id='word_1_589' title='bbox 1054 4019 1129 4092; x_wconf 89' lang='lat' dir='ltr'><strong>aliis,</strong></span> <span class='ocrx_word' id='word_1_590' title='bbox 1154 4035 1225 4094; x_wconf 86' lang='lat' dir='ltr'><strong>quae</strong></span> <span class='ocrx_word' id='word_1_591' title='bbox 1248 4019 1387 4077; x_wconf 87' lang='lat' dir='ltr'><strong>moraliter</strong></span> <span class='ocrx_word' id='word_1_592' title='bbox 1410 4020 1565 4093; x_wconf 85' lang='lat' dir='ltr'><strong>aequivalet</strong></span> <span class='ocrx_word' id='word_1_593' title='bbox 1587 4029 1736 4096; x_wconf 89' lang='lat' dir='ltr'><strong>praecepto</strong></span> 
     </span>
     <span class='ocr_line' id='line_1_42' title="bbox 86 4108 1736 4185; baseline 0.001 -18"><span class='ocrx_word' id='word_1_594' title='bbox 86 4112 223 4169; x_wconf 88' lang='lat' dir='ltr'><strong>minatam</strong></span> <span class='ocrx_word' id='word_1_595' title='bbox 242 4110 436 4185; x_wconf 86' lang='lat' dir='ltr'><strong>obligationem</strong></span> <span class='ocrx_word' id='word_1_596' title='bbox 452 4110 517 4184; x_wconf 87' lang='lat' dir='ltr'><strong>legis</strong></span> <span class='ocrx_word' id='word_1_597' title='bbox 530 4111 673 4183; x_wconf 74' lang='lat' dir='ltr'><strong>naturalis,</strong></span> <span class='ocrx_word' id='word_1_598' title='bbox 685 4127 740 4168; x_wconf 91' lang='lat' dir='ltr'><strong>non</strong></span> <span class='ocrx_word' id='word_1_599' title='bbox 752 4117 840 4169; x_wconf 89' lang='lat' dir='ltr'><strong>temen</strong></span> <span class='ocrx_word' id='word_1_600' title='bbox 853 4128 899 4169; x_wconf 89' lang='lat' dir='ltr'><strong>ne·</strong></span> <span class='ocrx_word' id='word_1_601' title='bbox 935 4109 1027 4168; x_wconf 89' lang='lat' dir='ltr'><strong>utendi</strong></span> <span class='ocrx_word' id='word_1_602' title='bbox 1048 4110 1096 4168; x_wconf 88' lang='lat' dir='ltr'><strong>teli</strong></span> <span class='ocrx_word' id='word_1_603' title='bbox 1120 4109 1274 4180; x_wconf 82' lang='lat' dir='ltr'><strong>sacrificio,</strong></span> <span class='ocrx_word' id='word_1_604' title='bbox 1296 4115 1325 4167; x_wconf 90' lang='lat' dir='ltr'><strong>et</strong></span> <span class='ocrx_word' id='word_1_605' title='bbox 1341 4108 1403 4166; x_wconf 90' lang='lat' dir='ltr'><strong>ideo</strong></span> <span class='ocrx_word' id='word_1_606' title='bbox 1421 4110 1582 4182; x_wconf 86' lang='lat' dir='ltr'><strong>simpliciter</strong></span> <span class='ocrx_word' id='word_1_607' title='bbox 1603 4119 1646 4170; x_wconf 90' lang='lat' dir='ltr'><strong>est</strong></span> <span class='ocrx_word' id='word_1_608' title='bbox 1669 4111 1736 4170; x_wconf 91' lang='lat' dir='ltr'><strong>illud</strong></span> 
     </span>
     <span class='ocr_line' id='line_1_43' title="bbox 84 4198 1736 4274; baseline 0.002 -19"><span class='ocrx_word' id='word_1_609' title='bbox 84 4217 204 4272; x_wconf 86' lang='lat' dir='ltr'><strong>gamas,</strong></span> <span class='ocrx_word' id='word_1_610' title='bbox 232 4201 258 4258; x_wconf 90' lang='lat' dir='ltr'><strong>iu</strong></span> <span class='ocrx_word' id='word_1_611' title='bbox 280 4201 375 4258; x_wconf 88' lang='lat' dir='ltr'><strong>eadem</strong></span> <span class='ocrx_word' id='word_1_612' title='bbox 396 4203 508 4257; x_wconf 79' lang='lat' dir='ltr'><strong>melmin</strong></span> <span class='ocrx_word' id='word_1_613' title='bbox 523 4199 658 4259; x_wconf 84' lang='lat' dir='ltr'><strong>addidisse</strong></span> <span class='ocrx_word' id='word_1_614' title='bbox 671 4217 773 4260; x_wconf 90' lang='lat' dir='ltr'><strong>navum</strong></span> <span class='ocrx_word' id='word_1_615' title='bbox 789 4217 900 4274; x_wconf 88' lang='lat' dir='ltr'><strong>praece·</strong></span> <span class='ocrx_word' id='word_1_616' title='bbox 934 4205 1113 4272; x_wconf 90' lang='lat' dir='ltr'><strong>praeceptum</strong></span> <span class='ocrx_word' id='word_1_617' title='bbox 1140 4199 1299 4271; x_wconf 88' lang='lat' dir='ltr'><strong>positivum.</strong></span> <span class='ocrx_word' id='word_1_618' title='bbox 1322 4198 1401 4266; x_wconf 81' lang='lat' dir='ltr'><strong>Quod</strong></span> <span class='ocrx_word' id='word_1_619' title='bbox 1425 4199 1449 4255; x_wconf 92' lang='lat' dir='ltr'><strong>in</strong></span> <span class='ocrx_word' id='word_1_620' title='bbox 1470 4202 1624 4273; x_wconf 90' lang='lat' dir='ltr'><strong>praeceptis</strong></span> <span class='ocrx_word' id='word_1_621' title='bbox 1643 4216 1736 4258; x_wconf 90' lang='lat' dir='ltr'><strong>secra·</strong></span> 
     </span>
     <span class='ocr_line' id='line_1_44' title="bbox 86 4285 1735 4364; baseline 0.001 -17"><span class='ocrx_word' id='word_1_622' title='bbox 86 4297 166 4361; x_wconf 91' lang='lat' dir='ltr'><strong>ptum</strong></span> <span class='ocrx_word' id='word_1_623' title='bbox 181 4291 323 4364; x_wconf 89' lang='lat' dir='ltr'><strong>divinum,</strong></span> <span class='ocrx_word' id='word_1_624' title='bbox 344 4285 589 4364; x_wconf 76' lang='lat' dir='ltr'><strong>steinsequeuter</strong></span> <span class='ocrx_word' id='word_1_625' title='bbox 603 4289 794 4363; x_wconf 86' lang='lat' dir='ltr'><strong>obligationem</strong></span> <span class='ocrx_word' id='word_1_626' title='bbox 808 4291 899 4349; x_wconf 79' lang='lat' dir='ltr'><strong>auris·</strong></span> <span class='ocrx_word' id='word_1_627' title='bbox 933 4295 1091 4348; x_wconf 88' lang='lat' dir='ltr'><strong>mentorum</strong></span> <span class='ocrx_word' id='word_1_628' title='bbox 1116 4294 1159 4347; x_wconf 88' lang='lat' dir='ltr'><strong>est</strong></span> <span class='ocrx_word' id='word_1_629' title='bbox 1181 4287 1304 4359; x_wconf 74' lang='lat' dir='ltr'><strong>clarius,</strong></span> <span class='ocrx_word' id='word_1_630' title='bbox 1329 4289 1378 4362; x_wconf 87' lang='lat' dir='ltr'><strong>qui</strong></span> <span class='ocrx_word' id='word_1_631' title='bbox 1404 4305 1473 4347; x_wconf 89' lang='lat' dir='ltr'><strong>usus</strong></span> <span class='ocrx_word' id='word_1_632' title='bbox 1498 4297 1735 4348; x_wconf 89' lang='lat' dir='ltr'><strong>sacramentorum</strong></span> 
     </span>
     <span class='ocr_line' id='line_1_45' title="bbox 85 4369 1734 4454; baseline 0.001 -20"><span class='ocrx_word' id='word_1_633' title='bbox 85 4395 127 4436; x_wconf 87' lang='lat' dir='ltr'><strong>se.</strong></span> <span class='ocrx_word' id='word_1_634' title='bbox 151 4382 188 4439; x_wconf 77' lang='lat' dir='ltr'><strong>lit</strong></span> <span class='ocrx_word' id='word_1_635' title='bbox 209 4379 272 4438; x_wconf 91' lang='lat' dir='ltr'><strong>idea</strong></span> <span class='ocrx_word' id='word_1_636' title='bbox 289 4385 435 4454; x_wconf 86' lang='lat' dir='ltr'><strong>peccatum</strong></span> <span class='ocrx_word' id='word_1_637' title='bbox 454 4379 593 4436; x_wconf 88' lang='lat' dir='ltr'><strong>christiani</strong></span> <span class='ocrx_word' id='word_1_638' title='bbox 608 4385 705 4438; x_wconf 90' lang='lat' dir='ltr'><strong>contre</strong></span> <span class='ocrx_word' id='word_1_639' title='bbox 719 4379 806 4453; x_wconf 88' lang='lat' dir='ltr'><strong>legem</strong></span> <span class='ocrx_word' id='word_1_640' title='bbox 820 4369 899 4438; x_wconf 90' lang='lat' dir='ltr'><strong>uatu-</strong></span> <span class='ocrx_word' id='word_1_641' title='bbox 932 4378 1014 4435; x_wconf 90' lang='lat' dir='ltr'><strong>etiarn</strong></span> <span class='ocrx_word' id='word_1_642' title='bbox 1029 4380 1170 4452; x_wconf 84' lang='lat' dir='ltr'><strong>ingerere</strong></span> <span class='ocrx_word' id='word_1_643' title='bbox 1185 4393 1239 4434; x_wconf 90' lang='lat' dir='ltr'><strong>uon</strong></span> <span class='ocrx_word' id='word_1_644' title='bbox 1253 4378 1291 4434; x_wconf 92' lang='lat' dir='ltr'><strong>ite</strong></span> <span class='ocrx_word' id='word_1_645' title='bbox 1304 4377 1390 4439; x_wconf 89' lang='lat' dir='ltr'><strong>estde</strong></span> <span class='ocrx_word' id='word_1_646' title='bbox 1404 4379 1464 4436; x_wconf 92' lang='lat' dir='ltr'><strong>iure</strong></span> <span class='ocrx_word' id='word_1_647' title='bbox 1475 4379 1592 4437; x_wconf 90' lang='lat' dir='ltr'><strong>naturali</strong></span> <span class='ocrx_word' id='word_1_648' title='bbox 1602 4419 1609 4450; x_wconf 93' lang='lat'><strong>,</strong></span> <span class='ocrx_word' id='word_1_649' title='bbox 1621 4378 1656 4436; x_wconf 93' lang='lat' dir='ltr'><strong>de</strong></span> <span class='ocrx_word' id='word_1_650' title='bbox 1667 4395 1734 4451; x_wconf 87' lang='lat' dir='ltr'><strong>pro-</strong></span> 
     </span>
     <span class='ocr_line' id='line_1_46' title="bbox 85 4465 1735 4543; baseline -0.001 -19"><span class='ocrx_word' id='word_1_651' title='bbox 85 4469 295 4543; x_wconf 87' lang='lat' dir='ltr'><strong>ralem,cetcris</strong></span> <span class='ocrx_word' id='word_1_652' title='bbox 313 4467 437 4542; x_wconf 90' lang='lat' dir='ltr'><strong>paribus,</strong></span> <span class='ocrx_word' id='word_1_653' title='bbox 445 4469 558 4542; x_wconf 86' lang='lat' dir='ltr'><strong>gravius</strong></span> <span class='ocrx_word' id='word_1_654' title='bbox 569 4476 801 4543; x_wconf 89' lang='lat' dir='ltr'><strong>censetur,quam</strong></span> <span class='ocrx_word' id='word_1_655' title='bbox 813 4469 839 4526; x_wconf 90' lang='lat' dir='ltr'><strong>in</strong></span> <span class='ocrx_word' id='word_1_656' title='bbox 851 4469 900 4528; x_wconf 91' lang='lat' dir='ltr'><strong>ho·</strong></span> <span class='ocrx_word' id='word_1_657' title='bbox 933 4469 1001 4540; x_wconf 87' lang='lat' dir='ltr'><strong>priis</strong></span> <span class='ocrx_word' id='word_1_658' title='bbox 1012 4467 1191 4524; x_wconf 89' lang='lat' dir='ltr'><strong>sacramentis</strong></span> <span class='ocrx_word' id='word_1_659' title='bbox 1203 4465 1351 4541; x_wconf 89' lang='lat' dir='ltr'><strong>loquendo.</strong></span> <span class='ocrx_word' id='word_1_660' title='bbox 1362 4466 1542 4526; x_wconf 87' lang='lat' dir='ltr'><strong>Nihilominus</strong></span> <span class='ocrx_word' id='word_1_661' title='bbox 1554 4473 1653 4541; x_wconf 90' lang='lat' dir='ltr'><strong>tamen,</strong></span> <span class='ocrx_word' id='word_1_662' title='bbox 1668 4483 1735 4539; x_wconf 87' lang='lat' dir='ltr'><strong>sup·</strong></span> 
     </span>
     <span class='ocr_line' id='line_1_47' title="bbox 84 4555 1735 4633; baseline 0 -18"><span class='ocrx_word' id='word_1_663' title='bbox 84 4559 159 4616; x_wconf 89' lang='lat' dir='ltr'><strong>mine</strong></span> <span class='ocrx_word' id='word_1_664' title='bbox 174 4557 268 4633; x_wconf 91' lang='lat' dir='ltr'><strong>gentili</strong></span> <span class='ocrx_word' id='word_1_665' title='bbox 291 4559 318 4615; x_wconf 91' lang='lat' dir='ltr'><strong>in</strong></span> <span class='ocrx_word' id='word_1_666' title='bbox 337 4556 432 4615; x_wconf 91' lang='lat' dir='ltr'><strong>eadem</strong></span> <span class='ocrx_word' id='word_1_667' title='bbox 446 4559 570 4615; x_wconf 87' lang='lat' dir='ltr'><strong>materie.</strong></span> <span class='ocrx_word' id='word_1_668' title='bbox 585 4560 680 4631; x_wconf 85' lang='lat' dir='ltr'><strong>Neque</strong></span> <span class='ocrx_word' id='word_1_669' title='bbox 693 4561 775 4616; x_wconf 91' lang='lat' dir='ltr'><strong>ctiam</strong></span> <span class='ocrx_word' id='word_1_670' title='bbox 790 4559 843 4616; x_wconf 91' lang='lat' dir='ltr'><strong>hoc</strong></span> <span class='ocrx_word' id='word_1_671' title='bbox 858 4565 899 4618; x_wconf 88' lang='lat' dir='ltr'><strong>est</strong></span> <span class='ocrx_word' id='word_1_672' title='bbox 933 4558 1023 4630; x_wconf 92' lang='lat' dir='ltr'><strong>posita</strong></span> <span class='ocrx_word' id='word_1_673' title='bbox 1037 4555 1179 4614; x_wconf 87' lang='lat' dir='ltr'><strong>excellenti</strong></span> <span class='ocrx_word' id='word_1_674' title='bbox 1199 4557 1371 4614; x_wconf 89' lang='lat' dir='ltr'><strong>institutione</strong></span> <span class='ocrx_word' id='word_1_675' title='bbox 1390 4563 1628 4615; x_wconf 88' lang='lat' dir='ltr'><strong>sacramentorum</strong></span> <span class='ocrx_word' id='word_1_676' title='bbox 1648 4574 1735 4615; x_wconf 88' lang='lat' dir='ltr'><strong>noves</strong></span> 
     </span>
     <span class='ocr_line' id='line_1_48' title="bbox 84 4639 1734 4720; baseline 0 -15"><span class='ocrx_word' id='word_1_677' title='bbox 84 4654 188 4705; x_wconf 88' lang='lat' dir='ltr'><strong>contra</strong></span> <span class='ocrx_word' id='word_1_678' title='bbox 214 4647 408 4718; x_wconf 88' lang='lat' dir='ltr'><strong>perlectionem</strong></span> <span class='ocrx_word' id='word_1_679' title='bbox 429 4646 496 4719; x_wconf 89' lang='lat' dir='ltr'><strong>legis</strong></span> <span class='ocrx_word' id='word_1_680' title='bbox 515 4639 633 4720; x_wconf 82' lang='lat' dir='ltr'><strong>gratiae,</strong></span> <span class='ocrx_word' id='word_1_681' title='bbox 657 4649 711 4704; x_wconf 89' lang='lat' dir='ltr'><strong>imo</strong></span> <span class='ocrx_word' id='word_1_682' title='bbox 731 4649 849 4719; x_wconf 89' lang='lat' dir='ltr'><strong>pertinet</strong></span> <span class='ocrx_word' id='word_1_683' title='bbox 864 4647 898 4705; x_wconf 91' lang='lat' dir='ltr'><strong>ed</strong></span> <span class='ocrx_word' id='word_1_684' title='bbox 933 4646 1017 4720; x_wconf 82' lang='lat' dir='ltr'><strong>legis,</strong></span> <span class='ocrx_word' id='word_1_685' title='bbox 1036 4653 1065 4702; x_wconf 88' lang='lat' dir='ltr'><strong>et</strong></span> <span class='ocrx_word' id='word_1_686' title='bbox 1088 4645 1259 4717; x_wconf 79' lang='lat' dir='ltr'><strong>infirmitate,</strong></span> <span class='ocrx_word' id='word_1_687' title='bbox 1281 4662 1313 4702; x_wconf 90' lang='lat' dir='ltr'><strong>ec</strong></span> <span class='ocrx_word' id='word_1_688' title='bbox 1337 4645 1484 4719; x_wconf 87' lang='lat' dir='ltr'><strong>indigentie</strong></span> <span class='ocrx_word' id='word_1_689' title='bbox 1503 4645 1636 4719; x_wconf 90' lang='lat' dir='ltr'><strong>hominis,</strong></span> <span class='ocrx_word' id='word_1_690' title='bbox 1656 4647 1734 4706; x_wconf 86' lang='lat' dir='ltr'><strong>valde</strong></span> 
     </span>
     <span class='ocr_line' id='line_1_49' title="bbox 83 4734 1734 4810; baseline -0.004 -15"><span class='ocrx_word' id='word_1_691' title='bbox 83 4743 311 4796; x_wconf 82' lang='lat' dir='ltr'><strong>consummatam</strong></span> <span class='ocrx_word' id='word_1_692' title='bbox 329 4737 524 4810; x_wconf 88' lang='lat' dir='ltr'><strong>perlectionem</strong></span> <span class='ocrx_word' id='word_1_693' title='bbox 540 4737 615 4809; x_wconf 84' lang='lat' dir='ltr'><strong>eius,</strong></span> <span class='ocrx_word' id='word_1_694' title='bbox 633 4743 664 4794; x_wconf 94' lang='lat' dir='ltr'><strong>ut</strong></span> <span class='ocrx_word' id='word_1_695' title='bbox 677 4737 824 4809; x_wconf 90' lang='lat' dir='ltr'><strong>praecipiat</strong></span> <span class='ocrx_word' id='word_1_696' title='bbox 840 4753 898 4794; x_wconf 92' lang='lat' dir='ltr'><strong>om·</strong></span> <span class='ocrx_word' id='word_1_697' title='bbox 932 4736 1031 4794; x_wconf 88' lang='lat' dir='ltr'><strong>rationi</strong></span> <span class='ocrx_word' id='word_1_698' title='bbox 1051 4741 1270 4793; x_wconf 88' lang='lat' dir='ltr'><strong>consentaneum</strong></span> <span class='ocrx_word' id='word_1_699' title='bbox 1290 4735 1340 4793; x_wconf 90' lang='lat' dir='ltr'><strong>luit</strong></span> <span class='ocrx_word' id='word_1_700' title='bbox 1359 4736 1494 4808; x_wconf 70' lang='lat' dir='ltr'><strong>praecipi,</strong></span> <span class='ocrx_word' id='word_1_701' title='bbox 1509 4734 1582 4809; x_wconf 89' lang='lat' dir='ltr'><strong>qnod</strong></span> <span class='ocrx_word' id='word_1_702' title='bbox 1604 4737 1640 4793; x_wconf 90' lang='lat' dir='ltr'><strong>ite</strong></span> <span class='ocrx_word' id='word_1_703' title='bbox 1656 4738 1734 4794; x_wconf 72' lang='lat' dir='ltr'><strong>iusti·v</strong></span> 
     </span>
     <span class='ocr_line' id='line_1_50' title="bbox 82 4823 1734 4901; baseline 0 -16"><span class='ocrx_word' id='word_1_704' title='bbox 82 4829 146 4900; x_wconf 92' lang='lat' dir='ltr'><strong>nia,</strong></span> <span class='ocrx_word' id='word_1_705' title='bbox 163 4842 239 4901; x_wconf 90' lang='lat' dir='ltr'><strong>quae</strong></span> <span class='ocrx_word' id='word_1_706' title='bbox 258 4826 292 4884; x_wconf 88' lang='lat' dir='ltr'><strong>ad</strong></span> <span class='ocrx_word' id='word_1_707' title='bbox 321 4829 455 4899; x_wconf 90' lang='lat' dir='ltr'><strong>integram</strong></span> <span class='ocrx_word' id='word_1_708' title='bbox 475 4825 606 4883; x_wconf 90' lang='lat' dir='ltr'><strong>iustitiam</strong></span> <span class='ocrx_word' id='word_1_709' title='bbox 621 4823 693 4898; x_wconf 93' lang='lat' dir='ltr'><strong>apud</strong></span> <span class='ocrx_word' id='word_1_710' title='bbox 708 4828 793 4884; x_wconf 85' lang='lat' dir='ltr'><strong>Deum</strong></span> <span class='ocrx_word' id='word_1_711' title='bbox 807 4841 856 4898; x_wconf 89' lang='lat' dir='ltr'><strong>per</strong></span> <span class='ocrx_word' id='word_1_712' title='bbox 870 4842 899 4884; x_wconf 89' lang='lat' dir='ltr'><strong>sc</strong></span> <span class='ocrx_word' id='word_1_713' title='bbox 934 4826 1080 4897; x_wconf 90' lang='lat' dir='ltr'><strong>tuebatur,</strong></span> <span class='ocrx_word' id='word_1_714' title='bbox 1101 4827 1228 4898; x_wconf 88' lang='lat' dir='ltr'><strong>quamvis</strong></span> <span class='ocrx_word' id='word_1_715' title='bbox 1248 4825 1274 4881; x_wconf 91' lang='lat' dir='ltr'><strong>in</strong></span> <span class='ocrx_word' id='word_1_716' title='bbox 1293 4825 1383 4898; x_wconf 89' lang='lat' dir='ltr'><strong>rigore</strong></span> <span class='ocrx_word' id='word_1_717' title='bbox 1403 4825 1550 4884; x_wconf 87' lang='lat' dir='ltr'><strong>necessitas</strong></span> <span class='ocrx_word' id='word_1_718' title='bbox 1572 4826 1734 4900; x_wconf 83' lang='lat' dir='ltr'><strong>simpliciter</strong></span> 
     </span>
     <span class='ocr_line' id='line_1_51' title="bbox 82 4904 1767 4990; baseline -0.004 -15"><span class='ocrx_word' id='word_1_719' title='bbox 82 4917 249 4977; x_wconf 88' lang='lat' dir='ltr'><strong>necessaria</strong></span> <span class='ocrx_word' id='word_1_720' title='bbox 265 4923 345 4990; x_wconf 85' lang='lat' dir='ltr'><strong>strat,</strong></span> <span class='ocrx_word' id='word_1_721' title='bbox 361 4914 521 4988; x_wconf 85' lang='lat' dir='ltr'><strong>praesertim</strong></span> <span class='ocrx_word' id='word_1_722' title='bbox 536 4930 601 4972; x_wconf 90' lang='lat' dir='ltr'><strong>cnm</strong></span> <span class='ocrx_word' id='word_1_723' title='bbox 616 4929 669 4972; x_wconf 90' lang='lat' dir='ltr'><strong>non</strong></span> <span class='ocrx_word' id='word_1_724' title='bbox 684 4915 774 4973; x_wconf 90' lang='lat' dir='ltr'><strong>solum</strong></span> <span class='ocrx_word' id='word_1_725' title='bbox 791 4915 896 4988; x_wconf 90' lang='lat' dir='ltr'><strong>lubeat,</strong></span> <span class='ocrx_word' id='word_1_726' title='bbox 933 4929 967 4972; x_wconf 81' lang='lat' dir='ltr'><strong>ex</strong></span> <span class='ocrx_word' id='word_1_727' title='bbox 981 4915 1137 4987; x_wconf 89' lang='lat' dir='ltr'><strong>praeceptis</strong></span> <span class='ocrx_word' id='word_1_728' title='bbox 1150 4914 1273 4987; x_wconf 90' lang='lat' dir='ltr'><strong>positivis</strong></span> <span class='ocrx_word' id='word_1_729' title='bbox 1288 4921 1350 4971; x_wconf 91' lang='lat' dir='ltr'><strong>orte</strong></span> <span class='ocrx_word' id='word_1_730' title='bbox 1363 4913 1407 4971; x_wconf 87' lang='lat' dir='ltr'><strong>sit.</strong></span> <span class='ocrx_word' id='word_1_731' title='bbox 1763 4904 1767 4914; x_wconf 85' lang='grc'><em>’</em></span> 
     </span>
     <span class='ocr_line' id='line_1_52' title="bbox 82 5001 1734 5078; baseline -0.001 -13"><span class='ocrx_word' id='word_1_732' title='bbox 82 5007 235 5065; x_wconf 86' lang='lat' dir='ltr'><strong>sedetiam</strong></span> <span class='ocrx_word' id='word_1_733' title='bbox 254 5007 341 5078; x_wconf 90' lang='lat' dir='ltr'><strong>iuvet,</strong></span> <span class='ocrx_word' id='word_1_734' title='bbox 358 5003 513 5078; x_wconf 90' lang='lat' dir='ltr'><strong>praebendo</strong></span> <span class='ocrx_word' id='word_1_735' title='bbox 528 5004 659 5062; x_wconf 82' lang='lat' dir='ltr'><strong>auxilium</strong></span> <span class='ocrx_word' id='word_1_736' title='bbox 673 5001 896 5076; x_wconf 89' lang='lat' dir='ltr'><strong>adimplendum,</strong></span> <span class='ocrx_word' id='word_1_737' title='bbox 976 5007 1020 5064; x_wconf 90' lang='grc'><strong>11.</strong></span> <span class='ocrx_word' id='word_1_738' title='bbox 1036 5004 1200 5062; x_wconf 78' lang='lat' dir='ltr'><strong>addendum</strong></span> <span class='ocrx_word' id='word_1_739' title='bbox 1219 5019 1284 5062; x_wconf 92' lang='lat' dir='ltr'><strong>vero</strong></span> <span class='ocrx_word' id='word_1_740' title='bbox 1304 5010 1363 5076; x_wconf 90' lang='lat' dir='ltr'><strong>est,</strong></span> <span class='ocrx_word' id='word_1_741' title='bbox 1383 5002 1451 5061; x_wconf 89' lang='lat' dir='ltr'><strong>haec</strong></span> <span class='ocrx_word' id='word_1_742' title='bbox 1471 5009 1618 5076; x_wconf 89' lang='lat' dir='ltr'><strong>praecepte</strong></span> <span class='ocrx_word' id='word_1_743' title='bbox 1640 5019 1734 5064; x_wconf 88' lang='lat' dir='ltr'><strong>cuore·</strong></span> 
     </span>
     <span class='ocr_line' id='line_1_53' title="bbox 81 5092 1735 5174; baseline -0.002 -17"><span class='ocrx_word' id='word_1_744' title='bbox 81 5097 163 5174; x_wconf 86' lang='lat' dir='ltr'><strong>quod</strong></span> <span class='ocrx_word' id='word_1_745' title='bbox 178 5096 326 5170; x_wconf 88' lang='lat' dir='ltr'><strong>praecipit,</strong></span> <span class='ocrx_word' id='word_1_746' title='bbox 349 5102 380 5153; x_wconf 90' lang='lat' dir='ltr'><strong>ut</strong></span> <span class='ocrx_word' id='word_1_747' title='bbox 392 5094 464 5152; x_wconf 87' lang='lat' dir='ltr'><strong>inira</strong></span> <span class='ocrx_word' id='word_1_748' title='bbox 477 5094 611 5153; x_wconf 85' lang='lat' dir='ltr'><strong>dicemus.</strong></span> <span class='ocrx_word' id='word_1_749' title='bbox 934 5093 1060 5153; x_wconf 80' lang='lat' dir='ltr'><strong>monialis</strong></span> <span class='ocrx_word' id='word_1_750' title='bbox 1079 5093 1142 5152; x_wconf 90' lang='lat' dir='ltr'><strong>data</strong></span> <span class='ocrx_word' id='word_1_751' title='bbox 1159 5109 1219 5152; x_wconf 86' lang='lat' dir='ltr'><strong>esse</strong></span> <span class='ocrx_word' id='word_1_752' title='bbox 1241 5094 1268 5150; x_wconf 91' lang='lat' dir='ltr'><strong>iu</strong></span> <span class='ocrx_word' id='word_1_753' title='bbox 1286 5092 1345 5166; x_wconf 87' lang='lat' dir='ltr'><strong>lege</strong></span> <span class='ocrx_word' id='word_1_754' title='bbox 1359 5095 1464 5168; x_wconf 87' lang='lat' dir='ltr'><strong>gratiae</strong></span> <span class='ocrx_word' id='word_1_755' title='bbox 1479 5094 1601 5166; x_wconf 87' lang='lat' dir='ltr'><strong>perlecto</strong></span> <span class='ocrx_word' id='word_1_756' title='bbox 1615 5095 1735 5170; x_wconf 90' lang='lat' dir='ltr'><strong>quodam</strong></span> 
     </span>
     <span class='ocr_line' id='line_1_54' title="bbox 132 5181 1737 5258; baseline -0.001 -13"><span class='ocrx_word' id='word_1_757' title='bbox 132 5191 181 5245; x_wconf 83' lang='grc'><strong>16.</strong></span> <span class='ocrx_word' id='word_1_758' title='bbox 201 5185 333 5258; x_wconf 90' lang='lat' dir='ltr'><strong>Superest</strong></span> <span class='ocrx_word' id='word_1_759' title='bbox 346 5182 494 5243; x_wconf 90' lang='lat' dir='ltr'><strong>dicendum</strong></span> <span class='ocrx_word' id='word_1_760' title='bbox 507 5181 541 5240; x_wconf 92' lang='lat' dir='ltr'><strong>de</strong></span> <span class='ocrx_word' id='word_1_761' title='bbox 556 5183 609 5242; x_wconf 89' lang='lat' dir='ltr'><strong>elie</strong></span> <span class='ocrx_word' id='word_1_762' title='bbox 621 5188 697 5257; x_wconf 85' lang='lat' dir='ltr'><strong>parte</strong></span> <span class='ocrx_word' id='word_1_763' title='bbox 710 5185 858 5258; x_wconf 89' lang='lat' dir='ltr'><strong>materiae,</strong></span> <span class='ocrx_word' id='word_1_764' title='bbox 872 5190 900 5242; x_wconf 89' lang='lat' dir='ltr'><strong>et</strong></span> <span class='ocrx_word' id='word_1_765' title='bbox 934 5185 1015 5244; x_wconf 90' lang='lat' dir='ltr'><strong>modo</strong></span> <span class='ocrx_word' id='word_1_766' title='bbox 1030 5182 1241 5241; x_wconf 86' lang='lat' dir='ltr'><strong>accommodato</strong></span> <span class='ocrx_word' id='word_1_767' title='bbox 1254 5181 1371 5244; x_wconf 91' lang='lat' dir='ltr'><strong>libertati</strong></span> <span class='ocrx_word' id='word_1_768' title='bbox 1384 5190 1411 5241; x_wconf 90' lang='lat' dir='ltr'><strong>et</strong></span> <span class='ocrx_word' id='word_1_769' title='bbox 1424 5184 1583 5258; x_wconf 80' lang='lat' dir='ltr'><strong>perfectioni</strong></span> <span class='ocrx_word' id='word_1_770' title='bbox 1600 5185 1682 5244; x_wconf 90' lang='lat' dir='ltr'><strong>huius</strong></span> <span class='ocrx_word' id='word_1_771' title='bbox 1698 5187 1737 5244; x_wconf 86' lang='lat' dir='ltr'><strong>le-</strong></span> 
     </span>
     <span class='ocr_line' id='line_1_55' title="bbox 82 5270 1735 5354; baseline 0.001 -20"><span class='ocrx_word' id='word_1_772' title='bbox 82 5282 306 5351; x_wconf 84' lang='lat' dir='ltr'><strong>praeceptorum</strong></span> <span class='ocrx_word' id='word_1_773' title='bbox 325 5273 407 5332; x_wconf 88' lang='lat' dir='ltr'><strong>buius</strong></span> <span class='ocrx_word' id='word_1_774' title='bbox 420 5271 499 5348; x_wconf 83' lang='lat' dir='ltr'><strong>legis,</strong></span> <span class='ocrx_word' id='word_1_775' title='bbox 514 5287 597 5348; x_wconf 85' lang='lat' dir='ltr'><strong>quara</strong></span> <span class='ocrx_word' id='word_1_776' title='bbox 613 5270 837 5336; x_wconf 86' lang='lat' dir='ltr'><strong>caeremonialem</strong></span> <span class='ocrx_word' id='word_1_777' title='bbox 851 5288 899 5348; x_wconf 89' lang='lat' dir='ltr'><strong>ap·</strong></span> <span class='ocrx_word' id='word_1_778' title='bbox 933 5276 986 5351; x_wconf 82' lang='lat' dir='ltr'><strong>gis.</strong></span> <span class='ocrx_word' id='word_1_779' title='bbox 1004 5272 1182 5350; x_wconf 81' lang='lat' dir='ltr'><strong>Declaratur,</strong></span> <span class='ocrx_word' id='word_1_780' title='bbox 1200 5273 1266 5350; x_wconf 85' lang='lat' dir='ltr'><strong>quia</strong></span> <span class='ocrx_word' id='word_1_781' title='bbox 1283 5288 1317 5332; x_wconf 84' lang='lat' dir='ltr'><strong>ea</strong></span> <span class='ocrx_word' id='word_1_782' title='bbox 1335 5280 1458 5350; x_wconf 89' lang='lat' dir='ltr'><strong>quatuor</strong></span> <span class='ocrx_word' id='word_1_783' title='bbox 1479 5274 1607 5334; x_wconf 89' lang='lat' dir='ltr'><strong>memhris</strong></span> <span class='ocrx_word' id='word_1_784' title='bbox 1621 5291 1735 5354; x_wconf 88' lang='lat' dir='ltr'><strong>praece·</strong></span> 
     </span>
    </p>
   </div>
   <div class='ocr_carea' id='block_1_3' title="bbox 0 0 2120 6216">
    <p class='ocr_par' dir='ltr' id='par_1_3' title="bbox 0 0 2120 6216">
     <span class='ocr_line' id='line_1_56' title="bbox 0 0 2120 6216; baseline 0 0"><span class='ocrx_word' id='word_1_785' title='bbox 0 0 2120 6216; x_wconf 95' lang='lat' dir='ltr'><strong> </strong></span> 
     </span>
    </p>
   </div>
  </div>
 </body>
</html>
