4260 6222
379 369 441 434 tao
714 449 719 460 Ι
1075 379 1177 428 εῐεεε
1190 377 1266 428 vin.

337 511 364 566 in
379 510 559 576 concedente,
573 506 681 562 scilicet
693 510 823 577 potestas,
839 512 865 561 ει
877 505 1017 572 voluntas,
1031 509 1057 560 et
1072 520 1140 576 qrrn·
1162 504 1417 576 -comprehenditur
1438 505 1490 561 sub
1511 505 1562 562 hac
1584 505 1741 562 limitatione
1757 550 1764 577 ,
1787 506 1835 562 sed
1851 505 1884 562 ad
1901 506 1985 562 talem

341 616 460 672 cumque
483 601 589 654 illarum
611 598 768 667 deficiente,
792 613 843 652 non
864 603 997 668 sequetur
1012 597 1138 651 allectus.
1179 613 1261 652 usum
1283 597 1389 652 extendi
1411 604 1540 668 poterunt
1559 597 1616 651 eins
1632 597 1734 664 rerba,
1759 598 1780 651 si
1797 599 1910 668 propria
1926 597 1986 652 illo-

341 693 431 749 Prima
452 706 517 761 ergo
540 689 662 744 limitatio
688 688 797 757 respicit
823 693 1005 758 potestatem3
1032 701 1093 740 narn
1115 685 1141 740 id
1178 701 1241 740 rum
1257 687 1417 757 significatio
1432 686 1455 740 id
1472 685 1603 756 postulet,
1618 695 1646 740 et
1662 686 1734 743 aliud
1752 703 1805 742 non
1821 689 1924 742 obstet.

341 787 446 836 tantum
469 795 628 850 possumus,
644 777 716 848 quod
734 779 792 832 iure
808 793 968 846 possumus,
985 791 1052 846 ergo
1069 777 1141 845 prin·
1216 780 1242 832 6.
1260 778 1295 831 at
1313 792 1385 842 ¹vero
1410 777 1582 847 privilegium
1609 778 1739 832 iniustum
1764 783 1872 831 tanturn
1893 775 1985 847 qrrcad

341 886 407 940 ceps
423 886 474 924 non
490 877 620 923 censetur
634 883 713 936 posse
728 866 893 934 concedere,
909 867 982 938 qrrod
998 872 1056 920 siue
1072 865 1142 918 iniu-
1177 866 1382 922 concessionem
1403 867 1427 920 in
1445 867 1537 937 primis
1560 868 1602 921 vix
1626 866 1707 922 hiibet
1722 865 1815 922 locum
1835 869 1861 920 in
1879 864 1986 937 privile·

342 960 431 1028 stitia,
447 974 494 1014 seu
510 959 607 1012 iniuria
622 957 736 1012 alterius
751 957 806 1011 fieri
823 971 874 1010 nou
891 963 992 1027 potest,
1009 971 1076 1026 ergo
1091 968 1141 1009 nec
1176 954 1220 1026 gio
1242 956 1343 1010 iniusto
1368 965 1464 1012 contra
1486 957 1729 1022 commutativam,
1753 973 1807 1011 non
1830 957 1896 1027 qnia
1918 954 1987 1010 illud

343 1051 529 1120 praesumitur
543 1047 568 1102 id
582 1045 747 1114 concedere,
764 1053 812 1102 aut
826 1045 905 1100 velle.
923 1045 1058 1101 Probatur
1075 1043 1141 1099 haee
1179 1059 1231 1099 non
1252 1045 1289 1101 sit
1312 1046 1428 1100 maxime
1447 1045 1587 1117 iniquum,
1609 1045 1656 1101 sed
1677 1047 1742 1118 quia
1756 1046 1800 1100 vix
1817 1051 1907 1116 potest
1926 1059 1988 1100 esse

344 1139 439 1196 ultima
453 1138 667 1208 consequentia,
684 1144 742 1191 tum
757 1136 820 1208 quia
835 1150 979 1208 utinquam
992 1133 1144 1205 praesumi·
1179 1133 1312 1203 validum,
1330 1137 1351 1190 si
1368 1152 1419 1190 non
1434 1135 1470 1190 sit
1485 1133 1613 1201 validum,
1630 1136 1682 1190 iam
1701 1135 1751 1191 erit
1769 1137 1854 1190 etiam
1874 1135 1989 1206 iniquus

343 1239 389 1287 tur
413 1229 541 1285 voluntas
567 1227 696 1299 principis
722 1241 783 1282 esse
803 1226 918 1296 iniusto,
940 1226 991 1280 nisi
1005 1223 1145 1280 evidenter
1178 1241 1247 1282 ersus
1261 1227 1332 1287 eius.
1347 1233 1376 1281 ut
1390 1240 1440 1296 per
1451 1239 1479 1279 se
1494 1231 1612 1280 constat.
1621 1227 1800 1295 assumptum
1815 1223 1987 1295 declaratur,

345 1325 463 1388 constet,
478 1327 535 1374 tum
549 1317 629 1372 etiarn
643 1318 708 1387 qnia
724 1315 789 1372 iicet
802 1315 914 1370 daretur
928 1315 990 1370 talis
1006 1313 1143 1384 voluntas,
1180 1315 1242 1387 quio
1258 1317 1401 1370 concessio
1417 1315 1548 1385 privilegii
1564 1317 1678 1369 maxime
1694 1321 1785 1385 potest
1803 1329 1865 1368 esse
1886 1315 1990 1368 iniusta

345 1416 419 1464 esset
437 1407 561 1462 ineiiicax
581 1414 608 1461 et
631 1408 768 1476 impotens
782 1406 815 1461 ad
836 1405 954 1461 validum
975 1405 1144 1475 privilegium
1179 1412 1276 1459 contro
1298 1407 1521 1459 commutatirom
1542 1405 1689 1472 iustitiam,
1707 1405 1771 1474 quia
1790 1402 1920 1459 concedit
1942 1401 1991 1456 ali·

346 1497 565 1566 concedendum,
585 1495 649 1566 quia
664 1501 799 1566 repugnat
813 1511 861 1566 per
876 1495 1048 1566 privilegium
1063 1495 1145 1550 licere
1180 1494 1245 1566 quid
1260 1494 1411 1550 iaciendum
1423 1510 1488 1550 cum
1503 1493 1598 1549 iniuria
1611 1494 1694 1562 tertii,
1706 1492 1754 1548 sed
1767 1493 1828 1548 talis
1841 1494 1991 1548 concessio

347 1589 483 1644 actionem
508 1585 649 1641 iniustam.
666 1586 766 1652 bices,
792 1585 930 1640 interdum
955 1585 980 1638 in
1000 1583 1146 1655 privilegiis
1181 1584 1317 1653 nullaest3
1332 1600 1410 1640 nemo
1423 1585 1496 1639 enim
1511 1589 1601 1654 potest
1615 1582 1680 1639 dare
1693 1585 1740 1639 nni
1753 1583 1855 1658 iusseu
1872 1581 1990 1638 ineuita-

347 1677 409 1735 addi
423 1674 577 1733 clausulam
592 1673 816 1734 soloniustitiu.
828 1680 859 1729 ut
871 1679 946 1744 patet
956 1689 989 1729 ex
1000 1688 1063 1744 eap.
1076 1675 1147 1730 Cer·
1182 1681 1235 1731 tem
1251 1674 1284 1730 ad
1296 1675 1422 1731 iniuriam
1437 1672 1514 1729 alteri
1529 1671 1741 1742 iaciendam,est
1753 1673 1826 1728 enim
1841 1659 1991 1744 implicatio

347 1767 473 1841 tificuri.
498 1765 530 1821 de
551 1764 652 1836 sepult.
667 1780 733 1835 ergo
755 1764 800 1820 ubi
820 1779 874 1839 non
895 1762 1019 1834 additur,
1040 1762 1147 1835 privile·
1181 1765 1207 1819 in
1222 1763 1339 1836 adiect03
1351 1779 1417 1835 ergo
1433 1763 1485 1819 tale
1502 1762 1673 1834 privilegium
1689 1777 1742 1817 non
1759 1761 1849 1818 solum
1866 1767 1910 1818 est
1924 1762 1993 1818 iniu-

347 1861 424 1932 gium
449 1856 574 1912 alisolnte
599 1854 767 1925 operabitur.
785 1851 997 1924 Respondetur,
1022 1851 1147 1925 negando
1183 1858 1267 1924 stum,
1284 1852 1331 1908 sed
1353 1855 1434 1909 etiam
1449 1851 1633 1909 nullumlmo
1648 1850 1710 1907 inde
1730 1850 1922 1922 concluditur,
1939 1852 1993 1908 tale

348 1948 572 2019 consequentiam
585 1963 592 2015 ¹,
616 1960 679 2000 nom
695 1951 726 2000 ut
741 1951 817 2000 recte
831 1943 864 1998 ibi
880 1943 996 2000 advertit
1010 1944 1148 1999 Panormi·
1182 1943 1350 2018 privilegium
1360 1944 1505 2000 intrinsece
1515 1958 1576 1998 esse
1587 1932 1720 1998 iniustum
1732 1958 1786 2008 non
1798 1942 1994 2014 solumquoad

348 2045 405 2096 tan.
423 2037 487 2094 lieet
500 2036 543 2092 illa
557 2034 683 2091 ciartsula
693 2051 746 2089 non
759 2033 876 2090 addatur
890 2049 1029 2105 expresse,
1040 2049 1148 2104 semper
1183 2033 1457 2104 concessionem,sed
1471 2032 1552 2088 etiam
1567 2032 1658 2105 quoad
1674 2032 1839 2103 usum,quia
1860 2032 1996 2088 concedit

349 2126 575 2197 subintelligitur,
605 2123 669 2197 quia
690 2122 823 2178 naturalis
844 2125 914 2178 ratio
928 2122 1002 2178 iilam
1017 2121 1145 2194 postulat.
1183 2123 1315 2180 iniustum
1332 2138 1423 2179 usum.
1435 2122 1490 2179 bisi
1506 2128 1596 2178 antem
1611 2123 1662 2178 oin
1676 2121 1837 2192 oppositum
1852 2120 1995 2192 accidere,

349 2216 465 2273 Additur
480 2232 547 2288 ergo
569 2213 716 2287 aliquando
731 2211 819 2286 (quon
834 2213 859 2268 in
875 2212 933 2267 aliis
949 2213 1147 2284 rescriptorum
1184 2213 1247 2284 qnia
1259 2227 1311 2268 oon
1326 2209 1903 2284 repugnat,pririlegiumcontraiustitiam
1917 2226 1995 2266 com-

349 2306 481 2362 eiousulis
497 2304 652 2377 frequenter
667 2301 840 2374 observatur)
854 2301 887 2358 sd
900 2304 1030 2358 maiorem
1043 2303 1148 2374 perspi·
1185 2303 1344 2359 motatiram
1363 2318 1530 2359 concessum
1543 2299 1663 2357 validum
1673 2306 1998 2372 esse,eteonsequenter

350 2397 497 2466 euitatem,
514 2401 541 2450 et
555 2410 588 2449 ne
602 2392 752 2450 excedatur
765 2392 880 2448 tortasse
894 2391 919 2446 in
935 2407 987 2448 usu
1003 2391 1147 2466 privilegii3
1185 2408 1237 2448 non
1249 2399 1395 2464 repugnat,
1414 2391 1623 2448 concessionem
1635 2389 1768 2462 privilegii
1783 2404 1846 2445 esse
1868 2391 1909 2446 sic
1924 2391 1999 2445 iniu-

350 2494 378 2543 ει
391 2488 427 2542 ita
443 2500 490 2556 per
504 2484 575 2541 illam
589 2489 715 2539 monetur
729 2481 989 2554 privilegiarios,rel
1002 2480 1085 2538 iudex
1096 2483 1149 2553 pri·
1185 2489 1267 2554 stam,
1285 2499 1368 2538 usum
1380 2489 1471 2539 autem
1486 2480 1619 2552 privilegii
1631 2497 1683 2536 non
1695 2494 1760 2536 esse
1774 2479 1999 2552 iniustum,quia

350 2576 454 2648 vilegii,
471 2583 502 2631 ut
516 2581 607 2630 servet
621 2573 758 2642 iustitiam,
776 2561 834 2627 turn
850 2571 1021 2641 naturalem,
1038 2577 1149 2628 tum-et·
1186 2571 1273 2628 utitur
1286 2572 1347 2643 quis
1362 2572 1420 2643 iure
1436 2587 1486 2626 suo
1499 2585 1547 2641 per
1561 2568 1630 2624 illud
1642 2569 1829 2640 acquisiistis
1841 2583 1904 2640 r.g.
1914 2570 1937 2623 si
1948 2584 1997 2625 rex

351 2665 402 2721 iam
417 2679 464 2736 per
478 2664 550 2736 leges
564 2663 725 2731 canonicas,
748 2659 792 2717 vel
806 2659 899 2718 civiles
914 2661 1067 2732 respective
1083 2674 1149 2716 con·
1186 2677 1251 2716 enm
1271 2659 1443 2717 conductore
1459 2676 1574 2716 sororum
1590 2659 1755 2716 tributorum
1768 2660 1931 2730 paciscatur
1943 2659 1997 2714 sub

351 2757 483 2812 stitutum.
1093 2765 1099 2776 ·
1186 2749 1554 2822 conditioneetobiigatione
1566 2764 1621 2804 non
1631 2746 1801 2804 concedendi
1815 2747 1898 2804 alicui
1915 2748 2000 2820 privi-

391 2849 417 2901 5.
431 2841 482 2899 Sed
494 2848 605 2914 quaeret
618 2839 771 2914 aliquis,de
785 2857 839 2912 qria
855 2841 971 2910 iustitia,
985 2855 1032 2895 seu
1044 2840 1150 2897 iniusti·
1185 2838 1289 2912 legium
1304 2839 1481 2911 exemptionis
1495 2854 1511 2895 a
1525 2837 1662 2895 solutione
1672 2838 1889 2908 tributorum,et
1901 2845 1997 2911 postea

350 2935 387 2991 tia
401 2929 606 3004 intelligendum
622 2930 675 2986 hoe
690 2930 736 2998 sit,
748 2929 776 2986 id
789 2937 842 3000 est,
853 2945 886 2986 an
901 2928 935 2985 de
949 2930 1082 2985 iniustitia
1096 2928 1150 2999 pri·
1185 2928 1239 2986 tale
1256 2928 1428 3001 privilegium
1443 2927 1590 3001 concedat,
1605 2933 1702 2986 eontra
1715 2927 1852 2984 iustitiam
1866 2941 1997 2984 eommu-

351 3024 436 3096 viiagii
449 3020 540 3095 quoad
555 3037 636 3077 usum
648 3022 720 3091 eins,
731 3019 772 3075 rei
787 3022 867 3076 etiam
879 3018 969 3092 quoad
981 3017 1067 3075 solam
1081 3034 1148 3076 con·
1186 3021 1299 3078 tativarn
1321 3027 1434 3090 peccat,
1456 3032 1541 3091 quam
1560 3034 1593 3074 ex
1613 3023 1694 3090 panto
1709 3031 1819 3074 servare
1834 3017 1995 3088 tenebatur,

351 3113 520 3182 cessionem,
536 3117 578 3166 εει
592 3111 664 3166 enim
681 3107 921 3178 considerandum,
937 3108 1046 3165 duobus
1062 3109 1149 3165 modis
1185 3110 1360 3167 nibilominus
1385 3115 1476 3166 tamen
1496 3107 1667 3182 privilegium
1682 3107 1804 3164 validum
1820 3113 1878 3177 est,
1898 3115 1927 3163 ει
1942 3109 1997 3178 pri·

350 3199 461 3274 intelligi
477 3214 567 3272 posse,
580 3199 749 3270 privilegium
765 3213 826 3255 esse
839 3199 987 3255 iniustum:
1003 3213 1057 3254 uno
1070 3197 1150 3254 modo
1186 3201 1341 3275 vilegiarins
1359 3216 1412 3258 non
1428 3199 1568 3271 peccabit,
1584 3215 1639 3255 non
1654 3197 1785 3254 solvendo
1802 3197 1920 3270 tributa,
1938 3199 1996 3268 ipse

351 3291 442 3364 quoad
458 3298 554 3362 usuro,
569 3297 596 3345 et
610 3292 814 3362 consequenter
828 3287 908 3343 simui
924 3287 1018 3360 quood
1034 3301 1149 3342 conces·
1186 3307 1250 3348 vero
1266 3305 1313 3346 rex
1330 3289 1468 3346 tenebitur
1482 3287 1581 3344 damna
1596 3287 1762 3344 conductori
1777 3287 1928 3358 resarcire,
1940 3287 1998 3344 ior-

349 3383 526 3453 sionem,non
536 3380 607 3436 enirn
619 3384 710 3450 potest
720 3375 932 3450 ususprivilegii
943 3392 1004 3434 esse
1016 3377 1147 3446 iniustus,
1186 3388 1260 3438 tasse
1278 3387 1368 3437 tamen
1385 3388 1452 3436 tunc
1467 3379 1549 3434 etiam
1564 3393 1579 3434 a
1594 3378 1727 3449 principio
1738 3393 1792 3432 non
1805 3378 1934 3449 peccabit
1948 3395 1996 3434 rex

350 3478 378 3529 et
390 3487 443 3528 non
459 3486 519 3526 esse
534 3469 635 3525 iniusta
649 3459 720 3524 iliius
735 3467 914 3534 concessisse
928 3467 1070 3526 contrario
1083 3479 1149 3523 vero
1185 3476 1282 3527 contra
1303 3467 1433 3546 iustitiam
1449 3466 1720 3535 commutatirom,si
1734 3467 1915 3540 privilegium
1929 3482 1998 3523 con·

350 3563 406 3618 beri
415 3568 516 3632 potest,
526 3567 555 3615 ut
566 3557 738 3631 privilegium
751 3557 784 3613 sit
795 3557 928 3613 iniustum
943 3561 1047 3613 tanturn
1058 3552 1150 3627 quoad
1186 3557 1268 3615 cedat
1284 3572 1349 3614 cum
1365 3557 1516 3613 intentione
1530 3555 1698 3612 resarciendi
1713 3554 1825 3626 damna,
1851 3572 1901 3612 seu
1916 3555 1997 3612 dimi·

350 3651 573 3719 concessionem,
595 3660 648 3705 non
670 3662 736 3704 vero
758 3645 850 3719 quoad
865 3661 965 3715 usum,
984 3645 1049 3717 quia
1063 3642 1150 3700 multa
1186 3645 1288 3704 nuendi
1304 3647 1461 3718 pensionem
1477 3644 1712 3703 conductorisiit
1723 3647 1760 3702 ito
1773 3645 1942 3718 regulariter
1954 3646 1995 3702 lo-

352 3740 421 3798 male
440 3740 523 3812 fiunt,
544 3754 615 3811 quae
635 3737 706 3793 iacto
722 3741 830 3808 tenent,
846 3740 873 3793 et
888 3750 969 3806 saepe
983 3735 1090 3790 licitum
1105 3740 1150 3789 εει
1185 3735 1306 3812 quendo,
1323 3751 1377 3792 non
1390 3742 1435 3792 est
1448 3735 1619 3807 privilegium
1631 3737 1671 3791 sic
1689 3737 1909 3808 iniustnmiquin
1926 3753 1996 3792 risus

353 3831 392 3887 uti
406 3829 507 3886 malitia
521 3819 644 3897 alterius,
658 3841 707 3881 seu
721 3825 835 3894 ellectu,
848 3826 896 3896 qui
912 3823 945 3880 ab
959 3823 1011 3879 alio
1024 3822 1093 3878 male
1108 3823 1147 3878 nt.
1185 3828 1243 3884 eius
1259 3827 1295 3882 sit
1312 3825 1439 3894 iniustus,
1452 3832 1480 3882 ει
1495 3830 1698 3897 consequenter
1714 3830 1806 3881 totum
1821 3823 1996 3897 privilegium

351 3919 463 3986 Quando
478 3932 543 3990 ergo
559 3915 730 3989 privilegium
744 3921 787 3972 εει
802 3914 934 3971 iniustum
948 3911 1039 3986 quoad
1056 3928 1148 3983 usum,
1187 3918 1223 3972 ειι
1237 3914 1355 3972 nulium.
1372 3915 1401 3971 ln
1416 3929 1596 3988 quocumque
1617 3921 1709 3971 autern
1730 3914 1783 3971 alio
1804 3929 1910 3987 genere
1930 3915 1998 3970 iain-

352 4009 469 4066 assertio
484 4008 600 4064 maxime
615 3990 706 4060 locum
721 4003 812 4072 babet,
828 4005 882 4058 imo
897 4004 978 4076 etiam
993 4002 1151 4059 extenditur
1186 4007 1294 4075 stitioe,
1316 4019 1397 4077 saepe
1411 4003 1548 4076 contingit
1560 4011 1624 4059 esse*
1637 4005 1768 4061 iniustam
1786 4007 1997 4061 concessionem

353 4098 388 4155 ad
403 4112 509 4154 omnem
524 4095 685 4151 iniustitiam
699 4091 876 4165 generaliter,
892 4091 976 4149 idest
992 4091 1026 4148 ad
1041 4107 1149 4148 omnem
1186 4094 1332 4168 privilegii,
1349 4109 1404 4151 non
1419 4109 1485 4150 vero
1502 4109 1595 4166 usum,
1611 4093 1676 4166 quia
1689 4092 1821 4150 iniustitia
1838 4095 1881 4150 sel
1898 4094 1998 4168 iniqui·

351 4184 608 4260 iniquitatem.Quia
621 4181 880 4255 quomodocumque
892 4180 1027 4239 reddatur
1039 4183 1149 4256 iniquus
1187 4191 1228 4241 tas
1250 4183 1435 4240 concessionis
1457 4199 1511 4240 noo
1532 4196 1642 4255 semper
1662 4182 1794 4240 invalidat
1809 4185 1901 4255 iilam,
1928 4191 1958 4240 ut
1975 4185 1997 4239 si

351 4292 420 4334 usus
435 4275 565 4347 privilegii
581 4288 628 4344 par
643 4272 894 4343 interpretationem
908 4269 1087 4342 adaequatam
1102 4271 1150 4327 aii·
1186 4281 1293 4332 tanturn
1314 4275 1350 4331 sit
1370 4279 1469 4330 eontra
1493 4273 1625 4330 iustitiam
1653 4272 1856 4330 distributivam
1881 4289 1932 4344 per
1952 4289 1998 4330 ae·

352 4369 397 4424 oui
412 4365 570 4438 proprietati
586 4363 746 4434 verborum,
759 4360 865 4418 ritaodn
876 4363 986 4418 omnino
1000 4368 1053 4433 est,
1066 4369 1093 4419 et
1106 4377 1149 4417 re·
1185 4363 1338 4435 ceptionem
1356 4376 1549 4434 personarum,
1558 4361 1600 4418 vel
1615 4362 1680 4434 quia
1691 4363 1723 4418 ιιι
1733 4361 1791 4418 sine
1806 4363 1881 4418 iusta
1897 4378 1997 4432 earrsa,

354 4454 510 4528 stringenda
523 4451 794 4523 interpretatio,quia
805 4466 858 4508 non
875 4455 968 4522 potest
980 4451 1152 4524 privilegium
1186 4460 1214 4511 et
1234 4468 1298 4509 eum
1318 4451 1468 4524 seandalo,
1490 4451 1531 4506 vei
1546 4450 1614 4524 quid
1629 4451 1734 4524 simile,
1752 4458 1822 4508 tunc
1839 4454 1915 4508 enirn
1931 4467 2000 4509 eon·

352 4546 418 4603 dare
438 4545 573 4600 licentiam
593 4541 626 4598 ad
640 4539 794 4597 iaciendum
809 4539 944 4612 iniquum.
963 4540 1041 4608 Quod
1055 4540 1151 4596 intelli·
1187 4543 1275 4600 cessio
1291 4541 1364 4600 iacta
1379 4545 1470 4614 tenet,
1485 4546 1512 4597 et
1525 4546 1728 4613 consequenter
1744 4541 1766 4596 si
1780 4547 1862 4599 aetus
1880 4556 2000 4597 conces-

353 4634 471 4708 gendum
491 4639 552 4704 est,
574 4630 683 4703 quaudo
703 4629 832 4702 iniquitas
852 4636 995 4700 maneret,
1019 4631 1151 4686 existente
1186 4649 1235 4689 sus
1249 4648 1303 4688 non
1318 4633 1354 4688 sit
1370 4632 1517 4689 intrinsece
1532 4630 1632 4703 malus,
1649 4631 1696 4688 sed
1713 4631 1803 4687 solum
1820 4631 1888 4704 qrria
1905 4631 1999 4702 probi·

356 4722 510 4796 privilegio,
533 4727 565 4776 ut
585 4722 608 4774 si
627 4725 701 4775 esset
718 4724 814 4774 contra
828 4717 915 4790 legem
930 4717 1094 4789 naturalem,
1110 4717 1153 4775 vel
1187 4721 1277 4793 bitus,
1293 4723 1392 4794 poterit
1406 4737 1454 4793 per
1469 4720 1591 4778 validum
1607 4720 1779 4794 privilegium
1795 4721 1854 4777 lieri
1871 4737 1927 4778 non
1942 4737 2003 4778 ma·

356 4813 435 4869 oiiam
447 4795 656 4881 dispensabiiem
667 4822 716 4879 per
731 4807 782 4862 tale
794 4807 1051 4879 privilegiumNam
1065 4809 1087 4863 si
1103 4808 1152 4864 ini·
1187 4811 1250 4883 lus,
1277 4817 1305 4868 et
1328 4817 1530 4884 consequenter
1555 4826 1625 4866 usus
1651 4810 1712 4866 talis
1736 4811 1876 4883 privilegii
1908 4816 2003 4883 potest

240 4915 247 4922 ·
355 4904 447 4975 quitas
461 4899 550 4955 solum
565 4898 670 4954 oriatur
684 4912 716 4952 ex
733 4895 790 4968 lege
805 4896 920 4967 positiva
930 4896 1102 4968 dispensabili
1118 4897 1152 4953 ab
1188 4915 1248 4958 esse
1269 4900 1379 4965 licitos,
1403 4901 1476 4956 sient
1494 4901 1521 4955 in
1543 4899 1623 4978 simili
1638 4915 1724 4971 supra
1740 4898 1775 4956 de
1793 4897 2002 4972 dispensatione

355 5009 399 5056 eo.
409 4991 456 5063 qui
471 4988 638 5060 privilegium
651 4986 788 5055 concedit,
801 4985 853 5042 iam
865 4985 909 5042 illa
921 5003 973 5042 non
987 4995 1076 5044 manet
1087 5003 1154 5043 con·
1188 4989 1317 5047 diximus.

357 5097 436 5137 cesso
451 5079 602 5150 privilegio,
614 5077 680 5148 quia
694 5075 762 5147 legis
777 5074 906 5148 obligatio
922 5091 970 5147 per
985 5075 1050 5132 iilud
1065 5076 1154 5133 anier-
1229 5082 1254 5138 i.
1268 5079 1333 5137 iiico
1347 5094 1414 5152 ergo
1428 5079 1462 5135 ad
1476 5077 1720 5152 interrogationem
1736 5078 1854 5154 iactam,
1869 5082 2003 5138 assertio·

358 5177 421 5240 tur,
437 5175 464 5224 ει
480 5169 516 5222 ito
534 5168 561 5222 io
576 5181 630 5222 osu
650 5165 709 5220 talis
729 5164 877 5238 privilegii,
892 5180 941 5235 per
960 5181 988 5221 se
1003 5165 1152 5239 loquendo,
1193 5185 1255 5227 nem
1270 5170 1385 5227 monime
1400 5166 1550 5242 procedere
1565 5167 1598 5224 de
1613 5169 1745 5226 iniustitia
1756 5171 1901 5227 contraria
1916 5170 2004 5228 vaiori

358 5257 433 5318 nulio
453 5263 495 5315 εει
518 5256 658 5332 iniquitas,
683 5253 797 5330 ideoque
823 5256 874 5314 tais
899 5255 1069 5330 privilegium
1092 5272 1148 5316 noo
1193 5259 1335 5334 privilegii,
1352 5265 1434 5335 atque
1448 5257 1515 5317 adeo
1532 5257 1680 5332 praecipue
1696 5259 1834 5320 reritioari
1850 5261 1876 5318 in
1893 5260 2004 5336 prisiie·
