4290 6222
398 327 461 392 litii
1094 339 1284 392 ιιιιιιιιιιι.

357 474 430 529 ιιιιιιι
448 467 631 542 promulgatio
646 467 679 526 ad
700 467 804 542 legem,
818 475 851 524 ut
864 467 905 525 lex
920 473 978 532 εει,
993 466 1154 539 requiritur.
1177 441 1180 446 ¹
1194 481 1257 524 men
1273 465 1429 526 indistincte
1444 467 1478 527 de
1498 467 1662 544 privilegiis,
1684 475 1715 526 ιιι
1729 467 1836 526 favores
1850 473 1937 537 sunt,
1959 467 2003 524 rel

357 563 396 620 Ex
412 562 464 618 boc
482 575 548 632 ergo
562 559 651 631 capite
665 556 750 614 videri
764 563 854 630 potest
867 555 1020 612 necessaria
1035 554 1158 628 promul·
1194 563 1225 615 ut
1251 565 1317 616 eunt
1339 560 1425 632 leges.
1447 559 1554 617 Clarius
1581 559 1665 616 tradit
1690 558 1893 616 distinctionem
1927 556 2004 614 illem

355 650 429 724 gatio
443 647 477 705 ed
498 648 646 719 perlectam
661 645 886 703 constitutionem
907 643 1050 718 privilegii.
1074 651 1102 702 ει
1121 643 1155 702 ed
1191 646 1286 704 Glaese
1308 650 1334 705 ia
1348 663 1469 721 prooem.
1485 648 1664 706 clementinae
1687 648 1770 706 verbo
1783 645 1820 702 de
1834 650 1953 712 cetero,
1971 651 2004 702 ει

355 739 484 796 ellectum
498 737 566 796 eius.
579 736 643 810 quie
656 733 826 808 privilegium
837 733 1027 807 estquaedem
1042 733 1156 806 le13scd
1193 744 1344 810 utrumqne
1365 737 1519 796 membrum
1534 738 1728 810 amplectitur,
1743 743 1843 809 estque
1869 735 2006 792 εειιιειιιιι

355 827 538 903 promulgatio
552 832 597 882 εει
614 825 770 882 necessaria
785 824 819 882 ud
839 825 905 897 legis
919 824 1155 893 constitutionem,
1192 823 1271 882 relde
1285 825 1445 898 probabitis,
1460 827 1484 882 si
1497 833 1574 883 recte
1587 826 1749 899 explicetur.

354 921 393 978 ite
404 924 435 975 ut
448 925 510 974 ante
524 915 598 974 illem
612 915 736 972 nondum
748 916 784 972 sit
797 929 862 971 vera
876 914 929 986 lex3
941 921 971 970 at
985 912 1027 970 len
1040 928 1093 970 non
1108 927 1156 984 po·
1232 912 1354 970 Primum
1368 929 1435 986 ergo
1454 915 1606 972 membrum
1621 915 1654 972 de
1675 915 1780 987 legibus
1804 912 2005 971 communibus

243 1015 247 1024 ’
355 1015 409 1066 ιεει
422 1005 529 1078 ερειειι
542 1011 687 1078 antequem
703 1004 752 1075 sitq
768 1018 835 1076 ergo
849 1017 900 1060 nec
915 1000 1097 1075 priuilegium.
1112 999 1158 1056 bt·
1191 1001 1374 1060 tribuentibus
1390 1004 1539 1078 privilegia,
1551 1005 1684 1076 probatur
1698 1004 1802 1076 optime
1813 1019 1847 1060 ex
1864 1001 2002 1074 l.peunlt.

355 1113 419 1169 ces,
434 1095 604 1168 privilegium
624 1099 761 1167 quatenus
777 1091 820 1150 lex
840 1099 899 1163 est,
919 1107 973 1148 non
989 1091 1114 1161 operari,
1129 1087 1155 1144 id
1190 1091 1222 1147 G.
1235 1091 1270 1148 de
1283 1091 1380 1150 decur.
1395 1093 1413 1150 l.
1431 1093 1509 1165 10,in
1523 1095 1586 1166 bne,
1598 1094 1642 1150 ibi:
1660 1099 1709 1152 Esr
1722 1091 1847 1167 diepam
1863 1091 2005 1169 promul·

354 1192 412 1256 est,
426 1201 480 1242 uon
495 1183 616 1256 obtigere
629 1189 691 1240 ente
707 1179 972 1255 promulgationem,
990 1177 1096 1250 operari
1116 1183 1156 1233 ta·
1190 1184 1266 1252 pulc
1278 1187 1331 1238 εει.
1349 1184 1427 1240 ιιιιιε
1442 1198 1507 1240 ιειε
1520 1190 1579 1254 εει,
1592 1186 1657 1258 quie
1670 1191 1733 1242 ante
1751 1183 2004 1256 promulgationem

355 1291 416 1332 men
432 1280 463 1331 nt
475 1271 658 1345 privilegium,
671 1271 699 1328 id
712 1277 754 1328 εει
766 1270 889 1327 ierorem
901 1267 1091 1324 concedendo.
1100 1264 1154 1322 Sed
1192 1286 1244 1326 non
1260 1270 1361 1328 babent
1375 1272 1428 1328 rim
1440 1272 1517 1347 legis,
1526 1288 1593 1346 ergo
1603 1279 1665 1330 ente
1673 1271 1923 1347 promulgationem
1940 1271 2004 1328 nul·

355 1368 467 1436 contra,
482 1362 547 1435 quie
561 1353 734 1433 privilegium
749 1375 802 1416 non
816 1365 859 1416 est
872 1358 949 1430 prins
965 1355 1154 1428 privilegium,
1191 1360 1244 1416 lem
1261 1361 1314 1416 rim
1326 1361 1464 1435 obligandi
1483 1362 1581 1420 bebere
1595 1367 1726 1434 possunt,
1741 1361 1798 1417 sire
1813 1359 1847 1417 ud
1870 1360 2003 1416 effectura

355 1467 439 1528 quem
455 1452 489 1509 sit
501 1449 561 1524 lcx;
576 1456 634 1508 tum
648 1450 710 1524 quia
724 1450 757 1507 de
771 1448 920 1506 intrinsece
929 1445 1034 1503 ratione
1049 1443 1157 1516 priuile-
1192 1449 1335 1522 privilegii,
1351 1452 1407 1506 sire
1419 1449 1452 1508 ed
1466 1466 1672 1525 quemcumque
1686 1450 1778 1507 elium.
1800 1450 2001 1516 confirmatur,

355 1544 405 1617 gii,
419 1548 448 1598 et
460 1541 539 1615 quasi
552 1555 641 1613 genus
654 1541 714 1596 eius
728 1545 782 1609 est,
798 1535 873 1611 quod
887 1533 922 1592 sit
935 1534 989 1606 Ιειιι
1002 1541 1062 1591 tum
1075 1533 1156 1590 etiam
1192 1537 1256 1610 quia
1280 1539 1305 1594 in
1326 1537 1426 1594 tellbus
1455 1539 1561 1613 legibus
1575 1580 1583 1611 ,
1612 1538 1654 1596 rel
1675 1539 1845 1612 privilegium
1868 1539 2003 1595 inseritur

357 1633 491 1706 quianon
512 1635 603 1702 potest
623 1627 794 1700 priuilegium
815 1627 862 1681 uni
883 1623 1037 1682 concedere
1058 1622 1159 1678 beneli·
1192 1631 1323 1699 tanquem
1334 1627 1522 1684 accessorium
1533 1628 1684 1701 principali,
1697 1630 1739 1686 rel
1754 1629 1866 1700 ponitur
1883 1633 1916 1684 ut
1929 1627 2002 1698 prin·

357 1723 450 1794 cium,
465 1722 532 1796 quin
547 1719 650 1793 obliget
663 1717 730 1775 elios
743 1715 777 1773 ed
798 1713 964 1772 servendum
978 1711 1158 1784 privilegiatis
1192 1715 1291 1788 cipalis
1304 1717 1420 1774 effectus
1434 1718 1520 1789 ipsius
1534 1717 1617 1790 legis,
1634 1725 1746 1791 propter
1760 1732 1843 1791 quem
1862 1716 2003 1774 stabilien-

358 1813 401 1872 ius
416 1827 464 1884 per
477 1807 653 1882 privilegium
667 1805 844 1878 acquisitum.
1192 1803 1258 1862 dum
1273 1805 1315 1862 lex
1334 1805 1431 1863 lertnr.
1448 1807 1475 1865 Si
1494 1808 1577 1880 priori
1592 1807 1673 1866 modo
1693 1807 1869 1864 contineatur
1892 1805 2003 1878 privile·

395 1908 425 1961 2.
440 1901 470 1958 lu
491 1897 662 1957 contrarium
683 1909 749 1952 rcro
769 1899 827 1964 est,
842 1891 906 1966 qnia
924 1889 1096 1963 privilegium
1115 1893 1161 1946 est
1192 1897 1268 1966 glum
1282 1896 1309 1952 in
1322 1895 1393 1969 tege,
1409 1911 1523 1954 necasse
1536 1904 1593 1968 pst,
1609 1905 1642 1954 ut
1656 1905 1786 1970 unquam
1811 1895 2004 1952 aeconomum

357 1991 402 2050 lex
416 1997 522 2047 [ellium
541 1985 694 2044 Secundum
708 1983 789 2057 quid,
812 1981 916 2037 scillcet
930 1979 972 2037 le!
994 1980 1116 2052 pl'lldld,
1131 1982 1160 2035 θῐ
1193 1991 1464 2058 sequaturnalurgm
1478 1985 1655 2059 principalis²
1670 1991 1930 2057 gtqpnggquenter‚
1944 1986 2002 2040 gio-

358 2082 419 2139 ideo
431 2096 486 2138 non
497 2085 540 2136 est
550 2077 645 2135 eedem
656 2075 808 2132 necessitas
822 2068 1048 2144 promulgationis
1060 2070 1086 2124 in
1099 2066 1157 2139 illc,
1193 2081 1225 2130 nt
1242 2073 1284 2131 lex
1305 2075 1422 2148 requirit
1443 2076 1706 2148 promulgationem,
1728 2076 1766 2131 ite
1785 2074 1869 2130 ctiam
1890 2073 2002 2145 privile·

358 2172 466 2244 quaein
481 2168 539 2240 lege
552 2165 693 2223 communi
706 2169 735 2219 et
748 2162 859 2234 proprie
869 2173 930 2217 esse
945 2157 1100 2215 soletNtm
1115 2157 1158 2213 let
1192 2165 1279 2235 glum,
1289 2163 1364 2236 quod
1373 2169 1416 2220 εει
1427 2166 1615 2223 ιεεεεεειιιιιιι
1628 2163 1786 2236 illius3ergo
1795 2162 1920 2220 nondum
1931 2177 2000 2218 con·

357 2256 493 2333 generalis
509 2255 631 2328 loquitur
646 2253 679 2310 ed
693 2252 937 2322 communitatem,
952 2255 980 2306 et
994 2248 1052 2305 ideo
1067 2262 1115 2320 ρει
1129 2261 1158 2304 εε
1192 2254 1289 2310 stituto
1303 2251 1473 2310 sufficienter
1487 2253 1646 2326 principali,
1666 2269 1719 2311 noa
1739 2253 1844 2326 poterit
1858 2267 1938 2316 esse,
1954 2251 2000 2306 vel

358 2349 473 2422 requirit
482 2345 618 2419 publicum
633 2344 767 2414 notitiam,
780 2347 808 2398 et
823 2345 935 2414 propter
947 2338 1017 2395 banc
1031 2352 1159 2395 necessa·
1193 2342 1312 2415 obligare
1326 2342 1527 2400 accessorium.
1540 2343 1699 2416 Exemplum
1715 2345 1786 2399 sumi
1801 2346 1892 2414 potest
1914 2340 1948 2397 ab
1962 2341 2002 2396 in·

359 2439 400 2495 rie
414 2442 457 2494 εει
470 2433 663 2508 promulgatio.
672 2433 742 2488 llaec
757 2439 851 2488 autem
865 2430 1015 2486 necessitas
1028 2432 1118 2484 cesset
1132 2427 1158 2482 in
1191 2431 1393 2504 dulgentiarum
1408 2433 1599 2503 consessione,
1611 2433 1637 2488 in
1650 2431 1844 2505 quibuslisbet
1860 2432 1946 2488 ettam
1960 2428 2002 2486 lo·

358 2527 418 2601 lege
429 2525 544 2598 privata,
557 2529 589 2579 ut
601 2528 720 2578 constet.
733 2521 930 2589 Confirmetur,
943 2533 975 2575 ec
986 2515 1156 2587 declaretur,
1192 2536 1257 2578 cum
1268 2520 1407 2578 distinctio
1422 2518 1495 2594 dete,
1509 2535 1572 2577 nem
1582 2521 1756 2594 frequentius
1767 2519 1877 2594 quidem
1897 2534 2002 2576 conce·

359 2618 425 2690 quta
444 2612 518 2670 alind
531 2618 575 2680 εει
592 2611 667 2684 loqui
683 2608 716 2667 de
735 2610 849 2681 notitia,
865 2606 937 2665 uliud
952 2606 985 2665 dc
1001 2604 1158 2681 promulge·
1192 2611 1297 2668 duntur
1316 2609 1459 2683 privatim,
1475 2609 1619 2684 aliquando
1634 2625 1699 2668 rero
1720 2610 1822 2668 dentur
1835 2625 1885 2680 per
1911 2609 2001 2682 legem

359 2707 441 2777 tione,
454 2705 523 2761 baec
539 2701 612 2758 enim
624 2701 678 2758 duo
694 2699 801 2756 diverse
815 2703 892 2770 sunt,
906 2713 968 2754 nam
981 2702 1071 2768 potest
1080 2697 1157 2769 igno·
1193 2700 1343 2774 publicam,
1353 2715 1402 2756 seu
1413 2715 1562 2758 commune
1572 2703 1626 2771 ius,
1635 2708 1666 2757 ut
1677 2706 1751 2772 patet
1760 2714 1792 2756 ex
1811 2699 1961 2770 Extrarag.
1974 2703 1998 2754 l.

358 2797 414 2853 reri
427 2795 468 2852 lex
483 2791 667 2865 promulgata,
680 2795 709 2846 et
721 2789 786 2847 sciri
797 2805 850 2845 non
865 2787 1048 2860 promulgate.
1058 2787 1087 2841 lu
1102 2785 1158 2856 pri·
1192 2789 1226 2847 de
1241 2790 1320 2862 reliq.
1330 2795 1359 2846 et
1372 2804 1465 2856 vener.
1478 2791 1674 2848 sanctor.inter
1688 2805 1864 2860 communes,
1881 2803 1947 2845 cum
1961 2789 2002 2845 si·

359 2885 457 2958 vilegio
471 2896 537 2954 ergo
558 2877 712 2937 neccssaria
729 2893 790 2936 esse
810 2877 910 2949 poterit
924 2875 1034 2944 notitia,
1058 2880 1089 2931 ιιι
1102 2875 1158 2930 vina
1193 2879 1309 2937 milibus.
1321 2879 1435 2948 Quando
1454 2893 1521 2953 ergo
1539 2880 1593 2937 boc
1613 2881 1762 2952 posteriori
1780 2879 1862 2936 modo
1883 2878 1999 2947 dentur,

359 2973 427 3047 legis
441 2976 579 3038 exerceat,
595 2967 756 3041 obligendo;
768 2967 814 3024 illa
829 2981 894 3023 vero
908 2963 1037 3032 sufficiet,
1053 2964 1158 3020 etiamsi
1192 2984 1247 3025 non
1263 2974 1380 3040 possunt
1400 2967 1499 3024 bebere
1512 2968 1679 3039 efficaciam,
1696 2969 1786 3026 donec
1801 2967 1843 3024 lex
1860 2969 1921 3040 ipsa
1935 2981 2000 3038 pro-

360 3079 414 3120 non
430 3059 609 3134 praecesserit
622 3057 817 3130 promulgatio,
829 3054 893 3128 quie
907 3068 971 3110 curn
987 3052 1158 3126 privilegium
1193 3059 1315 3130 mulgate
1326 3057 1495 3115 sufficienter
1505 3059 1540 3114 sit
1553 3065 1665 3138 propter
1675 3059 1796 3114 rationes
1810 3043 1909 3128 lactem
1927 3055 2000 3114 idem

359 3155 396 3211 ειι
410 3152 453 3210 lex
472 3151 596 3223 private,
612 3145 732 3204 sufficiet
746 3145 871 3219 privatim
893 3143 1012 3199 intimari
1028 3140 1095 3211 illis,
1110 3143 1158 3214 qui
1192 3161 1257 3220 erga
1271 3154 1313 3205 est
1327 3149 1353 3203 ia
1367 3150 1514 3219 praesenti.
1529 3149 1564 3206 Ει
1578 3149 1639 3204 tteer
1656 3149 1709 3206 1200
1722 3148 1880 3219 exemptum
1896 3147 2001 3220 prime.

358 3243 462 3300 virtute
476 3239 548 3296 illius
560 3235 695 3309 obligandi
709 3239 784 3307 sunt,
797 3233 840 3290 elii
854 3247 919 3290 vero
929 3232 1090 3305 ignorantes
1103 3245 1158 3286 non
1192 3236 1287 3310 petitor
1302 3236 1428 3294 rideatur
1446 3237 1597 3309 procedere
1610 3238 1644 3295 de
1663 3239 1821 3313 privilegio,
1837 3245 1870 3295 ut
1889 3238 1999 3310 privile-

358 3329 555 3404 obligabuntnr
573 3325 678 3383 rabone
697 3324 881 3397 ignorantiae,
895 3321 938 3378 vel
955 3322 1021 3394 quit
1039 3321 1110 3377 forle
1124 3319 1159 3377 td
1193 3329 1268 3400 gium
1284 3333 1338 3399 est,
1354 3327 1527 3383 nibilominus
1544 3327 1604 3385 inde
1619 3344 1634 3385 a
1650 3329 1755 3388 lortiori
1770 3327 1911 3400 seqnitur,
1927 3327 1999 3384 idem

357 3421 419 3478 illos
433 3435 487 3477 non
502 3417 630 3490 dirigitur
645 3413 772 3486 obligatio
787 3411 929 3486 privilegii.
1192 3431 1254 3473 εεεε
1271 3415 1304 3472 de
1318 3415 1364 3473 illo
1378 3415 1541 3484 dicendum,
1557 3425 1589 3475 ut
1602 3416 1645 3474 lex
1657 3424 1709 3475 εει.
1723 3420 1792 3476 Nem
1807 3417 1829 3474 si
1844 3417 1898 3474 tale
1913 3419 1999 3489 priri-

396 3509 427 3567 ln
441 3509 494 3567 boc
509 3513 613 3582 puncto
625 3503 795 3576 distinguere
810 3515 958 3574 possumus
970 3498 1088 3572 duplicia
1103 3501 1159 3570 pri·
1193 3506 1293 3578 legium
1308 3505 1336 3562 in
1354 3507 1457 3563 ratione
1472 3507 1602 3578 privilegii
1616 3523 1669 3564 non
1684 3513 1727 3564 est
1740 3505 1856 3567 efficax.
1877 3507 1933 3564 lma
1946 3525 1999 3564 nec

358 3599 466 3673 vilegia.
483 3597 621 3667 Quaedam
636 3594 707 3650 enirn
729 3593 856 3650 teruntur
870 3607 919 3664 per
941 3589 1108 3647 universeles
1122 3589 1159 3646 le·
1193 3594 1319 3652 subsistit
1333 3600 1395 3652 ante
1411 3595 1668 3668 promulgationem,
1685 3596 1772 3655 multo
1787 3597 1878 3654 minus
1893 3601 1996 3669 poterit

358 3705 418 3765 ges,
434 3703 554 3762 querum
567 3683 690 3756 exempla
704 3681 775 3740 sumi
788 3685 906 3754 possunt
919 3695 951 3737 ει
965 3682 1070 3750 capse
1081 3682 1155 3752 quie,
1193 3683 1323 3757 obligare.
1338 3683 1374 3740 Et
1393 3683 1453 3742 inde
1478 3685 1557 3743 iecile
1582 3685 1715 3757 probetur
1735 3685 1808 3743 eliud
1827 3689 1996 3759 membrum,

359 3776 518 3842 suadente,
533 3775 665 3832 Clement.
677 3770 814 3834 Dudum,
828 3770 863 3826 de
879 3767 980 3841 sepult.
992 3768 1159 3826 Clementiae
1194 3773 1240 3830 nbi
1263 3771 1382 3831 lentate
1403 3773 1589 3846 principaliter
1610 3773 1695 3832 tendit
1713 3773 1747 3831 ad
1771 3776 1999 3834 constituendum

360 3858 944 3937 unicdeBaptismclemeublltgraum,de
955 3859 1159 3917 celebratmls·
1192 3861 1380 3935 priuilegium,
1396 3869 1425 3919 ει
1442 3861 1509 3919 ιιιιιιι
1525 3863 1608 3919 babet
1619 3865 1697 3936 quasi
1719 3879 1769 3935 pro
1791 3863 1919 3936 obiecto,
1930 3875 1959 3924 et
1971 3869 2000 3922 li·

359 3973 415 4015 sar.
428 3955 560 4012 Clement.
573 3952 815 4025 Arebtcptscopo,
832 3948 866 4006 de
879 3949 1004 4022 privileg.
1017 3949 1074 4007 Alie
1094 3964 1158 4007 vero
1193 3967 1242 4020 ne,
1264 3958 1295 4008 ut
1313 3951 1404 4008 ridere
1417 3950 1483 4008 licet
1498 3952 1523 4007 in
1538 3966 1642 4009 senone
1655 3954 1687 4010 bl
1699 3955 1776 4026 ρειε,
1798 3952 1955 4021 suadente,
1971 3962 1999 4012 ει

359 4053 425 4104 sunt
438 4043 590 4116 privilegia,
605 4056 676 4114 quae
690 4039 816 4112 privatim
829 4037 1022 4096 conceduntur
1036 4053 1085 4110 per
1098 4054 1159 4109 per·
1192 4041 1220 4098 in
1233 4038 1407 4098 Clementinis
1423 4039 1555 4115 allegatis3
1572 4047 1639 4098 tnnc
1653 4042 1725 4100 enim
1740 4041 1783 4099 lex
1796 4042 1922 4099 nondum
1937 4058 1999 4114 pro-

359 4135 484 4194 ticularia
501 4131 622 4203 indulte,
644 4129 687 4187 vel
707 4129 843 4201 rescripta
862 4143 997 4185 concessa
1011 4127 1160 4200 particula·
1193 4129 1314 4204 mulgate
1329 4145 1382 4186 non
1401 4136 1492 4202 potest
1504 4129 1616 4188 efficere
1636 4147 1720 4188 sunm
1740 4131 1920 4203 principalem
1936 4133 1999 4190 ede·

359 4226 435 4282 ribus
446 4222 580 4296 personis,
593 4219 636 4278 rel
646 4217 904 4290 communitatibus,
918 4217 1157 4291 utReligionibue,
1171 4243 1177 4254 ·
1193 4224 1284 4288 ctum3
1307 4232 1372 4290 ergo
1391 4233 1443 4274 non
1464 4224 1556 4289 potest
1574 4217 1693 4291 obligare
1712 4218 1747 4275 ad
1761 4219 1938 4292 privilegium
1952 4222 2000 4278 ab

359 4311 600 4383 Universitetibue,
623 4309 666 4367 rel
687 4306 989 4382 etiamllospitalibne,
1011 4307 1158 4380 inquibus
1194 4306 1380 4378 servandum,
1408 4307 1484 4381 quod
1513 4307 1634 4366 nondum
1664 4307 1835 4366 sufficienter
1863 4311 2000 4368 constitu·

358 4405 434 4478 prius
454 4401 543 4458 solent
562 4398 625 4472 poni
645 4398 855 4468 concessiones,
877 4402 906 4453 ει
933 4402 1028 4467 ρεειεε
1048 4393 1158 4468 adiungi
1194 4403 1254 4454 tum
1268 4404 1322 4454 est.

359 4497 506 4567 praecepte
520 4489 562 4548 rel
580 4487 777 4564 prohibitiones
792 4486 844 4544 sub
865 4486 1005 4559 censuris,
1028 4492 1059 4543 ιιι
1080 4502 1158 4544 nemo
1233 4491 1260 4545 3.
1273 4487 1314 4544 Ex
1329 4502 1384 4559 quo
1396 4485 1485 4544 obiter
1500 4485 1597 4559 iniero,
1610 4485 1700 4558 ipsum
1714 4485 1929 4560 privilegiarium
1944 4503 1999 4546 nnn

270 4589 278 4598 '
359 4583 423 4641 telle
443 4579 547 4638 indulta
568 4579 707 4650 impediat,
728 4585 787 4635 etc.
802 4579 832 4634 lu
853 4575 990 4648 prioribus
1011 4574 1157 4648 privilegiis
1193 4591 1274 4648 posse
1288 4576 1402 4650 obligari
1415 4575 1449 4632 ad
1468 4575 1568 4649 aliquid
1585 4575 1706 4647 ratione,
1730 4576 1771 4632 vel
1794 4577 1943 4634 occasione
1957 4577 2001 4634 sui

358 4671 498 4728 aillrment
512 4667 660 4738 doctores,
680 4668 864 4723 necessarium
878 4679 939 4721 esse
960 4664 1158 4738 promulgatio·
1193 4665 1326 4738 privilegii
1340 4672 1403 4722 ante
1422 4667 1668 4738 promulgationem
1683 4665 1833 4739 privilegii,
1853 4667 1896 4724 rel
1918 4667 1997 4740 legis,

358 4776 433 4830 nem,
446 4758 480 4815 de
494 4756 691 4829 posterioribus
701 4761 793 4812 eutem
805 4755 1000 4827 negentllenc
1010 4753 1161 4810 distinctio·
1192 4769 1226 4812 ex
1240 4770 1296 4828 que
1316 4756 1439 4811 uescitur
1454 4755 1513 4812 talis
1530 4755 1668 4826 obligatio.
1686 4756 1847 4826 Explicatur
1859 4770 1894 4812 es
1913 4771 2000 4828 supra

359 4865 422 4908 nem
436 4848 556 4905 insinuat
565 4845 650 4904 Felin.
659 4845 686 4902 in
695 4846 989 4917 cepeoprroaeerstes,
1001 4841 1035 4900 de
1046 4843 1157 4900 constit.
1192 4843 1284 4916 dictis,
1306 4858 1368 4900 num
1384 4843 1425 4900 rel
1445 4843 1488 4901 illa
1509 4844 1636 4918 obligatio
1657 4846 1784 4902 uescitur
1803 4862 1838 4902 ex
1859 4845 1999 4918 priuilegio

360 4955 388 4996 n.
403 4941 434 5011 i,
450 4937 527 4994 limit.
543 4940 574 5007 ³3
591 4935 656 4992 licet
667 4935 738 4992 enim
753 4934 871 5007 primum
886 4931 1037 4988 membrum
1053 4947 1106 4987 nou
1119 4933 1158 4988 ite
1192 4933 1307 5004 privato,
1323 4949 1373 4990 een
1388 4935 1415 4990 in
1436 4933 1631 5006 particularem
1645 4934 1872 4992 commoditatem
1892 4937 1998 5007 princi·

360 5028 434 5086 clere
452 5027 599 5099 exprimat,
615 5025 688 5082 sicut
706 5020 879 5095 secondum,
895 5027 1045 5095 utrumque
1065 5027 1155 5079 temen
1192 5023 1289 5094 pelitcr
1305 5039 1458 5095 concesso,
1473 5029 1501 5079 et
1514 5028 1581 5079 tune
1596 5039 1648 5080 non
1664 5031 1706 5080 est
1719 5025 1811 5096 ipsum
1826 5023 1999 5098 priuilegium

243 5113 253 5120 “
361 5115 489 5191 intendit,
504 5124 535 5174 ιιι
552 5131 586 5173 ει
599 5113 730 5173 discursu
743 5120 772 5171 et
791 5113 896 5169 ratione
909 5113 969 5168 eius
989 5119 1109 5171 constat.
1124 5113 1158 5170 Et
1192 5129 1281 5188 perse
1295 5127 1380 5172 cause
1394 5112 1576 5186 obligationis,
1589 5112 1638 5170 sed
1651 5127 1700 5185 per
1713 5111 1843 5170 accidens
1858 5117 1941 5187 quesi
1954 5130 1996 5172 re·

361 5205 388 5264 in
400 5221 459 5264 eam
472 5205 633 5266 sententiem
646 5204 712 5264 citet
723 5201 837 5262 &idum
847 5207 876 5262 ει
889 5199 966 5274 ειιει,
978 5199 1101 5278 loquitur
1116 5209 1156 5262 ta·
1193 5219 1306 5264 morene
1319 5202 1481 5278 prohibens,
1497 5207 1525 5264 et
1539 5200 1599 5261 ideo
1613 5202 1717 5276 inipso
1730 5200 1872 5278 privilegio
1885 5218 1943 5262 non
1954 5211 1999 5264 εει
