4256 6224
414 363 494 434 '572
1136 399 1303 451 nraaarx.

433 525 476 578 18.
499 520 592 578 llelius
614 519 724 580 videtur
744 535 826 593 posse
846 520 955 580 suaderi
975 524 1041 579 baec
1062 525 1192 581 sententia
1267 524 1333 580 Nam
1348 520 1509 580 sustinendo
1524 517 1678 594 opinionem
1689 518 1976 593 asserentem,legem
1986 533 2031 574 ve·

390 610 526 676 nonnullis
540 613 602 667 novi
611 611 775 668 Testamenti
788 612 959 684 testimoniis,
973 613 999 668 in
1012 614 1113 685 quibus
1125 613 1191 670 obli·
1227 620 1311 670 terem
1335 618 1368 668 ut
1392 621 1607 684 proponentem,
1633 627 1683 668 seu
1705 611 1926 684 promulgantem
1945 607 2031 680 legem

357 756 359 760 .
388 701 461 774 gatio
473 701 599 772 bscatogt
610 701 636 755 in
647 700 706 774 lege
717 716 786 756 nova
796 717 828 756 ex
840 703 924 758 veteri
935 703 1108 758 Testamenta
1125 717 1191 759 eon·
1225 701 1370 774 lleoalogi,
1385 701 1471 757 tuisse
1486 707 1591 784 tantum
1608 700 1694 774 legem
1709 700 1903 758 declarativam
1927 697 2033 753 (livinae

388 791 528 845 lirmatur:
546 806 608 846 nom
621 790 648 844 in
663 791 702 845 eis
717 792 833 862 supponi
848 790 964 860 videtur,
981 798 1128 864 praecepta
1143 795 1192 849 lie·
1226 805 1258 846 ac
1281 790 1413 848 naturalis
1437 789 1625 862 obligationis,
1650 796 1678 845 et
1702 807 1756 846 non
1777 787 1913 846 addidisse
1934 801 2032 844 novam
2123 807 2124 864 ι

389 880 489 951 cetegi,
506 881 586 935 etiam
603 887 635 934 ut
648 879 711 936 dota
724 897 772 953 per
786 882 918 956 lioysem,
934 882 1054 954 obligare
1065 880 1192 937 christia·
1225 880 1414 953 obligationem
1431 880 1572 952 positivam
1586 879 1720 952 divinam;
1742 883 1952 953 consequenter
1972 877 2033 949 qui·
2123 885 2124 934 i

388 971 512 1026 noa.Sic
535 970 707 1025 alacoboin
728 972 1192 1042 suaepisacap.2.praeceptum
1226 969 1287 1025 dem
1302 969 1452 1040 asseritur,
1478 969 1563 1042 legem
1580 969 1707 1043 becalogi
1725 976 1809 1042 prout
1823 974 1987 1024 contentam
2004 968 2032 1020 in
2123 953 2124 1022 Ῠ

388 1058 469 1115 illud:
484 1056 597 1129 Diliges
608 1061 784 1130 proximum
796 1065 880 1116 tuum
894 1062 973 1115 sicut
984 1064 1011 1114 te
1021 1063 1129 1132 ipsunt,
1146 1075 1193 1114 vo·
1226 1059 1284 1132 lege
1299 1059 1383 1132 lloysi
1401 1074 1453 1114 non
1469 1059 1552 1115 luisse
1569 1059 1737 1132 abrogatam,
1749 1058 1797 1116 sed
1812 1075 1886 1115 nunc
1904 1058 1988 1113 etiam
2006 1059 2032 1109 in

389 1157 472 1204 catur
487 1145 536 1203 lese
549 1147 660 1221 regalis
675 1147 839 1204 secuudum
852 1151 1041 1221 Scripturas;
1060 1156 1088 1206 et
1102 1155 1192 1204 tamen
1227 1149 1252 1204 vi
1267 1163 1317 1204 sua
1337 1163 1507 1218 permanere.
1522 1148 1590 1215 Quia
1612 1148 1654 1206 lea
1674 1166 1741 1220 pure
1756 1149 1927 1206 declarativa
1946 1145 2032 1217 magis

389 1237 455 1294 illud
465 1244 509 1293 est
519 1244 696 1308 praeceptum
710 1238 813 1293 morale
825 1237 925 1294 veteris
935 1237 1114 1310 Testamenti,
1127 1252 1192 1310 ergo
1226 1236 1308 1293 babet
1322 1238 1456 1294 rationem
1471 1236 1716 1310 doctrinae,quam
1731 1238 1883 1310 praecepti:
1904 1235 2032 1292 doctrina

311 1349 313 1358 ,
389 1325 746 1397 sentit,praeccptumillud
758 1326 1075 1383 etiamnuncdurareex
1087 1327 1193 1382 viseri-
1227 1332 1317 1381 antem
1336 1324 1587 1398 divina-nunquam
1607 1335 1698 1398 potest
1716 1344 1767 1384 sara
1782 1328 2032 1394 auctoritate,aut
2123 1363 2124 1366 ,

390 1423 487 1489 piures
504 1413 612 1482 velariis,
628 1432 710 1487 quam
723 1418 780 1472 sine
790 1415 872 1475 dubio
883 1416 993 1472 indicari
1008 1416 1104 1472 voluit.
1118 1417 1193 1475 Unde
1227 1415 1340 1470 veritate
1362 1415 1475 1485 privari,
1497 1422 1525 1470 et
1544 1414 1603 1471 ideo
1624 1432 1764 1490 nunquam
1784 1420 1876 1487 potest
1894 1415 2030 1480 revocari,

390 1522 455 1563 cum
467 1505 569 1564 subdit:
581 1508 786 1579 Sipersoaam
798 1509 946 1581 accipitis,
956 1510 1117 1580 peccatum
1128 1521 1193 1580 ope·
1228 1510 1277 1560 aut
1300 1503 1392 1559 lumen
1416 1519 1499 1560 suum
1525 1505 1666 1576 amittere3
1692 1522 1758 1580 ergo
1777 1505 1859 1561 etiam
1879 1503 1925 1559 lex
1944 1502 2031 1559 dirina

391 1599 513 1664 remini,
529 1595 686 1667 redarguti
701 1611 723 1652 a
733 1594 795 1668 lege
806 1599 892 1668 quusi
903 1601 1145 1667 transgressores,
1160 1592 1193 1650 de
1229 1610 1297 1666 pure
1316 1593 1484 1652 declarativa
1499 1610 1639 1667 nunquam
1656 1602 1746 1667 potest
1759 1594 1899 1666 abrogari,
1913 1599 1963 1648 aut
1979 1594 2029 1645 vim

392 1687 451 1760 lege
459 1686 557 1761 Moysis
575 1685 707 1756 loquitur,
720 1701 789 1758 quae
801 1686 825 1740 in
839 1687 980 1756 Scriptura
991 1685 1060 1740 solet
1070 1683 1194 1740 absoluto
1229 1699 1307 1740 suam
1323 1684 1463 1753 amittere,
1479 1685 1545 1756 quala
1557 1690 1600 1739 est
1614 1683 1728 1741 lucerna
1746 1692 1774 1742 ει
1794 1683 1858 1753 lrrx,
1873 1697 1950 1756 quae
1964 1697 2031 1736 sam-

392 1777 500 1834 nornine
516 1776 581 1848 legis
598 1775 756 1848 significari,
770 1774 920 1831 luxtaillud
935 1773 983 1830 lere
993 1789 1048 1848 per
1059 1770 1194 1848 Moysem
1230 1789 1280 1846 par
1298 1772 1395 1830 eodem
1416 1772 1498 1829 modo
1513 1773 1659 1830 illuminat.
1676 1776 1711 1831 Et
1724 1774 1748 1829 in
1764 1773 1817 1830 boc
1832 1772 1932 1828 saltem
1948 1787 2029 1826 sensu

392 1864 470 1922 dato
486 1870 538 1921 est.
551 1864 626 1922 Unde
641 1865 674 1921 de
688 1865 783 1921 eadem
798 1865 857 1936 lege
872 1864 964 1922 subdit
974 1862 1103 1919 lacobus:
1122 1865 1194 1936 Qui·
1229 1861 1360 1918 suadetur
1374 1861 1453 1918 valde
1466 1861 1511 1917 illa
1526 1863 1616 1933 opinio
1627 1864 1789 1920 testimoniis
1800 1863 1900 1919 ultimo
1912 1862 1975 1917 loco
1990 1859 2033 1915 ad-

393 1971 518 2026 cumque
536 1959 629 2010 totam
644 1952 736 2027 legem
750 1952 925 2029 impleverit,
944 1949 1080 2024 offendat
1093 1955 1195 2007 autem
1228 1951 1320 2006 ductis
1339 1953 1366 2006 in
1384 1951 1444 2006 eius
1459 1951 1663 2022 probationem,
1679 1960 1818 2026 quatenus
1839 1951 1924 2007 ineis
1945 1949 2034 2005 videu-

392 2049 426 2102 in
444 2061 519 2105 uuo.
535 2041 642 2115 sactus
657 2047 699 2099 est
713 2047 844 2099 curatum
857 2058 938 2110 reus·
953 2041 1028 2114 quod
1042 2043 1132 2096 statim
1147 2039 1194 2096 de·
1228 2045 1277 2096 tur
1290 2038 1381 2111 colligi
1396 2046 1546 2110 praecepta
1560 2039 1687 2113 becalogi
1701 2056 1733 2097 ex
1748 2041 1834 2097 veteri
1845 2041 2033 2102 Testamenta,

394 2133 482 2189 clarat
497 2135 524 2188 in
544 2134 698 2204 praeceptis
715 2132 859 2205 becalogi,
874 2146 948 2187 nam
963 2132 1014 2203 qui
1026 2129 1117 2196 dicit,
1135 2143 1193 2185 uon
1227 2135 1255 2184 et
1268 2143 1301 2184 ex
1316 2129 1377 2184 loco
1391 2127 1487 2199 Exodi3
1504 2129 1549 2185 illa
1563 2129 1634 2186 enim
1649 2129 1787 2198 collectio,
1800 2146 1851 2186 seu
1867 2129 1994 2200 probatio
2009 2131 2033 2183 in

394 2220 526 2288 occides,
549 2221 644 2286 discit,
661 2237 721 2278 nora
738 2221 951 2278 uroeclraberir.
967 2220 1039 2292 Ergo
1059 2219 1192 2292 intelligit,
1228 2218 1282 2274 hoc
1303 2217 1447 2296 landatur,
1462 2217 1537 2290 quod
1553 2217 1598 2275 illa
1611 2219 1760 2293 legislatio,
1777 2226 1916 2293 quantum
1932 2217 1968 2273 ad
1982 2219 2030 2273 ue-

395 2312 464 2367 banc
484 2309 571 2383 legem
587 2317 614 2366 et
629 2308 696 2365 baec
707 2316 863 2381 praecepta,
877 2317 907 2365 ut
918 2325 933 2364 a
943 2310 998 2365 lieo
1010 2307 1073 2364 data
1083 2307 1195 2364 luerunt
1228 2308 1356 2378 calogum
1371 2314 1491 2378 spectat,
1502 2323 1554 2363 non
1569 2307 1620 2365 luit
1635 2310 1685 2364 nisi
1701 2309 1886 2382 promulgatio
1903 2309 1973 2380 legis
1987 2325 2032 2362 na·

394 2401 420 2456 iu
435 2399 493 2473 lege
508 2400 601 2468 veteri,
621 2401 702 2456 etiam
716 2399 835 2471 obligare
850 2399 1027 2469 christianam
1047 2398 1194 2471 similisque
1229 2397 1342 2466 travallia
1364 2411 1448 2470 quam
1469 2398 1717 2471 promulgationem
1738 2399 1774 2455 ibi
1792 2401 1867 2455 Deua
1881 2401 1942 2469 ipse
1958 2396 2031 2461 iecit,

394 2489 474 2545 loeus
494 2493 537 2544 esi
556 2488 630 2559 apud
648 2486 762 2544 Paulum
784 2488 817 2544 ad
831 2490 970 2545 Rauracos
985 2501 1046 2559 cap.
1067 2492 1114 2545 ts:
1135 2491 1195 2562 Qui
1229 2503 1299 2560 quae
1320 2487 1345 2542 iu
1370 2489 1474 2543 ratione
1496 2485 1637 2543 doetrinae
1658 2504 1767 2559 semper
1787 2489 1889 2545 retinet
1907 2487 2032 2542 eamdem

394 2577 494 2650 diligit
507 2579 692 2651 proximum,
710 2575 801 2649 legem
815 2577 956 2650 impleuit,
974 2577 1069 2649 utique
1083 2576 1196 2633 llecalo·
1229 2577 1431 2632 auctoritatem.

394 2671 439 2742 gi,
462 2667 555 2724 subdit
575 2667 663 2723 eninr:
686 2671 766 2723 Nam
786 2684 845 2723 nors
865 2665 1067 2730 adulterabis,
1085 2672 1141 2722 etc.
1158 2669 1194 2722 ln
1267 2668 1357 2724 itali
1371 2679 1435 2721 vero
1450 2669 1578 2721 auctores
1593 2667 1694 2737 prioris
1708 2667 1856 2724 sennntiae
1868 2683 1925 2721 non
1940 2666 2034 2721 viden·

394 2758 449 2814 boc
467 2758 553 2814 uerbo
572 2760 773 2826 instauratur,
790 2756 903 2828 Diliges
914 2757 1090 2830 proximum
1108 2760 1195 2812 tuum
1229 2764 1275 2813 tur
1289 2756 1313 2810 io
1329 2757 1381 2811 boc
1393 2761 1499 2810 tantum
1512 2769 1595 2810 sensu
1607 2755 1689 2828 loqui,
1703 2772 1766 2814 nam
1775 2772 1908 2828 expresse
1927 2755 2034 2820 dicunt,

394 2851 472 2902 sicut
491 2851 517 2902 te
536 2849 647 2917 ipsum.
667 2846 702 2900 Et
720 2844 754 2900 ad
767 2845 899 2916 Ephesios
915 2849 941 2900 t.
957 2843 1054 2900 saradet
1068 2845 1194 2900 observa·
1227 2847 1316 2918 legem
1335 2845 1475 2916 moralem,
1492 2853 1523 2900 ut
1538 2845 1662 2902 cstdata
1676 2862 1724 2918 per
1737 2848 1870 2921 lloysem,
1889 2837 1955 2900 ver‘e
1970 2845 2035 2902 obli·

396 2939 496 2992 tionem
518 2935 608 3006 quarti
629 2934 766 3006 praecepti
786 2933 930 3006 Decalogi,
945 2934 1009 3005 quia
1022 2941 1064 2988 εει
1077 2934 1194 3004 primum
1227 2951 1292 3008 garo
1303 2931 1542 2990 christianos.lmo
1553 2933 1677 3007 Vosquez
1688 2939 1780 3006 sentit,
1792 2925 1988 3010 obligationem
2001 2934 2035 2990 le-

394 3026 423 3080 in
437 3013 631 3094 promissione:
652 3025 690 3082 Ut
705 3021 782 3086 bene,
800 3022 897 3094 inquit,
914 3025 953 3078 sit
967 3022 1028 3088 tibi,
1043 3029 1071 3078 et
1081 3025 1121 3080 sis
1132 3021 1195 3078 lou·
1228 3027 1270 3097 gis
1286 3023 1415 3080 naturalis
1429 3039 1482 3078 non
1503 3038 1565 3079 esse
1580 3023 1696 3082 divinam
1712 3027 1835 3098 proprie,
1850 3025 1878 3080 id
1893 3031 1939 3080 εει
1951 3039 1985 3079 es
1998 3023 2035 3079 dr·

395 3128 505 3184 poenus
522 3115 758 3185 superterram·
772 3126 838 3184 ergo
858 3113 941 3167 sentit
960 3109 1060 3167 durare
1077 3118 1106 3166 et
1118 3125 1195 3182 prae·
1228 3115 1290 3169 vino
1305 3115 1469 3184 praecepto,
1487 3111 1534 3166 sed
1550 3111 1639 3168 solum
1653 3127 1713 3170 csse
1729 3130 1744 3170 a
1758 3117 1826 3186 lieo,
1841 3120 1983 3186 quatenus
1997 3119 2035 3168 est

395 3207 506 3272 ceptum
523 3201 622 3272 ipsum,
638 3206 678 3269 et,
692 3199 765 3272 quod
777 3200 862 3273 magis
873 3208 927 3270 eat,
940 3201 1145 3271 promissionem
1156 3202 1195 3257 la·
1229 3208 1327 3260 auctor
1346 3200 1485 3257 rationalis
1499 3207 1625 3273 naturae,
1641 3217 1710 3272 arrae
1725 3211 1768 3260 est
1786 3204 1842 3274 ipsa
1858 3203 1903 3260 lea
1924 3211 2034 3258 natura-

395 3297 467 3347 ctam
487 3289 693 3358 observantibus
713 3288 789 3344 illud.
812 3288 889 3346 Unde
909 3289 994 3345 Adam
1008 3290 1045 3344 ibi
1059 3291 1099 3345 aio
1113 3305 1195 3361 expo·
1228 3292 1272 3362 lis,
1284 3298 1312 3348 et
1325 3289 1359 3346 ab
1373 3290 1418 3346 illa
1432 3289 1490 3346 sola
1504 3293 1627 3361 proxime
1642 3294 1766 3350 uescitur
1780 3292 1826 3349 illa
1842 3292 1977 3365 obligatio
1991 3309 2034 3346 na·

394 3385 450 3437 nit:
467 3385 529 3438 Hoc
542 3382 622 3436 euim
638 3381 751 3435 iustum
766 3383 821 3444 est,
841 3384 869 3434 et
881 3383 1011 3434 amarae
1026 3377 1075 3434 lea
1088 3377 1120 3434 id
1132 3381 1194 3436 eai-
1228 3380 1337 3450 turalis3
1351 3387 1380 3436 et
1394 3378 1567 3436 nihilominus
1582 3382 1724 3456 ait,legem
1741 3397 1789 3454 per
1804 3384 1929 3457 lloysem
1945 3383 2032 3438 datam

394 3475 446 3544 pit,
459 3487 519 3526 nors
529 3469 624 3528 soleam
635 3473 738 3524 autem
748 3465 815 3534 ilia,
827 3466 877 3523 scd
887 3471 914 3523 et
925 3466 1040 3535 divina,
1054 3481 1130 3538 puae
1140 3469 1193 3524 lea·
1227 3469 1363 3527 addidisse
1377 3467 1495 3524 divinam
1510 3470 1713 3541 obligationem,
1729 3487 1800 3544 quae
1815 3488 1892 3528 nunc
1913 3471 1998 3529 durat
2010 3475 2033 3526 in

394 3561 479 3616 betur
492 3557 592 3616 Euodi
605 3564 653 3617 20.
674 3556 776 3614 Eadem
792 3562 884 3613 autem
898 3557 967 3613 ratio
980 3563 1024 3613 est
1037 3555 1070 3612 dc
1084 3555 1193 3628 reliquis
1228 3558 1394 3616 christianis.
1405 3559 1460 3614 Nos
1475 3573 1539 3614 vero
1553 3561 1580 3614 in
1596 3560 1783 3631 superioribus
1797 3559 1936 3630 diximus,
1948 3563 2032 3632 legam

394 3649 558 3722 praeceptis.
1228 3647 1379 3704 naturalem
1396 3661 1456 3702 esse
1472 3662 1564 3703 veram
1579 3649 1667 3722 legem
1681 3648 1814 3721 divinam,
1830 3657 1909 3706 etex
1926 3653 2034 3722 propria

437 3742 480 3796 te.
492 3739 528 3795 Ut
546 3740 574 3793 in
594 3736 645 3792 hec
667 3735 854 3792 controversia
867 3734 942 3807 quod
958 3734 1059 3805 sentio,
1076 3735 1192 3792 breviter
1228 3737 1340 3810 imperio
1355 3743 1384 3794 ct
1396 3737 1535 3794 voluntate
1552 3739 1616 3809 liei,
1632 3745 1661 3795 et
1675 3739 1851 3795 nibilominus
1871 3727 1964 3813 legem
1979 3757 2033 3795 mo

394 3827 499 3897 dicam,
522 3825 658 3896 oportebit
675 3825 700 3879 in
722 3824 880 3880 memoriam
895 3837 1026 3879 revocare
1043 3823 1193 3880 distinetio-
1227 3827 1327 3898 ralem,
1350 3831 1382 3880 ut
1401 3826 1435 3881 ab
1455 3826 1549 3883 eodem
1564 3830 1619 3884 ileo
1633 3827 1787 3900 specialiter
1801 3828 1913 3900 domm,
1931 3837 1961 3886 et
1974 3845 2034 3900 pro·

394 3913 609 3987 nemouamdam
619 3915 685 3984 legis
697 3929 711 3966 a
723 3913 825 3968 iuristis
837 3912 977 3982 usitatam,
988 3911 1192 3984 namquaedam
1228 3915 1379 3988 mulgatam
1394 3913 1431 3970 illi
1445 3915 1561 3988 populo,
1577 3915 1712 3973 addidisse
1726 3918 1874 3989 positivam
1889 3919 2033 3992 obligatio·

394 4013 437 4061 est
452 3998 492 4059 lea
507 4003 672 4059 declarativa
687 4007 804 4072 tanturn,
814 4002 865 4057 alia
881 4007 988 4058 tantum
1001 4002 1190 4071 constitutiva3
1227 4020 1287 4061 nem
1302 4004 1354 4077 legi
1370 4005 1538 4062 naturalilit
1551 4006 1589 4062 ita
1602 4007 1627 4061 in
1643 4005 1695 4062 boc
1711 4005 1836 4064 videmur
1851 4023 1952 4066 omnes
1969 4025 2032 4064 con·

394 4093 528 4167 quaedam
544 4108 609 4148 vero
623 4091 805 4160 declarativa,
821 4098 848 4146 et
862 4091 1012 4148 ordinative
1028 4133 1035 4162 ,
1051 4107 1099 4148 seu
1115 4108 1192 4162 prae·
1226 4095 1334 4163 venire,
1349 4092 1423 4165 quod
1440 4093 1481 4149 lex
1496 4095 1623 4169 lncalogi
1638 4104 1670 4152 ut
1683 4096 1747 4153 data
1761 4113 1810 4168 per
1823 4099 1961 4173 lioysem,
1981 4115 2030 4154 non
2073 4167 2075 4170 Ι

394 4184 498 4252 captiva
513 4180 603 4236 simul.
618 4181 656 4234 Ex
668 4180 769 4252 quibus
781 4180 909 4237 membris
922 4183 1033 4236 tertium
1045 4181 1133 4236 solum
1146 4179 1193 4236 ba·
1227 4185 1280 4241 luit
1298 4191 1406 4241 tantum
1426 4183 1610 4256 declarativa,
1634 4184 1777 4242 sedetiam
1791 4190 1993 4258 constitutiva,
2007 4197 2033 4244 et

393 4274 438 4330 bet
452 4273 543 4328 locum
556 4275 582 4326 in
597 4270 712 4342 legibus,
725 4286 795 4343 quae
807 4277 953 4326 versantur
964 4273 1037 4328 circa
1052 4272 1190 4343 materias,
1227 4275 1334 4347 proprie
1360 4273 1543 4346 praeceptiva.
1558 4275 1615 4331 lmo
1631 4275 1674 4334 hic
1689 4275 1858 4346 addiderim,
1877 4277 1957 4350 quod
1972 4278 2032 4334 lieet

392 4363 426 4419 de
446 4378 475 4417 se
488 4361 686 4431 indifferentes,
703 4375 751 4416 seu
765 4377 819 4417 nou
834 4364 1017 4431 necessarias,
1033 4377 1105 4434 quae
1120 4378 1192 4420 mere
1228 4371 1377 4436 utrumque
1399 4363 1540 4434 babuerit,
1560 4366 1665 4420 certius
1679 4373 1808 4422 constare
1822 4383 1859 4423 ex
1875 4369 2030 4440 Scriptura,

391 4451 522 4522 positivae
541 4449 593 4505 dici
607 4455 737 4520 possunt,
757 4457 785 4505 et
799 4449 856 4505 ideo
872 4448 938 4504 nibil
953 4449 986 4505 ad
1001 4465 1130 4520 praesens
1149 4465 1191 4506 re·
1226 4453 1311 4509 luisse
1339 4453 1558 4524 praeceptivam,
1582 4460 1610 4509 et
1636 4469 1697 4509 esse
1724 4470 1771 4526 per
1792 4471 1821 4511 se
1843 4455 2029 4529 obligativam,

392 4542 460 4612 lert,
475 4542 540 4612 quia
555 4546 664 4594 certum
677 4546 733 4607 est,
750 4539 835 4610 legem
850 4538 977 4612 llecalogi
993 4543 1024 4594 ui
1038 4539 1126 4595 datam
1144 4555 1192 4611 per
1226 4555 1308 4615 quam
1329 4556 1390 4596 esse
1410 4540 1614 4598 declarativam.
1632 4543 1699 4609 Quia
1712 4545 1803 4599 omnia
1825 4544 1873 4600 illa
1888 4555 2032 4616 praecepta

392 4631 510 4704 lioysem
531 4644 584 4684 non
604 4627 687 4682 lauisse
708 4626 759 4682 boc
780 4626 860 4682 modo
879 4642 947 4698 pure
971 4629 1189 4700 constitutivam,
1227 4629 1355 4702 Decalogi
1372 4630 1498 4687 seruntur
1513 4646 1560 4702 per
1574 4629 1668 4686 eadem
1683 4631 1766 4687 verba
1785 4633 2029 4704 praecipiendi,rel

299 4756 304 4767 .
392 4715 1191 4774 cumlueritdematerianaturaliacnecessarialiealiis
1227 4718 1435 4791 probibendi,et
1449 4718 1500 4775 snb
1515 4718 1610 4776 codem
1627 4726 1732 4776 tenore.
1748 4721 1784 4776 Et
1801 4723 1827 4776 ia
1842 4723 1884 4777 eis
1899 4725 2031 4795 quaedam

391 4821 456 4861 vero
470 4804 580 4861 duobus
596 4805 724 4860 membris
739 4806 908 4861 controverti
924 4812 1024 4876 potest,
1040 4822 1073 4861 an
1089 4807 1133 4862 illa
1149 4805 1191 4862 lea
1226 4809 1396 4880 miscentur,
1420 4823 1491 4880 quae
1511 4824 1565 4864 non
1586 4815 1650 4864 sunt
1670 4808 1704 4864 de
1721 4808 1780 4880 lege
1800 4817 1936 4884 naturae,
1954 4821 1983 4869 et
1995 4823 2032 4868 ts·

392 4901 424 4951 ut
441 4893 504 4950 data
521 4896 606 4950 alteo
630 4893 656 4948 in
675 4895 760 4950 reteri
774 4894 946 4950 Testamenta
961 4895 1043 4951 luerit
1062 4909 1130 4965 pure
1144 4893 1190 4952 de·
1227 4913 1288 4954 men
1305 4896 1497 4954 eodemmodo
1513 4898 1780 4969 praecipiuntur,vel
1798 4900 2032 4972 probibentur,ut

391 4983 535 5053 clarativa,
556 4983 598 5040 vel
613 4982 694 5038 simul
708 4983 788 5038 etiam
804 4985 995 5055 praeceptiva,
1012 4992 1040 5040 et
1057 4985 1190 5041 constitu·
1224 4985 1403 5042 sanctificatio
1414 4985 1564 5057 sabbati,et
1576 4986 1718 5058 probibitio
1734 4988 1921 5061 sculptilium,
1934 5008 2033 5048 secun·

392 5075 456 5129 tiva.
473 5072 551 5138 Quod
571 5073 684 5130 dubium
706 5088 790 5144 supra
804 5089 819 5128 a
834 5071 911 5127 nobis
928 5078 1076 5130 tractatum
1091 5081 1144 5143 est,
1162 5081 1190 5130 et
1225 5073 1291 5130 dum
1312 5072 1479 5145 probabilem
1493 5076 1700 5146 expositionem.
1712 5077 1769 5132 Nec
1787 5093 1822 5133 aa
1851 5079 1944 5136 verbis
1963 5083 2032 5138 Scri

391 5177 423 5218 ea
444 5160 516 5218 illius
533 5161 699 5220 resolutione
718 5160 831 5233 pendet,
853 5166 884 5218 ut
896 5163 1038 5232 existimo,
1064 5165 1189 5234 quaestio
1225 5171 1324 5234 pturae
1337 5161 1663 5237 discernerepossumus,
1679 5165 1746 5238 quid
1767 5167 1950 5238 prohibeatur
1969 5173 2034 5244 quia

390 5264 529 5322 praesens.
939 5279 947 5296 ·
1226 5252 1345 5326 maltam,
1362 5250 1403 5309 vel
1418 5251 1484 5324 quid
1497 5253 1532 5310 sit
1546 5253 1647 5310 malum
1661 5255 1725 5328 quia
1740 5255 1925 5330 prohibitum,
1938 5260 1987 5316 sed
1999 5277 2033 5318 es
