4278 6242
389 321 449 386 ¹42
650 397 653 404 ,
1091 335 1193 384 aranu
1207 334 1255 384 vr.

346 468 410 542 quie
422 472 534 540 propter
545 465 614 523 hanc
626 463 748 538 regulam
758 461 859 520 docent
871 459 1069 534 patres,rerbo
1078 458 1146 516 scri·
1181 459 1252 516 niam
1265 459 1372 531 aetatis,
1383 467 1439 518 etc.
1453 462 1503 521 Ubi
1514 463 1636 535 perlecta
1645 465 1687 522 sel
1699 465 1818 538 legitima
1828 475 1903 527 aetas
1914 472 1977 530 sim-

345 564 443 638 pturae
460 557 485 612 in
501 555 610 627 proprio
621 571 705 611 sensu
718 567 778 610 esse
793 550 963 638 accipienda,
979 551 1031 607 nisi
1044 565 1077 606 es
1091 550 1147 606 cir·
1180 547 1287 622 pliciter
1308 549 1382 607 dicto
1401 551 1489 624 accipi
1508 552 1611 611 dicitur
1632 571 1683 628 pro
1702 558 1840 631 naturali,
1856 575 1909 616 uon
1922 577 1971 634 pro

346 643 535 715 cumstantils,
556 645 598 702 vel
617 644 676 701 eliis
689 643 756 701 locis
771 641 845 699 aliud
859 645 984 712 constet,
1000 639 1074 713 quod
1089 655 1146 696 rna·
1180 638 1238 710 illa,
1254 654 1332 711 quae
1344 639 1497 716 imperiali
1510 641 1648 716 beneficio
1662 644 1826 720 suppletur.
1842 648 1915 707 ldenr
1931 667 1976 709 su·

345 737 417 795 xime
437 735 638 804 observandum
657 741 716 804 est,
738 733 785 790 ubi
806 732 937 806 dogmata
950 730 1010 788 idei
1025 735 1073 787 aut
1087 745 1146 786 mo·
1181 730 1266 786 mitur
1280 745 1314 786 ex
1331 745 1395 803 cap.
1410 733 1604 808 Suseeptum,
1622 733 1656 791 de
1671 738 1787 809 rescrip.
1800 733 1830 793 iu
1847 742 1878 811 6,
1893 740 1939 797 ubi
1952 739 1978 797 id

344 843 407 885 rum
430 825 594 896 traduntur3
617 824 689 882 idem
709 839 775 896 ergo
795 827 837 880 est
851 837 915 878 cum
930 819 1105 893 proportione
1119 820 1146 875 iu
1180 824 1258 876 notet
1272 819 1368 876 Glossa
1383 822 1465 878 verbo
1479 838 1540 879 ooo
1552 828 1654 892 morte,
1669 826 1758 882 citans
1770 826 1822 883 alla
1834 828 1890 884 iur.
1903 836 1931 886 et
1940 829 1977 887 la-

344 917 418 990 lege,
434 931 505 994 quae
528 924 570 973 est
588 913 683 988 regula
696 929 816 970 morum.
832 913 954 985 benique
968 911 1048 968 etiam
1062 908 1147 966 diale·
1182 909 1236 967 tius
1257 910 1394 984 Tiraquel.
1412 911 1486 969 dicte
1500 911 1520 968 l.
1536 915 1563 969 si
1575 929 1725 988 uuquam,
1743 917 1826 973 verbu
1846 933 1979 993 srmeepe·

345 1008 409 1065 otici
428 1007 540 1077 dicunt,
561 1005 707 1077 analogum
728 1002 885 1075 simpliciter
899 1007 1041 1072 sumptum
1057 999 1145 1072 accipi
1180 1001 1229 1066 rit,
1247 1015 1325 1056 utrm.
1345 1001 1389 1058 il.
1410 1000 1463 1058 Sed
1482 1001 1682 1060 observandum
1701 1006 1777 1062 circa
1791 1005 1844 1064 boc
1858 1013 1919 1079 est,
1934 1022 1975 1065 re·

345 1114 395 1169 pro
416 1096 559 1169 principali
579 1095 746 1168 siguificat03
768 1091 851 1148 verba
871 1097 979 1160 auam,
1002 1090 1024 1145 sl
1039 1097 1147 1162 praeter
1180 1088 1271 1162 gulam
1292 1088 1361 1146 hanc
1383 1091 1556 1161 potissimum
1575 1090 1675 1148 babere
1695 1093 1787 1151 locum
1807 1097 1835 1152 in
1859 1091 1973 1154 vocibus

344 1203 457 1244 sensum
475 1185 616 1257 proprium
633 1183 732 1240 babere
747 1186 863 1253 possunt
875 1181 1066 1252 improprium,
1082 1185 1147 1236 sunt
1180 1177 1342 1249 usualibus,
1359 1184 1390 1234 ut
1403 1178 1443 1235 sic
1457 1178 1559 1249 dicam,
1574 1195 1644 1253 quas
1658 1181 1748 1256 leges,
1765 1198 1815 1240 seu
1829 1184 1891 1242 iura
1905 1187 1977 1244 acci·

343 1277 422 1350 quasi
444 1273 576 1347 analoga,
597 1279 625 1329 et
644 1272 670 1328 ln
690 1272 729 1329 eis
750 1287 848 1328 sensus
869 1271 999 1342 proprius
1012 1275 1055 1325 est
1067 1268 1145 1342 quasi
1180 1269 1260 1341 piuut
1278 1284 1311 1326 ex
1332 1271 1472 1326 communi
1492 1269 1550 1343 lege
1570 1270 1727 1346 hominum;
1747 1280 1814 1330 sunt
1827 1289 1893 1333 vero
1908 1276 1973 1332 aliae

345 1365 494 1440 principale
508 1363 696 1436 analogatum3
713 1379 780 1437 ergo
795 1360 918 1418 absolute
933 1359 1020 1431 posito
1034 1361 1060 1414 in
1073 1359 1145 1432 lege,
1180 1372 1280 1427 voces,
1302 1371 1373 1430 quae
1395 1364 1460 1414 sunt
1479 1361 1606 1432 propriae
1624 1360 1710 1432 ipsius
1729 1363 1811 1434 iuris,
1827 1371 1855 1422 et
1870 1365 1903 1422 ab
1918 1367 1975 1438 ipso

345 1453 503 1528 accipienda
519 1460 586 1510 sunt
599 1455 626 1509 in
639 1454 748 1524 proprio
760 1467 792 1508 ac
804 1448 945 1523 principali
957 1455 1043 1504 statu.
1056 1449 1146 1520 Atque
1180 1449 1315 1518 inventae,
1332 1447 1409 1504 siout
1422 1463 1602 1522 unaquaeque
1616 1465 1661 1507 ars
1676 1455 1789 1524 propris
1803 1452 1886 1511 babet
1897 1470 1977 1512 roca·

343 1545 414 1601 benc
429 1543 552 1616 reguiam
565 1541 676 1599 tradunt
687 1541 834 1611 iurisperiti
845 1540 1038 1610 communiter,
1051 1543 1083 1593 ut
1094 1537 1146 1594 late
1180 1537 1256 1607 bula,
1272 1537 1372 1610 quibus
1388 1539 1491 1608 utitur,
1507 1537 1539 1594 alt
1552 1539 1577 1595 in
1592 1539 1651 1598 iure
1664 1545 1813 1600 canonico:
1829 1543 1900 1600 tales
1915 1551 1979 1601 suut

344 1634 429 1690 relert
440 1631 574 1704 Tiraquel.
588 1632 613 1686 in
625 1631 644 1687 l.
656 1633 683 1686 si
692 1645 835 1704 uuquam,
853 1635 866 1705 fl
879 1626 999 1693 libertis,
1014 1643 1041 1683 n.
1054 1631 1104 1698 lb,
1118 1633 1147 1684 et
1180 1642 1263 1684 voees
1278 1642 1418 1694 cerasum,
1436 1631 1720 1694 eacommunlcatio,
1736 1638 1765 1688 et
1778 1632 1892 1706 similes,
1907 1640 1936 1692 et
1948 1636 1976 1690 iu

344 1722 500 1797 sequentib.
512 1728 541 1778 et
554 1721 664 1793 attingit
680 1718 1029 1791 breviterCoustant.Rog.
1047 1721 1147 1772 tracta·
1181 1717 1242 1773 iure
1262 1716 1334 1774 cirili
1353 1720 1513 1791 usucapio,
1535 1722 1752 1793 praescriptio,
1774 1726 1803 1777 et
1815 1722 1937 1779 similes:
1954 1724 1979 1780 in

345 1820 376 1871 tu
390 1813 424 1870 de
440 1813 493 1870 iur.
517 1811 657 1882 interpret.
670 1813 735 1883 ql,
750 1824 779 1864 u.
795 1812 844 1866 20.
859 1805 972 1874 Quando
987 1810 1088 1873 aarum,
1104 1803 1146 1860 vel
1181 1804 1223 1862 his
1244 1821 1310 1878 ergo
1329 1806 1445 1863 vocibus
1467 1808 1628 1881 significatio
1643 1809 1747 1883 civilis,
1762 1826 1813 1868 seu
1826 1812 1977 1871 secundum

344 1901 482 1978 quomodo
498 1900 565 1958 baec
580 1899 676 1972 regula
690 1898 814 1967 deficiat,
829 1911 862 1972 ex
877 1893 998 1951 dicendis
1012 1894 1123 1966 patebit.
1179 1897 1223 1952 ius
1236 1903 1278 1952 eet
1293 1895 1453 1970 significatio
1468 1898 1600 1954 naturalis
1615 1897 1741 1972 illarum3
1755 1914 1817 1958 nam
1827 1907 1914 1960 estes
1925 1903 1979 1974 pri-

384 1999 410 2051 8.
425 1989 635 2048 Observandum
648 1994 692 2044 est
705 1993 795 2044 autem
811 1986 835 2041 in
851 1984 903 2042 hoc
919 1983 1070 2056 puncto,in
1086 1998 1147 2039 ver·
1181 1999 1276 2042 maere
1288 1984 1559 2056 impositione‚etres
1571 2001 1619 2060 per
1629 1986 1712 2045 talem
1723 1991 1979 2064 uocemsignidcatc

343 2081 385 2139 bis
399 2082 487 2152 iuris,
504 2097 553 2138 seu
571 2078 680 2153 legum,
695 2076 832 2148 duplicem
848 2077 1043 2147 proprietatem
1058 2073 1148 2130 solere
1180 2089 1234 2130 non
1251 2073 1331 2131 babet
1346 2075 1427 2131 aliem
1440 2082 1580 2144 naturam,
1595 2078 1647 2133 uisi
1661 2093 1746 2150 quarn
1761 2077 1841 2136 hebet
1853 2096 1887 2136 ex
1902 2081 1979 2136 insti·

343 2171 490 2243 distingui,
514 2183 596 2226 unam
617 2167 770 2224 naturalem
791 2170 910 2234 vocant,
932 2162 1011 2219 aliam
1026 2162 1143 2220 civilem.
1182 2165 1287 2220 tutione
1302 2163 1382 2236 iuris,
1397 2169 1426 2222 et
1439 2163 1500 2222 ideo
1515 2166 1740 2223 secundumecm
1753 2169 1977 2242 significationem

340 2260 423 2317 Prior
438 2274 491 2316 non
507 2260 546 2314 sic
561 2254 725 2329 appellatur,
738 2254 802 2329 quia
813 2253 972 2327 significatio
984 2252 1074 2325 eliqua
1084 2267 1145 2309 uer·
1181 2260 1246 2311 sunt
1266 2252 1334 2310 tales
1356 2269 1437 2312 voces
1452 2255 1477 2310 io
1493 2254 1598 2340 legibus
1612 2255 1801 2330 accipiendae,
1817 2265 1845 2316 et
1858 2261 1977 2332 proprie·

264 2345 270 2357 '
342 2347 444 2404 borum
460 2346 607 2420 legiscita
622 2352 735 2416 natura3
752 2350 863 2402 constat
875 2343 946 2399 enim
962 2341 1146 2398 omniouerbs
1180 2351 1222 2400 tas
1238 2342 1347 2400 illarum
1361 2357 1394 2399 err
1409 2343 1468 2400 iure
1482 2344 1616 2401 sumenda
1629 2351 1682 2402 est.

343 2438 527 2496 humanarum
542 2437 634 2509 legum
654 2435 688 2492 sd
709 2434 857 2506 placitum,
873 2437 902 2488 et
915 2447 947 2488 es
962 2430 1143 2503 impositione,
1221 2437 1266 2492 10.
1283 2432 1336 2490 Sed
1350 2432 1427 2506 quid,
1444 2435 1466 2488 si
1483 2450 1534 2491 vox
1549 2433 1649 2491 hebeat
1661 2435 1756 2507 plures
1768 2437 1976 2509 significationes

342 2528 506 2600 significare,
523 2525 569 2582 sed
585 2525 648 2599 quie
662 2523 795 2597 quaedam
811 2522 968 2596 significatio
982 2525 1065 2576 estes
1077 2522 1143 2577 sim·
1179 2524 1304 2596 proprias
1325 2525 1353 2580 in
1375 2523 1492 2581 naturali
1513 2525 1702 2598 proprietate?
1716 2526 1898 2600 Respondeo,
1913 2536 1977 2586 tunc

342 2617 415 2690 plici,
431 2624 460 2674 et
472 2613 611 2689 primaeva
626 2613 773 2671 verborum
788 2611 968 2684 impositione,
981 2611 1046 2666 etin
1057 2625 1090 2666 ea
1101 2625 1145 2667 so·
1180 2612 1312 2670 utendum
1333 2626 1394 2669 esse
1409 2614 1520 2687 regula,
1537 2630 1609 2689 quoe
1622 2617 1650 2671 in
1665 2616 1793 2673 omuibus
1809 2617 1979 2676 sermonibus

341 2710 398 2766 lent
413 2707 558 2782 significari
569 2720 612 2762 res
624 2710 708 2777 prout
718 2719 782 2760 vere
793 2717 825 2758 ac
837 2701 997 2758 naturaliter
1008 2699 1145 2767 sunt,slc·
1179 2703 1323 2780 ambiguis,
1345 2718 1395 2759 eeu
1409 2704 1567 2776 aequivocis
1582 2704 1731 2777 prudenter
1744 2706 1883 2764 obseruari
1898 2707 1976 2778 solet,

342 2804 373 2855 ut
395 2797 478 2854 aterio
499 2812 580 2852 mors
603 2795 735 2868 significat
749 2791 901 2849 naturalem
913 2796 1043 2872 ¹rnortem.
1059 2789 1145 2862 signi·
1178 2792 1320 2864 videlieet,
1343 2799 1375 2850 ut
1396 2792 1461 2866 legis
1476 2793 1600 2859 mauric,
1616 2794 1740 2868 altasque
1754 2796 1977 2854 circumstantiae

340 2887 429 2944 ficatio
455 2892 545 2943 autem
567 2885 653 2942 civilis
673 2884 789 2952 dicitur,
805 2897 874 2956 quae
892 2887 935 2938 est
949 2895 997 2953 per
1011 2880 1144 2936 cruneio·
1178 2888 1279 2940 attente
1294 2883 1495 2955 ponderentur3
1514 2899 1576 2942 nam
1590 2899 1623 2940 ea
1635 2884 1686 2940 illis
1697 2884 1926 2945 determinabitur
1937 2887 1978 2944 la·

340 2993 418 3048 nem,
445 2977 676 3050 purificationem,
697 2973 741 3031 rel
762 2970 895 3030 fictionem
917 2971 1000 3042 iuris,
1015 2976 1047 3026 ut
1061 2969 1143 3026 dictio
1178 2972 1227 3030 cile
1241 2972 1388 3029 verborum
1403 2973 1572 3045 significatio.
1588 2973 1702 3032 Maxime
1715 2990 1779 3032 vero
1791 2975 1860 3049 legis
1871 2977 1975 3034 initium

339 3083 420 3124 mors
439 3066 590 3138 significare
606 3063 675 3121 solet
688 3063 812 3130 ciuilem,
827 3061 916 3134 qualis
931 3061 959 3117 m
972 3075 1022 3133 per
1036 3060 1143 3132 religio·
1179 3061 1371 3131 considerare,
1392 3068 1421 3119 et
1440 3077 1505 3119 oum
1524 3063 1570 3119 illo
1589 3067 1734 3137 sequentia
1748 3066 1917 3140 coniungere
1930 3083 1976 3124 ne·

341 3173 398 3213 eam
423 3155 639 3227 professionem,
659 3160 688 3210 et
701 3152 770 3209 filius
785 3152 932 3223 adoptatus
946 3150 1048 3206 dicitur
1062 3149 1142 3220 lilius,
1177 3165 1255 3206 cesse
1269 3157 1328 3219 est,
1345 3151 1408 3224 quie
1422 3150 1456 3208 ad
1471 3151 1538 3209 illud
1551 3151 1649 3210 debent
1662 3153 1732 3210 trslni
1746 3158 1909 3229 sequentia,
1923 3155 1973 3212 nisi

339 3253 367 3302 et
382 3241 420 3301 iic
434 3245 468 3302 de
483 3245 551 3301 aliis.
568 3243 671 3311 Quibus
685 3241 746 3299 addi
761 3247 854 3313 posset
867 3241 947 3297 tertia
967 3238 1140 3311 significatio,
1178 3239 1279 3313 aliquid
1294 3240 1393 3296 obstet.
1409 3242 1477 3297 Nam
1494 3243 1520 3296 lu
1536 3244 1674 3313 prooemio
1688 3245 1892 3302 constitutionis
1906 3245 1974 3303 solet

282 3358 285 3372 ι
338 3350 409 3408 quae
428 3333 521 3391 uocari
540 3338 630 3405 potest
650 3329 770 3400 usualia,
785 3331 849 3402 quia
863 3333 906 3386 est
919 3328 953 3384 ab
967 3343 1020 3384 usu
1034 3331 1063 3384 et
1076 3343 1142 3384 oon·
1178 3343 1263 3386 cause
1285 3328 1390 3400 finalis,
1408 3335 1437 3385 et
1456 3330 1638 3402 principaliter
1652 3347 1765 3390 movens
1785 3336 1933 3406 contineri3
1949 3341 1977 3390 et

338 3423 484 3482 suetudine
503 3421 648 3496 loquendi,
664 3435 734 3494 quae
749 3434 876 3491 magnam
891 3419 944 3474 rim
959 3416 1057 3474 habere
1072 3417 1143 3472 solet
1176 3418 1235 3475 ideo
1256 3418 1324 3476 illud
1345 3419 1462 3476 maxime
1483 3420 1665 3492 spectandum
1685 3429 1729 3478 est
1749 3422 1782 3480 cd
1801 3423 1868 3497 legis
1883 3425 1977 3482 intelli·

338 3514 364 3569 in
379 3513 577 3586 significatione
592 3525 694 3567 vocum
708 3508 921 3581 interpretando,
937 3505 1004 3563 adeo
1020 3512 1051 3562 ut
1064 3507 1091 3561 in
1103 3505 1141 3562 le·
1176 3509 1309 3581 gentiam,
1333 3515 1365 3564 ut
1383 3511 1568 3567 communiter
1589 3510 1703 3569 tradunt
1723 3512 1889 3587 iurisperiti,
1909 3531 1976 3588 quos

337 3619 403 3676 gum
427 3602 599 3675 expositione
624 3600 783 3671 proprietati
804 3599 884 3655 etiam
904 3596 1050 3653 verborum
1070 3611 1139 3651 usus
1177 3599 1230 3656 late
1253 3598 1336 3655 relert
1350 3598 1487 3672 Tiraquel.
1503 3602 1529 3656 in
1544 3607 1627 3658 tract.
1647 3603 1790 3660 Cessante
1803 3619 1928 3672 caussa,
1947 3604 1976 3661 li·

337 3691 531 3765 praeferendus
546 3693 581 3747 sit
596 3733 602 3761 ,
619 3699 650 3746 ut
663 3688 810 3760 iurisperiti
831 3703 895 3744 cum
909 3688 981 3743 Bari.
998 3687 1098 3743 docent
1114 3686 1140 3741 in
1176 3689 1308 3745 mltatiou.
1329 3692 1359 3760 l,
1381 3705 1457 3744 num.
1475 3692 1526 3760 dl,
1548 3696 1576 3745 et
1596 3693 1647 3763 65,
1668 3696 1697 3748 et
1714 3691 1812 3750 blolinc
1833 3693 1881 3751 lib.
1902 3698 1926 3753 l.
1942 3693 1975 3751 de

337 3781 356 3837 l.
373 3797 432 3838 aaa
446 3779 579 3845 dublum,
597 3780 632 3835 C.
648 3779 681 3834 de
696 3777 775 3851 legib.
792 3779 819 3833 in
835 3776 853 3833 l.
870 3775 981 3858 Labeo,
1001 3775 1027 3832 a.
1044 3774 1078 3831 de
1092 3791 1139 3830 su·
1175 3780 1326 3851 primogen.
1339 3792 1401 3850 cap.
1417 3782 1443 3848 5,
1459 3793 1475 3834 a
1489 3794 1565 3835 num.
1580 3785 1607 3850 3,
1622 3785 1650 3836 et
1664 3782 1782 3839 Gutierr.
1799 3784 1827 3839 in
1842 3785 1971 3856 practicis

336 3871 469 3944 pellectile
492 3870 599 3941 legate,
620 3875 648 3924 et
667 3868 693 3922 in
708 3866 726 3922 l.
746 3866 821 3937 1,ff.
839 3867 873 3923 de
895 3868 951 3921 suis
969 3871 997 3920 et
1014 3864 1140 3937 legitimis
1175 3866 1222 3932 lib.
1240 3871 1271 3938 3,
1289 3872 1398 3940 quaest.
1418 3869 1461 3939 li,
1477 3883 1555 3924 num.
1573 3871 1619 3926 90.
1636 3870 1714 3928 Unde
1728 3873 1808 3930 etiam
1822 3873 1848 3928 in
1863 3881 1973 3931 coutra-

336 3959 521 4028 haeredibus,
545 3957 730 4015 Panormiten.
752 3957 779 4010 iu
800 3971 924 4028 prooem.
945 3955 1139 4028 becretelium,
1174 3955 1263 4013 ctibus
1283 3956 1388 4014 initium
1406 3963 1435 4012 et
1452 3969 1538 4013 causa
1556 3965 1732 4030 spectantur,
1749 3960 1768 4016 l.
1784 3964 1811 4018 st
1823 3977 1970 4038 procura·

336 4051 381 4107 ubi
401 4049 533 4106 latissime
553 4045 664 4104 Felinus
684 4044 802 4117 plurima
816 4047 954 4117 congerit.
969 4046 1008 4100 lle
1023 4060 1087 4100 vero
1099 4050 1141 4102 tot
1175 4049 1282 4114 torem,
1307 4046 1333 4101 in
1354 4045 1638 4119 priuc.ll.mandeti;
1659 4063 1727 4122 ergo
1746 4049 1833 4107 multo
1847 4052 1973 4125 megisin
2079 4035 2086 4050 “

335 4139 457 4196 membra
469 4135 695 4208 multiplicemus,
710 4133 781 4190 banc
794 4123 1016 4206 significationem
1026 4133 1059 4190 nd
1070 4133 1139 4190 dues
1175 4133 1498 4207 legibusobservandum
1513 4142 1556 4192 est
1569 4135 1693 4207 initium,
1710 4143 1741 4193 ut
1753 4137 1787 4195 ad
1802 4137 1868 4196 illud
1883 4147 1973 4199 cetere

334 4227 532 4301 praecedentes
548 4239 727 4290 revocamus;
742 4239 803 4280 nam
816 4225 838 4280 si
852 4240 921 4280 usus
932 4224 1006 4280 verbi
1017 4226 1053 4280 sit
1063 4239 1138 4280 com·
1174 4225 1429 4282 accommodentur.
1451 4224 1519 4292 Quin
1541 4227 1632 4297 potius
1647 4224 1757 4284 additur
1771 4228 1797 4284 in
1811 4228 1864 4302 leg.
1879 4235 1928 4302 24,
1944 4229 1970 4286 u.

334 4318 425 4376 munis
445 4317 529 4373 totius
549 4315 645 4387 populi
669 4314 695 4369 in
709 4314 814 4386 uulgari
828 4313 910 4370 modo
925 4313 1071 4387 loquendi,
1087 4314 1137 4370 iam
1174 4313 1206 4370 de
1221 4313 1339 4386 legibus,
1355 4311 1473 4370 iactoile
1485 4328 1556 4379 esse,
1576 4317 1715 4373 uisitata
1729 4315 1966 4393 leqeperspecta,

333 4408 379 4464 illa
394 4407 552 4480 significatio
566 4411 609 4461 eet
622 4405 800 4478 iactamagis
814 4405 924 4476 propria
939 4404 1079 4478 magisque
1092 4418 1138 4460 na·
1174 4419 1238 4460 aaa
1257 4401 1366 4475 aliqua
1385 4405 1447 4460 eius
1465 4401 1805 4480 particulaproposlta,
1821 4407 1967 4466 iudicare.
2024 4451 2029 4462 .

333 4497 447 4566 taralis,
463 4511 546 4568 quem
562 4495 698 4567 primaeua
714 4538 721 4566 ,
736 4496 802 4567 quia
818 4509 884 4550 usus
899 4493 979 4550 babet
993 4493 1045 4550 vim
1059 4493 1138 4550 dero·
1174 4495 1268 4566 ltaque
1279 4508 1311 4548 eu
1324 4491 1549 4549 antecedentibus
1560 4499 1589 4549 et
1599 4495 1906 4567 consequentibuscum
1915 4515 1971 4556 ma·

332 4585 414 4662 gandi
427 4585 623 4641 iustitutionem
638 4589 666 4640 et
683 4583 813 4641 mutandi
829 4585 1030 4656 impositionem
1042 4582 1138 4639 humo·
1173 4585 1252 4652 teria,
1268 4588 1295 4638 et
1308 4581 1365 4639 eliis
1378 4581 1593 4637 circumstantiis
1608 4580 1813 4641 determinanda
1822 4592 1865 4643 ost
1876 4589 1969 4660 aequi·

334 4693 407 4733 nam.
430 4675 456 4732 Si
470 4682 561 4731 autem
574 4690 644 4730 usus
659 4675 694 4730 sit
707 4673 791 4730 solius
806 4673 882 4748 iuris,
899 4673 959 4731 talis
975 4673 1136 4746 significatio
1174 4689 1243 4730 uoce
1261 4671 1337 4729 uerbi
1351 4670 1522 4744 significatio.
1538 4671 1615 4739 Quod
1630 4673 1652 4728 si
1666 4673 1750 4730 rerba
1765 4674 1831 4749 legis
1845 4675 1912 4734 adeo
1925 4693 1968 4734 es·

334 4767 386 4824 sub
401 4764 472 4821 cirili
486 4765 651 4821 continetur.
1172 4769 1232 4819 seut
1247 4763 1408 4834 aequivoca,
1425 4765 1457 4817 ut
1470 4775 1559 4834 neque
1573 4776 1606 4818 ex
1621 4762 1864 4836 antecedentibus,
1880 4781 1969 4840 neque

372 4861 399 4914 a.
416 4853 521 4928 Regula
533 4869 598 4927 ergo
612 4853 751 4926 proposita
764 4853 797 4910 de
812 4855 897 4927 priori
912 4855 1082 4926 proprietate
1094 4860 1137 4911 est
1170 4869 1203 4912 es
1226 4851 1473 4925 subsequentibus,
1493 4866 1544 4908 nec
1558 4867 1591 4909 ea
1605 4855 1735 4926 materia,
1752 4861 1801 4912 aut
1813 4856 1918 4914 ratione
1933 4857 1970 4914 le·

333 4943 518 5017 intelligenda,
534 4958 583 5015 per
598 4959 626 4998 se
641 4942 789 5016 loquendo,
805 4949 833 5000 et
847 4944 898 5000 nisi
913 4945 1136 5001 circumstantiae
1173 4945 1214 5016 gis
1234 4949 1362 4998 constare
1382 4947 1477 5012 posset
1496 4940 1623 4999 definitus
1644 4957 1742 5016 sensus
1762 4943 1838 5018 eius,
1854 4945 1899 5003 ille
1913 4961 1975 5003 non.

332 5041 527 5103 occurrentes,
543 5032 584 5090 vel
599 5034 651 5090 clia
665 5034 725 5091 iura
738 5038 849 5108 cogant,
869 5034 1074 5105 extensionem,
1091 5033 1133 5090 uel
1170 5035 1243 5088 esset
1258 5031 1310 5102 lex,
1327 5031 1392 5102 quia
1414 5046 1468 5087 uon
1490 5030 1580 5088 solum
1601 5047 1654 5089 non
1672 5041 1747 5092 esset
1761 5035 1855 5106 clara,
1871 5051 1967 5093 rerum

333 5124 522 5182 limitationem
533 5122 632 5194 lucere,
646 5129 676 5179 ut
686 5124 711 5179 in
723 5125 904 5197 sequentibus
917 5137 1131 5197 prosequemur.
1170 5123 1251 5179 etiam
1272 5136 1362 5193 neque
1384 5127 1503 5178 meatem
1524 5120 1689 5195 legislatoris
1709 5125 1774 5182 satis
1792 5125 1964 5199 signiticaret.

333 5221 420 5290 Atque
435 5217 472 5272 ita
487 5213 605 5272 sumitur
618 5228 650 5269 ex
666 5214 729 5288 lege
743 5214 854 5287 ultime,
869 5215 899 5273 C.
916 5215 949 5271 de
964 5214 1015 5288 bis,
1027 5213 1074 5288 qui
1089 5227 1135 5277 ve·
1169 5212 1218 5271 llix
1232 5217 1325 5269 auteur
1340 5211 1394 5268 lieri
1409 5216 1509 5285 potest,
1526 5212 1592 5286 quin
1605 5211 1691 5272 altera
1704 5215 1862 5289 significatio
1874 5218 1909 5275 sit
1919 5218 1965 5290 rei,
