4260 6222
407 325 470 389 508
760 351 770 362 ·
906 417 909 422 Ι
1103 341 1204 391 arnna
1219 341 1294 391 vans.

365 483 415 542 per
431 482 502 542 quae
521 467 610 526 solent
630 466 769 540 privilegia
788 466 923 524 revocari.
935 465 1022 539 igitur
1040 466 1113 524 siout
1132 465 1167 523 de
1203 473 1259 524 tem
1279 467 1426 540 ingerere
1449 473 1618 526 revocentur
1637 467 1794 542 privilegis,
1814 469 1934 525 ebenus
1950 483 1996 542 per

365 557 571 615 renunciatione
587 555 716 628 diximus,
731 557 769 613 ita
789 555 833 612 hic
847 562 938 629 potest
954 555 1039 612 dividi
1053 570 1167 612 revoca·
1201 555 1324 616 modum
1337 563 1512 617 contractus
1518 555 1636 630 facerim
1647 573 1796 615 concessu.
1807 559 1949 625 Quiacum
1963 565 1996 613 tr·

365 649 405 704 tio
418 648 445 702 in
467 661 624 718 expressam
638 653 668 702 et
687 647 807 704 tacitam.
825 646 901 704 Prior
918 645 1000 703 etiam
1021 644 1168 716 dupliciter
1202 647 1237 704 lia
1249 647 1389 722 privilegia
1408 650 1467 706 iure
1481 647 1618 706 ordinario
1633 651 1688 706 sint
1701 646 1907 717 irrevocabilia,
1922 653 1948 704 et
1959 661 1998 703 ne·

365 737 423 793 fieri
439 742 538 808 potest.
554 737 645 794 Primo
660 752 713 793 nou
734 735 824 794 solum
839 736 975 809 expressis
988 735 1095 804 verbis,
1119 734 1167 792 sed
1202 738 1322 795 cessaria
1341 739 1378 794 sit
1395 739 1558 812 gravissima
1576 753 1677 810 causa,
1694 745 1727 795 ut
1740 739 1812 794 iuste
1833 743 1996 807 revocentur,

365 827 447 882 etiam
458 827 485 880 in
500 825 626 897 speciest
640 826 666 881 io
679 825 848 897 particulari3
861 831 890 882 et
903 831 969 882 tuno
982 824 1057 881 nulla
1072 839 1168 896 super·
1201 843 1256 884 non
1278 834 1494 904 praesumuntur
1513 829 1657 898 revocari,
1678 827 1728 884 nisi
1747 826 1891 899 praedicto
1914 826 1998 882 saltem

366 920 408 970 est
426 912 591 986 difficultas,
614 915 756 987 supposita
770 920 906 987 potestate
924 911 1071 970 revocandi
1086 915 1168 986 privi·
1202 909 1283 971 modo
1305 917 1476 990 sufficienter
1495 916 1674 989 exprimatur.
1692 919 1758 973 item
1772 916 1839 990 quia
1855 914 1914 972 talis
1930 929 1999 971 revo-

366 1003 483 1076 legium,
506 1002 616 1076 quiade
638 1002 777 1061 voluntate
793 1004 860 1061 satis
880 1003 987 1076 perillo
1005 1003 1087 1060 verba
1101 1019 1168 1060 con·
1202 1006 1273 1061 catio
1291 1012 1333 1063 est
1350 1008 1377 1062 in
1398 1005 1598 1078 praeiudicium
1614 1008 1684 1064 tertii
1697 1009 1723 1062 in
1739 1008 1798 1063 iure
1817 1005 1964 1078 acquisito,
1977 1013 2000 1062 et

365 1097 430 1163 stat;
442 1091 558 1172 ideoque
569 1092 603 1149 de
614 1091 661 1150 illo
671 1107 772 1166 genere
783 1093 963 1150 revocationis
973 1091 1039 1148 nihil
1050 1091 1167 1164 amplius
1203 1093 1331 1167 iustitiae,
1350 1094 1403 1151 tale
1419 1101 1511 1152 autem
1525 1095 1724 1168 praeiudicium
1738 1111 1792 1151 nou
1811 1095 1998 1166 praesumitur,

365 1181 513 1246 dicendum
533 1183 667 1240 occurrit.
683 1181 767 1240 Aliter
782 1183 837 1239 beri
857 1181 926 1239 solet
939 1196 1068 1253 expressa
1082 1188 1111 1238 et
1130 1181 1168 1238 di·
1203 1182 1253 1240 nisi
1267 1185 1448 1257 exprimatur,
1458 1191 1487 1242 ut
1500 1199 1586 1257 supra
1599 1191 1743 1242 ostensum
1756 1185 1855 1240 est.Et
1868 1187 1906 1241 ita
1921 1191 2000 1254 potest

365 1280 445 1330 recta
458 1273 608 1342 revocatio,
625 1287 678 1328 non
695 1279 785 1328 tamen
802 1275 828 1328 iu
844 1271 951 1343 specie,
967 1271 1014 1328 sed
1029 1286 1077 1342 per
1091 1271 1168 1328 clau·
1203 1273 1273 1329 sumi
1288 1289 1321 1330 er
1335 1273 1435 1331 Glossa
1448 1277 1475 1330 in
1489 1274 1621 1332 clement.
1633 1273 1766 1342 Dudum,
1779 1274 1815 1330 de
1829 1271 1998 1343 sepulverbo

367 1361 455 1418 sulam
469 1361 633 1434 generalem,
648 1359 764 1433 scilicet,
780 1360 1035 1418 nonobstantibus
1050 1360 1169 1432 qulbus·
1199 1366 1313 1435 poeto,
1339 1363 1415 1419 circa
1439 1363 1534 1434 linem,
1559 1373 1588 1420 et
1606 1363 1668 1420 vide
1688 1364 1724 1421 ibi
1738 1361 1849 1420 Cardia.
1866 1370 1895 1418 et
1910 1364 1999 1420 notavit

368 1465 492 1523 eramque
510 1449 686 1524 privilegiis,
708 1456 762 1506 etc.
785 1455 815 1506 et
834 1449 880 1506 illa
902 1449 983 1505 'etiam
1005 1448 1169 1521 regulariter
1204 1452 1286 1508 Areu.
1304 1452 1330 1507 in
1350 1453 1391 1510 tit.
1408 1457 1435 1522 3,
1452 1452 1471 1508 l.
1492 1456 1541 1521 tt,
1558 1452 1603 1510 lib.
1623 1458 1649 1522 t,
1664 1455 1768 1525 llecop.
1787 1469 1819 1508 n.
1837 1456 1890 1523 ⁴2,
1904 1459 1931 1509 et
1944 1453 1998 1508 San·

368 1539 482 1610 sullicit,
499 1541 561 1611 quia
576 1553 662 1610 genus
673 1538 706 1596 de
717 1555 746 1596 se
757 1538 964 1611 comprehendit
974 1539 1090 1610 species.
1101 1539 1168 1595 Dico
1204 1539 1264 1595 cius
1279 1540 1355 1597 diets
1368 1541 1439 1612 disp.
1457 1546 1505 1613 33,
1520 1557 1598 1599 num.
1616 1547 1643 1599 8.

368 1635 458 1686 autem
472 1625 665 1700 regulariter,
683 1630 772 1701 primo
787 1636 901 1700 propter
915 1629 1053 1701 privilegia
1066 1631 1093 1683 iu
1109 1630 1169 1710 iure
1243 1631 1270 1686 l.
1281 1630 1364 1686 lleaio
1379 1629 1413 1686 sd
1428 1630 1537 1687 tacitam
1549 1632 1847 1704 revocationem,quae
1857 1632 1885 1686 in
1904 1631 1998 1686 univu-

368 1725 509 1790 contenta,
524 1733 595 1790 quae
609 1717 709 1791 aliquid
724 1716 869 1791 specialius
885 1719 1044 1791 requirunt.
1057 1719 1123 1774 Nam
1137 1731 1170 1772 eo
1204 1732 1265 1772 sum
1286 1715 1338 1774 dici
1359 1724 1446 1789 potest
1461 1720 1550 1776 omnis
1564 1719 1618 1791 illa,
1634 1735 1705 1793 quae
1719 1735 1774 1776 nou
1789 1720 1821 1777 bt
1835 1734 1885 1791 per
1902 1721 1996 1776 clausu·

367 1811 444 1881 ipso,
460 1806 534 1880 quod
548 1807 573 1863 in
589 1823 705 1880 corpore
720 1809 789 1865 iuris
803 1807 976 1878 inseruntur,
993 1809 1047 1863 non
1062 1811 1169 1862 tuntum
1204 1805 1258 1863 lam
1279 1823 1407 1879 expresse
1424 1816 1453 1866 et
1476 1809 1595 1881 directe,
1612 1808 1667 1879 vel,
1684 1816 1715 1867 ut
1728 1812 1770 1866 sic
1784 1809 1889 1878 dicam,
1910 1810 1934 1864 in
1946 1813 1997 1863 actu

368 1897 523 1972 privilegia,
546 1896 694 1954 sedetiam
715 1898 790 1971 leges
810 1899 936 1970 publicae
955 1904 1120 1968 censentur3
1142 1904 1171 1954 et
1205 1897 1312 1969 signato
1329 1897 1507 1970 derogantem
1527 1899 1684 1972 privilegio,
1702 1897 1751 1954 sed
1767 1899 1796 1954 tit
1811 1897 1839 1954 in
1853 1906 1917 1955 actu
1933 1911 1996 1953 eser·
2068 1921 2069 1936 o

367 1987 429 2046 ideo
444 2001 497 2042 non
511 1985 677 2059 derogantur
688 2001 738 2059 per
752 1985 1077 2062 generalemclausulam
1092 2000 1171 2042 revo-
1205 1985 1270 2056 cito,
1283 1992 1311 2042 et
1322 1987 1468 2058 implicite,
1480 2001 1530 2042 seu
1544 2002 1592 2059 per
1605 1987 1753 2060 quamdam
1773 1987 1994 2043 consecutionem.
2068 2001 2069 2014 ¹

369 2076 501 2134 cutoriam
515 2076 723 2149 privilegiorum
738 2076 764 2132 in
783 2076 928 2149 posteriori
942 2075 1081 2149 privilegio
1100 2077 1171 2148 posi·
1205 2075 1284 2142 Quod
1297 2076 1413 2132 manime
1428 2084 1558 2133 censetur
1572 2075 1741 2150 contingere,
1758 2075 1872 2149 quando
1889 2075 1995 2148 princeps

368 2175 444 2235 tarn,
459 2165 510 2222 nisi
524 2165 641 2222 addatur
654 2167 737 2223 etiam
751 2165 877 2224 clausula
893 2157 1067 2239 derogatoria
1080 2166 1172 2238 legum
1206 2164 1273 2221 lacit
1290 2164 1406 2238 aliquem
1424 2172 1533 2237 uotum,
1549 2167 1596 2239 qui
1610 2183 1664 2222 nou
1679 2173 1771 2240 potest
1793 2165 1952 2231 subsistere,
1965 2169 1997 2224 vel

369 2274 419 2315 seu
440 2271 592 2326 canonum,
616 2262 646 2312 ut
664 2261 740 2314 recte
760 2262 837 2314 notat
849 2255 946 2314 Glossa
965 2259 992 2313 in
1008 2255 1172 2313 authentica
1206 2253 1307 2311 habere
1320 2255 1448 2312 ellectum
1462 2255 1613 2325 intentum,
1634 2256 1675 2312 vel
1690 2255 1789 2312 saltem
1804 2270 1861 2312 non
1880 2253 1995 2326 adaequa·

373 2349 466 2422 Quia,
484 2346 515 2402 G.
528 2344 621 2402 ubi-de
639 2345 746 2402 crimin.
760 2347 815 2402 etcss
831 2345 914 2403 verbo
934 2343 998 2402 illio
1012 2348 1093 2402 omni
1108 2348 1172 2419 prt-
1208 2352 1266 2402 tum
1283 2345 1340 2401 sine
1356 2344 1533 2418 derogatione
1548 2346 1679 2418 privilegii
1692 2346 1770 2419 prius
1785 2345 1924 2416 concessi,
1943 2353 1995 2400 tuac

349 2433 484 2507 ‚adepto
500 2433 572 2500 Quae
597 2433 633 2489 ibi
657 2435 841 2491 communiter
860 2435 1011 2506 probatur,
1031 2441 1061 2491 et
1087 2435 1173 2491 sensit
1206 2434 1361 2493 enimcum
1381 2435 1441 2493 illae
1461 2435 1532 2492 duae
1546 2434 1701 2494 voluntates
1722 2435 1856 2508 principis
1878 2436 1930 2491 sint
1944 2449 1995 2490 con·

371 2524 454 2582 etiarn
468 2521 566 2580 Glossa
579 2523 606 2578 ln
620 2521 639 2579 l.
649 2523 754 2580 laceres
768 2524 884 2590 absens,
899 2525 927 2582 ll.
942 2524 977 2582 de
991 2523 1075 2582 iudic.
1087 2524 1171 2581 verbo
1207 2525 1316 2594 trarise,
1332 2540 1445 2582 necesse
1457 2532 1511 2598 est,
1525 2533 1557 2583 ut
1573 2541 1628 2582 uua
1642 2525 1774 2597 impediat
1788 2525 1880 2596 uliam,
1898 2527 1995 2596 quiaes-

371 2617 553 2685 excusatam,
574 2619 603 2668 et
621 2610 709 2670 Gloss.
726 2616 751 2682 l,
773 2613 799 2670 in
822 2614 841 2670 l.
855 2619 882 2686 3,
903 2617 933 2673 G.
950 2614 983 2672 de
1005 2615 1170 2686 silentiariis,
1207 2628 1270 2670 rum
1284 2613 1450 2684 edoctus,ut
1463 2614 1700 2686 supponitur,uon
1712 2620 1902 2686 possuntesse
1918 2611 1993 2675 simul

371 2705 418 2762 lib.
432 2704 517 2762 tulto
530 2708 621 2775 potest
634 2702 705 2758 sumi
717 2717 750 2759 ex
764 2703 818 2759 illis
832 2705 923 2760 verbis
933 2704 1004 2762 illius
1019 2703 1095 2778 legis:
1106 2709 1173 2761 Non
1208 2717 1274 2777 ergo
1293 2703 1429 2774 posterior
1449 2703 1575 2760 voluntas
1594 2705 1689 2760 vincet
1704 2704 1846 2776 priorem,
1868 2709 1895 2758 et
1919 2715 1995 2757 sonm-

368 2791 818 2870 prceiudicctcruquaccmpue
828 2792 1174 2867 penerottonteproqmc
1208 2800 1327 2865 quenter
1339 2791 1418 2850 tollet
1436 2792 1563 2849 ellectum
1578 2796 1654 2866 eius,
1670 2793 1735 2866 quis
1748 2809 1861 2865 semper
1881 2793 1995 2864 posterior

373 2887 445 2942 tica.
461 2883 497 2938 Et
516 2879 549 2936 de
563 2879 616 2937 lroc
638 2887 741 2952 puncto
762 2880 846 2938 videri
867 2889 958 2954 potest
972 2883 1048 2940 lason
1062 2883 1089 2938 iu
1110 2882 1129 2938 l.
1146 2883 1171 2952 t,
1209 2883 1333 2940 voluntas
1347 2881 1488 2940 efficacior
1503 2889 1560 2950 est,
1578 2885 1643 2956 qnia
1656 2884 1729 2941 cadit
1742 2897 1831 2955 supra
1854 2881 1994 2954 praesedeo·

372 2973 403 3030 G.
416 2970 506 3029 soluto
522 2971 709 3026 matrimonio.
1209 2979 1273 3030 tem.
1290 2976 1326 3030 lle
1351 2971 1403 3028 hoc
1427 2987 1494 3046 ergo
1518 2987 1617 3045 genere
1637 2975 1735 3030 tacitae
1757 2972 1936 3030 revocationis
1951 2969 1994 3024 duo

411 3067 439 3120 2.
455 3058 583 3117 Secundo
598 3057 650 3114 disi
671 3055 868 3133 reprobariter,
891 3067 1003 3132 propter
1023 3060 1173 3134 privilegia,
1210 3067 1275 3118 sam
1294 3068 1380 3118 certa.
1395 3063 1486 3120 Unum
1506 3068 1564 3134 est,
1580 3069 1647 3120 tunc
1660 3065 1845 3134 posteriorem
1861 3069 1946 3117 actum
1958 3059 1993 3112 ha·

373 3167 444 3226 quae
459 3151 485 3206 ia
504 3165 556 3206 suo
569 3155 663 3207 tenore
677 3150 833 3221 continent,
849 3156 881 3207 ut
900 3153 1024 3209 revocari
1038 3168 1091 3209 non
1112 3168 1175 3222 pos·
1210 3151 1275 3208 bere
1297 3153 1350 3208 vim
1372 3150 1483 3208 tollendi
1506 3152 1582 3223 prius
1604 3152 1791 3224 privilegium,
1812 3149 1919 3225 quando
1931 3149 1994 3205 babet
2068 3155 2069 3216 l

374 3245 438 3314 sint,
453 3239 503 3296 nisi
514 3240 560 3297 lint
572 3253 701 3311 expressa
711 3254 809 3296 corum
819 3241 920 3298 mentio
931 3241 965 3298 de
976 3242 1059 3299 verbo
1070 3241 1104 3298 ad
1115 3257 1176 3298 ver·
1210 3255 1306 3298 omnes
1320 3239 1490 3297 conditiones
1506 3243 1675 3298 necessarias
1687 3239 1720 3298 ad
1733 3241 1881 3299 virtualem
1891 3238 1993 3295 volunta·
2068 3291 2069 3298 ,

373 3333 453 3404 bum,
476 3331 519 3388 vel
539 3327 639 3402 aliquid
660 3328 756 3385 simile.
768 3331 805 3386 lle
825 3330 926 3402 quibus
940 3331 1079 3404 quomodo
1098 3347 1177 3388 revo-
1211 3337 1266 3386 tem
1282 3329 1362 3386 unius
1383 3330 1483 3386 obiecti
1497 3333 1523 3385 in
1537 3331 1607 3401 alio,
1623 3330 1664 3386 vel
1679 3330 1796 3387 effectus
1811 3332 1838 3388 in
1857 3345 1905 3386 sun
1916 3343 1991 3385 causa.

373 3421 430 3478 cari
444 3420 551 3476 valeant
565 3434 614 3476 seu
628 3432 677 3491 per
690 3433 762 3492 quae
777 3418 872 3490 verba,
889 3419 942 3476 late
956 3428 1078 3477 tractant
1090 3435 1174 3478 cano·
1212 3418 1290 3477 alliud
1309 3426 1369 3493 est,
1389 3421 1449 3475 sine
1463 3417 1665 3477 conditionibus
1681 3419 1841 3478 huiusmodi
1860 3435 1908 3476 uon
1923 3417 1992 3474 subsi·

373 3511 471 3578 nistae,
486 3507 625 3580 viderique
638 3507 826 3580 potest-Felin.
840 3509 865 3564 in
887 3523 949 3580 cap.
963 3509 1123 3576 asenneus,
1142 3509 1176 3567 do
1212 3516 1284 3567 stere
1301 3505 1413 3567 tacitam
1432 3510 1635 3566 revocationem
1654 3510 1800 3583 privilegii.
1817 3513 1895 3567 Ratio
1917 3507 1992 3577 prioris

372 3599 499 3670 rescript.
512 3613 540 3654 n.
552 3601 580 3668 e,
596 3603 624 3653 et
637 3597 790 3669 sequentib.
803 3603 832 3653 et
845 3599 995 3656 Panormit.
1007 3600 1034 3655 iu
1055 3615 1081 3655 e.
1099 3601 1176 3656 Cum
1212 3599 1295 3673 partis
1314 3606 1375 3671 est,
1398 3600 1463 3671 quia
1485 3597 1527 3655 lric
1549 3599 1662 3656 effectus
1682 3598 1831 3654 mvocaudi
1850 3595 1991 3669 privilegium

322 3691 328 3702 ¹
373 3689 530 3753 instantia,
551 3685 586 3742 de
607 3686 923 3743 censib.n.5.Summa
942 3693 1031 3744 tamen
1053 3689 1176 3744 omnium
1211 3688 1817 3762 pendetesvoluntateprincipis,quieiam
1836 3685 1991 3757 supponimus
2068 3763 2069 3768 η

374 3783 428 3850 est,
439 3781 578 3848 oportere,
593 3782 623 3833 ut
636 3774 773 3833 addantur
785 3776 835 3832 alia
848 3775 931 3832 verba
941 3777 1080 3848 rellcxiva,
1094 3783 1126 3835 ut
1139 3778 1177 3835 lta
1212 3783 1390 3852 potestatem,
1410 3776 1460 3834 sed
1480 3777 1506 3832 iu
1525 3777 1675 3834 moralibus
1689 3775 1814 3832 virtualis
1831 3774 1945 3831 voluutas
1958 3785 1990 3825 ae·

375 3867 480 3934 dicam,
496 3869 529 3922 ut
540 3864 664 3921 revocari
678 3865 794 3936 possint.
811 3867 844 3924 Ut
858 3881 883 3920 v.
900 3883 928 3939 g.
944 3867 967 3921 si
982 3866 1100 3924 dicatur:
1110 3872 1177 3924 Non
1211 3866 1332 3941 quivalet
1349 3865 1471 3936 lormali,
1490 3865 1704 3923 etideoiniure
1718 3866 1836 3922 tacitum
1857 3864 1991 3935 aequipara·
2068 3855 2069 3876 ¹

376 3954 510 4012 obstante
524 3951 594 4025 tali,
610 3951 655 4009 vei
669 3951 726 4012 tots
740 3953 892 4022 clausula,
910 3962 1052 4014 revocato
1066 3956 1177 4014 intelli·
1211 3963 1257 4015 tur
1272 3971 1412 4028 expresso,
1423 3963 1454 4012 ut
1467 3969 1553 4026 supro
1566 3955 1655 4011 visum
1665 3961 1718 4025 est,
1728 3969 1796 4026 ergo
1807 3953 1887 4012 etiam
1897 3953 1919 4008 in
1931 3963 1989 4022 pras·

374 4049 502 4117 guntur,
522 4041 564 4098 vel
579 4041 706 4114 signatim
720 4042 846 4099 dicatur:
863 4048 930 4101 Non
942 4044 1074 4101 obstante
1084 4047 1177 4119 priot·
1211 4049 1280 4105 santi
1301 4046 1533 4119 aequiparantur,
1558 4051 1588 4101 et
1608 4042 1652 4100 illa
1672 4043 1802 4100 voluutas
1817 4041 1918 4098 habebit
1930 4052 1988 4094 euu-
2068 4045 2069 4122 j

376 4133 451 4207 lepte
470 4132 524 4190 sub
542 4147 728 4205 quocumque
741 4132 897 4189 verbereum
907 4131 1016 4206 formu
1029 4149 1175 4205 concesso,
1211 4137 1273 4194 dem
1293 4135 1433 4192 effectum.
1450 4132 1526 4190 Unde
1546 4149 1563 4188 a
1581 4132 1720 4188 contrario
1735 4130 1909 4188 concluditur
1923 4127 1987 4184 altera
2068 4149 2069 4198 3

376 4223 452 4281 utin
470 4221 600 4279 Clemeut.
619 4223 641 4277 l.
662 4221 695 4277 de
710 4222 809 4292 sepult.
826 4221 852 4276 in
873 4222 940 4294 fine,
961 4223 1003 4280 vel
1027 4222 1077 4279 alio
1096 4223 1177 4280 simili
1212 4240 1291 4296 pars3
1314 4238 1375 4279 uam
1397 4221 1585 4279 deficientibus
1604 4220 1657 4277 iilis
1678 4219 1901 4290 conditionibus,
1920 4213 1988 4272 deicit

376 4312 471 4384 modo,
487 4316 519 4366 ut
532 4311 559 4365 in
573 4309 704 4367 clement.
720 4309 885 4368 ll.eiusdem
899 4311 983 4384 tituli
991 4319 1018 4368 et
1032 4313 1174 4384 similibus,
1211 4312 1337 4370 voluntas
1355 4327 1409 4368 uon
1430 4318 1535 4368 tantum
1555 4309 1695 4380 formalis,
1716 4309 1765 4366 sed
1785 4310 1864 4367 etiam
1881 4303 1985 4370 streame
2068 4317 2069 4324 ¹

377 4417 447 4476 quae
463 4401 553 4457 saint
546 4415 572 4456 m
588 4415 641 4455 usu
656 4399 886 4472 frequentissima.
903 4403 938 4458 Et
950 4404 1020 4458 ratio
1035 4401 1110 4458 clara
1122 4409 1175 4474 est,
1212 4403 1268 4460 sine
1288 4402 1430 4460 voluntate
1450 4407 1545 4457 autem
1564 4415 1616 4458 uon
1637 4405 1807 4472 potestesse
1821 4393 1987 4464 revocabam
2068 4407 2069 4432 l

376 4491 442 4565 quia
458 4507 513 4548 nou
527 4496 571 4546 est
584 4487 725 4561 cogendus
740 4490 874 4562 Pontifex,
883 4496 915 4547 ut
928 4490 961 4548 de
971 4491 1054 4548 verbo
1069 4489 1102 4548 ad
1117 4505 1178 4548 ver·
1212 4498 1335 4550 constat.

377 4583 443 4638 bum
459 4579 520 4638 talia
540 4576 678 4652 privilegia
692 4578 807 4650 reserat,
817 4594 897 4652 quae
910 4578 1026 4637 tortasse
1040 4581 1110 4636 scire
1122 4595 1176 4637 non
1253 4587 1279 4639 5.
1295 4583 1342 4637 llis
1363 4587 1454 4636 autem
1468 4575 1621 4635 addendum
1634 4584 1692 4647 est,
1716 4537 1882 4634 conditiones
1897 4569 1986 4651 requtp

377 4676 479 4744 potest,
496 4684 585 4742 nequo
598 4674 640 4724 eet
654 4667 801 4739 privandus
817 4674 950 4750 potestate
965 4669 1110 4726 revocandi
1121 4668 1178 4742 illa,
1213 4679 1265 4742 tas,
1275 4677 1302 4727 et
1315 4669 1486 4727 sullicleutes
1500 4682 1533 4724 ea
1549 4675 1624 4739 porte
1639 4667 1771 4739 principis
1784 4667 1818 4723 od
1829 4665 1894 4720 hauc
1908 4662 1986 4717 rutna-

364 4759 667 4836 'quandooportucrit3
688 4774 752 4832 ergo
768 4761 903 4831 satisest,
926 4757 1179 4829 utperaliaverba
1212 4761 1265 4818 lem
1284 4758 1467 4830 voluntatem,
1493 4763 1521 4814 et
1539 4762 1743 4828 consequenter
1764 4755 1798 4814 ad
1818 4752 1985 4812 revocationem

376 4850 531 4926 generalia,
548 4864 620 4923 quus
639 4848 729 4921 priora
744 4845 994 4920 comprehendant,
1009 4847 1178 4906 sufficienter
1213 4851 1342 4918 tacitam,
1357 4862 1419 4904 esse
1434 4844 1735 4918 scientiamprivilegii,
1749 4852 1779 4902 et
1795 4835 1986 4901 voluntatcmla
2068 4843 2069 4848 ’

377 4942 496 5012 explicet
510 4945 639 4996 mentem.
1213 4938 1300 4996 ciendi
1317 4944 1411 4994 sotum
1425 4936 1462 4992 illi
1477 4942 1688 5008 repugnantem,
1697 4951 1751 4992 non
1771 4935 1890 4992 obstante
1901 4925 1985 4999 privile·

418 5034 445 5084 3.
460 5028 549 5084 Τοηιίο
564 5026 617 5084 dixi
630 5026 820 5100 regulariter,
830 5032 942 5098 propter
956 5025 1098 5100 privilegia
1111 5043 1177 5083 con·
1213 5029 1267 5100 gio.
1278 5029 1344 5084 Nam
1362 5029 1386 5082 si
1400 5027 1467 5083 haec
1482 5025 1537 5082 duo
1553 5031 1723 5082 concurrant
1737 5032 1791 5081 tam
1807 5039 1839 5079 ex
1851 5027 1918 5092 parto
1929 5011 1985 5072 intel·
2068 5009 2069 5072 ζ

379 5131 458 5174 cessa
471 5131 520 5187 per
533 5115 647 5173 modum
661 5121 841 5187 contractus,
858 5131 930 5189 quae
944 5132 997 5172 nou
1011 5123 1177 5174 revocantur
1214 5119 1314 5190 lectus,
1329 5133 1413 5191 quam
1427 5133 1461 5174 cx
1475 5122 1551 5189 parte
1566 5115 1723 5186 voluntatis,
1737 5121 1904 5172 concurrunt
1918 5102 1984 5163 omnis

378 5221 428 5288 per
441 5204 596 5264 clausulam
609 5206 774 5280 generalem,
783 5208 865 5266 etiam
879 5221 1049 5281 expressam,
1059 5209 1110 5265 nisi
1125 5210 1180 5267 sal·
1214 5209 1369 5268 necessaria
1382 5207 1415 5266 ad
1427 5207 1569 5266 virtualem
1580 5204 1804 5263 voluntatemnt
1817 5217 1877 5260 vero
1890 5216 1910 5255 a
1904 5197 1984 5253 'inter
2068 5195 2069 5206 ¹
