4290 6222
372 340 434 404 395³
1060 351 1159 402 arnna
1176 351 1249 400 vm.

332 484 409 545 otor,
428 479 540 551 ponitur
554 476 756 548 aequivalenter
770 491 818 548 per
833 473 997 548 perticulam
1010 473 1130 536 talibus.
1169 479 1284 540 instar,
1300 471 1335 530 de
1349 471 1395 530 ilio
1409 478 1517 531 tanturn
1530 474 1649 547 cogitat,
1665 473 1739 549 quod
1752 482 1796 533 est
1808 471 1887 533 alteri
1902 487 1976 532 aon·

333 576 362 626 ct
382 582 431 640 per
452 564 614 639 perticulam
635 569 714 622 rimu
732 562 796 632 citu
817 564 904 621 simile
921 565 1076 635 exemplum
1091 568 1134 619 est
1167 577 1290 632 ceesrrm,
1303 578 1358 618 non
1372 561 1406 618 dc
1420 562 1531 619 inituris.
1543 564 1728 621 Conurmarnr
1741 579 1756 620 a
1771 565 1850 622 simili
1863 581 1897 620 er
1910 563 1975 636 lege

333 659 361 713 in
378 656 396 712 l.
413 651 752 720 contaminantem.
769 653 803 708 de
817 651 944 710 advocet.
960 652 1132 709 diversorum
1169 654 1203 710 tn
1218 655 1407 711 testamento,
1426 655 1455 722 2,
1471 651 1498 707 li.
1513 650 1547 707 de
1562 651 1666 709 condit.
1683 659 1711 708 et
1727 651 1880 708 demonstr.
1900 654 1973 707 llam

334 745 464 802 iudicior.
476 749 504 798 et
518 742 543 798 in
559 742 628 812 aliie,
639 757 711 814 quae
726 741 847 798 dandos.
863 742 946 799 ralert
959 747 1082 799 tractatu
1098 737 1132 796 de
1170 741 1193 798 sl
1208 748 1322 799 testator
1336 741 1495 798 irrbeaiiieri
1509 741 1558 796 eibi
1570 749 1778 798 monumentum
1789 741 1823 798 ad
1834 740 1921 797 instar
1931 741 1973 797 al-

332 833 456 905 privileg.
474 830 516 888 ud
529 833 634 896 inetur,
652 847 679 904 q.
697 835 725 888 3.
1168 832 1272 904 terius,
1288 830 1362 904 quod
1377 837 1419 886 est
1432 830 1457 885 in
1473 828 1517 885 teli
1532 829 1602 896 locor
1619 829 1684 886 licet
1696 836 1790 901 postea
1804 831 1880 902 quod
1898 829 1975 900 posi·

371 921 521 994 lnquirunt
538 926 630 976 autem
649 919 819 990 iurisperiti,
840 919 907 992 quid
927 919 1060 992 significet
1080 935 1132 978 vox
1167 928 1226 978 tum
1244 919 1334 977 iuerat
1355 919 1379 975 in
1398 919 1569 990 exemplum,
1585 925 1733 991 augeatur,
1754 925 1783 975 et
1797 919 1975 990 perficiatur,

334 1009 379 1067 illa
393 1007 436 1067 cd
449 1011 563 1073 loetum
578 1023 641 1064 nam
652 1006 763 1081 quidam
776 1006 872 1064 volunt
882 1007 1035 1080 significare
1048 1006 1130 1079 idem,
1170 1024 1224 1065 non
1240 1007 1376 1066 tenebitur
1391 1006 1486 1062 linares
1500 1005 1615 1064 alterius
1627 1005 1670 1063 vel
1684 1021 1804 1080 augere,
1819 1006 1897 1079 quod
1910 1009 1974 1078 ipse

333 1097 408 1172 quod
423 1097 456 1154 ad
471 1096 691 1167 similitudinem,
707 1095 751 1152 alii
765 1095 799 1152 ad
814 1095 1017 1168 aequalitatem,
1033 1093 1077 1152 alii
1090 1094 1132 1151 di·
1169 1099 1244 1168 sccii,
1257 1098 1297 1154 vel
1313 1096 1409 1153 imitari
1424 1095 1509 1166 aliud,
1523 1103 1605 1169 pwut
1618 1103 1732 1152 auctum
1746 1095 1808 1167 luit,
1823 1095 1871 1152 sed
1886 1103 1976 1167 prout

334 1195 418 1259 cunt,
442 1193 589 1258 utromque
610 1185 710 1242 habere
730 1185 972 1258 significationem,
994 1183 1035 1240 vel
1049 1184 1132 1241 otiam
1167 1194 1230 1244 evat
1244 1194 1366 1259 tempore
1380 1185 1482 1242 conditi
1499 1186 1734 1258 testamenti,quia
1748 1193 1864 1242 testator
1876 1188 1912 1242 de
1924 1186 1973 1242 illo

335 1278 439 1350 plures,
456 1283 488 1333 ut
501 1274 554 1331 late
568 1273 800 1346 expenditliorat.
816 1273 937 1332 ldandos.
954 1287 1049 1344 supra,
1062 1289 1091 1346 q.
1105 1275 1131 1329 l.
1168 1283 1276 1334 tanturn
1300 1274 1445 1346 cogitavit3
1470 1289 1538 1346 ergo
1562 1273 1687 1331 similiter
1701 1274 1727 1330 in
1744 1275 1892 1344 praesenti.
1911 1276 1972 1332 llec

333 1367 447 1424 Omissis
475 1372 565 1422 umen
584 1363 643 1420 aliis
659 1364 756 1420 usibus
770 1363 841 1420 illius
857 1363 948 1435 vocis,
963 1363 1089 1420 existimo
1103 1362 1130 1417 in
1168 1363 1288 1421 obstabit
1307 1362 1381 1419 dicta
1396 1362 1414 1420 l.
1430 1364 1542 1429 cornio,
1559 1361 1669 1418 diceus:
1688 1363 1833 1420 Omnibus
1846 1361 1971 1436 priuile-

334 1457 469 1528 praeecnti
488 1454 600 1511 materia
614 1453 684 1509 idern
694 1467 756 1508 esse
768 1451 941 1526 privilegium
953 1451 987 1508 ad
999 1451 1083 1508 instar
1093 1448 1135 1506 al·
1167 1456 1232 1526 plis,
1247 1467 1324 1526 quoe
1337 1449 1442 1509 andern
1456 1456 1566 1507 sanctu
1577 1448 1713 1508 Ecclesia
1722 1448 1767 1507 oei
1777 1467 1857 1507 aune
1869 1449 1975 1524 adipi·

334 1542 517 1616 terius,quod
534 1557 596 1598 esse
611 1541 645 1598 ad
658 1541 836 1598 imitationem
848 1541 974 1611 alterius,
986 1556 1035 1596 seu
1048 1540 1133 1611 respi-
1167 1545 1278 1603 scitur,
1304 1539 1349 1597 ael
1369 1544 1475 1614 postea
1497 1540 1667 1597 armabitur.
1687 1541 1758 1607 Quin
1782 1539 1876 1611 potius
1900 1538 1971 1596 lraec

333 1649 398 1691 cere
412 1631 479 1689 illud
494 1639 632 1704 tamquam
647 1629 798 1702 exemplar,
809 1630 842 1686 ad
856 1633 937 1687 cuiue
952 1630 1131 1685 imitationem
1168 1629 1251 1686 rerba
1265 1630 1431 1687 confirmant
1444 1628 1545 1685 dictam
1561 1626 1776 1700 resolutionem
1793 1643 1872 1698 nam,
1888 1636 1921 1686 ut
1936 1630 1970 1685 il·

333 1722 379 1777 sit.
394 1720 474 1788 Quod
493 1734 526 1776 er
541 1719 626 1776 citata
640 1718 711 1791 lege,
724 1725 754 1775 ct
768 1734 800 1775 ex
815 1719 954 1775 communi
969 1717 1050 1774 modo
1064 1733 1131 1773 con·
1168 1719 1214 1776 lud
1228 1719 1399 1791 privilegium
1410 1718 1603 1776 extenderetur
1617 1716 1651 1773 ed
1666 1717 1770 1787 lutura,
1779 1717 1905 1788 oportuit
1920 1734 1972 1774 ex-

332 1807 450 1880 cipiendi
471 1809 596 1865 omnium
610 1809 676 1864 satis
691 1813 810 1865 constat.
826 1808 894 1874 Quia
907 1822 972 1862 uero
988 1808 1055 1862 laaec
1070 1807 1131 1863 imi·
1167 1809 1247 1880 primi
1267 1808 1292 1862 in
1312 1808 1387 1880 lege3
1407 1823 1469 1863 nom
1485 1809 1506 1863 si
1520 1807 1609 1863 solum
1623 1805 1746 1864 diceret:
1767 1805 1972 1864 concedimus

333 1899 401 1956 tatio
424 1897 589 1969 exemplaris
613 1897 752 1954 interdum
775 1903 819 1954 est
844 1897 968 1969 propria,
990 1895 1130 1952 interilum
1165 1894 1308 1970 iosmtuii
1323 1893 1484 1971 privilegiu
1501 1893 1654 1953 adinstar
1667 1895 1809 1953 ecclesiae
1825 1900 1969 1960 aratoris,

333 1986 534 2058 metaphorica,
554 1987 700 2059 aliquando
718 1985 884 2060 adaequata,
900 1985 1048 2059 aliquando
1063 1983 1128 2042 deti·
1166 1985 1256 2044 selum
1270 1983 1365 2042 luisset
1376 1983 1578 2058 intelligendum
1589 1986 1622 2041 de
1636 1984 1755 2042 ecclesia
1769 1985 1865 2041 maiori
1875 1985 1971 2058 quoad

332 2076 426 2141 ciens,
440 2073 651 2145 dicendumeet,
663 2090 711 2146 per
722 2074 790 2132 illud
801 2078 899 2132 inetur
909 2073 1054 2148 significari
1065 2088 1130 2146 pro·
1166 2073 1322 2147 privilegia,
1342 2089 1413 2146 quae
1430 2073 1562 2146 helmbat3
1583 2089 1648 2146 ergo
1663 2090 1696 2130 er
1711 2076 1737 2129 vi
1752 2074 1907 2145 particulae
1922 2071 1968 2130 ud

333 2165 420 2237 priam
439 2171 466 2222 et
480 2163 659 2238 adaequatam
674 2165 879 2233 limitationem,
894 2164 930 2220 ita
945 2169 976 2219 ut
988 2177 1129 2219 mensura·
1165 2167 1264 2220 instar
1277 2178 1330 2219 nnn
1343 2168 1435 2234 potest
1447 2163 1502 2218 lieri
1516 2160 1563 2219 illa
1574 2164 1711 2232 extensio,
1725 2165 1775 2220 nisi
1785 2164 1969 2234 exprimatur,

333 2260 392 2310 tum
408 2253 578 2325 adaequetur
592 2268 748 2326 mensures,
758 2262 787 2311 et
798 2267 849 2311 neo
864 2259 976 2324 superet
987 2251 1131 2322 illam,uco
1167 2251 1209 2308 vel
1224 2252 1320 2309 saltem
1334 2251 1502 2323 declaretur,
1517 2259 1634 2310 mentem
1648 2252 1827 2310 concedentis
1842 2268 1923 2325 esse,
1937 2259 1972 2309 ut

333 2341 367 2398 ab
382 2341 427 2399 iila
441 2341 558 2398 deliciet.
576 2341 727 2413 Probatur,
747 2342 813 2415 quia
826 2343 849 2397 si
864 2357 918 2398 non
931 2348 1005 2398 esset
1018 2340 1130 2412 propria
1166 2339 1246 2398 locus
1271 2340 1458 2414 privilegiatus
1481 2339 1524 2398 ed
1546 2344 1656 2408 lerator,
1681 2357 1789 2413 semper
1807 2349 1836 2398 ct
1850 2344 1876 2398 in
1893 2344 1970 2398 omni

332 2431 458 2502 imitatio,
473 2445 527 2488 non
541 2437 616 2488 esset
628 2431 762 2500 univoca,
778 2430 826 2487 sed
840 2429 965 2502 analoga,
981 2428 1022 2486 vel
1037 2427 1132 2502 aequi·
1166 2437 1289 2508 tempora
1304 2430 1397 2487 tuturo
1413 2432 1449 2487 sit
1462 2428 1583 2503 aequalis
1598 2431 1623 2487 in
1634 2431 1781 2504 privilegiis
1792 2431 1872 2489 altcri
1891 2433 1966 2501 locor

333 2535 401 2576 voca
414 2519 574 2590 concessio,
589 2524 619 2577 et
632 2521 654 2574 si
672 2535 726 2577 non
740 2525 813 2578 esset
826 2518 987 2591 adaequate,
998 2524 1073 2574 esset
1087 2518 1126 2575 in·
1167 2511 1235 2577 tuno
1246 2522 1329 2587 eninr,
1341 2521 1395 2577 isto
1410 2527 1503 2592 aucto,
1514 2520 1659 2594 augebitur
1669 2521 1749 2576 etiarn
1760 2521 1815 2593 ille,
1828 2528 1860 2577 ut
1872 2537 1970 2578 serre-

332 2614 410 2666 oerte
423 2614 451 2664 ct
463 2608 604 2680 ambiguu3
623 2614 651 2664 et
669 2609 704 2664 ita
723 2615 844 2682 utroque
862 2607 943 2665 modo
961 2614 1036 2665 esset
1048 2606 1130 2664 inuti·
1166 2615 1212 2666 tur
1225 2609 1385 2682 aequalitas.
1398 2609 1434 2666 lit
1447 2609 1499 2666 lroc
1514 2608 1610 2666 docuit
1623 2609 1706 2666 etiarn
1716 2609 1815 2667 Baldus
1830 2626 1926 2682 snpra,
1938 2615 1969 2668 et

251 2720 255 2728 ·
302 2743 307 2755 .
333 2698 382 2770 lis,
396 2697 439 2754 rel
457 2697 581 2770 ambigua
596 2698 750 2756 concessio.
766 2698 939 2772 Privilegium
953 2711 1019 2770 ergo
1033 2695 1075 2756 ud
1087 2699 1132 2754 iu·
1166 2699 1318 2755 Panormit.
1334 2699 1358 2754 in
1374 2713 1436 2771 cap.
1453 2698 1503 2756 ult.
1521 2713 1555 2754 no
1573 2699 1667 2754 cleric.
1684 2697 1726 2755 vel
1742 2699 1871 2756 monach.
1889 2715 1918 2754 n.
1938 2705 1967 2770 t,

332 2793 397 2844 stur
406 2786 534 2845 concedit
544 2802 652 2844 omnem
669 2786 802 2859 ieronem,
814 2793 842 2844 et
854 2788 968 2860 gratiam
984 2787 1131 2844 formaliter
1166 2793 1195 2843 et
1207 2786 1329 2844 ldaudos.
1346 2803 1374 2861 q.
1392 2791 1423 2858 tl,
1439 2786 1550 2856 dicens,
1570 2803 1632 2845 esre
1646 2802 1821 2844 communem
1840 2787 1964 2845 omniurn

334 2882 492 2934 contentam
506 2876 532 2931 in
547 2892 598 2932 suo
612 2876 759 2948 exemplari
772 2883 800 2933 et
813 2877 840 2932 in
854 2875 951 2933 codem
968 2891 1062 2947 sensu,
1074 2891 1130 2949 quo
1166 2876 1329 2949 opinionem.

333 2966 359 3024 in
374 2961 522 3038 exemplari
533 2967 706 3038 'continetur,
723 2973 751 3022 et
767 2980 832 3022 cum
850 2963 945 3022 eadem
958 2967 1125 3038 extensione,
1204 2967 1239 3023 Et
1252 2966 1315 3023 inde
1328 2981 1344 3022 ι
1360 2965 1465 3024 fortiori
1480 2966 1617 3026 deciditur
1631 2967 1716 3026 altere
1729 2983 1808 3041 pars3
1825 2983 1888 3025 nam
1902 2967 1970 3025 licet

334 3053 379 3110 vel
394 3054 577 3124 restrictione,
592 3062 620 3112 et
638 3069 692 3110 non
711 3054 821 3126 maiori,
838 3069 927 3128 neque
941 3055 1051 3126 minori,
1067 3056 1132 3129 quie
1166 3055 1350 3128 exemplatum
1364 3060 1583 3130 augeaturnovis
1594 3059 1815 3132 privilegiis,non
1827 3058 1887 3115 ideo
1898 3074 1970 3133 gau·

332 3141 386 3199 hoc
404 3149 491 3200 totum
506 3149 614 3214 spectet
629 3142 662 3200 ad
678 3145 817 3218 proprium
831 3151 859 3200 ct
873 3142 1051 3216 adaequatam
1073 3144 1131 3199 ini·
1166 3144 1242 3201 debit
1256 3144 1307 3201 illis
1322 3145 1472 3218 exemplar,
1484 3133 1797 3219 quio'suntsimpliotter
1807 3147 1928 3218 diversa,
1938 3155 1971 3205 et

335 3231 463 3288 tationem
478 3273 485 3302 ,
511 3238 608 3305 estque
628 3231 834 3303 neceesarium,
859 3239 890 3288 ut
908 3231 1078 3304 privilegium
1094 3232 1130 3288 sit
1166 3235 1193 3290 in
1208 3233 1352 3308 privilegiis
1367 3250 1420 3292 uon
1435 3234 1517 3292 habat
1531 3236 1625 3294 locum
1639 3237 1762 3293 extensio
1777 3252 1826 3308 per
1837 3238 1969 3310 aeq'uipa-

334 3321 402 3376 utile
420 3327 579 3378 etcertum.
595 3321 629 3378 Et
647 3318 700 3378 hoc
715 3320 797 3377 sentit
810 3320 885 3377 clare
898 3321 997 3377 Nares.
1013 3322 1039 3376 in
1054 3335 1127 3376 com.
1166 3326 1311 3398 rationem,
1328 3324 1370 3381 vel
1387 3324 1589 3382 similitudinem
1604 3326 1729 3382 rationis.
1744 3327 1811 3383 item
1824 3325 1971 3400 exemplar

333 3405 366 3464 de
382 3408 508 3481 lulrilacn,
521 3416 578 3466 not.
591 3413 639 3479 to,
654 3425 730 3466 num.
740 3414 769 3481 2,
779 3425 844 3466 cum
856 3408 931 3466 Bald.
944 3411 970 3465 in
982 3408 1000 3465 l.
1014 3411 1126 3472 omnia,
1166 3429 1220 3470 non
1235 3413 1318 3470 habet
1331 3413 1518 3472 hebitudinem
1534 3413 1566 3470 ad
1581 3414 1779 3487 exemplatum,
1791 3415 1858 3473 licet
1867 3416 1922 3472 troc
1932 3416 1966 3473 ad

333 3498 364 3553 C.
382 3497 416 3555 de
436 3500 521 3570 episc.
538 3505 566 3555 et
579 3499 647 3556 cler.
665 3498 738 3556 ldem
754 3499 915 3570 conlirmnt,
937 3509 964 3555 et
978 3498 1128 3570 locupletat
1165 3501 1231 3560 illud
1251 3502 1402 3572 reseretur,
1419 3503 1483 3575 quia
1500 3511 1543 3558 cst
1556 3503 1599 3558 illa
1614 3503 1709 3560 relatio
1724 3520 1777 3560 non
1792 3504 1900 3575 mutua3
1918 3520 1970 3562 nec

334 3587 416 3642 variis
435 3587 567 3659 exemplis
580 3586 708 3644 llendoea
725 3603 809 3660 snpra
823 3603 851 3660 q.
874 3591 903 3658 l,
917 3594 945 3644 et
961 3589 986 3642 in
1002 3587 1127 3662 sequenti
1166 3591 1249 3647 etiam
1267 3591 1452 3663 exemplatum
1467 3597 1510 3648 est
1523 3607 1608 3648 causa
1625 3593 1666 3649 sui
1681 3592 1863 3664 exemplaris,
1878 3599 1907 3650 et
1921 3609 1971 3649 no·

333 3675 422 3746 capite
432 3675 550 3746 amplius
570 3675 769 3750 explicabitur,
789 3682 816 3734 et
830 3675 955 3733 solvetur
969 3675 1127 3748 difficultas,
1165 3694 1229 3736 vum
1246 3679 1428 3753 privilegium,
1441 3680 1517 3752 quod
1530 3681 1555 3737 ei
1571 3679 1690 3747 additur,
1702 3679 1778 3737 nullo
1789 3679 1873 3737 modo
1883 3680 1975 3738 datur

332 3777 404 3834 quae
418 3762 462 3819 laio
477 3778 625 3821 occurrere
639 3771 756 3836 poterat.
1165 3783 1213 3839 per
1234 3774 1390 3840 respectum
1410 3767 1443 3824 ed
1464 3768 1617 3842 exemplam
1633 3785 1701 3842 ergo
1715 3785 1769 3827 non
1783 3777 1827 3826 ast
1838 3785 1894 3826 cur
1906 3769 1971 3828 red-

372 3855 400 3909 i.
411 3853 500 3908 Primo
514 3851 585 3908 enim
600 3853 633 3910 de
647 3853 699 3910 hoc
716 3854 854 3927 privilegio
867 3855 1022 3926 quaeritur,
1033 3869 1065 3910 aa
1080 3870 1130 3912 au·
1165 3856 1251 3914 undet
1269 3857 1295 3913 in
1310 3859 1402 3930 ipsum
1418 3858 1566 3930 exemplar.
1582 3858 1704 3927 Quinimo
1726 3859 1790 3917 licet
1811 3861 1838 3916 in
1859 3861 1971 3931 privile-

333 3947 381 3998 cto
396 3939 541 4012 exemplari
554 3955 602 4012 per
613 3957 698 3998 novae
708 3945 902 4000 concessiones
916 3941 959 3999 ud
971 3946 1070 4000 instor-
1080 3959 1130 4000 au·
1164 3948 1214 4018 gio
1226 3945 1269 4003 cri
1287 3949 1386 4004 ursini·
1399 3949 1542 4020 contingat
1555 3946 1702 4021 aliquando
1716 3949 1828 4007 extendi
1843 3949 1878 4006 ad
1894 3949 1971 4008 iutu-

331 4036 443 4102 gentur,
457 4036 487 4087 et
498 4044 513 4086 e
526 4045 672 4087 converso.
687 4033 722 4089 Ut
736 4048 762 4087 v.
780 4047 808 4104 g.
826 4033 849 4088 si
862 4031 1045 4104 complutensi
1058 4034 1127 4089 Aca·
1165 4053 1207 4107 ra,
1228 4037 1292 4108 quia
1313 4037 1338 4092 in
1358 4053 1392 4093 eo
1410 4039 1589 4108 exprimitur,
1606 4037 1648 4093 vel
1662 4037 1696 4096 de
1710 4037 1846 4095 serrendo
1861 4053 1971 4111 semper

332 4118 439 4176 demine
458 4133 592 4176 concesse
606 4119 659 4175 sint
672 4118 811 4192 privilegia
825 4118 867 4178 ad
880 4123 979 4178 inetur
992 4121 1131 4178 salmanti·
1164 4126 1327 4198 aequalitate
1348 4125 1516 4184 sufficienter
1530 4126 1706 4199 disponetur,
1730 4127 1782 4183 lroc
1797 4143 1857 4190 ‚non
1877 4136 1971 4200 potest

332 4210 426 4266 censis
440 4207 612 4273 Academiae,
628 4222 663 4264 en
678 4207 751 4265 iacta
764 4225 836 4266 nora
850 4211 1007 4268 accessione
1022 4210 1130 4284 privile·
1166 4215 1311 4270 usuvenire
1330 4221 1460 4286 respectu
1479 4215 1655 4288 exemplaris,
1671 4217 1721 4272 nisi
1736 4231 1807 4272 nove
1821 4217 1970 4274 concessio

331 4299 441 4371 porum
459 4297 632 4354 Univeraitati
647 4296 861 4371 salmanticensi,
875 4300 1041 4374 intelligutur
1056 4299 1129 4356 iacta
1166 4300 1202 4359 illi
1225 4303 1286 4373 dot,
1310 4318 1359 4361 seu
1380 4302 1553 4376 declaretur,
1570 4310 1601 4362 ut
1616 4304 1659 4361 illa
1673 4304 1796 4379 aequalis
1810 4323 1922 4378 semper
1936 4307 1971 4364 sit

331 4387 535 4460 complutensi,
561 4387 603 4458 vel
626 4403 641 4443 e
665 4391 816 4446 contrario.
837 4391 914 4446 lianc
939 4390 1128 4462 quaestionem
1163 4393 1319 4464 reciproca.
1336 4395 1402 4450 llam
1416 4408 1481 4450 oum
1497 4393 1670 4467 privilegium
1682 4395 1765 4467 priori
1779 4395 1970 4466 lococonces-

330 4474 422 4554 quoad
442 4478 563 4548 'priorem
584 4483 689 4549 partem
709 4479 835 4549 proponit
847 4477 922 4534 Bald.
938 4479 966 4536 ln
981 4477 1055 4534 dicta
1069 4478 1128 4552 lege
1166 4497 1228 4538 sum
1252 4484 1434 4539 antecesserit
1457 4484 1515 4540 sine
1535 4483 1591 4540 ullo
1610 4492 1740 4556 respectu
1758 4483 1791 4540 ad
1814 4487 1968 4556 posterius,

331 4567 449 4632 omniu,
472 4565 611 4638 refertque
625 4567 781 4639 opinionem
797 4566 942 4625 cuiusdam
956 4567 1063 4626 Guiliel.
1081 4583 1129 4625 ne·
1163 4585 1219 4627 non
1233 4576 1324 4642 potest
1335 4571 1434 4628 mutari
1446 4570 1560 4644 propter
1572 4573 1750 4630 mutationem
1760 4572 1968 4646 subsequentis.

331 4655 434 4728 gantis,
451 4655 622 4728 privilegium
637 4653 680 4713 od
689 4659 788 4714 inetur
799 4657 892 4729 augeri
905 4656 939 4713 ad
950 4664 1128 4730 augmentum
1204 4663 1234 4717 3.
1250 4658 1379 4717 Secundo
1393 4661 1489 4734 quaeri
1503 4666 1610 4735 potest,
1626 4665 1662 4718 an'
1675 4661 1827 4735 abrogato,
1842 4663 1885 4720 vel
1899 4679 1971 4736 quo·

330 4742 513 4816 exemplaris3
541 4759 624 4816 quam
649 4760 742 4802 veram
766 4759 827 4800 esse
846 4746 989 4816 existimo,
1005 4746 1129 4817 praeciso
1165 4747 1313 4806 modolibet
1334 4751 1451 4820 amisso,
1466 4757 1515 4807 eut
1528 4750 1673 4808 destructo
1687 4750 1854 4824 exemplari,
1871 4752 1972 4809 intelli-

331 4833 427 4890 standn
442 4833 469 4888 in
485 4832 510 4889 vi
523 4833 655 4906 privilegii
671 4831 713 4891 nd
726 4836 835 4900 instar,
845 4835 910 4908 quia
924 4843 1061 4907 quolenus
1077 4834 1129 4893 tale
1164 4844 1249 4910 gutur
1263 4845 1438 4911 revocatum,
1453 4839 1597 4910 amissum,
1613 4839 1653 4896 vel
1668 4839 1844 4897 destructum
1860 4839 1972 4912 privila-

331 4929 389 4993 eet,
410 4920 479 4980 dicit
498 4928 656 4993 respectum
671 4921 801 4979 imitantis
816 4921 906 4992 aliud,
922 4921 1023 4979 dicitur
1037 4930 1129 4980 autem
1163 4927 1240 4999 glum
1258 4925 1301 4985 cd
1318 4929 1427 4985 testor.
1448 4927 1630 5000 Respondeo,
1652 4945 1706 4985 non
1726 4931 1833 4986 censeri
1855 4943 1973 4986 revoca·

330 5009 432 5084 aliquid
450 5011 505 5068 dori
524 5010 559 5068 ad
575 5011 757 5068 imitationem
774 5011 852 5084 eius,
870 5011 944 5084 quod
959 5011 1011 5068 iam
1026 5012 1128 5088 existit,
1166 5023 1235 5072 turn.
1256 5016 1297 5074 lta
1316 5016 1399 5074 docet
1412 5017 1489 5074 liuld.
1505 5032 1590 5090 supra
1604 5034 1669 5075 curn
1684 5017 1781 5076 eodem
1795 5017 1904 5075 Guiliei.
1922 5021 1973 5076 Pa·

332 5114 382 5164 seu
395 5101 471 5172 prius
486 5100 662 5159 factumest:
683 5116 736 5156 non
751 5101 829 5171 eins,
844 5099 920 5173 quod
935 5100 1059 5158 loturum
1073 5109 1127 5160 eet.
1163 5107 1276 5162 normit.
1293 5121 1321 5162 u.
1335 5109 1362 5178 6,
1378 5112 1406 5164 et
1418 5105 1542 5163 ldandos.
1559 5123 1587 5179 q.
1604 5110 1632 5178 6,
1648 5113 1676 5164 ct
1688 5108 1788 5164 Novar.
1801 5122 1887 5179 supra
1898 5123 1927 5163 n.
1942 5111 1969 5164 t.

330 5187 367 5244 Et
380 5191 520 5248 moraliter
533 5189 685 5264 loquendo,
698 5191 746 5263 qui
761 5190 888 5248 concedit
902 5189 1073 5263 privilegium
1086 5189 1129 5249 cd
1164 5195 1199 5252 lit
1211 5195 1279 5253 ratio
1292 5203 1336 5254 est
1348 5195 1433 5270 clara,
1450 5195 1514 5267 quin
1527 5195 1699 5269 privilegium
1715 5193 1757 5253 ud
1773 5199 1883 5261 instar,
1900 5196 1928 5252 in
1940 5211 1970 5252 re
