4190 6234
818 379 923 434 maur
937 382 1014 434 1111.
1648 365 1690 430 bb

138 511 211 572 biis
225 509 267 570 bis
281 525 350 586 ergo
363 510 445 570 iaciis
458 507 825 586 intelligitur,quaestionem
836 524 899 583 pro·
972 513 999 568 ι.
1008 507 1160 567 Dicendum
1174 507 1349 566 nibilominus
1362 515 1416 579 est,
1429 505 1502 583 leges
1516 505 1683 566 tributorum
1695 525 1728 566 ea

9 616 11 657 ι
104 607 214 683 pusiam
228 620 284 660 non
296 603 401 660 babere
414 602 510 660 locum
522 604 550 660 in
565 601 673 660 tributis
687 599 818 672 realibus,
835 615 898 656 nam
933 614 1033 675 genma
1053 616 1120 674 suo,
1142 616 1192 658 seu
1212 615 1246 658 ex
1259 601 1286 657 ri
1299 602 1439 673 materiae,
1455 616 1506 658 nec
1522 616 1571 674 per
1585 615 1614 658 se
1628 600 1729 658 babere

105 704 136 756 ut
147 698 212 755 bene
224 695 294 753 dixit
305 693 424 752 Navarr.
437 707 533 767 supra,
546 698 611 751 sunt
621 691 736 750 maxime
749 689 896 760 naturalia,
933 697 966 749 ut
980 691 1106 764 poenales
1119 681 1184 762 sint,
1196 706 1284 764 aeque
1296 693 1378 748 etiarn
1391 706 1453 749 esse
1466 707 1541 748 mere
1555 691 1683 765 poenales
1697 706 1731 749 er

107 797 133 848 et
148 786 331 862 praescierunt
343 783 497 855 iustitiam,
519 783 583 857 quia
600 783 747 858 exiguntur
759 781 794 839 de
813 779 898 838 rebus
933 797 966 840 eo
981 781 1182 856 tantum,quod
1194 782 1221 838 in
1234 783 1273 839 eis
1287 797 1377 854 poena
1391 782 1606 854 adiicietur,nisi
1619 798 1654 840 ea
1667 797 1729 840 rer·

108 879 227 954 propriis,
241 887 269 934 et
282 875 309 932 ia
323 881 472 932 contractu
485 874 557 932 iusto
571 873 683 931 lundata
696 879 772 930 sunt.
787 871 823 928 Et
836 871 896 929 ideo
932 873 973 930 bis
994 880 1041 930 aut
1061 873 1277 931 circumstantiis
1290 873 1355 947 legis
1370 871 1445 931 aliud
1459 879 1577 931 constet.
1591 874 1668 930 lianc
1681 873 1731 930 do·

109 971 192 1043 leger,
205 981 253 1041 per
266 979 336 1041 quas
351 963 416 1022 talia
429 964 531 1023 tributa
543 963 610 1021 solri
623 962 842 1036 praecipiuntur,
857 967 898 1019 et·
932 963 1048 1022 elrinam
1062 965 1188 1021 existimo
1203 978 1264 1020 asse
1277 977 1462 1036 communem,
1474 978 1591 1038 eamque
1606 963 1660 1022 late
1674 969 1732 1021 tra·

109 1060 215 1120 busim
228 1057 280 1116 illis
294 1055 415 1114 addatur
429 1070 528 1129 poena,
543 1055 600 1125 sine
614 1053 698 1111 dubio
711 1067 782 1128 pura
795 1067 895 1125 poena·
932 1053 972 1112 dit
985 1056 1098 1112 covarr.
1116 1055 1142 1110 in
1158 1053 1252 1128 regula
1265 1059 1432 1130 peccatam,
1456 1060 1483 1114 2.
1499 1070 1563 1129 pag.
1581 1063 1593 1131 p
1609 1059 1635 1112 5.
1650 1055 1731 1112 Euna-

109 1152 146 1209 les
164 1149 212 1206 diei
230 1163 285 1206 non
304 1153 438 1220 possunt,
455 1143 503 1202 sed
516 1146 644 1217 morales,
664 1144 737 1200 sieut
750 1149 816 1200 sunt
830 1142 896 1200 aliae
933 1144 1052 1218 demque
1066 1151 1228 1218 supponunt
1242 1159 1352 1212 omnes,
1369 1146 1415 1218 qui
1431 1144 1537 1214 dicunt,
1552 1145 1627 1218 leges
1641 1144 1730 1202 tribu·

109 1241 139 1298 de
153 1237 286 1297 servandis
300 1237 537 1312 conuentibus,et
551 1234 695 1309 implendis
706 1235 897 1308 promissis,et
931 1242 1023 1293 torum
1046 1235 1167 1309 obligare
1187 1236 1212 1292 in
1227 1235 1411 1309 conscientia,
1426 1251 1497 1307 quos
1513 1234 1581 1291 inira
1594 1250 1656 1307 cap.
1671 1235 1728 1292 XV.

109 1333 135 1388 iu
148 1331 301 1386 uuiversum
311 1326 345 1383 de
358 1325 498 1384 reddendo
508 1324 691 1400 debito,quod
706 1325 853 1398 unicuique
863 1339 897 1380 ex
930 1326 1095 1384 referemus.
1118 1328 1221 1384 Sensus
1241 1331 1333 1384 autem
1354 1333 1410 1398 est,
1427 1325 1492 1382 nibil
1507 1325 1624 1398 speciale
1637 1326 1662 1381 in
1676 1326 1730 1382 boc

107 1419 203 1477 iustitia
220 1418 349 1476 debatur.
364 1417 443 1475 Unde
457 1417 539 1474 etiam
553 1423 660 1473 certum
673 1421 726 1487 est,
738 1415 806 1472 tales
821 1414 894 1490 leges
930 1417 1030 1474 babere
1049 1418 1121 1491 leges
1145 1417 1329 1488 tributorum,
1349 1433 1380 1473 uc
1397 1415 1509 1473 subinde
1525 1415 1598 1472 siem
1611 1415 1677 1472 alias
1692 1414 1731 1472 le·

106 1509 215 1582 obligare
235 1509 261 1565 in
281 1507 449 1564 couscientia
467 1505 502 1562 ad
516 1505 645 1563 solvenda
658 1505 722 1563 talin
737 1506 837 1563 tributa
855 1506 894 1562 in·
930 1523 988 1581 ges,
1007 1508 1043 1565 ita
1057 1514 1085 1566 et
1099 1510 1148 1564 bas
1162 1523 1243 1580 possa
1257 1507 1347 1565 tribus
1362 1507 1450 1564 modis
1465 1507 1539 1578 lerri,
1558 1506 1664 1564 scilicet
1681 1523 1731 1578 per

106 1609 174 1670 tegre
191 1607 220 1656 et
236 1605 350 1672 sponte,
364 1607 393 1655 et
406 1598 463 1654 sine
477 1597 532 1655 ulia
545 1597 721 1655 diminutione
735 1613 767 1654 ac
782 1597 893 1669 incude,
929 1613 1031 1672 purum
1046 1605 1229 1671 praeceptum
1243 1599 1299 1654 sine
1315 1597 1467 1655 adiectione
1481 1613 1592 1672 poenae,
1608 1605 1635 1656 et
1650 1613 1729 1671 prae·

104 1690 202 1748 etiamsi
221 1705 275 1746 non
298 1695 445 1762 petantur,
469 1689 534 1760 quia
551 1693 617 1745 sunt
635 1686 725 1746 debita
742 1702 776 1745 er
790 1688 895 1745 iustitia
929 1689 1054 1763 cipiendo
1076 1689 1156 1746 simul
1177 1697 1206 1746 et
1225 1675 1377 1746 adiiciendo
1397 1703 1512 1763 poenam
1531 1704 1585 1744 non
1600 1689 1730 1746 solventi·

103 1783 305 1853 committatira,
329 1795 399 1854 quae
421 1793 515 1836 secum
537 1779 615 1836 alieri
630 1778 700 1835 banc
714 1778 890 1837 intrinsecam
929 1780 991 1854 bus,
1007 1787 1035 1836 et
1048 1779 1212 1853 imponendo
1226 1779 1362 1838 tributum
1378 1781 1430 1837 sub
1444 1794 1525 1837 onere
1540 1786 1647 1837 tanturn
1662 1796 1727 1854 poe-

103 1873 305 1944 obligationem,
331 1871 383 1927 nisi
407 1885 441 1928 ex
464 1870 678 1942 consuetudine,
700 1869 742 1927 rol
756 1871 894 1943 scriptura
929 1887 979 1928 nae
995 1873 1053 1928 sine
1067 1873 1272 1944 interpositione
1283 1871 1518 1944 praceeptiltatio
1527 1871 1662 1946 generalis
1674 1878 1727 1946 est,

102 1969 219 2034 εεεειει,
236 1963 317 2020 aliana
331 1961 415 2018 irrisae
430 1959 612 2020 conditionem
627 1961 711 2034 pacti,
725 1975 775 2018 seu
789 1961 891 2035 oneris,
928 1962 992 2034 quia
1006 1965 1120 2019 materia
1131 1961 1229 2019 barum
1242 1963 1333 2038 legum
1344 1969 1387 2020 est
1397 1979 1484 2036 capax
1494 1965 1616 2020 omniurn
1627 1963 1729 2021 borum

101 2053 179 2110 rebus
192 2055 259 2126 ipsis
272 2052 409 2125 impositi:
424 2067 487 2108 nana
498 2058 566 2109 tunc
580 2052 641 2110 illae
653 2051 801 2109 servandae
813 2058 892 2124 sunt,
928 2051 1085 2119 modorum,
1101 2058 1130 2110 et
1142 2051 1218 2109 nulla
1233 2059 1277 2110 est
1289 2053 1369 2136 ratio,
1386 2052 1421 2109 ob
1435 2067 1517 2126 quana
1532 2053 1651 2126 aliquem
1665 2051 1727 2112 illo·

100 2155 127 2202 et
138 2146 173 2202 ita
185 2145 218 2202 ds
233 2145 275 2201 bis
291 2143 402 2201 tributis
417 2142 482 2198 nibil
497 2143 615 2216 amplius
628 2143 673 2200 bic
683 2141 818 2210 dicemus,
831 2158 892 2215 per·
927 2157 991 2200 rum
1010 2141 1201 2200 excludamus.
1218 2141 1296 2212 Quod
1315 2143 1355 2199 ita
1373 2141 1492 2202 breviter
1512 2141 1681 2214 declaratur,
1696 2150 1726 2201 et

101 2237 181 2292 tinent
193 2237 266 2292 euim
281 2235 316 2292 ad
330 2234 470 2292 materiam
481 2233 514 2291 de
526 2233 625 2306 iendis,
634 2241 662 2291 ει
672 2233 732 2292 aliis
743 2232 891 2308 regalibus,
928 2234 1075 2307 probatur,
1093 2235 1160 2308 quia
1179 2236 1206 2290 in
1226 2234 1286 2308 lege
1299 2234 1395 2292 tributi
1409 2233 1479 2291 duae
1493 2240 1584 2306 partes
1597 2232 1727 2308 distingui

102 2335 130 2384 ut
142 2333 250 2383 nocant.
375 2319 380 2330 '
927 2330 1053 2397 possunt,
1068 2331 1096 2381 et
1108 2323 1215 2382 dabam.
1232 2325 1291 2383 Una
1304 2330 1346 2382 est
1363 2325 1499 2398 imperans
1520 2340 1570 2382 seu
1584 2327 1727 2397 imponens

133 2419 210 2475 Circa
223 2419 275 2474 alia
289 2433 356 2474 vero
369 2417 472 2476 tributa
481 2417 551 2475 ratio
561 2415 704 2474 dubitandi
714 2431 776 2474 esse
787 2422 890 2489 potest,
927 2415 1070 2488 tributum,
1082 2415 1135 2472 alia
1149 2423 1192 2474 est
1204 2415 1345 2490 imponens
1359 2431 1476 2488 poenam
1490 2432 1545 2474 non
1559 2416 1729 2494 salientibus

100 2509 158 2582 quia
178 2508 246 2566 baec
268 2508 372 2566 tributa
391 2510 455 2582 poni
471 2508 607 2566 ordinarie
627 2508 716 2566 solent
737 2509 795 2565 sius
807 2507 892 2565 aerbo
928 2507 1072 2565 tributum:
1090 2506 1156 2562 haec
1171 2513 1263 2564 ειιιειε
1278 2522 1343 2579 pars
1353 2521 1408 2563 non
1418 2512 1462 2564 est
1475 2521 1523 2579 per
1539 2522 1568 2562 se
1582 2522 1615 2563 ae
1629 2522 1726 2564 ueces-

101 2598 300 2672 praecipiendi,
328 2615 379 2657 seu
400 2598 536 2658 statuendi
556 2598 609 2655 sub
628 2597 719 2672 aliqua
737 2598 893 2656 conditione
928 2599 1167 2656 sarioconiuneta
1181 2614 1246 2656 eum
1260 2598 1362 2670 prima,
1383 2596 1431 2654 sed
1452 2597 1551 2670 pendet
1565 2613 1599 2655 ex
1612 2597 1725 2655 arbitrio

101 2690 219 2763 poenali3
240 2707 307 2765 ergo
328 2691 424 2764 leges,
446 2691 547 2765 quibus
567 2689 794 2764 praecipiuntur,
818 2705 892 2747 mere
926 2690 1111 2763 principis,ut
1123 2705 1174 2762 per
1187 2705 1216 2746 sa
1230 2695 1326 2746 notum
1337 2688 1609 2762 eisetunaumquia
1623 2704 1724 2746 secan·

102 2781 220 2852 mentales
240 2789 316 2838 sunt.
333 2781 471 2839 Probatur
489 2782 696 2854 consequentia,
712 2781 778 2852 quia
791 2794 839 2851 per
852 2785 892 2836 ta·
926 2780 961 2838 da
976 2795 1039 2854 pars
1053 2786 1097 2837 est
1110 2780 1266 2853 posterior,
1286 2785 1314 2836 et
1327 2794 1357 2836 rc
1372 2780 1482 2836 omnino
1497 2777 1626 2836 distincta
1641 2795 1657 2836 a
1673 2781 1726 2852 pri·

103 2871 149 2928 iem
168 2871 352 2929 conditionem
374 2872 525 2944 indicatur,
547 2871 681 2928 tributum
695 2885 748 2926 non
763 2870 826 2943 poni
840 2870 892 2926 sub
926 2887 985 2943 ma,
1006 2878 1034 2927 et
1057 2871 1131 2942 prior
1152 2885 1205 2926 non
1228 2869 1325 2942 pendet
1345 2867 1526 2928 essentialiter
1542 2871 1723 2944 aposteriori3

103 2970 173 3020 reatu
187 2963 386 3036 eonscientiae,
403 2961 452 3018 sed
466 2962 518 3019 sub
532 2969 610 3019 reatu
625 2961 711 3017 aelius
725 2976 845 3032 poenae3
860 2965 893 3016 ut
925 2976 992 3034 ergo
1017 2966 1108 3033 potest
1130 2961 1194 3031 poni
1215 2951 1345 3033 sine'illa.¹
1357 2960 1426 3017 Tum
1439 2960 1537 3031 etiarn,
1552 2961 1617 3033 quia
1630 2967 1725 3032 posset

105 3053 227 3128 saprade
241 3053 301 3128 lege
316 3069 385 3127 pure
400 3053 507 3126 poenali
518 3052 625 3110 dictum
636 3052 890 3122 est.Coniirrnatur,
926 3051 969 3110 len
984 3050 1145 3108 comminari
1158 3057 1266 3108 tantum
1278 3067 1392 3123 poenam
1406 3051 1431 3106 in
1442 3067 1542 3125 genere
1553 3067 1606 3108 non
1618 3051 1724 3109 solven-

103 3161 131 3202 ιε
150 3145 320 3217 ιΙεεΙειιιιιι,
342 3147 407 3219 quia
424 3143 627 3217 interpretando
644 3143 692 3200 bas
709 3144 783 3216 leges
797 3143 823 3198 in
839 3141 891 3198 boc
926 3141 998 3199 tibus
1015 3142 1159 3210 tributum,
1171 3140 1486 3216 nimirum,quoddigne
1501 3143 1723 3214 puniantur,nisi

103 3253 177 3293 sensu
191 3242 318 3293 servatur
329 3235 452 3309 aequitas
468 3235 676 3308 iustitiae,quae
688 3233 721 3291 ad
733 3232 815 3290 talem
826 3231 892 3289 obli·
926 3231 1110 3303 solvant,non
1125 3230 1242 3288 tuendo
1257 3246 1383 3305 poenam,
1393 3231 1442 3288 sed
1455 3231 1638 3306 relinquendo
1653 3233 1724 3290 arbi·

101 3324 614 3398 gationenanecessnriaest:bocenim
626 3322 892 3381 medenondelrnu·
926 3325 978 3381 trio
993 3322 1101 3395 iudicis,
1122 3323 1196 3379 sicut
1211 3322 1236 3378 in
1252 3322 1309 3379 aliis
1323 3322 1405 3379 rebus
1420 3339 1474 3378 non
1488 3322 1578 3379 minus
1591 3324 1723 3397 gravibus
1800 3357 1803 3362 ,

101 3415 175 3475 datur
187 3433 234 3474 rex
248 3418 377 3489 pensione
391 3415 441 3472 sibi
457 3415 556 3488 debita,
567 3417 631 3488 quia
648 3429 697 3487 per
713 3413 891 3471 adiectionem
926 3431 1007 3486 saepe
1023 3414 1063 3486 lita
1079 3428 1145 3486 ergo
1160 3414 1242 3471 etiam
1255 3418 1345 3486 potest
1361 3414 1463 3471 nuliam
1477 3418 1585 3472 omnino
1606 3418 1722 3474 mentio·

100 3524 194 3582 poenae
215 3513 412 3580 compensatur
434 3507 600 3564 sufficienter
616 3505 749 3579 quidquid
762 3505 795 3563 de
810 3505 888 3562 bonis
928 3520 990 3562 nem
1005 3519 1107 3578 poenae
1123 3505 1229 3576 lacere,
1250 3504 1297 3561 sed
1312 3503 1472 3577 simpliciter
1485 3507 1620 3578 imperare
1635 3506 1721 3563 tribu·

98 3602 152 3656 eius
171 3615 218 3672 per
237 3599 446 3672 denegationem
462 3598 555 3654 tributi
569 3596 682 3652 diminui
696 3602 802 3667 potest,
818 3609 884 3668 ergo
927 3604 1003 3669 tum,
1024 3611 1087 3653 nam
1107 3596 1142 3652 ibi
1161 3596 1292 3668 implicite
1311 3595 1472 3668 includitur,
1488 3602 1720 3669 transgressorem

98 3707 178 3762 poena
199 3689 321 3761 imposita
342 3693 387 3744 est
404 3687 438 3744 ad
453 3687 675 3757 resarciendum,
689 3685 731 3741 rei
745 3686 838 3757 potius
851 3687 892 3741 ri·
926 3687 982 3742 fieri
1003 3702 1082 3744 reum
1103 3701 1224 3760 poenae,
1246 3692 1275 3742 et
1295 3701 1376 3758 posse
1392 3686 1483 3758 puniri
1496 3687 1592 3744 saltem
1606 3689 1720 3746 arbitrio

98 3781 205 3838 modurn
219 3787 420 3838 nocumentum
434 3780 516 3851 regis,
526 3793 581 3850 quo
596 3782 733 3847 cessante,
747 3782 838 3832 cessat
851 3782 891 3832 ct·
925 3777 1040 3848 iudicis,
1056 3783 1100 3833 est
1114 3792 1179 3850 argo
1193 3776 1329 3849 possibilis
1341 3775 1385 3833 ilie
1399 3777 1472 3849 prior
1486 3777 1597 3852 modus,
1613 3779 1647 3836 de
1661 3781 1720 3837 aliis

96 3873 146 3928 iarn
166 3871 294 3944 obligatio
315 3873 341 3926 in
363 3870 532 3926 conscientia
548 3866 669 3924 solvendi
683 3867 832 3940 tributum,
847 3865 889 3924 rel
926 3883 991 3924 vero
1004 3884 1050 3925 res
1063 3874 1105 3924 est
1118 3866 1267 3924 manifesta.

95 3976 124 4017 es
139 3963 199 4034 ipsa
213 3961 250 4016 rei
265 3964 375 4032 natura,
387 3960 451 4032 quia
466 3957 540 4015 nulia
554 3959 589 4015 sit
602 3958 788 4030 inaequalitas:
802 3956 844 4014 rel
858 3973 890 4015 er
964 3959 1032 4015 Hine
1046 3974 1113 4032 ergo
1126 3964 1219 4030 aperta
1233 3956 1408 4016 concluditur
1418 3960 1505 4033 prima
1516 3977 1580 4034 pars
1591 3965 1720 4020 assertio-

94 4055 237 4111 intentione
249 4049 890 4125 legislatorisrationabiliterpraesumpta.Quaa
924 4049 983 4123 nis·,
1010 4066 1071 4108 nam
1096 4051 1169 4122 leges
1190 4050 1356 4108 tributorum
1375 4067 1408 4108 ea
1427 4067 1525 4125 genere
1540 4069 1591 4110 suo
1605 4060 1633 4112 et
1646 4069 1679 4112 ex
1693 4055 1719 4113 vi

93 4145 278 4217 praesumptio
292 4143 488 4212 confirmatur,
510 4143 630 4198 namsia
648 4140 797 4212 explicatas
817 4137 889 4212 leges
924 4141 1054 4196 materiae
1070 4155 1135 4197 suae
1150 4147 1256 4197 tanturn
1271 4140 1378 4212 babent,
1395 4148 1427 4200 ut
1447 4142 1549 4200 tributa
1568 4128 1719 4220 impo'oant,

94 4235 257 4292 tributorum
275 4238 359 4290 erunt
379 4231 535 4288 moderatae
553 4238 583 4289 et
596 4229 763 4304 tolerabiles,
779 4245 849 4304 qaaae
863 4230 889 4287 in
924 4237 957 4288 ut
968 4230 1141 4289 deciaratum
1153 4238 1207 4304 est,
1222 4232 1270 4290 sed
1285 4238 1316 4290 ut
1331 4235 1370 4290 sic
1382 4249 1434 4291 non
1450 4241 1515 4290 sunt
1526 4237 1663 4308 poenales,
1675 4252 1719 4295 er-

95 4327 184 4382 maiari
198 4326 288 4398 rigore
302 4329 386 4380 erunt
404 4322 481 4378 nimis
495 4320 580 4378 durae
591 4328 620 4378 et
632 4320 746 4378 fortasse
760 4321 886 4378 iniustae.
923 4322 1111 4395 goProbatur
1123 4323 1295 4396 minor,quia
1308 4322 1372 4380 lieet
1382 4324 1516 4381 tributum
1527 4327 1562 4382 sit
1573 4301 1725 4399 aliquanda?

93 4417 127 4473 Et
145 4431 193 4488 pro
214 4415 266 4472 bac
284 4413 419 4470 sententia
433 4412 528 4468 reierri
547 4417 664 4484 possunt
676 4419 820 4480 auctores,
839 4413 888 4486 qui
923 4426 1084 4485 onerosum,
1097 4413 1141 4470 ael
1156 4413 1334 4485 laboriosum,
1344 4430 1399 4470 non
1415 4421 1505 4472 tannen
1519 4419 1648 4490 supponit
1661 4418 1722 4476 cul·

97 4507 307 4578 dicunt,tributa
317 4519 371 4560 uon
381 4503 472 4560 deberi
488 4503 513 4558 in
527 4502 883 4575 conscientia,priusquam
923 4521 1003 4576 pam,
1023 4519 1073 4560 nec
1096 4505 1339 4576 transgressionem
1354 4504 1492 4580 aliquam,
1507 4509 1588 4564 etiam
1601 4508 1717 4584 civilem,

98 4603 226 4668 muniar,
241 4611 315 4670 quos
329 4609 391 4666 cap.
407 4594 463 4650 llil.
481 4592 641 4650 reseremus.
659 4595 748 4666 Atque
762 4592 799 4648 ita
813 4599 888 4650 tenet
922 4601 1036 4668 propter
1058 4609 1140 4668 quanm
1160 4595 1368 4669 vindicandam,
1383 4596 1425 4654 rel
1439 4596 1620 4656 coercendam
1635 4601 1719 4674 impo-

101 4693 183 4758 aperte
196 4686 292 4759 angel.
311 4684 394 4741 verbo
408 4681 581 4758 pedagium,
596 4697 674 4754 num.
688 4687 715 4754 a,
730 4689 759 4739 et
771 4688 888 4757 possunt
921 4693 1020 4758 natur,
1035 4701 1102 4759 ergo
1115 4685 1218 4744 nullam
1233 4687 1316 4744 babet
1330 4688 1460 4746 rationem
1475 4705 1589 4762 poenae3
1605 4707 1669 4765 ergo
1683 4710 1717 4752 ex

102 4779 173 4834 citari
193 4793 304 4849 ornnes,
325 4775 372 4849 qui
393 4775 479 4848 legern
500 4773 640 4846 poenalem
660 4781 758 4848 negant
778 4777 805 4830 in
819 4791 886 4832 coa·
921 4776 974 4834 boc
999 4778 1088 4850 capite
1111 4793 1164 4834 non
1190 4777 1271 4834 babet
1293 4778 1353 4835 talis
1369 4779 1429 4852 lex,
1450 4780 1523 4853 quod
1538 4782 1659 4854 poenalis
1673 4787 1718 4843 sit.

102 4867 202 4924 acbatis
214 4867 348 4939 obligare,
364 4866 440 4921 sieut
453 4871 657 4938 consequenter
671 4865 758 4923 tenuit
770 4867 883 4923 Navarr.
920 4870 1120 4940 confirmatur,
1136 4871 1200 4944 quia
1214 4871 1317 4927 multae
1331 4870 1398 4927 aliae
1411 4870 1483 4944 leges
1497 4881 1613 4944 possunt
1626 4876 1713 4948 impo-

104 4956 206 5015 iaSum.
222 4973 249 5014 c.
265 4961 315 5028 23,
332 4971 410 5013 num.
428 4958 476 5026 60,
492 4953 606 5027 loquens
621 4955 775 5027 specialiter
790 4955 823 5012 de
837 4972 884 5014 ιε·
921 4976 985 5018 εειε
1004 4962 1131 5034 grauiora
1151 4975 1234 5018 auara
1246 5005 1254 5032 ,
1268 4961 1310 5018 vel
1324 4960 1458 5034 imperare
1472 4978 1517 5020 res
1532 4963 1713 5040 difficiliores,

106 5048 230 5121 ctigalibus
241 5055 270 5106 et
280 5045 422 5121 portoriis.
431 5044 556 5103 beclarat
569 5051 668 5120 ιεεεεε,
682 5052 826 5120 postquam
838 5047 885 5104 ali·
920 5067 991 5125 quae
1006 5068 1060 5108 non
1074 5058 1218 5124 propterea
1233 5057 1297 5108 sunt
1311 5051 1448 5124 poenales,
1461 5056 1531 5111 utin
1548 5054 1651 5130 legibus
1666 5061 1717 5116 mi-

107 5143 156 5210 otris
168 5139 265 5198 cecidit
278 5141 307 5197 in
321 5137 574 5209 commissum,non
590 5152 668 5209 possa
682 5151 726 5194 res
740 5137 884 5196 defendere
921 5141 1010 5216 litiae,
1025 5149 1052 5200 et
1066 5141 1201 5199 similibus
1215 5143 1388 5200 macilentum
1402 5151 1453 5201 est.
1469 5145 1590 5220 benique
1603 5153 1718 5209 materia

111 5231 129 5285 ri
139 5239 160 5287 et
172 5233 265 5305 armis,
282 5232 349 5306 quia
361 5232 436 5286 iuste
450 5226 606 5300 impeditur,
622 5234 651 5286 et
664 5229 788 5302 punitur,
805 5245 884 5303 posse
919 5232 1014 5290 talium
1040 5232 1132 5308 legum
1156 5240 1200 5290 est
1222 5235 1336 5290 materia
1358 5234 1475 5292 iustitiae
1495 5241 1716 5316 commutatione,

111 5327 178 5380 auen
190 5324 295 5399 lugere,
305 5320 350 5379 rel
364 5319 448 5378 modo
461 5318 512 5376 alio
527 5319 601 5378 licito
615 5320 740 5395 evadere,
749 5322 771 5377 si
781 5329 881 5395 potest.
918 5327 1095 5398 conbustque
1105 5323 1190 5381 veluti
1205 5325 1310 5381 iustum
1323 5324 1496 5400 stipendium,
1505 5343 1553 5385 seu
1565 5329 1717 5390 subsidium
