4278 6242
888 372 993 422 creor
1008 372 1068 420 rrr.
1586 335 1589 348 ’
1669 355 1731 418 167

134 495 168 552 tio
182 497 242 567 ipsa
263 501 342 552 esset
354 503 451 552 cotrtra
466 497 598 554 rationem
617 496 754 566 iustitiae,
770 495 810 554 rel
826 495 942 553 debitam
980 512 1055 566 rare,
1072 509 1154 568 quam
1170 495 1195 550 in
1211 494 1256 550 tali
1271 493 1461 551 observatione
1476 493 1543 568 legis
1564 495 1662 552 intueri
1677 502 1780 567 potest.

135 584 348 656 legislationem,
368 587 391 641 si
413 584 445 642 rd
461 585 541 642 talem
563 601 662 643 casum
675 583 879 658 extenderetur,
897 586 943 644 sed
979 588 1070 644 Prima
1084 600 1149 641 rero
1171 585 1369 656 consequentia
1383 583 1457 640 clara
1476 591 1528 654 est,
1544 591 1602 642 tum
1617 585 1680 658 qrria
1701 587 1783 643 verba

133 674 276 748 obligando
293 677 322 732 in
339 690 420 746 casu,
436 674 482 731 ubi
504 679 608 732 lantum
623 676 746 748 negativa
761 675 853 732 delicit
873 675 943 732 ratio
978 676 1115 749 generalia
1126 675 1191 746 legis
1208 673 1276 730 banc
1290 674 1456 731 voluntatem
1472 674 1639 744 indicant,et
1652 675 1726 732 nulla
1740 684 1783 734 ast

132 763 206 836 legis,
219 780 276 821 non
292 773 424 838 peccaret
436 765 489 834 lert,
502 767 567 839 quia
578 782 628 822 nec
642 765 744 822 malum
756 765 879 840 aliqubd,
892 783 943 823 nec
980 765 1121 823 sulliciens
1136 765 1205 820 ratio
1219 765 1402 836 exceptionis,
1420 773 1478 822 tum
1499 767 1578 822 etiam
1595 767 1658 838 quie
1673 766 1717 822 illa
1736 783 1784 825 ro·

133 852 270 926 quidpiam
288 854 471 913 inhumanum
494 857 680 929 praeciperet,
697 872 773 930 ergo.
792 859 876 914 llaior
897 873 943 928 pa·
979 856 1070 913 luntas
1084 862 1126 912 est
1141 853 1302 926 prudentior
1315 861 1343 911 et
1357 854 1550 928 rationabilium
1563 869 1629 928 ergo
1644 855 1689 912 illa
1703 872 1783 927 praa·

132 940 178 1012 tet,
198 944 266 1016 qrria
289 953 359 1002 tunc
381 946 457 1002 nulla
478 954 605 1018 superest
625 947 767 1004 sufficiens
788 949 869 1019 ratio,
891 964 943 1004 cur
979 946 1112 1004 sumenda
1124 950 1176 1001 est.
1186 945 1305 1016 lienique
1317 944 1438 1002 secunda
1449 946 1644 1019 consequentia
1660 953 1780 1022 constat,

132 1039 218 1090 cesset
232 1031 305 1106 logis
322 1034 470 1107 obligatio,
487 1050 550 1093 narn
565 1043 691 1092 cessante
706 1038 810 1092 ratione
824 1036 868 1092 illo
885 1053 944 1092 mo·
977 1036 1041 1108 quia
1062 1035 1190 1092 voluntas
1211 1035 1282 1090 iusta
1303 1034 1462 1107 legislatoris
1483 1043 1526 1092 est
1546 1038 1635 1093 anima
1654 1037 1731 1111 legis,
1753 1047 1783 1098 et

132 1120 175 1192 do,
196 1129 292 1192 potest
315 1139 428 1181 manere
449 1125 521 1181 insta
546 1124 673 1181 voluntas
694 1125 840 1198 obligandi.
858 1128 943 1184 llinor
977 1127 1042 1198 quia
1055 1124 1097 1182 lex
1113 1125 1214 1196 obligat
1227 1124 1261 1180 ad
1277 1126 1416 1180 materiam
1432 1131 1622 1199 praeceptam,
1638 1143 1691 1184 non
1706 1127 1737 1185 ad
1753 1129 1783 1184 ii·

133 1217 240 1283 autcrn,
263 1220 296 1270 et
318 1215 438 1285 primum
464 1213 630 1272 antecedens
650 1221 739 1287 patet,
762 1218 826 1288 quia
851 1223 943 1288 potest
977 1230 1039 1272 nem
1056 1214 1206 1286 praecepti,
1223 1219 1253 1268 ul
1268 1229 1350 1284 supra
1365 1212 1537 1270 dictumest.

135 1308 212 1356 actus
226 1319 292 1359 esse
310 1303 342 1359 de
359 1320 388 1360 se
404 1304 502 1366 bonus,
513 1304 618 1362 etiamsi
633 1306 701 1362 ratio
716 1303 783 1377 legis
796 1307 821 1360 in
836 1320 869 1362 eo
883 1321 960 1392 ces·
1016 1306 1051 1362 Et
1066 1305 1101 1360 ita
1115 1304 1279 1375 expenditur
1294 1304 1464 1360 contrarium
1480 1303 1702 1378 tundamentum,
1718 1309 1782 1380 quis

132 1396 185 1458 seta
201 1399 231 1447 ut
246 1392 381 1448 ieiunium
396 1395 450 1450 erit
468 1395 586 1470 bonum,
601 1397 707 1452 etiamsi
723 1411 776 1451 nun
793 1395 827 1453 sit
847 1411 943 1451 neces·
978 1395 1030 1450 iam
1045 1392 1217 1450 declaratum
1237 1397 1289 1462 est,
1310 1391 1448 1466 quomodo
1470 1393 1538 1449 haec
1560 1393 1688 1467 obligatio
1709 1395 1734 1451 in
1748 1412 1781 1453 eo

133 1481 231 1537 sarium
244 1481 331 1538 alicui
344 1482 376 1538 ad
389 1485 580 1546 macerandum
592 1484 764 1559 carnem,rel
777 1485 942 1541 satisfacien-
977 1500 1043 1540 casn
1059 1486 1195 1555 pertineat
1209 1482 1242 1539 ad
1263 1483 1366 1539 bonum
1381 1498 1545 1555 commune,
1562 1486 1625 1557 quia
1639 1485 1701 1542 lieet
1714 1493 1781 1543 lunc

131 1567 191 1624 dum
211 1586 263 1640 pro
282 1571 418 1642 peccatis,
433 1579 460 1628 et
474 1575 596 1630 carentia
612 1581 691 1631 ectus
706 1577 806 1646 poterit
819 1590 879 1631 esse
895 1575 942 1632 bo·
979 1573 1106 1630 subditus
1118 1589 1170 1628 non
1187 1567 1332 1644 participet
1343 1570 1414 1638 illam
1430 1573 1573 1629 utilitatem
1588 1574 1718 1631 intentam
1734 1591 1782 1647 per

134 1673 177 1728 na,
197 1660 311 1715 etiamsi
331 1661 391 1716 linis
413 1662 478 1735 logis
498 1663 666 1736 prohibentis
687 1665 763 1722 illum
785 1673 889 1736 cesset,
912 1674 942 1725 ut
976 1663 1075 1735 legem,
1095 1663 1242 1734 participat
1261 1659 1414 1734 generalem
1435 1662 1592 1737 utilitatem,
1615 1680 1685 1737 quac
1699 1666 1782 1722 estin

133 1747 268 1806 abstinere
290 1764 306 1805 a
321 1750 499 1810 clandestino
520 1752 735 1826 dispensatione,
750 1761 806 1812 etc.
823 1761 851 1812 et
871 1755 941 1812 idem
976 1752 1144 1810 observanda
1159 1751 1229 1825 lege,
1245 1758 1275 1808 et
1291 1754 1318 1808 in
1335 1751 1516 1810 uuilormitate
1531 1769 1596 1810 cum
1617 1771 1667 1811 suo
1682 1770 1782 1826 corpo·

133 1844 173 1893 est
186 1838 211 1893 in
226 1839 379 1896 similibus.
976 1859 1020 1912 re,
1036 1852 1064 1901 et
1077 1859 1111 1900 ex
1125 1842 1177 1900 boc
1192 1842 1281 1912 capite
1296 1841 1338 1898 lex
1353 1841 1397 1898 illa
1410 1848 1452 1898 est
1465 1844 1552 1914 iusta,
1568 1849 1597 1900 et
1610 1843 1739 1901 landatur
1754 1845 1780 1902 r'n

172 1931 199 1986 i.
215 1927 296 1986 Unde
313 1936 491 2002 argumentor
506 1933 629 1989 secundo
644 1932 812 2004 inductione,
825 1934 889 2006 qnia
902 1935 942 1991 in·
976 1933 1081 1992 ratione
1102 1931 1200 1989 altiori.
1217 1933 1253 1988 Et
1271 1931 1333 1988 binc
1354 1939 1430 2003 patet
1449 1927 1590 2004 responsio
1611 1933 1644 1990 ad
1665 1937 1781 2006 primam

135 2034 250 2075 numera
273 2027 428 2093 sequentur
448 2022 579 2096 absurda,
595 2026 618 2078 si
640 2029 713 2080 tanta
734 2023 840 2082 licentia
862 2026 942 2082 detur
975 2024 1108 2080 rationem
1134 2025 1161 2078 in
1181 2023 1313 2094 principio
1329 2021 1515 2094 praecedentis
1534 2025 1631 2097 capitis
1652 2027 1779 2100 positam3

133 2109 330 2166 conservandi
346 2109 420 2183 leges
434 2110 459 2167 in
475 2112 586 2169 casibus
600 2112 834 2185 particularibus,
851 2114 940 2171 solum
975 2112 1099 2186 procedit
1113 2112 1195 2183 enim,
1209 2111 1319 2184 quando
1333 2112 1404 2168 ratio
1420 2119 1525 2168 tanturn
1540 2113 1662 2185 negative
1677 2122 1778 2188 cessat,

133 2199 195 2270 quia
215 2200 243 2254 in
266 2201 308 2255 eis
323 2189 447 2272 negatir'e
468 2208 560 2258 cessat
575 2203 644 2258 ratio
665 2202 742 2276 legis.
759 2204 803 2260 Sic
824 2203 895 2259 enim
915 2205 941 2261 in
977 2219 1029 2259 nun
1044 2211 1133 2260 tamen
1149 2201 1260 2276 quando
1274 2209 1364 2259 cessat
1379 2203 1528 2259 contrarie.
1546 2202 1620 2260 Solet
1634 2211 1725 2263 autem
1740 2207 1781 2262 in·

134 2291 288 2362 praeceptis
305 2289 445 2347 Ecclesiae
460 2297 572 2362 possent
587 2292 637 2347 viri
657 2291 768 2363 perlecti
783 2293 911 2349 excusari
926 2310 941 2351 a
976 2295 1043 2349 stari
1059 2301 1157 2349 contra
1173 2291 1241 2348 banc
1262 2291 1456 2348 resolutionem
1471 2307 1506 2349 ex
1527 2302 1675 2366 praecepto
1689 2311 1781 2352 corre-

132 2377 240 2450 ieiunio,
258 2381 326 2451 quia
349 2395 402 2436 non
423 2381 546 2436 sentiunt
560 2380 631 2438 illius
651 2383 843 2438 necessitatem
858 2381 891 2439 ad
912 2384 941 2440 li-
976 2383 1073 2439 ctionis
1091 2383 1234 2440 iraternsc.
1248 2381 1300 2438 Sed
1318 2381 1350 2438 de
1365 2381 1417 2438 boc
1433 2388 1536 2453 puncto
1551 2382 1640 2440 dicam
1658 2400 1782 2442 commo-

132 2479 177 2520 nes
193 2467 227 2522 ab
242 2466 371 2525 Ecclesia
387 2470 516 2526 intentos.
534 2471 592 2528 lma
612 2470 755 2527 fornicatio
772 2479 863 2542 posset
877 2487 941 2529 cen·
974 2471 1036 2529 dius
1049 2472 1118 2529 inira
1131 2488 1193 2544 cap.
1209 2472 1278 2546 lllll,
1296 2471 1342 2529 ubi
1362 2471 1428 2528 baec
1444 2471 1560 2529 assertio
1576 2475 1663 2547 magis
1679 2475 1779 2532 contir-

133 2558 185 2611 seri
199 2572 253 2612 non
270 2558 407 2629 prohibita
424 2560 450 2615 in
467 2574 545 2632 casu,
557 2562 584 2614 in
599 2575 655 2633 quo
670 2559 809 2634 evidenter
820 2568 942 2619 cessaret
975 2562 1104 2619 mabitur.
1443 2631 1447 2634 ,

132 2645 197 2702 ratio
214 2646 278 2703 talis
302 2647 504 2720 prohibitionis,
521 2657 552 2706 ut
567 2651 589 2704 si
611 2650 717 2707 nullum
739 2652 847 2722 omnino
867 2639 945 2710 e'sset'
1015 2657 1041 2709 5.
1054 2654 1089 2711 Ut
1099 2659 1190 2710 cirtem
1204 2653 1289 2724 magis
1304 2651 1466 2725 explicetur,
1480 2659 1589 2740 oportet
1602 2645 1720 2726 emplius
1733 2656 1780 2712 de·

62 2757 65 2762 ·
133 2733 289 2803 periculum
309 2734 396 2791 malae
417 2734 586 2793 educationis
608 2737 704 2809 prolis,
725 2745 940 2812 propterquam
974 2741 1778 2818 clarore,quidsitneccssarium,utrntiovelfinislegis

134 2820 269 2879 vitandam
284 2823 453 2881 concubitus
465 2841 551 2898 vagus
565 2826 716 2898 prohibitus
730 2833 784 2883 est.
794 2829 829 2885 Et
842 2831 870 2883 in
883 2845 940 2885 ma·
974 2839 1062 2888 cesset
1082 2835 1231 2889 contrarie.
1248 2831 1282 2888 Et
1302 2832 1454 2905 specialiter
1469 2849 1501 2890 an
1523 2835 1558 2890 sit
1576 2835 1777 2907 necessarium,

133 2913 198 2967 teria
212 2912 384 2970 obedientiae
399 2923 515 2987 possunt
528 2915 606 2974 iacile
620 2917 714 2974 similia
728 2919 851 2991 exempla
870 2919 940 2976 mul·
975 2923 1041 2978 utin
1056 2923 1101 2979 tali
1112 2937 1179 2979 casn
1192 2937 1301 2978 serrare
1316 2921 1402 2995 legem
1416 2925 1452 2982 sit
1465 2923 1606 2980 malumst
1620 2931 1774 2995 peccatum.

136 3001 258 3072 tiplicari.
275 3004 355 3062 Unde
375 3011 418 3060 est
437 3007 537 3078 optima
558 3008 658 3065 ralioa
680 3010 774 3080 priori,
790 3011 855 3081 qula
875 3010 940 3068 licet
973 3011 1058 3068 Celet.
1073 3013 1143 3069 enirn
1160 3013 1235 3069 dicta
1247 3028 1275 3085 q.
1290 3016 1353 3083 tto,
1370 3019 1423 3070 art.
1441 3016 1465 3070 l.
1478 3028 1511 3070 er
1525 3013 1650 3085 prolesso
1666 3020 1780 3070 conten·

133 3092 197 3147 ratio
213 3091 283 3166 legis
294 3095 320 3150 io
336 3095 496 3166 particulari
507 3104 597 3154 cesset
611 3099 747 3170 negative,
760 3115 868 3170 semper
881 3116 939 3158 ma·
973 3100 1023 3172 dit,
1040 3109 1108 3159 tunc
1124 3101 1214 3159 solum
1229 3103 1328 3158 babere
1343 3101 1437 3159 locum
1451 3102 1593 3174 epiilriam,
1610 3103 1720 3176 quando
1735 3105 1777 3161 lex

136 3183 285 3256 natalique
302 3185 481 3243 universalior
495 3187 574 3252 ratio,
591 3187 626 3243 ob
640 3203 722 3261 quam
736 3187 844 3260 expedit
857 3192 938 3247 etiarn
973 3193 1010 3248 ita
1031 3193 1142 3265 delicit,
1166 3200 1195 3250 ul
1217 3207 1326 3249 serrare
1348 3192 1419 3249 illam
1440 3195 1474 3250 sit
1492 3195 1624 3267 iniquum.
1642 3196 1779 3267 Putatque

135 3277 198 3329 tunc
210 3276 317 3331 serrari
333 3275 432 3348 legam,
444 3282 503 3333 tum
516 3280 580 3350 quin
593 3284 666 3334 esset
678 3277 755 3334 valde
766 3280 937 3336 contrarium
972 3296 1032 3338 essa
1048 3284 1208 3340 sententiam
1225 3283 1253 3340 d.
1265 3283 1384 3340 Thomas
1398 3285 1425 3339 in
1442 3288 1469 3354 3,
1479 3283 1544 3340 dist.
1553 3287 1585 3343 at
1594 3326 1600 3356 ,
1609 3301 1637 3357 q.
1650 3289 1657 3342 l
1668 3327 1675 3355 ,
1685 3293 1737 3342 art.
1749 3288 1776 3354 l,

136 3359 201 3417 bono
217 3365 378 3436 communi,
393 3366 414 3420 si
430 3371 542 3436 propter
558 3365 631 3423 illam
646 3366 733 3423 solam
747 3383 859 3424 causam
872 3385 938 3441 pos·
973 3373 1019 3430 ubi
1034 3373 1126 3445 docet,
1142 3371 1266 3445 epiikiam
1282 3381 1348 3431 luno
1370 3374 1460 3430 solum
1476 3372 1574 3430 habere
1590 3373 1693 3446 locum,
1709 3391 1779 3433 cum

136 3458 191 3507 sent
211 3451 287 3526 leges
301 3469 356 3510 non
378 3456 493 3527 serrari,
509 3461 567 3512 tum
587 3457 679 3540 eliam,
696 3456 760 3530 quia
780 3443 829 3528 per
842 3473 872 3514 se
894 3466 937 3516 ert
972 3460 1154 3520 obserourrrlo
1168 3461 1259 3536 tepent
1273 3462 1458 3537 discreparet
1475 3467 1540 3537 quis
1557 3463 1595 3521 ab
1618 3466 1778 3525 intentiores

135 3537 244 3598 honesta
256 3545 326 3599 ratio
336 3543 460 3601 servandi
473 3544 560 3619 legem
568 3545 737 3602 uniformitas
745 3547 863 3618 partium
872 3564 936 3608 cum
972 3551 1157 3625 legislatoris,
1172 3552 1246 3625 quod
1263 3553 1352 3610 solum
1363 3552 1473 3611 videtur
1484 3554 1654 3628 contingere,
1666 3554 1777 3628 quando

135 3632 200 3702 toto,
216 3631 263 3688 ubi
276 3633 334 3690 siue
347 3634 520 3691 incommodo
535 3635 637 3692 serrari
651 3641 750 3706 potest.
972 3642 1125 3700 discederet
1140 3659 1156 3699 a
1174 3643 1348 3700 rectitudine.
1364 3643 1471 3702 Clarius
1487 3649 1577 3701 tamen
1592 3644 1665 3700 iavet
1678 3646 1705 3700 in
1719 3643 1778 3701 aliis
1799 3695 1803 3702 .

170 3723 258 3794 litque
272 3722 318 3778 bic
333 3731 512 3796 retorquetur
526 3727 596 3781 ratio
608 3727 762 3783 contrariae
777 3729 935 3786 sententiae.
971 3732 1039 3789 locis
1053 3731 1189 3806 allegatis,
1205 3732 1307 3790 indicat
1326 3736 1407 3806 enim,
1424 3741 1490 3792 tunc
1510 3733 1600 3791 solum
1621 3750 1732 3792 cessare
1750 3737 1778 3792 iu

134 3807 198 3874 eria
209 3809 279 3868 licet
289 3813 356 3869 ratio
368 3814 435 3886 legis
446 3821 536 3871 cesset
546 3817 572 3871 in
588 3814 763 3898 haspersona
774 3817 864 3890 quoad
877 3835 938 3891 par·
972 3823 1129 3894 particulari
1144 3823 1211 3896 legis
1227 3823 1426 3898 obligationem,
1436 3824 1544 3903 quando
1559 3825 1730 3883 observantia
1744 3826 1777 3883 il·

136 3899 279 3957 ticularem
295 3903 497 3978 necessitatem,
514 3904 554 3961 vel
577 3906 722 3964 utilitatem
738 3907 867 3964 intentam
888 3924 937 3980 per
972 3912 1022 3968 lius
1033 3914 1103 3971 mala
1114 3920 1197 3984 esset,
1210 3913 1264 3970 imo
1275 3913 1412 3972 interdum
1423 3914 1511 3972 solum
1523 3915 1623 3987 excipit
1634 3917 1775 3988 casum,in

135 3984 235 4063 legem,
256 4007 309 4047 non
325 3998 414 4048 tamen
430 4001 521 4050 cessat
535 3993 624 4066 quoad
639 3997 694 4052 vim
716 3994 852 4069 obligandi
866 3997 938 4056 illam
973 4017 1028 4075 quo
1039 4010 1112 4060 esset
1125 4007 1221 4061 nociva
1236 4005 1456 4076 reipublicaedd
1473 4004 1541 4062 idem
1555 4005 1659 4063 inducit
1674 4007 1778 4064 Caleta-

135 4092 179 4147 per
191 4078 362 4155 legem,quia
375 4082 437 4138 licet
446 4083 571 4141 illa-ratio
584 4092 689 4142 tantum
701 4092 732 4143 ut
741 4087 889 4158 plurimum
900 4088 939 4145 lo·
972 4107 1024 4146 nus
1035 4092 1208 4150 Aristotelem
1223 4093 1369 4166 dicentem,
1382 4093 1507 4168 epiikiam
1519 4111 1580 4153 asse
1594 4096 1774 4155 directionem

136 4180 196 4222 cum
212 4169 326 4243 babeat,
342 4179 384 4228 est
397 4172 556 4247 sufficiens,
572 4182 605 4232 ut
623 4174 665 4232 lex
681 4177 753 4233 iuste
768 4177 874 4235 leretur
888 4193 938 4251 pro
971 4177 1047 4254 legis,
1060 4185 1133 4254 quia
1140 4188 1374 4258 proculpropler
1384 4185 1567 4255 universale·
1581 4186 1670 4244 solum
1682 4195 1775 4245 autem

137 4258 273 4331 omnibus,
286 4261 334 4332 qui
349 4260 422 4316 illam
438 4277 547 4318 serrare
561 4270 687 4336 possunt,
699 4267 804 4322 etiarnsi
814 4270 883 4325 ratio
895 4267 939 4325 illa
971 4285 1087 4342 peccare
1101 4280 1205 4344 posset,
1221 4275 1243 4330 si
1258 4273 1393 4348 obligaret
1406 4275 1439 4332 ad
1455 4283 1549 4333 nalum
1563 4277 1697 4350 iniquum.
1709 4280 1776 4335 ltem

137 4343 159 4398 in
173 4349 210 4402 eis
225 4355 330 4407 cesset.
347 4349 426 4417 Quod
441 4353 479 4408 sic
495 4351 618 4410 declaro:
635 4371 697 4412 nant
719 4355 783 4413 licet
797 4356 938 4431 legislator
971 4359 1066 4433 epiilria
1079 4367 1121 4419 est
1136 4379 1199 4434 pars
1214 4364 1348 4437 iustitiae,
1364 4381 1430 4439 ergo
1452 4349 1563 4424 materia
1577 4369 1635 4424 eius
1655 4376 1698 4427 est
1712 4385 1777 4442 ope·
1841 4405 1847 4410 -

137 4434 302 4510 advertat,et
313 4440 469 4512 praevideat
480 4443 613 4501 rationem
621 4443 794 4504 deiecturum
805 4448 833 4502 in
844 4448 938 4521 aliqui·
972 4452 1051 4524 ratio,
1067 4468 1139 4526 quae
1154 4470 1207 4510 non
1223 4460 1297 4511 esset
1311 4464 1398 4527 recta,
1412 4456 1434 4512 si
1449 4457 1602 4514 secundum
1614 4457 1701 4530 legem
1715 4461 1776 4515 uni-

136 4521 196 4600 bus,
212 4529 256 4586 rel
271 4529 410 4607 distincte,
426 4532 469 4590 rel
484 4538 591 4592 tantum
606 4537 721 4594 contuse
735 4539 879 4612 cogitatis3
897 4542 938 4596 nl·
970 4541 1106 4598 sersalam
1117 4543 1296 4616 fieret,etnon
1306 4546 1633 4621 secundumaequitatem
1649 4547 1774 4621 epiilriaa.

136 4612 276 4676 bilominus
297 4628 390 4694 potest
410 4623 481 4680 iuste
504 4625 586 4697 velle,
609 4634 640 4682 ut
661 4626 817 4686 indistincte
838 4629 939 4704 obliget
971 4630 1090 4688 Tandem
1105 4641 1283 4706 argumentor
1296 4637 1331 4693 ab
1345 4637 1553 4709 inconvenienti,
1566 4640 1629 4710 quia
1642 4638 1707 4695 alias
1721 4639 1777 4695 lor·

138 4719 237 4782 omnes,
251 4709 316 4766 dum
333 4713 502 4769 contrarium
515 4713 739 4787 impedimentum
752 4721 881 4792 aequitati
895 4736 938 4777 re·
971 4724 1070 4779 nicetio
1087 4732 1179 4796 posset
1192 4741 1253 4783 esse
1273 4727 1357 4799 licita,
1373 4730 1395 4784 si
1418 4729 1603 4784 necessarium
1619 4745 1672 4786 non
1691 4734 1775 4802 esset,

59 4829 61 4834 -
138 4808 256 4868 pugnans
268 4797 332 4855 'non
354 4801 506 4875 obstiterit,
528 4819 595 4877 ergo
617 4806 653 4863 ita
672 4813 715 4863 est
734 4809 938 4880 interpretanda
974 4815 1105 4870 rationem
1121 4815 1189 4889 legis
1204 4819 1360 4874 contrariae
1374 4819 1399 4874 in
1414 4817 1489 4875 dicto
1503 4833 1587 4875 sensu
1600 4819 1727 4876 delicere.
1741 4821 1776 4876 Et

138 4884 259 4944 voluntas
281 4887 459 4964 legislatoris,
474 4907 540 4966 ergo
561 4909 594 4950 er
609 4895 634 4950 vi
655 4895 726 4952 illius
741 4897 870 4970 obligabit
884 4900 937 4958 lex.
975 4919 1040 4960 cum
1052 4903 1104 4960 bac
1119 4907 1250 4962 sententia
1261 4907 1377 4965 Caietani
1392 4913 1536 4964 transeunt
1547 4908 1602 4966 lere
1617 4909 1683 4965 Sota
1693 4914 1721 4965 et
1732 4907 1776 4964 alii

138 4974 304 5034 Antecedens
324 4985 407 5051 patet,
417 4982 480 5052 quia
495 4982 623 5040 rolrrntas
636 4984 661 5040 in
675 4985 720 5042 illa
733 4989 937 5048 universalitate
974 4994 1140 5066 posteriores
1157 4995 1286 5068 theologi.

139 5077 184 5120 sua
197 5068 293 5125 nititur
307 5069 332 5124 in
352 5068 404 5126 alia
417 5071 521 5128 ratione
536 5074 713 5147 generaliori,
729 5078 794 5152 quia
809 5080 845 5137 ita
858 5095 936 5153 etpe·
1017 5086 1043 5140 o.
1059 5083 1174 5141 Videtur
1191 5092 1280 5142 tameo
1301 5084 1368 5142 haec
1388 5088 1519 5143 sententia
1533 5088 1614 5143 nimis
1629 5085 1713 5158 rigida
1725 5129 1733 5157 ,
1747 5093 1775 5143 et

139 5151 175 5209 dit
187 5157 218 5213 ad
234 5173 381 5216 commune
396 5159 514 5234 bonum,
529 5170 556 5220 et
571 5164 675 5235 privato
690 5181 742 5222 non
758 5173 855 5242 nocet,
873 5172 939 5244 quia
974 5171 1099 5246 limitata,
1115 5175 1180 5248 quia
1194 5191 1274 5248 saepe
1289 5181 1379 5247 potest
1392 5175 1474 5233 bomo
1488 5178 1617 5233 excusari
1632 5175 1665 5233 ab
1681 5175 1775 5233 obser·

138 5257 240 5319 semper
254 5256 298 5307 est
308 5249 345 5306 illi
361 5250 426 5309 utile
437 5251 559 5329 obedire,
571 5260 599 5312 et
613 5256 746 5316 iustitiam
757 5257 870 5334 legalem
882 5278 939 5321 ser·
975 5263 1067 5331 sautia
1086 5263 1153 5339 legis
1170 5264 1333 5339 generaliter
1347 5265 1497 5340 loquentis,
1512 5266 1615 5324 etiamsi
1631 5273 1725 5341 posset
1743 5267 1775 5324 li·
