4294 6238
890 412 1060 463 caecata.
1675 397 1738 460 295

162 536 194 589 6.
215 532 269 592 Sed
289 540 389 592 contra
410 533 463 591 boc
485 536 579 593 obiicit
597 537 745 594 Panormit.
763 538 789 594 io
811 537 887 595 rubr.
904 537 938 594 de
973 555 1060 596 sensu
1073 535 1233 595 eorumdem
1245 538 1431 610 praelatorum
1443 539 1584 596 Ecclesiae
1596 540 1716 612 permitti
1731 555 1780 611 po·

115 623 325 682 consuetudin.
343 642 372 680 o.
394 631 417 683 l.
430 626 498 693 Qttia
512 627 695 683 communitas
710 627 875 685 clericorum
888 645 936 699 po·
976 630 1062 701 pulis,
1085 636 1118 687 ut
1137 645 1187 684 sua
1207 624 1409 685 consateludiue
1433 631 1537 700 possint
1557 629 1674 702 obligari
1691 629 1717 685 in
1735 629 1781 684 teli

116 721 178 768 test
202 712 338 792 inducere
354 714 580 773 consuetudinem
596 722 694 773 contra
709 733 847 787 canones,
863 719 939 774 litata
976 719 1107 788 materia,
1129 735 1194 775 curn
1218 720 1301 774 tacito
1316 733 1453 774 consensu
1469 718 1630 776 eorumdem
1647 718 1781 790 praelate·

115 819 187 875 cap.
209 804 263 861 ult.
280 805 313 861 de
329 804 522 863 consuetudin.
539 813 568 862 et
583 813 736 864 tamennon
750 806 936 880 potesllegem
973 825 1036 865 rum
1052 809 1134 865 modo
1150 805 1309 879 explicando
1323 808 1347 863 io
1363 809 1486 888 sequenti
1503 812 1606 880 capite.
1624 808 1725 866 Deinde
1739 824 1780 865 re-

115 892 221 950 fecere
236 901 338 953 contre
353 911 474 952 canones
484 938 492 967 ,
504 912 565 969 cap.
579 897 790 964 Institutiona's,
805 903 853 965 25,
865 914 892 970 q.
906 901 934 954 2.
974 896 1102 969 sponderi
1123 904 1228 968 potest,
1252 897 1318 952 satis
1337 912 1416 967 esse,
1438 896 1512 970 qnod
1526 899 1571 956 illa
1594 900 1781 956 communitas

115 999 194 1040 cuna
210 984 365 1056 similibusq
378 1001 445 1057 ergo
455 993 546 1056 potest
557 987 648 1043 induci
661 987 834 1045 consuetudo
846 988 880 1043 ab
890 1003 935 1056 eo,
975 985 1066 1058 populi
1084 989 1119 1041 sit
1133 985 1316 1041 communitas
1332 984 1464 1055 perlecta,
1480 993 1507 1042 et
1523 986 1556 1044 de
1570 1003 1599 1044 se
1612 987 1721 1058 passive
1735 1001 1781 1042 cn·

118 1076 176 1145 qui
191 1090 251 1129 non
264 1075 347 1132 babel
358 1081 520 1147 potestatem
531 1077 665 1134 condendi
675 1079 773 1153 legem.
786 1081 937 1135 Possumus
973 1091 1024 1147 pax
1042 1075 1103 1131 telis
1121 1075 1198 1148 legis,
1217 1080 1247 1131 ul
1260 1088 1318 1130 enm
1334 1073 1419 1144 possit
1433 1090 1479 1146 per
1494 1074 1723 1131 consuetudinem
1743 1075 1783 1130 in-

117 1165 211 1220 etiarn
224 1164 361 1234 obiicere,
374 1165 437 1238 qula
447 1170 632 1224 communitas
644 1167 737 1240 pepuli
749 1168 811 1225 lnioi
823 1183 877 1223 non
890 1183 947 1238 po-·
974 1162 1118 1221 traducere
1132 1164 1157 1220 io
1173 1163 1285 1220 materia
1300 1162 1445 1234 spirituali,
1458 1163 1544 1220 medio
1559 1180 1696 1220 censensu
1715 1165 1782 1232 taci-

117 1261 180 1310 test
197 1254 289 1326 legem
305 1253 522 1312 ecclesiasticam
538 1256 672 1326 condere,
687 1265 718 1315 ut
732 1273 780 1330 per
795 1273 824 1315 sc
839 1265 936 1312 notiam
974 1259 1015 1325 to,
1028 1254 1070 1310 ael
1083 1268 1214 1326 expresso
1227 1253 1409 1324 spiritualium
1425 1253 1621 1323 praelatarum.
1633 1256 1667 1310 Et
1684 1256 1717 1310 nd
1729 1253 1781 1310 laec

118 1351 190 1414 est3
214 1351 311 1400 lamen
330 1359 381 1401 sua
400 1346 598 1402 consuetudine
618 1347 703 1418 legem
718 1347 935 1404 ecclesiasticam
974 1342 1146 1400 indicandum
1162 1341 1249 1398 addidi
1264 1343 1289 1396 in
1305 1344 1453 1398 assertione
1465 1343 1510 1398 illa
1528 1343 1624 1400 ultima
1645 1341 1783 1400 verbovel

119 1432 304 1503 introducit,
320 1433 411 1506 qualis
425 1443 468 1492 est
482 1435 523 1491 lea
539 1437 648 1505 ieiunii,
665 1436 706 1492 vel
721 1437 874 1493 festivitatis
888 1437 937 1492 ali·
973 1431 1095 1493 saltem.
1111 1436 1144 1488 ut
1164 1433 1364 1488 comminuitur
1384 1435 1423 1487 sit
1443 1431 1531 1498 latis,
1550 1436 1599 1489 cui
1618 1431 1667 1489 leae
1687 1434 1781 1507 possit

118 1525 232 1592 cuius3
245 1537 323 1594 ergo.
339 1524 406 1580 ltem
421 1527 605 1582 communitas
617 1536 803 1586 mercatorum
818 1543 872 1582 non
890 1527 936 1584 ba·
974 1524 1099 1594 imponi.
1114 1520 1219 1592 Duplex
1240 1522 1310 1576 enim
1332 1521 1470 1590 capacitas
1492 1529 1582 1592 potest
1602 1524 1628 1578 io
1655 1537 1782 1578 commu·

118 1612 173 1668 bet
188 1620 356 1686 potestatem
372 1614 487 1671 laelandi
502 1614 604 1689 laqam3
618 1625 647 1673 at
661 1624 749 1675 tamen
762 1615 937 1674 consuetudo
973 1611 1054 1666 uitale
1069 1610 1190 1682 intelligi,
1205 1625 1260 1666 rann
1275 1609 1307 1666 ed
1322 1608 1459 1666 terendam
1475 1610 1572 1684 legem,
1584 1619 1613 1668 et
1628 1612 1679 1668 alia
1690 1610 1723 1668 ed
1739 1627 1804 1668 re·-

118 1717 232 1759 eorum
254 1709 344 1775 potest
367 1704 454 1776 legem
474 1704 621 1775 inducere,
642 1709 716 1764 itrxtn
735 1723 783 1775 ea,
800 1721 870 1780 aptiae
889 1723 939 1777 per
974 1699 1138 1771 cipiendam.
1155 1701 1190 1756 Et
1209 1701 1333 1773 quamvis
1355 1715 1429 1756 nttno
1450 1701 1474 1756 io
1500 1702 1604 1774 populo
1632 1701 1782 1781 christiane

119 1793 209 1850 Bari.
228 1801 256 1850 et
270 1793 336 1849 alios
352 1799 482 1850 notantur
496 1797 522 1850 in
537 1795 555 1850 l.
572 1801 600 1866 2,
616 1797 644 1853 C.
661 1796 695 1853 de
707 1798 818 1854 constit.
833 1811 933 1867 pccun.
975 1791 1044 1847 laice
1060 1807 1112 1848 non
1128 1791 1162 1846 sit
1174 1790 1247 1862 prior
1258 1796 1378 1862 potestas
1390 1791 1423 1847 ad
1435 1790 1561 1848 serendas
1580 1791 1783 1848 ecclesiastices

121 1883 279 1938 Praeterea
300 1881 414 1940 lemicae
435 1900 489 1940 non
509 1893 626 1956 possunt
644 1887 732 1958 legem
752 1885 890 1958 condere,
906 1892 938 1941 ut
974 1875 1099 1953 legasset
1113 1880 1229 1936 lcrlesse
1250 1896 1339 1954 neque
1353 1880 1493 1952 capacitas
1507 1880 1541 1936 ad
1558 1881 1639 1938 talem
1659 1886 1784 1952 potesla-

122 1987 231 2028 omues
248 1971 274 2027 ln
291 1971 342 2028 bac
358 1973 470 2029 materia
481 1973 610 2031 videntur
624 1990 793 2048 strpponer03
808 1981 938 2031 ettamen
974 1976 1039 2042 tem,
1049 1969 1305 2027 saltemsecundum
1320 1970 1407 2042 legem
1419 1969 1782 2042 ordinarinmqnibllominus

124 2062 323 2118 communitas
337 2061 500 2118 laminarum
516 2057 566 2119 stu
579 2063 781 2121 consuetudine
794 2070 883 2136 polest
894 2063 937 2118 lus
974 2065 1017 2116 est
1034 2062 1060 2116 ln
1079 2046 1283 2130 illo'cnpeoilas
1304 2063 1423 2132 passiva,
1445 2067 1477 2117 ul
1498 2058 1534 2116 illi
1556 2061 1644 2132 possit
1663 2059 1725 2117 talis
1739 2059 1782 2116 lex

125 2143 331 2223 introducere,
348 2157 380 2208 ut
396 2152 422 2206 in
438 2151 569 2224 religione
585 2153 756 2223 monialium,
770 2152 845 2226 qued
856 2152 940 2208 sentit
971 2150 1204 2222 imponentium
1216 2150 1333 2207 dicimus
1347 2151 1528 2208 necessariam
1544 2156 1651 2222 esse,et
1667 2149 1785 2207 sollice-

125 2241 209 2297 Bari.
228 2242 255 2296 in
271 2240 346 2298 dicta
360 2240 379 2296 l.
395 2239 432 2298 de
446 2241 560 2314 qulbus,
578 2250 606 2300 et
618 2244 690 2300 dicta
706 2245 722 2299 l.
738 2248 767 2312 2,
779 2243 810 2298 C.
823 2257 893 2315 quae
905 2242 940 2296 sit
974 2254 1017 2309 re,
1042 2247 1071 2296 ut
1089 2255 1137 2310 per
1158 2238 1218 2296 talis
1240 2240 1331 2310 populi
1352 2240 1578 2297 consuetudinem
1601 2256 1666 2298 cum
1688 2241 1773 2296 tacito

125 2330 209 2404 long.
227 2337 356 2388 consuet.
370 2331 515 2388 Praeterea
526 2333 603 2388 multi
614 2340 755 2403 auctores,
770 2348 841 2405 quos
857 2332 940 2389 relert
980 2345 1117 2386 consensu
1132 2330 1245 2400 praelati
1259 2317 1346 2401 possit
1359 2330 1534 2388 consuetudo
1549 2329 1696 2389 introduci.
1713 2331 1780 2386 llice

125 2421 272 2494 Tiraqucl.
291 2421 328 2477 de
349 2421 401 2478 iur.
423 2421 574 2496 primogen,
594 2440 622 2497 q.
646 2428 678 2482 16
691 2467 698 2494 ,
713 2421 858 2493 dixerunt,
874 2436 940 2479 con·
978 2427 1069 2476 autem
1080 2435 1139 2476 esse
1151 2421 1334 2476 necessariam
1351 2421 1421 2476 illam
1437 2423 1631 2493 capacitatem,
1647 2421 1781 2492 quianon

129 2511 311 2568 suetudinem
327 2511 410 2567 unius
424 2510 536 2568 tantillae
550 2527 631 2585 posse
647 2512 780 2570 inducere
793 2512 878 2584 legem
890 2527 940 2584 pre
977 2516 1067 2582 potest
1086 2511 1172 2566 torma
1193 2509 1348 2580 introduci,
1369 2509 1420 2564 nisi
1435 2510 1459 2565 ia
1475 2511 1600 2568 subiecto
1619 2513 1733 2583 capaci3
1753 2520 1781 2568 et

128 2601 179 2656 illn
201 2601 322 2672 lamilin,
338 2589 405 2658 cum
423 2607 513 2658 tamen
534 2603 560 2658 in
581 2602 623 2660 llla
643 2617 696 2661 non
715 2605 750 2660 sit
764 2609 886 2676 potestas
901 2603 937 2659 lc·
977 2601 1013 2657 lte
1035 2616 1085 2657 suo
1107 2599 1189 2657 modo
1210 2616 1263 2655 noo
1285 2606 1375 2671 potest
1398 2599 1439 2656 ins
1460 2601 1607 2672 spiritualis
1628 2609 1780 2658 consuetu·

129 2690 212 2746 rendi
226 2689 312 2762 leges.
976 2690 1058 2763 dinis,
1068 2696 1099 2746 ut
1113 2692 1151 2746 sic
1162 2688 1264 2758 dicem,
1275 2688 1481 2760 introduci,oisi
1496 2690 1522 2745 in
1538 2689 1662 2748 subiecto
1681 2692 1778 2762 cnpnci

177 2783 204 2838 l.
214 2781 333 2850 Propter
344 2778 458 2851 primam
471 2779 654 2838 abiectionem
667 2782 812 2838 Panormit.
823 2785 848 2839 in
861 2781 939 2838 rubr.
977 2780 1043 2853 legis
1063 2780 1277 2837 ecclesiasticae.
1294 2779 1439 2836 Sulllclens
1462 2795 1527 2836 vero
1541 2797 1601 2837 csse
1616 2781 1695 2852 alico,
1712 2783 1778 2854 quia

133 2870 168 2926 de
180 2875 312 2926 consuet.
326 2869 411 2924 reiicit
422 2868 521 2926 dictam
533 2870 712 2928 definitionem
723 2871 939 2928 loenmndreae.
977 2871 1030 2927 hoc
1052 2871 1119 2926 satis
1139 2875 1192 2940 cst,
1216 2876 1247 2926 ut
1268 2869 1311 2925 illa
1326 2879 1472 2929 censentur
1484 2873 1667 2931 communitas
1685 2871 1781 2944 alique

135 2961 335 3018 Verumtamen
356 2959 513 3030 responderi
532 2960 609 3017 lecile
628 2969 719 3034 petest
739 2963 845 3034 primo,
865 2978 941 3018 com·
978 2958 1059 3016 modo
1081 2959 1183 3031 integra
1204 2965 1232 3015 et
1253 2959 1373 3031 perlecta
1390 2961 1414 3016 in
1436 2961 1482 3018 teli
1497 2961 1607 3033 ordine3
1625 2977 1686 3018 narn
1702 2976 1779 3018 com·

126 3037 300 3107 ¹munitatem
315 3049 481 3106 clericorum
496 3066 578 3121 posse
592 3051 679 3124 legem
691 3052 827 3124 condere,
842 3053 941 3110 saltem
978 3050 1097 3106 munitas
1118 3048 1230 3104 curcino
1251 3039 1410 3120 impcrle'cta
1429 3057 1457 3108 ct
1476 3049 1649 3122 particularis
1666 3066 1720 3106 non
1736 3058 1779 3107 est

136 3155 190 3196 noa
211 3145 411 3210 repugnantem
433 3141 601 3211 canonibus,
623 3147 651 3198 et
671 3143 723 3199 bec
740 3143 806 3199 satis
819 3157 897 3214 esse,
912 3151 944 3201 ut
977 3154 1063 3210 cepna
1085 3139 1210 3211 proptiae
1231 3138 1308 3210 legis,
1332 3139 1398 3196 licet
1417 3141 1454 3196 sit
1474 3155 1561 3212 capax
1582 3140 1731 3212 praecepti,
1748 3147 1780 3198 ut

137 3230 225 3300 pessit
242 3230 326 3284 etiarn
346 3228 572 3286 consuetudinem
594 3231 791 3301 introducere,
806 3238 834 3288 et
855 3233 897 3287 ius
912 3232 942 3288 il·
978 3243 1062 3299 suprn
1077 3226 1124 3283 lib.
1140 3229 1161 3300 l,
1178 3229 1241 3299 oe‘p,
1262 3229 1305 3284 tx.
1321 3228 1438 3286 ostendi.
1449 3231 1482 3308 ¹lu
1498 3231 1571 3286 omni
1596 3236 1686 3287 eutem
1702 3245 1778 3287 com-

138 3318 203 3375 lius.
220 3320 317 3392 Neque
331 3318 439 3390 obstet,
454 3318 529 3392 quod
550 3317 631 3377 letius
646 3320 808 3377 extendatur
821 3320 854 3376 de
869 3321 942 3377 lacte
979 3319 1113 3375 munitate
1139 3319 1261 3390 perlecta
1285 3315 1459 3376 consdetudo
1486 3325 1577 3392 potest
1595 3319 1724 3376 sufficere
1744 3317 1777 3376 nd

138 3408 335 3480 potesteseius
347 3407 573 3465 ndinducendum
586 3409 938 3482 iusperconauetndinem,
979 3409 1022 3466 lus
1046 3406 1296 3481 introducendum,
1317 3410 1339 3465 ai
1358 3424 1423 3466 cum
1442 3408 1487 3465 illa
1507 3416 1659 3465 concurret
1679 3408 1778 3480 capitis

139 3513 224 3570 quam
242 3513 293 3568 per
312 3503 461 3568 statutum,
482 3498 545 3569 quia
565 3498 617 3554 hoe
637 3499 728 3571 potuit
747 3500 891 3570 provenire
910 3515 943 3556 ea
978 3513 1142 3555 consensus.

140 3589 321 3646 concessione
338 3586 423 3658 iuris,
435 3594 465 3644 et
478 3588 642 3644 Pontificum
654 3595 767 3660 propter
777 3587 943 3661 peculiarem
975 3597 980 3606 ·
1018 3575 1098 3645 9.Ἐῑ
1116 3588 1153 3643 ite
1169 3591 1243 3658 petet
1256 3587 1398 3658 responsio
1417 3586 1451 3643 nd
1465 3587 1571 3644 tertiam
1587 3587 1776 3643 abiectionem.

141 3680 275 3735 rationem
286 3721 293 3746 ,
304 3691 387 3750 quam
407 3677 550 3749 investiget
563 3677 634 3734 idem
649 3678 717 3734 dbb.
731 3680 757 3733 in
771 3693 833 3750 cap.
848 3679 898 3734 ult.
911 3678 945 3735 de
979 3678 1047 3735 llam
1065 3675 1248 3734 communitas
1264 3670 1488 3734 mercatorum'r.
1502 3692 1575 3761 geo
1590 3675 1671 3733 modo
1687 3683 1780 3748 potest

143 3765 311 3824 consuetud.
328 3765 374 3822 ubi
388 3765 500 3822 Rocbus
514 3766 606 3823 etalii.
621 3771 834 3840 Sempertamen
850 3783 944 3824 rerum
981 3767 1211 3826 consuetudinem
1236 3765 1429 3836 introducere,
1452 3781 1507 3839 quo
1519 3773 1573 3824 est
1593 3781 1680 3839 capax
1699 3765 1778 3837 legis.

141 3863 200 3926 est,
215 3853 445 3938 consuetudinem
464 3870 517 3911 non
538 3856 694 3929 introduci,
715 3858 764 3913 nisi
783 3857 816 3914 ab
832 3857 945 3914 habente
981 3859 1039 3915 lmo
1054 3859 1125 3915 Bert.
1151 3858 1177 3914 in
1198 3857 1273 3914 dicta
1287 3856 1304 3912 l.
1322 3862 1350 3915 2.
1367 3856 1451 3926 dicit,
1466 3871 1546 3931 posse
1562 3857 1652 3914 lacere
1666 3861 1780 3926 stulttia,

143 3951 304 4018 potestatem
320 3941 454 3999 condendi
468 3943 621 4018 leges.lloc
637 3961 703 4003 vere
719 3946 815 4004 melius
828 3947 946 4018 explica·
981 3946 1055 4020 quod
1076 3945 1215 4019 quemodo
1234 3945 1440 4020 intelligendum
1461 3948 1554 4018 sit,·iu
1570 3946 1617 4002 lib.
1635 3947 1679 4002 lll.
1695 3943 1781 4017 capli-

143 4041 191 4091 tur
205 4049 254 4106 per
269 4030 423 4089 doctrinam
437 4031 546 4099 datam,
559 4035 687 4107 quianon
701 4039 854 4110 requiritur
869 4043 945 4108 pete·
983 4039 1054 4094 cavi.
1072 4038 1141 4094 Nem
1163 4035 1186 4092 si
1206 4052 1254 4109 per
1268 4051 1296 4093 se
1311 4042 1453 4110 spectetur
1466 4036 1510 4094 illa
1525 4037 1722 4109 communitas,
1738 4051 1783 4092 so·

143 4130 216 4192 stas,
229 4137 300 4195 quae
312 4123 362 4178 iem
375 4129 441 4188 ectu
455 4122 605 4197 habeatur,
619 4123 666 4181 sed
677 4125 782 4183 atrfflcit
793 4129 942 4200 capacitas.
982 4125 1040 4182 lum
1056 4131 1147 4198 potest
1160 4125 1279 4182 condere
1295 4131 1400 4183 statute
1412 4126 1643 4200 conventionalia,
1654 4141 1707 4182 oon
1720 4141 1784 4197 pro·

145 4213 180 4268 Et
193 4213 264 4268 benc
282 4227 311 4268 rc
329 4226 394 4268 vcra
404 4211 483 4269 habet
493 4217 680 4271 communitas
691 4215 872 4289 clericorum,
885 4234 948 4289 pos·
983 4218 1055 4289 prins
1070 4216 1187 4289 leges3si
1201 4223 1292 4273 autern
1308 4216 1498 4274 consideretur
1510 4223 1541 4273 ut
1552 4217 1700 4273 coniuncta
1711 4216 1783 4287 prin-

146 4309 189 4358 set
208 4303 280 4358 emm
299 4303 340 4356 eis
353 4301 411 4358 deri
425 4307 546 4374 potestas
561 4304 714 4376 specialiter
729 4306 867 4364 statuendi
882 4323 947 4364 con·
984 4305 1102 4379 cipi,rel
1117 4305 1220 4361 babens
1234 4304 1394 4364 facultatem
1406 4306 1440 4362 ab
1453 4306 1609 4379 illo,potest
1623 4305 1713 4363 lacere
1728 4311 1784 4361 ste·

145 4397 188 4448 tra
201 4406 339 4461 canones,
357 4380 461 4448 enimsi
475 4392 508 4449 de
523 4393 595 4450 lacte
609 4395 662 4450 illis
676 4394 738 4453 date
753 4412 807 4454 non
822 4397 868 4452 sit.
985 4401 1045 4452 tuln
1068 4395 1147 4468 quasi
1168 4379 1354 4466 municipalia.
1380 4395 1426 4451 Sic
1451 4410 1518 4466 ergo
1539 4401 1631 4467 potest
1651 4393 1783 4450 inducere

135 4551 143 4565 .
188 4488 214 4540 8.
228 4477 279 4538 Sed
295 4488 362 4537 tunc
378 4487 457 4553 urget
471 4481 592 4540 secunde
607 4483 738 4552 obiectio,
751 4487 817 4558 quie
830 4487 856 4541 io
871 4501 947 4543 com·
985 4482 1229 4554 consuetudinem,
1252 4499 1323 4556 quae
1344 4500 1410 4542 oum
1428 4483 1522 4541 eadem
1538 4485 1714 4557 proportione
1730 4484 1784 4539 rita

147 4571 280 4628 munitate
302 4570 440 4628 laicorum
455 4586 543 4644 neque
558 4572 625 4630 haec
640 4576 781 4645 capacitas
797 4590 859 4631 esse
873 4574 948 4632 vide·
984 4573 1050 4646 legis
1062 4571 1253 4640 armaturea
1269 4574 1332 4630 milii
1346 4573 1476 4647 colligere
1490 4573 1587 4636 videor
1600 4589 1632 4632 ea
1645 4572 1664 4630 l.
1678 4573 1782 4646 ultima,

148 4667 194 4717 tur
214 4660 248 4716 ed
271 4664 433 4732 potestatem
449 4661 550 4717 terendi
570 4661 654 4734 legem
669 4665 801 4735 scriptam
818 4665 947 4722 ecclcsia-
986 4666 1015 4744 β.
1032 4678 1102 4736 quae
1116 4663 1152 4720 ait
1165 4661 1246 4736 longa
1260 4673 1387 4720 consuet.
1406 4664 1453 4725 ulii
1468 4665 1494 4720 in
1508 4665 1641 4736 principio
1659 4661 1784 4720 absolute

147 4751 254 4806 sticam.
270 4749 311 4806 ed
332 4748 405 4806 illam
427 4765 491 4806 vero
513 4750 671 4822 responderi
694 4760 786 4824 polest
806 4755 894 4826 primo
914 4769 947 4810 ert
986 4753 1054 4810 dicit
1067 4753 1230 4824 imperator,
1247 4751 1474 4809 consuetudinem
1486 4753 1630 4826 probatem
1642 4761 1671 4810 et
1683 4753 1786 4809 tenaci·

148 4839 229 4894 dictis
245 4839 291 4895 lib.
305 4842 332 4896 l.
349 4838 382 4894 dc
398 4845 473 4910 voto,
489 4854 551 4910 cap.
565 4844 593 4911 9,
610 4843 837 4900 communitatem
853 4843 946 4915 populi
987 4850 1029 4901 ter
1043 4847 1178 4898 retentam
1193 4843 1291 4898 imitari
1310 4841 1416 4915 legem3
1438 4842 1511 4914 qued
1526 4842 1607 4899 debet
1622 4841 1738 4914 intelligi
1752 4841 1786 4898 de

147 4926 180 4984 dc
194 4943 235 5000 se,
247 4934 275 4985 et
289 4927 347 4984 sola
362 4935 461 4984 natura
475 4928 515 4984 rei
530 4935 665 5000 spectata,
678 4944 808 5002 capacem
823 4945 884 4987 esse
899 4947 947 5003 po·
988 4931 1090 5004 populo
1114 4937 1224 5003 potente
1247 4932 1369 4989 condere
1393 4932 1490 5005 legera.
1507 4935 1542 4990 Et
1566 4933 1657 4991 subdit
1681 4933 1784 4990 statiani

150 5019 257 5073 testatis
272 5016 460 5089 legislatione,
482 5018 565 5074 etiarn
586 5021 614 5074 in
630 5022 744 5076 materia
769 5020 906 5092 religionis
921 5026 949 5078 et
987 5026 1028 5080 Et
1041 5017 1119 5093 quod
1132 5017 1258 5092 osfictts,
1274 5024 1373 5088 acriis,
1392 5023 1579 5090 civitatibus,
1597 5022 1641 5080 vet
1655 5021 1787 5095 collegiis

149 5105 234 5162 divini
254 5105 363 5177 cultus3
385 5113 414 5163 et
432 5107 494 5163 ideo
515 5108 579 5164 licet
600 5123 675 5165 nunc
694 5111 721 5164 in
736 5109 861 5167 Ecclesia
877 5110 945 5168 haec
984 5113 1166 5185 praestitum
1176 5109 1276 5183 faatsac
1289 5115 1492 5186 cognoscitur,
1510 5114 1605 5186 utique
1621 5129 1669 5185 per
1684 5115 1788 5186 patien-

150 5203 273 5270 potestas
293 5196 397 5252 elevate
418 5196 455 5254 sit
472 5196 508 5254 ad
521 5199 693 5269 superiorem
707 5197 842 5271 ordinem,
857 5207 884 5255 et
899 5215 946 5272 pa·
987 5200 1052 5256 tiam
1068 5200 1208 5271 principis,
1220 5205 1251 5256 ut
1265 5199 1298 5257 ibi
1311 5201 1379 5258 dicit
1389 5201 1616 5260 dioesesulllcit
1627 5203 1788 5277 ergo,quod

150 5284 273 5346 oloribus
283 5285 408 5346 Ecclesia
420 5283 470 5345 luit
480 5289 640 5362 commissa,
653 5287 825 5347 oilrilominue
837 5303 869 5348 ea
881 5304 952 5350 cco·
988 5289 1026 5348 sit
1040 5291 1224 5348 communitas
1234 5305 1321 5364 capax
1337 5290 1413 5366 legia,
1422 5289 1578 5352 accedente
1588 5307 1733 5352 consensu
1743 5298 1789 5356 ta·
