4278 6242
333 259 337 265 Ι
380 295 443 360 ιιι
995 315 1002 330 ·
1085 313 1185 363 arasa
1200 311 1233 362 v.

342 433 436 491 locum
457 434 553 522 hahet,
573 443 605 494 ut
624 443 743 495 constat.
758 440 825 496 Nom
846 438 980 494 interdum
1002 438 1145 509 imponun·
1181 438 1281 495 Deinde
1293 437 1318 494 io
1331 438 1435 510 legibus
1446 436 1605 509 simpliciter
1617 433 1910 510 praecipientibus,rel
1921 447 1986 508 proc

343 527 389 579 tur
404 539 493 596 usque
513 523 546 581 ad
568 531 677 582 certum
692 533 816 599 tempus,
832 533 862 583 ut
877 533 964 599 patet,
980 525 1090 598 quando
1105 540 1147 581 re·
1182 524 1335 582 bibentibus
1355 541 1408 582 non
1428 532 1470 583 est
1490 535 1545 582 lam
1559 527 1711 584 necessaria
1725 526 1759 582 ad
1773 540 1922 582 commune
1938 524 1986 580 ho-

343 611 462 683 quiritun
486 617 561 670 tanta
583 621 669 686 aetas,
684 621 740 671 ειε.
757 603 896 672 interdum
917 630 965 687 per
986 613 1053 672 alias
1072 613 1147 686 leges
1181 629 1247 670 num
1262 613 1434 672 uniformitas
1452 616 1479 670 in
1494 615 1683 671 observatione
1698 613 1778 686 legis,
1794 615 1861 687 quin
1875 613 1987 670 morali

344 700 375 756 lit
388 703 531 773 exceptio,
550 710 583 759 ut
595 704 625 758 in
641 711 761 761 extrema
776 707 938 762 necessitate
952 705 1049 760 mortis
1068 702 1147 776 quill·
1183 707 1224 757 ter
1239 703 1327 773 possit
1348 717 1428 774 saepe
1446 703 1594 774 expedire,
1616 719 1671 759 noo
1686 702 1835 759 ohservare
1845 699 1988 772 legem3io

342 787 390 844 het
418 789 540 846 minister
569 793 735 848 sacramenti
765 793 944 849 confessionis
972 792 1147 866 quantumvis
1182 791 1286 862 legibus
1307 798 1399 848 autem
1414 790 1618 862 impouentibus
1632 790 1747 847 lormam
1762 787 1987 854 substantialem,

343 868 474 932 inhabilis
488 877 516 934 ιι
529 877 638 950 habilis,
649 896 702 937 non
718 897 767 953 pen
778 881 915 955 epiiliam,
928 867 976 938 sed
990 882 1093 938 virtute
1108 879 1147 936 le·
1182 880 1224 936 rel
1241 879 1433 937 inducentibus
1452 879 1655 950 inhabilitatem,
1671 879 1756 951 magis
1771 879 1931 934 necessaria
1944 881 1989 931 est

345 963 387 1035 gis
402 966 534 1036 scriptae,
550 967 592 1022 ael
607 967 732 1026 tmditne.
1062 993 1067 1000 ·
1183 969 1370 1041 uniformitas,
1390 969 1455 1042 quia
1478 967 1612 1046 ordinarie
1642 973 1707 1024 suot
1725 967 1889 1038 graviores,
1910 971 1942 1021 ει
1961 964 1987 1019 in

382 1054 483 1110 Contra
498 1054 569 1112 hano
591 1060 751 1114 senteutiam
763 1059 859 1115 referri
879 1064 972 1131 potest
982 1058 1071 1115 ldolin.
1092 1063 1148 1113 tra·
1182 1074 1277 1116 earum
1299 1060 1513 1132 transgressione
1526 1062 1569 1115 est
1587 1057 1675 1114 maius
1689 1056 1861 1128 periculum,
1875 1061 1907 1110 et
1921 1051 1985 1109 ideo

349 1140 731 1217 etatu2.detust.disputat.
750 1153 796 1220 at,
808 1147 1041 1216 beuntoerombi
1052 1147 1145 1216 sentit,
1183 1149 1269 1222 magis
1286 1147 1407 1220 expedit.
1420 1148 1491 1204 hono
1515 1149 1674 1219 communi,
1695 1145 1769 1220 quod
1794 1140 1988 1201 inviolabiliter

348 1228 492 1302 aliquando
512 1231 586 1304 hunc
609 1234 676 1290 iuris
703 1236 824 1309 rigorem
850 1252 911 1293 esso
935 1234 1144 1306 moderandum,
1183 1243 1339 1308 serventur,
1356 1252 1439 1310 quam
1453 1235 1528 1311 quod
1543 1236 1568 1292 io
1584 1251 1651 1307 uno,
1666 1233 1707 1292 rel
1720 1234 1772 1290 alio
1787 1248 1855 1290 casu
1868 1228 1986 1304 aliquod

317 1395 328 1405 ι
347 1318 459 1392 quando
478 1337 533 1377 non
554 1327 610 1379 tota
630 1324 803 1396 solemnitas,
818 1324 865 1382 sed
881 1326 973 1398 aliqua
986 1340 1072 1397 parra
1091 1325 1148 1379 eir·
1182 1326 1388 1384 incommodum
1402 1325 1513 1383 nitetur.

347 1410 511 1465 eumstaotia
531 1409 602 1467 hona
621 1411 671 1468 lide
692 1415 792 1470 omissa
812 1421 866 1482 esi,
882 1420 989 1470 serrata
1009 1413 1147 1485 aequitate
1224 1415 1264 1472 ιιι
1278 1414 1401 1489 reguiam
1416 1432 1431 1471 a
1444 1414 1537 1471 Feliuo
1550 1413 1664 1485 positam
1678 1411 1741 1470 dico
1751 1453 1758 1482 ,
1770 1410 1813 1467 rel
1827 1424 1889 1467 esse
1902 1408 1986 1464 intel-

347 1497 477 1553 natnrali.
489 1499 557 1555 Nam
573 1505 638 1555 tunc
653 1501 766 1573 ipsamet
776 1503 906 1559 naturalis
921 1503 1043 1576 aequitas
1054 1507 1159 1573 postu·v
1183 1503 1316 1578 ligandam
1330 1503 1363 1560 de
1382 1503 1488 1577 legibus
1504 1517 1556 1558 noo
1576 1502 1747 1558 irritantibus
1760 1500 1818 1571 ipso
1837 1501 1916 1568 iure,
1935 1498 1986 1554 sed

349 1583 405 1641 lare
421 1584 545 1659 ridetur,
562 1593 592 1643 ut
604 1595 684 1645 notus
699 1591 878 1647 sustineatur.
896 1591 947 1647 Sed
961 1590 995 1648 ιε
1008 1591 1063 1646 hoc
1078 1606 1149 1661 puo-
1183 1592 1412 1664 praecipientibus
1433 1591 1535 1650 irritari
1560 1596 1653 1648 actum
1674 1589 1753 1646 alitor
1773 1589 1899 1659 sactum,
1918 1592 1988 1642 tunc

348 1679 394 1728 cto
409 1673 534 1730 dicemus
548 1677 574 1730 in
593 1691 654 1748 cap.
664 1679 757 1735 ailivi.
773 1681 852 1736 Nunc
867 1680 957 1738 solum
970 1679 1049 1735 dico.
1065 1694 1149 1752 regu·
1182 1684 1334 1738 enimcum
1349 1688 1429 1739 actus
1446 1682 1483 1738 sit
1497 1680 1614 1752 salidus,
1630 1678 1696 1735 licet
1710 1679 1826 1735 tortasse
1840 1675 1989 1748 prohihea—
2071 1707 2072 1710 =

348 1762 390 1819 lae
404 1767 562 1835 propositae
576 1767 703 1824 standum
717 1783 789 1825 esse.
803 1769 926 1842 Eamque
948 1784 980 1824 eo
1000 1768 1148 1825 certiorem
1185 1779 1230 1827 tur
1244 1771 1310 1841 heri,
1326 1786 1380 1828 uon
1401 1777 1443 1828 est
1463 1770 1573 1842 minum,
1590 1769 1665 1843 quod
1685 1783 1735 1840 per
1752 1766 1886 1838 epiiiiam¹
1899 1766 1991 1837 ιιοιῖιῆ

350 1867 410 1908 εεεε
431 1854 564 1925 suturam,
580 1872 635 1928 quo
656 1859 770 1914 materie
790 1856 856 1931 legis
878 1858 958 1914 luerit
977 1859 1098 1931 gravior,
1118 1860 1151 1912 ui
1185 1859 1258 1917 licite
1274 1860 1341 1916 lieri.
1357 1861 1425 1916 llam
1447 1867 1514 1917 tuno
1530 1873 1613 1933 penes
1626 1856 1746 1914 iudicem
1760 1857 1813 1914 erit
1828 1855 1999 1924 arbitrium,

349 1948 416 1998 sum
434 1946 560 2000 materiae
579 1953 830 2018 sacramentorum,
847 1952 896 2003 aut
915 1954 1003 2004 status
1017 1945 1147 2020 religiosi3
1184 1963 1218 2006 au
1238 1949 1387 2006 irritandus
1402 1949 1437 2005 ειι
1456 1955 1552 2021 postea
1567 1947 1629 2006 talis
1650 1952 1741 2019 actus,
1756 1961 1821 2003 euru
1836 1961 1869 2002 ex
1891 1959 1992 2000 neces·

350 2038 432 2104 atque
446 2032 482 2088 iia
503 2049 551 2104 per
569 2034 682 2092 modum
703 2036 816 2109 regulae
831 2037 940 2093 moralia
963 2034 1150 2092 universaliter
1185 2041 1256 2096 saria
1270 2039 1417 2096 occasione
1430 2038 1513 2095 luerit
1526 2037 1626 2094 sactus.
1642 2036 1689 2092 Vel
1704 2043 1782 2092 certe
1796 2037 1818 2090 si
1836 2034 1874 2091 illi
1889 2041 1994 2090 anacto-

350 2135 461 2190 oenseo,
477 2137 537 2178 esse
558 2137 661 2193 veram,
677 2126 741 2196 quio
760 2126 881 2181 rationes
899 2125 988 2182 iactae
1009 2124 1151 2181 universa·
1185 2144 1230 2186 res
1249 2129 1402 2202 loquuntur
1415 2128 1450 2184 de
1470 2134 1535 2185 aetu
1554 2127 1631 2183 irrito
1645 2127 1704 2198 ipso
1725 2127 1797 2182 iacto
1818 2139 1868 2195 per
1887 2123 1993 2197 legem,

2072 1752 2075 1834 l

2075 1862 2076 1930 l

2076 1972 2077 2026 t

351 2210 392 2266 les
405 2215 480 2266 sunt.
496 2213 531 2266 Et
546 2211 609 2268 lieet
622 2213 706 2283 possit
719 2213 834 2271 sortasse
849 2214 947 2271 babere
960 2216 1150 2286 exceptionem
1186 2218 1275 2276 solum
1290 2218 1400 2274 habehit
1410 2217 1502 2274 locum
1517 2231 1615 2274 eorum
1627 2215 1734 2302 regula,
1747 2214 1857 2288 quando
1870 2214 1993 2269 irritatio
2078 2190 2079 2210 ³

353 2299 525 2357 reorrrrendo
544 2299 578 2356 ad
598 2303 818 2360 coniecturatam
838 2311 957 2360 mentem
978 2303 1150 2377 legislatoris,
1186 2325 1239 2366 non
1261 2302 1467 2380 est-ahsoluta,
1486 2305 1533 2362 sed
1555 2304 1761 2375 conditionalis,
1783 2309 1815 2360 ut
1833 2302 1907 2359 solet
1928 2316 1992 2358 esse
2079 2300 2080 2314 ¹

353 2387 417 2445 mihi
433 2394 522 2444 tamen
542 2405 615 2445 nunc
631 2389 691 2446 talis
712 2393 835 2462 exceptio
850 2408 905 2448 non
926 2393 1067 2463 occurrit,
1081 2405 1152 2463 quae
1186 2396 1296 2470 quaudo
1312 2394 1496 2468 principaliter
1510 2395 1540 2452 fit
1554 2396 1581 2450 in
1595 2393 1716 2451 savorem
1731 2393 1847 2450 alicuius
1863 2393 1991 2463 privatae

353 2477 492 2536 moraliter
506 2478 541 2534 sit
554 2477 729 2535 admittenda.
745 2481 814 2548 Quia
828 2483 849 2536 ei
867 2487 1028 2539 contractus
1042 2486 1086 2537 εει
1099 2482 1152 2536 iam
1187 2500 1330 2559 personae,
1343 2500 1413 2558 quse
1428 2483 1544 2540 includit
1555 2482 1749 2552 conditionem,
1763 2483 1785 2537 si
1802 2480 1846 2536 illa
1856 2493 1913 2536 non
1928 2495 1993 2536 ces·

354 2566 456 2638 iactus,
471 2571 499 2623 ει
520 2581 549 2623 re
563 2582 626 2623 vera
640 2568 693 2624 luit
711 2567 846 2638 invalidus
865 2575 977 2642 propter
997 2569 1154 2626 solemnita·
1187 2575 1253 2631 ssrit
1266 2576 1318 2630 iuri
1332 2588 1396 2643 suo,
1410 2572 1453 2630 ael
1468 2574 1491 2629 si
1506 2571 1586 2629 cedat
1598 2573 1625 2627 in
1639 2571 1712 2627 illius
1725 2567 1946 2628 incommodum.
1960 2568 1997 2624 Et

354 2663 409 2714 tem
426 2659 661 2740 praetermissam,
674 2673 727 2714 non
741 2657 928 2730 hahetpoetoa
942 2647 1152 2730 loirrmepiiiia,
1188 2667 1226 2720 ita
1246 2661 1403 2735 contingere
1423 2663 1450 2717 in
1471 2659 1634 2733 obligatione
1654 2659 1782 2730 minoris,
1804 2658 1889 2714 sensit
1915 2657 1995 2714 clare

354 2746 396 2804 rel
411 2748 549 2820 nequitae,
565 2753 676 2819 propter
689 2747 804 2805 allectus
815 2754 910 2820 postea
923 2747 1099 2820 subsecutos,
1111 2745 1155 2803 vel
1187 2753 1276 2810 Ginai.
1288 2751 1314 2806 in
1327 2751 1348 2809 ι.
1359 2755 1387 2820 ι,
1402 2750 1427 2807 ιι.
1442 2749 1476 2806 de
1490 2749 1646 2821 acceptilat.
1655 2749 1690 2804 Et
1702 2747 1774 2804 idem
1788 2747 1916 2804 existimo
1930 2761 2003 2802 esse

354 2835 500 2906 utilitetes,
515 2836 675 2909 quaesitori
690 2838 758 2909 parti
774 2844 967 2908 accesserunt,
982 2836 1010 2892 id
1024 2837 1094 2892 enim
1108 2851 1155 2893 nc·
1189 2840 1337 2900 dicendum
1352 2839 1386 2896 ιε
1400 2844 1546 2896 contractu
1562 2837 1695 2911 religiosi,
1711 2837 1853 2909 supposita
1866 2835 1913 2892 illa
1932 2849 1998 2891 sen-

357 2915 538 2983 eidenta'rium
553 2932 605 2982 εει.
619 2927 646 2981 Si
660 2941 726 2983 vero
741 2928 831 2998 agitur
844 2927 877 2984 ιε
891 2932 1038 2983 contractu
1054 2925 1155 2982 iacien-
1189 2931 1272 2988 tentia
1286 2929 1418 3000 Navarri,
1434 2927 1467 2985 de
1481 2943 1535 3000 qua
1550 2928 1574 2983 in
1596 2927 1705 3000 proprio
1719 2925 1781 2984 ioan
1801 2925 1882 2982 letius
1896 2924 2000 2996 dispu-

356 3015 404 3087 ιο,
419 3015 466 3088 qui
486 3014 583 3071 hebeat
600 3014 729 3071 effeelum
749 3013 869 3071 validum
890 3021 919 3070 et
939 3022 1152 3087 permanentem,
1191 3019 1320 3077 tahimus.
1344 3021 1434 3091 hique
1455 3017 1491 3073 ita
1512 3017 1538 3073 in
1564 3015 1605 3072 his
1627 3005 1739 3072 e'asibus
1758 3031 1811 3071 noa
1836 3017 1998 3072 sustinetur

357 3112 427 3163 tunc
443 3118 552 3176 semper
562 3109 605 3160 est
617 3119 662 3161 res
675 3103 753 3160 valde
767 3104 870 3175 gravis,
881 3119 952 3176 quae
965 3104 1091 3159 intentari
1102 3118 1156 3158 non
1191 3115 1272 3166 acius
1286 3114 1401 3181 propter
1420 3104 1542 3179 epiiliiam
1563 3112 1659 3163 contra
1682 3103 1769 3178 legem
1790 3103 1916 3160 absolute
1937 3103 2000 3158 irri-

357 3200 448 3274 potest
460 3199 556 3250 contra
567 3191 654 3264 legem
668 3193 819 3249 irritantem
833 3199 947 3265 propter
957 3191 1042 3247 solam
1057 3191 1157 3246 eatrln·
1191 3203 1304 3268 mntem,
1321 3194 1369 3252 sed
1384 3201 1497 3268 propter
1511 3195 1627 3250 lornaam
1642 3194 1773 3266 legionen
1787 3192 1917 3249 irritantis
1931 3193 1999 3248 sirn-

358 3299 450 3341 secam
465 3281 671 3354 necessitatem,
686 3283 745 3338 eine
763 3280 929 3338 adminiculo
943 3279 1061 3337 alicuius
1080 3279 1156 3351 legis.
1192 3285 1308 3356 pliciter,
1320 3282 1401 3340 Aliud
1411 3285 1476 3340 item
1491 3282 1647 3355 exemplum
1657 3298 1689 3340 ex
1700 3283 1825 3339 Navarra
1839 3290 1998 3354 sumptum,

357 3375 397 3430 ιιι
417 3371 488 3428 enim
507 3367 682 3444 intelligenda
700 3377 744 3427 est
765 3369 879 3427 assertio
900 3370 999 3441 posita,
1015 3372 1047 3424 ut
1065 3381 1114 3438 per
1128 3382 1157 3423 se
1194 3375 1327 3430 siveram
1348 3380 1408 3437 est,
1424 3387 1477 3428 non
1499 3370 1630 3428 tundatur
1644 3373 1670 3429 in
1690 3372 1805 3445 epiilda,
1820 3371 1908 3428 sedin
1930 3372 1998 3443 hec,

359 3467 485 3535 constat,
501 3475 564 3517 nam
578 3463 601 3516 si
621 3462 647 3516 in
668 3459 772 3516 virtute
791 3459 904 3516 alterius
924 3457 991 3529 legis
1012 3458 1058 3514 fiat
1077 3473 1158 3514 ence-
1193 3461 1268 3535 quod
1284 3461 1327 3518 lex
1345 3461 1389 3518 illa
1404 3459 1517 3518 lundata
1537 3467 1579 3517 cst
1593 3463 1619 3516 iu
1638 3463 1876 3534 praesumptione,
1891 3461 2000 3534 dequo

360 3552 428 3622 ptio,
441 3550 494 3608 iam
509 3550 630 3606 nouerit
643 3546 810 3620 epiilia,eed
825 3549 876 3605 ius.
886 3549 919 3604 Et
933 3547 971 3604 sic
986 3545 1159 3619 intelligenda
1193 3549 1317 3607 dicemus
1331 3550 1358 3605 in
1376 3555 1481 3620 puncto
1500 3550 1635 3622 sequenti.
1651 3549 1772 3622 Denique
1791 3549 1948 3620 exemplum
1968 3548 2001 3604 il-

361 3646 436 3712 suat,
452 3655 523 3713 quae
537 3644 639 3697 tractat
652 3639 736 3696 Folia.
753 3641 780 3695 in
794 3653 856 3710 cap.
870 3642 919 3694 Ec
931 3641 1026 3711 porte,
1045 3635 1079 3692 de
1092 3651 1160 3692 con·
1194 3638 1242 3695 lud
1255 3638 1289 3695 ιε
1311 3637 1483 3694 matrimonio
1504 3637 1561 3693 sine
1582 3639 1703 3709 parocho
1716 3644 1745 3696 et
1764 3638 1881 3696 testibus
1899 3640 2001 3710 proha·

361 3731 418 3785 stit.
433 3745 462 3784 n.
479 3733 508 3801 i,
525 3744 596 3785 vers.
610 3730 773 3802 recepistis.
786 3727 836 3784 Ubi
853 3727 907 3799 ait,
922 3727 1027 3782 ratione
1045 3722 1161 3796 periculi
1194 3728 1247 3785 bile
1265 3743 1319 3784 non
1339 3734 1397 3799 est,
1414 3727 1487 3783 unde
1505 3726 1660 3798 retorqueri
1680 3732 1771 3798 potest
1789 3724 2005 3799 argumentum,

362 3816 483 3874 validum
506 3832 566 3874 esse
590 3823 683 3874 actum
710 3821 806 3873 contra
830 3815 944 3872 formam
972 3812 1108 3886 mandati,
1133 3813 1160 3868 in
1195 3815 1300 3892 quinia
1325 3814 1371 3871 illo
1385 3830 1453 3872 casu
1472 3830 1524 3873 noo
1540 3815 1613 3871 valet
1626 3815 1828 3872 matrimonium
1842 3822 1943 3872 contra
1962 3815 2002 3873 le·

362 3907 507 3964 omissione
521 3905 637 3979 consilii,
653 3907 688 3962 ita
702 3909 772 3963 enim
788 3905 812 3960 in
827 3905 886 3961 iure
901 3903 1045 3960 lundalum
1059 3909 1118 3974 cel,
1134 3903 1159 3958 in
1196 3922 1257 3980 gem
1277 3904 1440 3975 irritantem,
1455 3910 1486 3960 ut
1507 3911 1582 3961 recte
1597 3907 1683 3960 sensit
1695 3906 1810 3962 Navarr.
1825 3907 1852 3961 in
1872 3921 1953 3962 cons.
1971 3911 1999 3964 6.

362 4011 426 4069 cap.
442 3997 517 4053 unic.
532 3995 546 4064 ι
560 3995 657 4052 ιιι-ιε
672 3995 730 4051 εει.
743 4009 840 4052 eacan.
854 3995 879 4050 in
897 3997 923 4051 6.
939 3994 974 4050 ιιι
988 3991 1021 4049 ιι
1035 3992 1160 4050 eumdem
1196 3995 1229 4052 de
1249 3993 1411 4051 ειεειεειιε.
1426 3991 1540 4066 despon.
1556 3993 1669 4067 diceus,
1683 3996 1709 4050 io
1730 3994 1807 4052 nullo
1827 4009 1895 4052 casu
1916 4011 2002 4067 posse

364 4086 477 4144 modum
491 4093 557 4142 sunt
571 4085 672 4142 similes
684 4086 858 4156 exceptiones
872 4082 1068 4140 admittendae.
1196 4082 1289 4140 recedi
1300 4097 1315 4138 a
1325 4083 1413 4139 lorma
1422 4081 1544 4155 concilii,
1558 4089 1615 4138 ium
1626 4084 1692 4156 quin
1704 4084 1786 4140 rerba
1796 4084 1855 4140 eius
1869 4099 2002 4156 expressa

402 4181 430 4235 ι.
446 4176 481 4232 Et
495 4175 531 4231 ita
545 4189 707 4244 responsum
720 4181 763 4231 est
776 4174 810 4230 ad
828 4175 961 4229 radonem
976 4168 1117 4228 dubitandi
1136 4172 1162 4226 in
1196 4179 1225 4230 et
1238 4172 1361 4244 praecisa
1375 4177 1451 4244 sunt,
1463 4179 1521 4228 turn
1537 4173 1602 4244 quia
1617 4172 1639 4227 si
1652 4171 1764 4229 daretur
1778 4173 1888 4230 licentia
1900 4175 1928 4229 in
1944 4191 2001 4232 uno

364 4266 499 4340 principio
514 4263 596 4320 huius
607 4263 701 4334 puncti
716 4265 847 4336 positam,
859 4269 977 4336 negatur
987 4261 1056 4318 eninr
1070 4265 1165 4337 aequi·
1197 4277 1280 4334 casu,
1297 4261 1398 4318 ostium
1418 4262 1571 4332 aperiretur
1591 4260 1624 4317 ad
1646 4261 1731 4332 alios,
1752 4262 1827 4335 quod
1848 4270 1923 4319 esset
1944 4280 2005 4320 ma-

363 4357 469 4429 paratio
478 4351 795 4426 interprohibiu'onemet
804 4339 1060 4425 imitationemquia
1072 4351 1165 4423 prohi-
1196 4367 1283 4427 gnum
1294 4349 1498 4406 incommodum
1510 4355 1608 4407 contra
1623 4353 1676 4407 vim
1688 4357 1715 4406 ει
1729 4351 1906 4408 intentionem
1918 4351 1999 4425 legis.

364 4443 431 4502 hitio
445 4447 545 4499 natura
558 4457 608 4499 sua
627 4441 746 4499 admittit
759 4441 962 4499 excusationem
978 4441 1020 4498 vel
1039 4442 1164 4515 ignoran-
1196 4443 1271 4511 Quae
1285 4439 1353 4496 ratio
1368 4439 1394 4495 iu
1413 4439 1500 4512 gradu
1515 4455 1566 4496 suo
1581 4441 1608 4495 in
1624 4435 1751 4496 omdihus
1765 4438 1871 4513 legibus
1892 4439 2001 4497 irritan-

365 4534 434 4606 ιιιε,
449 4533 492 4590 ael
506 4531 616 4590 moralis
630 4531 819 4604 impotentiae,
835 4537 861 4588 et
873 4530 934 4588 ideo
949 4532 974 4586 in
988 4546 1056 4587 casu
1071 4530 1165 4587 morali
1199 4532 1274 4589 tihm
1291 4529 1385 4587 locum
1398 4528 1490 4585 habel.
1505 4527 1578 4586 ldem
1594 4529 1646 4587 late
1665 4528 1746 4587 docet
1759 4531 1840 4587 Sanc.
1855 4529 1902 4588 lib.
1917 4535 1946 4589 3.
1962 4530 1998 4588 ιε

364 4623 521 4695 irequeuter
532 4629 637 4693 cessat,
654 4637 715 4677 nam
730 4621 766 4691 lsi
780 4621 842 4694 quis
855 4626 930 4678 recte
943 4619 1112 4694 consideret)
1126 4621 1164 4676 ie·
1199 4622 1333 4679 matrim.
1345 4617 1415 4691 disp.
1433 4619 1478 4690 ii,
1492 4634 1521 4674 n.
1535 4622 1562 4676 ι.

356 4727 397 4784 ,ιε
412 4712 439 4767 in
453 4711 526 4767 omni
540 4710 762 4782 interpretatione
772 4711 839 4783 legis
853 4725 902 4782 per
915 4709 1039 4782 epiihiam
1056 4709 1166 4766 moralis

319 4819 325 4830 ·
366 4799 500 4874 quaedam
512 4801 670 4872 impotentia
681 4798 954 4856 intervenitlrritatio
966 4813 1029 4854 rero
1041 4814 1093 4854 aon
1104 4795 1165 4854 luo-

368 4889 450 4946 datur
469 4890 496 4944 in
516 4887 697 4960 obligatione,
720 4903 772 4944 nee
790 4886 905 4961 requirit
924 4886 1108 4959 volcentatem,
1124 4886 1167 4944 rel

368 4984 530 5051 potestatem
552 4976 669 5046 subditi,
684 4976 731 5033 εει
751 4977 842 5050 potius
863 4976 969 5034 inducit
982 4977 1166 5049 impetendam

369 5066 528 5140 quamdam,
537 5065 579 5122 rel
593 5063 788 5123 inhabilitatem
802 5068 829 5123 in
845 5065 966 5139 illo,ipso
980 5067 1060 5124 etiam
1070 5065 1165 5139 ina-ito,

370 5171 441 5229 quae
461 5171 509 5229 per
533 5153 619 5214 solam
641 5156 848 5216 excusationem
870 5154 971 5216 aulerri
990 5171 1045 5214 nou
1063 5161 1163 5228 potest.
