4190 6234
333 407 376 473 36
469 359 472 364 ¹
1038 425 1139 476 tmen
1153 425 1187 474 v.

295 555 389 609 tenore
400 594 407 622 ,
420 555 449 608 et
458 548 560 609 eisdem
574 550 675 628 verbis,
687 549 788 625 quibus
802 549 1092 622 excommunicantur,
1130 549 1236 622 tialem,
1252 563 1336 624 quern
1349 548 1433 607 rciart
1445 550 1560 608 Navarr.
1576 563 1639 623 cap.
1656 553 1703 622 23,
1718 563 1796 607 num.
1816 551 1881 621 iio,
1898 555 1934 605 et

296 639 349 698 boc
365 639 459 713 modo,
476 644 809 709 emcommunicoiionis,
826 647 854 698 ct
866 639 1059 716 depositionis
1072 655 1095 697 a
1124 637 1273 714 concedit,
1289 641 1316 697 in
1334 655 1367 696 eo
1383 655 1451 698 casu
1466 639 1592 696 contrahi
1606 639 1678 696 hanc
1693 655 1810 712 poenam
1823 639 1938 708 statim3

295 729 452 804 diquiiutc,
466 731 587 797 bonore,
604 729 717 800 ordine,
734 729 841 804 officio,
858 733 887 786 et
899 728 1036 800 beneficio
1048 731 1094 786 tn·
1129 735 1158 788 et
1171 732 1266 803 sentit,
1279 729 1367 804 legem
1380 727 1453 787 illam
1468 727 1589 802 obligare
1603 729 1637 786 ad
1648 727 1836 787 renuncianda
1846 728 1940 786 bene-

295 824 402 878 corrui
418 821 578 878 secuntias
590 819 801 896 ipsosocio.Et
812 825 957 894 praeterea
971 818 1092 877 additur:
1129 819 1191 876 licie
1214 828 1277 876 ante
1301 833 1409 876 ornnem
1434 819 1613 891 sententiam,
1633 819 1698 892 quie
1711 818 1835 876 Pontifex
1851 815 1939 874 dicit:

296 913 337 968 El
350 908 409 968 illo
426 907 516 966 libere
530 907 601 967 ollis
611 925 667 984 per
679 909 762 983 illos,
779 908 821 968 od
833 925 905 984 quos
919 925 1021 967 eorum
1035 907 1097 966 eoi·
1129 911 1335 967 Praesentibus
1354 912 1534 968 auctoritate
1551 911 1719 984 privamus.
1739 909 1799 982 Ego
1817 923 1885 965 raro
1907 907 1943 963 in

294 997 371 1056 latio
388 1001 530 1074 pertinet,
553 996 758 1072 conserantur.
774 1000 824 1058 Ubi
838 1001 922 1056 etiam
936 1005 979 1056 est
993 998 1095 1071 ponde·
1130 1005 1205 1056 tomo
1218 1000 1239 1056 1.
1256 999 1289 1056 de
1303 997 1382 1072 relig.
1398 997 1444 1056 lib.
1461 1003 1488 1058 l.
1505 996 1540 1056 de
1554 1000 1652 1056 simon.
1666 998 1756 1071 eapite
1768 1003 1815 1058 lt.
1826 999 1853 1055 in
1866 998 1941 1069 line,

267 1122 272 1138 .
296 1087 437 1144 nanda-illa
448 1087 582 1159 particula
596 1085 693 1158 libere,
707 1104 777 1162 quac
789 1087 901 1160 iudicat,
910 1087 1040 1146 beneficia
1051 1086 1096 1145 illa
1130 1089 1238 1155 censui,
1250 1104 1365 1162 poenam
1380 1089 1454 1146 illarn
1466 1104 1519 1144 non
1531 1090 1566 1146 itn
1577 1089 1682 1146 incurri
1693 1095 1755 1146 ante
1767 1087 1941 1146 renuntiem

249 1180 252 1184 '
296 1193 396 1234 vacare
410 1177 467 1249 ipso
482 1176 567 1248 iacto,
579 1183 608 1234 et
620 1176 681 1236 ideo
693 1193 774 1249 posse
786 1178 844 1235 aliis
855 1177 980 1234 conterre
994 1177 1092 1245 libere,
1130 1176 1341 1236 declaratoriam
1360 1178 1498 1251 criminis,
1514 1185 1546 1235 ut
1560 1183 1677 1251 cogatur
1689 1179 1753 1252 quis
1768 1193 1796 1234 se
1810 1177 1940 1250 spoliare

297 1265 324 1323 id
345 1272 388 1323 est
409 1272 583 1346 nonuocato
605 1282 781 1340 possessore,
801 1283 853 1325 nec
867 1266 1102 1342 [admiscentque
1132 1268 1278 1341 beneficio,
1299 1274 1347 1327 aut
1366 1268 1504 1326 fructibus
1524 1275 1619 1340 postea
1637 1267 1790 1340 perceptis,
1806 1269 1875 1341 quia
1890 1267 1945 1325 illa

297 1359 474 1429 exceptione,
496 1361 527 1414 ut
540 1357 653 1416 Glossae
666 1340 823 1430 exponunt:
840 1364 869 1415 et
891 1358 928 1414 ita
943 1357 1029 1414 utitur
1044 1357 1097 1415 boc
1131 1360 1217 1419 verba
1232 1361 1485 1417 tantumcontincnt
1493 1359 1655 1416 sententiam
1664 1357 1938 1427 condemnatoriam,

279 1448 421 1520 -exemplo
436 1446 564 1505 Corduba
577 1445 605 1504 d.
621 1464 651 1521 q.
667 1447 917 1506 esternacensi
932 1447 1098 1506 licetexem⁵
1132 1457 1160 1508 et
1178 1450 1350 1524 aequivalent
1363 1447 1532 1522 simplicibus
1547 1448 1636 1506 verbis
1650 1447 1818 1523 ipsosucto,
1835 1455 1864 1504 et
1879 1463 1944 1503 non

297 1539 373 1612 plum
394 1539 439 1595 vix
459 1538 546 1610 possit
567 1537 600 1595 ad
620 1538 724 1610 praxim
739 1535 845 1607 reduci,
860 1538 936 1594 iuxta
951 1536 1007 1608 illa,
1024 1553 1096 1611 quae
1133 1538 1242 1596 additur
1262 1553 1391 1610 expresse
1412 1539 1547 1610 particula
1566 1538 1717 1596 excludens
1737 1538 1939 1595 necessitatem

298 1629 331 1686 de
345 1627 391 1685 illo
406 1627 508 1685 delicto
523 1626 641 1684 diximus
654 1629 681 1683 in
699 1631 725 1683 5.
742 1632 809 1688 torn.
826 1625 896 1698 disp.
913 1629 961 1697 23,
977 1633 1047 1683 sect.
1065 1631 1092 1698 5,
1134 1629 1281 1686 sententiae
1296 1629 1508 1700 declaratoriac3
1528 1637 1556 1686 et
1571 1629 1607 1686 ite
1621 1629 1776 1700 exemplum
1791 1627 1843 1685 lroc
1859 1628 1944 1685 vidc-

297 1733 375 1775 num.
393 1721 446 1790 ⁴63
463 1717 635 1796 nibilominus
655 1723 688 1773 ut
708 1717 762 1773 vim
777 1716 873 1773 talium
889 1716 1035 1773 verborum
1049 1730 1097 1772 cx·
1134 1726 1181 1777 tur
1194 1720 1281 1792 magis
1295 1719 1431 1790 pertinere
1445 1718 1479 1775 ad
1492 1718 1614 1790 proxime
1628 1707 1837 1791 praecedentem
1852 1734 1944 1790 regu-

299 1809 444 1880 plicomus,
462 1822 492 1864 rc
507 1822 570 1864 vera
585 1804 653 1863 illud
667 1805 822 1878 exemplum
837 1806 924 1878 magis
939 1804 972 1862 ad
986 1820 1098 1877 pracce-
1134 1809 1200 1878 lam,
1212 1824 1295 1882 quam
1312 1807 1346 1864 ad
1360 1808 1629 1880 praesentemllunc
1640 1823 1705 1864 vero
1717 1809 1849 1864 attentius
1863 1822 1941 1863 con·

299 1897 410 1954 dentem
425 1896 550 1969 regulam
565 1895 685 1966 coniert,
697 1910 780 1968 quani
793 1895 827 1952 ad
838 1895 1098 1967 praesentemque
1134 1897 1277 1956 siderando
1291 1897 1397 1954 initium
1410 1897 1482 1954 iliius
1497 1896 1638 1954 clausulae
1657 1896 1691 1954 de
1706 1896 1751 1954 iila
1764 1897 1942 1954 resolutione

298 1988 337 2044 ibi
350 2002 408 2064 non
418 1986 536 2044 insertur
551 1984 667 2058 privatio
681 1983 803 2041 benciicii
818 1989 879 2040 aute
893 1982 994 2040 iudicis
1005 1983 1097 2041 decla·
1134 1987 1261 2046 dubitare
1273 1986 1750 2061 coepi.PraemisaratcnimPontifex
1761 1984 1856 2059 piures
1867 2001 1945 2043 ceu·

298 2076 431 2133 rabonem
443 2075 475 2132 de
486 2073 598 2140 delict03
611 2076 675 2147 quia
687 2074 712 2129 in
725 2079 803 2132 textu
816 2075 874 2145 ipso
885 2089 1015 2145 expresse
1026 2072 1099 2130 eddi·
1134 2079 1223 2134 tiones
1241 2084 1269 2134 et
1289 2077 1526 2150 circumstantias,
1547 2076 1647 2150 quibus
1665 2076 1745 2133 iacile
1764 2073 1941 2132 concederet

300 2173 362 2223 tur:
378 2166 544 2236 Postquam
554 2160 757 2239 probabilibus
768 2165 932 2220 constiterit
942 2177 1101 2235 orqumen·
1136 2168 1207 2224 viam
1220 2166 1254 2223 ad
1268 2165 1441 2238 probandum
1456 2166 1481 2222 in
1493 2165 1592 2224 iudicio
1604 2167 1657 2223 hoc
1671 2165 1814 2238 delictum,
1827 2165 1938 2222 etiamsi

301 2258 353 2322 iis,
377 2251 511 2326 aliquem
531 2258 596 2311 tom
610 2249 779 2310 execrabile
797 2251 891 2309 aceias
906 2253 1099 2314 commisisse.
1137 2272 1233 2329 magna
1242 2256 1350 2313 cautela
1361 2262 1390 2314 ct
1405 2255 1584 2313 sollicitudine
1595 2272 1611 2313 a
1621 2256 1823 2330 deliquentibus
1837 2256 1941 2313 occul·

302 2359 358 2400 nost
379 2357 440 2399 csse
454 2341 638 2399 necessariam
652 2342 732 2399 aliam
744 2343 917 2415 sententiam3
933 2357 999 2415 ergo
1013 2341 1047 2398 ad
1062 2341 1102 2397 in·
1135 2353 1288 2416 teretur‚et
1302 2346 1397 2403 deinde
1408 2346 1557 2420 subiungit:
1567 2345 1627 2404 Sed
1638 2363 1673 2404 oe
1683 2349 1843 2421 quisquam
1853 2361 1944 2403 vanu

303 2432 470 2490 currendam
491 2435 612 2504 priorem
635 2447 769 2505 poenam,
789 2437 818 2488 et
832 2437 864 2487 ut
876 2430 1005 2488 beneficia
1019 2429 1101 2486 libere
1128 2434 1249 2508 fiducia
1263 2432 1365 2508 fretus
1383 2452 1443 2492 non
1459 2434 1634 2494 intendendi
1648 2441 1753 2493 contra
1767 2452 1798 2492 se
1812 2433 1935 2502 iudicii,

302 2523 410 2596 possint
429 2521 567 2594 conferri,
587 2536 699 2578 necesse
713 2527 772 2593 cst,
793 2526 826 2577 ut
847 2520 922 2591 prius
940 2518 974 2576 de
998 2517 1104 2576 scelere
1135 2529 1167 2583 tn
1180 2528 1304 2582 essentne
1317 2531 1495 2599 perseveret,
1517 2541 1617 2583 omncs
1634 2530 1662 2582 et
1676 2521 1818 2599 stropulos,
1833 2533 1890 2582 etc.
1908 2528 1942 2582 ln

303 2618 413 2670 constat
431 2610 615 2685 probabilibus
635 2611 813 2683 argumentis.
829 2608 907 2678 Quod
927 2611 1045 2666 maxime
1060 2609 1100 2664 vi·
1136 2616 1237 2689 quinus
1260 2615 1350 2672 vernis
1373 2622 1468 2687 aparte
1489 2613 1614 2673 declarat
1636 2615 1787 2683 Pontifex,
1812 2615 1941 2671 votuisse

303 2701 385 2760 detur
396 2699 724 2776 intelligendum‚deberc
735 2706 864 2758 constare
876 2700 1012 2772 iudici,ut
1022 2699 1103 2756 iudex
1137 2705 1246 2764 omnino
1260 2705 1442 2777 praecludere
1456 2707 1528 2763 viam
1538 2705 1714 2779 permanendi
1725 2705 1751 2761 in
1762 2703 1807 2762 tali
1821 2704 1942 2779 delicto,

304 2797 361 2862 est,
381 2807 413 2848 nu
432 2791 549 2848 subinde
567 2805 616 2864 par
639 2793 731 2864 ipsum
745 2789 845 2847 debere
864 2788 1008 2846 declarari.
1024 2789 1103 2857 Quod
1137 2795 1178 2852 vel
1199 2794 1387 2856 committendi
1405 2795 1472 2854 illud
1491 2794 1775 2872 speysubteriugiendi
1789 2793 1939 2867 iudicium,

304 2881 386 2938 sentit
397 2880 480 2938 Felin.
497 2882 523 2937 in
537 2897 599 2954 cap.
612 2887 640 2940 2.
656 2879 690 2938 de
704 2880 754 2937 fide
767 2882 943 2938 instrument.
960 2896 987 2935 n.
1007 2884 1034 2938 9.
1048 2879 1103 2936 ad·
1137 2891 1165 2942 ct
1177 2891 1379 2959 consequenter
1393 2901 1510 2958 poenas,
1529 2892 1558 2942 et
1571 2885 1631 2943 ideo
1646 2888 1777 2944 statuisse
1792 2883 1840 2942 tali
1854 2885 1942 2942 modo

304 2971 345 3028 dit
363 2978 452 3028 tamen
471 2971 600 3030 sufficere
621 2970 655 3028 ed
674 2971 727 3028 hoc
747 2970 945 3028 declarandum
959 2968 1103 3026 vehemen·
1138 2975 1301 3032 omnesillas
1313 2973 1942 3048 poenas,utadillarumciicctumpienecon·

305 3067 360 3118 tem
374 3063 625 3134 praesumptionem
637 3076 671 3119 ex
681 3059 787 3117 indiciis
801 3066 828 3117 et
841 3059 1019 3130 coniecturis,
1032 3075 1105 3134 quac
1139 3051 1302 3121 trahendum
1313 3064 1420 3121 nullum
1432 3064 1563 3121 iudicium
1575 3066 1762 3122 necessarium
1774 3067 1822 3136 sit,
1831 3071 1859 3121 et
1871 3080 1942 3121 con-

305 3166 364 3208 rem
388 3150 491 3209 iaciant
511 3151 650 3207 moraliter
673 3147 889 3206 indubitabilem.
909 3150 1006 3205 Posset
1023 3150 1104 3205 etiam
1139 3161 1285 3232 sequenter
1303 3169 1354 3212 nec
1372 3157 1502 3210 sententia
1527 3153 1716 3211 declaratoria.
1732 3155 1805 3227 Ergo
1826 3170 1859 3210 ne
1877 3154 1941 3210 iru-

306 3241 360 3298 hoc
373 3239 481 3297 extendi
496 3239 529 3296 ad
545 3241 668 3297 nobilem
683 3238 749 3295 iacti
763 3237 914 3311 publicem,
930 3238 967 3294 iia
982 3244 1013 3295 ut
1025 3237 1047 3294 si
1057 3237 1105 3294 da·
1140 3251 1244 3302 stretur
1255 3244 1364 3302 intentio
1376 3243 1559 3314 annunciem
1575 3243 1617 3302 lex
1629 3243 1673 3300 ille
1681 3245 1706 3300 in
1721 3243 1771 3301 trac
1786 3249 1948 3316 partcvane

306 3331 403 3388 lictum
419 3330 454 3388 sit
469 3329 507 3386 ita
521 3329 716 3401 publicum,ut
729 3327 805 3384 nulle
822 3327 1045 3400 tergiversatione
1060 3342 1106 3384 ce·
1139 3341 1167 3392 et
1180 3332 1281 3391 inutilis
1302 3330 1449 3404 reddatur,
1465 3349 1576 3391 necesse
1590 3339 1634 3390 est
1652 3333 1741 3398 lateri,
1757 3348 1859 3405 poenes
1873 3333 1939 3388 illas

307 3422 356 3478 lari
370 3421 470 3495 possit,
491 3435 587 3477 omnes
601 3419 663 3476 illoc
676 3433 779 3491 poenae
793 3419 819 3473 in
835 3423 898 3474 actu
911 3419 1103 3475 incurrantur.
1141 3411 1250 3480 omnino
1271 3423 1417 3494 contrahi,
1439 3429 1466 3478 et
1486 3420 1605 3494 obligare
1625 3428 1688 3480 ante
1709 3436 1817 3479 omnem
1838 3420 1939 3479 iudicis

305 3512 384 3579 Quod
399 3517 442 3567 cst
451 3509 590 3582 probabile
605 3510 701 3570 saltem
713 3505 804 3581 quood
816 3522 931 3580 poenam
942 3523 1106 3564 excommu·
1141 3513 1303 3570 sententiam
1318 3511 1538 3584 declaratoriam3
1552 3512 1615 3585 quia
1629 3511 1696 3568 baec
1710 3513 1792 3568 etiam
1806 3511 1945 3568 sententia

308 3601 461 3660 nicationis.
478 3601 654 3657 Contrarium
678 3612 744 3655 vero
764 3604 807 3654 est
827 3596 993 3668 probabilius
1014 3597 1106 3672 quoad
1141 3617 1194 3659 non
1215 3602 1303 3659 icrtur
1321 3603 1379 3656 siue
1394 3601 1489 3658 ordine
1502 3598 1662 3667 iudiciario,
1677 3608 1706 3657 ct
1719 3600 1859 3674 requisitis
1874 3616 1941 3671 pro·

308 3706 414 3762 omnes,
436 3690 501 3762 quin
520 3688 554 3746 dc
575 3687 700 3746 omnibus
722 3693 812 3745 textus
831 3687 965 3760 loquitur,
980 3695 1009 3744 et
1023 3687 1107 3745 verbe
1142 3690 1309 3749 bationibus.
1325 3691 1499 3762 Quapropter
1519 3691 1546 3744 in
1565 3691 1657 3763 rigore
1672 3689 1821 3763 loquendo,
1833 3695 1862 3748 ct
1874 3707 1940 3762 spa·

308 3780 353 3838 illa
372 3780 460 3851 magis
479 3779 590 3852 proprie
607 3784 635 3834 et
653 3777 772 3835 iuridice
787 3777 944 3834 reseruntur
959 3776 993 3833 ad
1008 3776 1107 3847 proba·
1141 3788 1215 3837 cteta
1230 3785 1319 3836 mente
1333 3777 1509 3852 legislatoris,
1524 3781 1562 3836 ita
1576 3779 1641 3835 mibi
1654 3777 1802 3836 dicendum
1816 3778 1943 3854 ridetur,

307 3869 407 3926 tionem
423 3865 516 3924 delicti
536 3868 563 3922 in
578 3865 690 3937 iudicio,
704 3872 733 3922 et
746 3881 801 3922 non
819 3872 884 3922 sunt
896 3865 1066 3922 extendenda
1079 3867 1107 3922 in
1140 3877 1169 3927 ct
1187 3867 1234 3926 ita'
1247 3868 1301 3925 boc
1320 3867 1444 3940 exemplo
1465 3874 1539 3925 recte
1557 3866 1710 3940 explicatur
1721 3869 1858 3940 posterior
1872 3885 1939 3940 pars

307 3957 366 4031 lege
390 3957 499 4029 odiosa,
520 3957 652 4028 maxime,
674 3957 739 4030 quia
759 3969 860 4027 poenae
880 3961 947 4012 sunt
965 3955 1066 4012 multae
1080 3961 1109 4012 ct
1141 3960 1222 4017 buius
1248 3959 1369 4031 regulae·
1385 3957 1529 4016 Probabile
1551 3965 1644 4015 autem
1665 3964 1718 4031 est,
1734 3971 1848 4031 poenam
1864 3959 1942 4017 illam

306 4047 500 4121 gravissimae,
523 4060 595 4118 queo
610 4045 707 4101 merito
722 4044 862 4116 requirent
877 4043 999 4101 notitiam
1012 4043 1108 4102 iuridi·
1142 4066 1196 4107 non
1210 4064 1271 4106 esse
1282 4051 1308 4104 in
1320 4048 1373 4105 boc
1385 4063 1467 4104 sensu
1479 4047 1666 4106 communiter
1680 4054 1866 4120 receptam,ct
1877 4047 1940 4105 ideo

307 4152 371 4195 uam
392 4133 492 4192 delicti.
507 4132 586 4192 Unde
606 4132 694 4191 obiter
714 4133 826 4190 adverto
847 4131 920 4190 duo:
945 4148 1031 4190 unum
1051 4139 1104 4206 esi,
1141 4138 1257 4197 fortasse
1277 4153 1337 4195 esse
1358 4137 1395 4194 illi
1416 4137 1579 4212 derogatum
1594 4137 1621 4193 in
1640 4136 1692 4196 hac
1707 4146 1783 4211 parte
1797 4153 1845 4210 per
1860 4153 1939 4196 com.

306 4226 383 4300 qtffld
400 4227 425 4281 {¹²
441 4223 487 4282 5¹¹⁰
501 4227 579 4281 textu
593 4239 628 4280 0¹
641 4225 669 4279 Vi
690 4221 798 4280 ῙῙῙΟΝΠ]
811 4223 999 4295 posteriorum
1012 4223 1107 4281 verbo·
1142 4243 1251 4287 munem
1267 4228 1508 4298 consuetudinem,
1518 4242 1590 4300 quae
1602 4227 1752 4285 tolerabilis
1764 4227 1881 4286 iudicari
1890 4243 1942 4302 po·

306 4331 370 4373 rum
384 4314 467 4371 etiam
479 4313 613 4370 sententia
624 4311 912 4370 excommunicationis
924 4328 978 4369 non
989 4312 1107 4370 incurri·
1141 4323 1205 4392 test,
1220 4319 1285 4392 quin
1300 4333 1329 4375 re
1343 4333 1408 4374 vera
1421 4332 1508 4389 poene
1522 4324 1566 4374 est
1580 4315 1657 4374 valde
1671 4318 1805 4390 rigorose.

307 4409 356 4462 tur
378 4409 442 4460 ante
462 4401 674 4460 declarationem
689 4399 789 4459 iudicis
803 4399 837 4459 de
851 4400 1052 4475 delicto‚-quod
1065 4409 1108 4460 est
1183 4413 1226 4468 13.
1243 4410 1357 4466 sextum
1375 4406 1530 4479 exemplum
1545 4406 1589 4464 hic
1608 4405 1679 4464 addo
1695 4423 1729 4466 ex
1742 4407 1858 4466 coneilio
1874 4411 1942 4468 trid.

307 4493 344 4551 ibi
359 4491 488 4565 speciale,
502 4493 567 4565 quia
580 4490 715 4562 particula
727 4487 885 4564 ipsosocto
894 4505 1024 4563 expresse
1039 4491 1107 4548 limi·
1141 4503 1297 4571 nesciae.
1306 4503 1348 4556 ta.
1357 4496 1391 4553 de
1403 4496 1512 4554 reiorrn.
1524 4495 1568 4554 ubi
1581 4497 1784 4556 examinatores
1798 4499 1945 4558 beneficio-

307 4589 383 4640 tatur
396 4597 445 4655 per
463 4583 615 4654 posteriora
626 4579 804 4638 verbaaliud
817 4579 960 4654 est,quod
969 4580 1036 4638 licet
1046 4597 1107 4638 rer·
1141 4587 1361 4660 rum,simoniam
1372 4587 1530 4644 in'examine
1541 4587 1893 4660 committentes,ridentur
1905 4593 1945 4648 ita

308 4673 343 4729 bn
360 4672 406 4728 illa
424 4671 521 4729 ultime
540 4685 594 4726 non
609 4668 784 4742 adderentur,
800 4670 975 4729 nibilominus
990 4673 1106 4743 privatio
1142 4678 1240 4749 privari
1254 4675 1389 4733 beneticiis
1401 4676 1477 4746 prius
1492 4675 1658 4746 obtentis,ut
1670 4676 1703 4733 ad
1718 4676 1765 4734 illis
1777 4676 1943 4739 dimittenda

307 4761 431 4819 beneficii
441 4776 495 4817 non
507 4757 697 4818 incurreretur
706 4765 769 4816 ante
779 4761 939 4817 senentiam
951 4777 984 4819 ex
996 4763 1021 4819 ri
1033 4762 1105 4834 prio·
1143 4769 1235 4825 stetim
1251 4767 1277 4822 in
1291 4765 1461 4823 conscientia
1475 4764 1641 4839 obligentur,
1657 4767 1723 4839 quia
1737 4766 1773 4823 ibi
1784 4765 1896 4842 dicitur,
1910 4775 1943 4826 nt

308 4864 372 4908 rum
383 4849 542 4924 vorborum,
551 4851 615 4924 quia
624 4849 739 4907 ueritum
753 4851 817 4923 ipso
824 4848 912 4924 sacto
925 4867 978 4908 non
991 4851 1103 4928 sufficit,
1142 4855 1243 4913 absolvi
1258 4871 1311 4911 non
1326 4854 1432 4925 possint
1446 4869 1460 4909 a
1475 4860 1591 4925 peccato
1605 4850 1745 4928 simonias,
1761 4858 1822 4912 nist
1835 4855 1941 4914 dimis-

308 4947 337 4997 et
348 4938 416 4998 illud
430 4937 520 4997 libere
534 4937 708 5011 coqserotur
722 4939 839 5012 requirit
861 4947 954 5000 actum
974 4940 1102 5010 hominis,
1140 4947 1180 5001 sis
1194 4943 1357 5017 beneficiis,
1374 4933 1450 5016 quoe
1464 4941 1734 5018 quomodocumque
1754 4951 1847 5002 anteo
1866 4946 1941 5004 obti-

307 5035 336 5086 et
356 5035 558 5102 consequenter
578 5027 702 5093 debitum
722 5025 844 5085 ordinem
862 5043 912 5100 per
930 5031 1102 5104 sententiam,
1139 5032 1265 5095 mount:
1285 5032 1321 5088 ibi
1340 5033 1411 5088 enirn
1427 5040 1521 5103 aparte
1535 5031 1642 5091 ridetur
1655 5034 1891 5107 loquiconcilium
1905 5037 1939 5095 de

308 5119 405 5177 saltem
419 5117 628 5176 declaratoriam
643 5117 776 5174 criminis.
1139 5122 1309 5180 absolutione
1328 5121 1440 5194 aoulpa
1458 5125 1484 5179 in
1504 5123 1563 5180 loro
1577 5125 1783 5198 sacramentali3
1802 5133 1862 5182 turn
1877 5129 1942 5200 quie

349 5212 393 5267 la.
409 5209 539 5276 Quintum
555 5206 709 5279 exemplum
725 5208 798 5262 sumi
812 5206 882 5265 solet
900 5223 933 5265 ex
948 5215 1024 5266 motu
1039 5226 1103 5284 pro·
1139 5214 1259 5286 loquitur
1272 5211 1305 5268 de
1321 5211 1493 5270 absolutione
1509 5227 1525 5268 a
1539 5211 1600 5267 vitio
1614 5215 1758 5286 simoniae,
1776 5229 1830 5272 non
1845 5230 1860 5272 a
1875 5233 1942 5275 cen·

308 5300 367 5372 prio
381 5298 418 5357 Pii
428 5299 471 5358 lv.
485 5305 585 5358 contra
595 5298 798 5356 committentes·
807 5291 951 5357 simoniam
962 5299 1102 5365 conliden-
1138 5318 1217 5375 ουτος
1241 5310 1301 5361 tum
1321 5303 1406 5360 ctiam
1420 5301 1485 5377 quia
1503 5301 1525 5359 si
1547 5300 1707 5375 loqueretur
1719 5301 1753 5361 de
1767 5303 1940 5365 absolutione
