4294 6238
373 323 435 384 312
1074 335 1252 384 ιιιιιιιιιιι.

374 467 400 520 3.
417 462 535 520 adverto
549 470 656 534 aulem,
673 461 825 518 seeundum
840 461 882 516 ius
903 467 1010 531 tempus
1024 459 1132 532 longae·
1167 460 1236 517 ratio
1255 457 1435 531 praesentiae,
1453 458 1493 515 vel
1514 459 1650 516 absentiae
1670 457 1799 531 principis
1824 457 1970 523 habeatur,

330 569 395 610 vum
410 567 464 607 uon
479 566 539 608 esse
555 567 640 606 unum
656 556 777 621 tantum,
798 549 844 605 sed
864 565 924 606 esse
938 549 1032 605 decem
1048 539 1144 605 enno?
1169 557 1200 606 ut
1214 564 1308 604 omnes
1326 548 1456 604 fatentur.
1473 549 1538 604 ilico
1552 555 1643 604 aulem
1663 547 1696 604 nd
1716 545 1969 620 praescribendum,

329 657 392 699 rum
408 642 477 696 inter
496 645 670 711 praesentes,
690 646 717 694 el
737 639 829 712 viginti
842 640 912 695 inter
927 639 1090 707 absentes,l
1106 640 1128 692 l.
1168 640 1247 711 quia,
1264 644 1293 694 nt
1306 639 1376 694 infra
1389 638 1490 707 dicem,
1505 637 1539 695 ad
1553 637 1618 693 alios
1634 636 1746 694 allectus
1763 633 1971 692 consuetudinis

302 733 306 746 '
329 732 418 788 lustit.
435 729 468 786 de
483 745 599 798 usucap.
615 734 643 785 et
663 727 837 786 nibilominus
851 728 979 783 doctores
1000 725 1131 799 allegatos
1167 729 1221 782 nnn
1234 729 1417 798 praescriptae
1430 727 1547 785 multum
1562 727 1663 784 referre
1675 733 1767 798 potest
1780 726 1914 792 absentia,
1926 723 1970 780 rel

329 837 383 877 non
409 819 495 876 facere
518 816 718 874 distinctionem
732 818 758 872 ιιι
774 816 825 873 ιιι
839 811 1037 872 cousuetudine
1054 829 1133 885 prae·
1168 817 1322 889 praesentia
1344 818 1491 890 principis,
1514 833 1567 872 non
1589 819 1694 874 ratione
1715 817 1774 887 sui,
1796 816 1845 872 sed
1865 815 1972 871 ratione

329 912 434 982 scripta
459 907 527 963 inter
546 907 688 978 absentes,
705 905 746 960 vel
762 912 935 977 praesentes,
963 910 994 960 ut
1011 903 1044 961 ad
1061 902 1133 959 illam
1170 907 1318 978 scientiae,
1340 922 1411 979 quae
1436 906 1540 963 facilior
1563 912 1591 962 et
1611 906 1712 962 certior
1734 903 1920 978 praesumitur
1943 905 1972 958 in

329 998 421 1070 viginti
439 1011 524 1053 annos
544 996 701 1068 requirant,
723 994 757 1051 ad
778 995 847 1050 hanc
868 1010 933 1050 vero
949 993 1063 1068 decem,
1084 991 1132 1048 sed
1168 996 1341 1068 praesentia,
1356 1012 1438 1069 quam
1461 999 1486 1051 in
1509 994 1640 1052 absentia.
1655 997 1745 1051 Tertio·
1768 994 1829 1050 hinc
1851 995 1973 1049 sumitur

329 1088 454 1144 absolute
477 1093 582 1142 tautum
603 1083 699 1141 decem
720 1100 803 1141 annos
818 1083 968 1156 postulare.
985 1083 1041 1144 lmo
1056 1083 1129 1138 Bari.
1167 1086 1267 1157 optima
1281 1085 1364 1156 ratio,
1377 1088 1441 1158 quie
1455 1087 1480 1141 in
1497 1086 1548 1142 bac
1562 1084 1830 1150 eonsuetudincnon
1846 1082 1972 1154 postula-

330 1177 358 1232 ιιι
372 1175 445 1232 diota
460 1177 567 1246 repetit.
583 1174 602 1230 l.
619 1172 655 1230 de
670 1173 784 1246 qulbus,
803 1191 829 1228 n.
851 1177 894 1242 ll,
909 1187 1038 1244 expresse
1053 1171 1130 1241 dicit,
1168 1181 1221 1245 tur,
1235 1175 1309 1246 qnod
1322 1175 1357 1230 sit
1369 1176 1536 1246 praescripta
1547 1181 1673 1246 respectu
1688 1175 1828 1246 principis,
1840 1173 1889 1228 nisi
1902 1187 1972 1245 qua·

331 1265 357 1320 in
374 1265 511 1336 praesenti
533 1277 585 1319 non
601 1278 661 1319 esse
676 1262 824 1318 faciendam
839 1262 1053 1329 distinctionem,
1070 1261 1132 1332 quia
1167 1268 1248 1318 tenus
1262 1265 1382 1335 ignorat,
1396 1263 1437 1319 val
1449 1265 1575 1335 ignorare
1586 1279 1666 1336 posse
1678 1263 1839 1336 supponitur
1851 1277 1971 1318 consue·

246 1361 251 1366 '
331 1352 397 1410 illud
417 1352 583 1422 membrum,
605 1353 651 1421 att,
665 1354 743 1407 teter
756 1351 890 1408 absentes
899 1351 947 1407 liic
961 1366 1019 1405 uon
1033 1348 1125 1412 cadit,
1166 1351 1301 1422 tudinem,
1317 1367 1382 1424 ergo
1398 1346 1431 1407 ad
1447 1353 1517 1408 benc
1533 1351 1771 1421 consuetudinem,
1788 1357 1818 1407 ut
1831 1351 1972 1422 praescri·

329 1459 399 1499 cem
411 1440 542 1516 populns
556 1456 669 1514 semiper
683 1445 722 1496 stt
735 1456 889 1515 praesens,
906 1442 1025 1496 etiamsi
1038 1436 1132 1510 aliqui
1167 1442 1246 1498 batur
1262 1449 1348 1510 tanto,
1363 1441 1403 1497 vel
1420 1448 1494 1498 tanto
1510 1450 1645 1514 tempore,
1659 1441 1722 1497 nihil
1734 1441 1817 1497 refert
1832 1440 1970 1510 absentia,

329 1530 366 1589 dc
377 1529 489 1607 populo
503 1533 562 1586 sint
575 1530 717 1588 absentes.
733 1532 762 1587 ln
778 1530 878 1602 quibus
893 1530 981 1585 verbis
996 1529 1127 1585 rationem
1167 1529 1207 1586 rel
1224 1533 1377 1602 praesentia
1393 1531 1531 1602 principis;
1546 1547 1609 1586 nam
1624 1533 1647 1587 si
1660 1533 1717 1602 ipse
1732 1532 1802 1585 sciat
1817 1535 1972 1585 consuetu·

329 1621 400 1677 banc
421 1619 533 1693 indicat,
548 1621 612 1692 qula
633 1619 699 1676 baec
711 1618 882 1676 consuetudo
898 1636 950 1675 non
966 1617 1132 1691 praescribi·
1165 1618 1268 1690 dinem,
1282 1622 1339 1674 sire
1356 1620 1392 1677 sit
1405 1619 1514 1691 absens,
1525 1619 1582 1675 sire
1596 1634 1737 1691 praesens,
1750 1634 1803 1674 non
1816 1625 1858 1674 est
1872 1633 1971 1673 neces·

330 1719 376 1768 tur
391 1714 488 1765 contra
500 1715 657 1780 extraneos,
675 1706 722 1765 sed
737 1708 805 1765 inter
820 1709 949 1779 ipsosmet
963 1709 1037 1762 cives
1053 1705 1131 1762 indu·
1166 1711 1236 1766 saria
1250 1711 1440 1782 praescriptio,
1456 1716 1486 1766 ut
1501 1709 1568 1766 infra
1584 1709 1684 1766 dicam.
1694 1709 1722 1764 Si
1737 1715 1829 1764 autem
1847 1709 1969 1779 ignoret,

329 1801 414 1870 citur,
429 1813 501 1871 quos
516 1812 629 1855 necesse
644 1804 687 1853 est
702 1796 796 1853 saltem
811 1813 859 1869 pro
874 1797 967 1853 maiori
982 1802 1058 1868 parte
1071 1811 1132 1852 esse
1165 1815 1262 1871 parram
1279 1798 1376 1870 refert,
1392 1799 1465 1872 quod
1481 1799 1514 1854 sit
1528 1814 1672 1870 praesens,
1689 1799 1752 1869 quia
1767 1796 1829 1853 licet
1850 1811 1970 1867 corpore

328 1895 507 1959 praesentes,
529 1903 593 1943 oum
614 1885 729 1942 debeant
748 1900 808 1942 esse
828 1886 930 1943 conscii
951 1883 1129 1941 consuetudi·
1165 1890 1201 1944 sit
1215 1903 1355 1959 praesens,
1368 1888 1457 1944 auimo
1470 1895 1511 1943 est
1521 1888 1628 1958 absens,
1642 1895 1670 1944 et
1683 1885 1742 1944 ideo
1753 1893 1808 1942 tam
1824 1886 1879 1942 cito
1891 1899 1971 1956 pree·

329 1977 390 2050 nis,
416 1983 446 2034 ιιι
460 1979 553 2049 'supra
571 1974 677 2032 dictum
696 1981 749 2032 est.
765 1975 903 2031 consentit
916 1973 1062 2046 Gregorius
1078 1973 1131 2028 Lo·
1166 1977 1295 2034 scribitur
1307 1983 1405 2034 contra
1419 1976 1570 2048 absentem,
1584 1977 1658 2032 sicut
1671 1982 1768 2032 contra
1783 1975 1969 2047 ignorantem,

328 2083 378 2138 pez
391 2069 416 2122 in
436 2067 481 2123 lib.
495 2071 521 2137 5,
538 2065 577 2121 tit.
591 2069 624 2136 2,
640 2067 733 2136 partit.
751 2064 877 2138 l„Gloss.
891 2067 919 2136 l,
934 2070 963 2120 et
976 2065 1081 2134 Burgos
1095 2062 1130 2118 de
1166 2066 1230 2138 quie
1245 2074 1362 2138 uterque
1377 2072 1419 2121 est
1434 2064 1542 2121 absens.

328 2157 380 2212 Paz
401 2157 427 2212 in
445 2156 463 2213 l.
482 2159 504 2212 l.
526 2156 633 2214 Ten-rt.
651 2170 678 2209 n.
691 2155 758 2212 aot.
776 2154 829 2210 Sed
843 2153 912 2209 ratio
928 2152 972 2208 illa
987 2166 1039 2208 non
1055 2151 1129 2206 vide·
1205 2159 1232 2212 6.
1249 2156 1343 2212 lticas:
1362 2155 1396 2212 da
1417 2155 1538 2226 principe
1553 2162 1694 2227 praesente
1709 2156 1912 2227 praesumitur,
1931 2151 1970 2208 fa-

329 2250 376 2300 tur
392 2242 561 2312 satisfacere,
571 2243 635 2313 quia
646 2257 730 2313 supra
744 2239 1045 2314 disi,consuetudinem
1058 2240 1128 2296 bano
1165 2242 1245 2299 cilius
1259 2260 1338 2315 posse
1354 2245 1436 2316 scire,
1449 2252 1477 2300 et
1491 2243 1548 2300 ideo
1562 2244 1672 2300 brevius
1686 2251 1796 2316 tempus
1807 2243 1904 2300 debuit
1918 2259 1968 2314 pro

225 2330 228 2342 ’
329 2347 380 2388 suo
408 2330 489 2388 modo
510 2329 659 2402 praescribi
671 2337 769 2386 contra
785 2331 953 2402 principem,
976 2330 1024 2402 qui
1040 2334 1132 2400 potest
1165 2332 1210 2389 illo
1226 2332 1365 2390 sulficere.
1378 2334 1446 2390 ltem
1461 2335 1482 2388 si
1497 2333 1541 2390 illa
1556 2335 1626 2390 ratio
1640 2333 1751 2399 valeret,
1769 2333 1859 2404 potius
1874 2331 1971 2388 dicen·

330 2435 392 2477 esse
406 2419 515 2491 absens,
530 2419 572 2475 vel
587 2434 735 2492 praesens,
745 2427 774 2475 et
792 2419 851 2474 ideo
866 2427 993 2490 respectu
1010 2418 1081 2473 illins
1095 2417 1129 2474 ad
1165 2421 1230 2478 dum
1246 2430 1331 2494 esset,
1343 2437 1450 2494 semper
1462 2424 1562 2495 requiri
1577 2423 1695 2496 spatium
1706 2422 1801 2494 viginti
1818 2437 1968 2489 annorum,

271 2549 274 2558 ·
328 2511 570 2582 praescriptionem
592 2507 673 2564 huius
697 2507 901 2564 consuetudinis
926 2506 1006 2564 debet
1024 2507 1130 2579 requiri
1165 2513 1229 2584 quia
1244 2510 1311 2568 lrnec
1331 2511 1509 2583 praescriptio
1528 2527 1635 2583 semper
1648 2516 1692 2568 est
1711 2516 1809 2567 contra
1826 2511 1969 2566 absentem

329 2599 441 2672 longum
458 2605 564 2669 tempus
579 2613 644 2654 cum
657 2599 831 2669 proportione
850 2597 882 2652 ad
898 2599 1036 2669 propriam
1051 2611 1129 2668 prae·
1163 2598 1328 2670 formaliter,
1345 2599 1369 2654 id
1391 2607 1433 2656 est
1448 2607 1545 2656 contra
1558 2602 1737 2673 ignorantem.
1756 2597 1918 2670 Respondeo
1934 2599 1970 2654 ad

328 2689 520 2761 scriptionem,
541 2703 607 2760 crgo
631 2686 711 2744 debet
726 2687 827 2758 requiri
850 2694 958 2758 tempus
973 2687 1068 2760 viginti
1081 2701 1130 2742 an·
1164 2689 1279 2760 priorem
1300 2697 1421 2760 partem,
1439 2690 1465 2745 in
1485 2688 1536 2745 boe
1551 2704 1651 2761 genere
1668 2688 1891 2760 praescriptionis
1913 2704 1969 2744 non

327 2794 445 2852 norum,
465 2776 579 2850 quando·
595 2778 721 2849 princeps
743 2777 830 2832 abest.
1164 2778 1266 2834 attendi
1282 2777 1451 2852 facilitatem,
1468 2779 1508 2834 rel
1524 2777 1711 2836 difficultatem
1727 2777 1830 2835 sciendi
1844 2794 1878 2836 ex
1892 2785 1971 2850 parte

368 2873 394 2926 l.
413 2871 525 2939 Propter
541 2867 592 2924 bne
607 2865 650 2923 alii
666 2875 795 2923 auctores
809 2874 938 2938 censent,
953 2864 1128 2922 distinctione
1164 2867 1307 2938 principis,
1323 2866 1370 2923 sed
1385 2873 1575 2924 necessilatem
1590 2868 1653 2924 boni
1667 2868 1837 2936 communis,
1853 2867 1901 2924 cui
1917 2882 1967 2938 per

326 2957 373 3015 illa
386 2973 447 3015 esse
469 2957 601 3014 utendum
621 2957 702 3011 etiam
722 2955 748 3009 in
768 2957 915 3026 praesenti.
932 2957 973 3012 lta
993 2953 1129 3027 significat
1164 2956 1234 3014 hanc
1249 2958 1491 3029 praescriptionem
1512 2957 1679 3027 consulitur,
1694 2959 1759 3030 quia
1779 2956 1898 3013 multum
1920 2971 1970 3012 ex·

327 3045 445 3122 sylvest.
464 3045 547 3100 verbo
569 3040 760 3105 consuetudo,
778 3059 806 3117 q.
820 3048 850 3112 2,
865 3050 892 3099 et
912 3043 984 3099 illius
1005 3043 1127 3100 meminit
1163 3046 1253 3118 pedit,
1270 3054 1301 3104 ut
1321 3046 1536 3103 consuetudines
1557 3045 1749 3114 rationabiles,
1769 3052 1797 3101 et
1817 3044 1967 3101 sufficienti

327 3137 450 3192 llostieu.
465 3136 489 3190 in
505 3136 617 3206 Summa
631 3133 681 3208 ubi,
691 3147 789 3204 supra,
805 3133 943 3203 referens,
958 3131 1064 3204 aliquos
1080 3147 1127 3188 ca·
1164 3153 1217 3192 usu
1232 3136 1353 3192 firmatae
1368 3137 1566 3204 observentur,
1581 3141 1610 3192 et
1629 3133 1663 3190 sd
1678 3134 1751 3190 bunc
1766 3135 1845 3190 finem
1864 3148 1969 3189 conve-

326 3227 450 3281 nonistas
466 3225 501 3279 ita
516 3225 645 3292 sensisse,
661 3227 688 3277 et
701 3221 792 3293 quoad
807 3222 898 3278 civiles
913 3220 1126 3277 consuetudines
1162 3225 1363 3282 nientissimum
1377 3224 1457 3281 etiam
1468 3230 1520 3290 est,
1535 3231 1566 3280 ιιι
1578 3225 1633 3278 vim
1645 3223 1763 3279 babeant
1777 3220 1925 3293 obligandi,
1939 3228 1968 3277 et

326 3314 429 3371 multos
451 3313 561 3385 legistas
585 3312 621 3368 ita
635 3319 745 3383 tenere,
763 3317 790 3368 et
809 3310 897 3376 refert
910 3312 992 3367 etiam
1004 3313 1088 3367 Azon.
1102 3311 1126 3366 ln
1163 3321 1277 3386 propter
1292 3313 1366 3370 bunc
1379 3314 1460 3369 etiam
1475 3313 1553 3376 finem
1566 3312 1717 3384 prudenter
1730 3319 1878 3393 reputatur
1892 3311 1970 3366 sufli-

326 3406 403 3460 Sum.
417 3404 442 3459 in
459 3401 537 3458 rubr.
551 3401 581 3458 G.
596 3415 666 3474 quae
681 3401 716 3457 sit
731 3400 806 3472 long.
819 3406 946 3456 consuet.
959 3401 994 3456 Et
1007 3400 1032 3454 iu
1051 3398 1128 3456 dieta
1152 3405 1239 3461 'ciens
1255 3412 1364 3476 tempus
1378 3403 1474 3459 decem
1490 3418 1643 3475 annorum,
1658 3404 1715 3458 sive
1728 3403 1854 3473 princeps
1866 3404 1906 3458 sit
1919 3402 1967 3457 ab·

325 3491 344 3549 l.
354 3499 381 3563 5,
393 3494 472 3563 titt,
484 3492 577 3563 partit.
591 3494 614 3562 l,
630 3505 695 3546 cum
710 3490 803 3545 eadem
818 3488 996 3545 distinctione
1010 3488 1124 3562 dicitur,
1162 3508 1237 3560 sans,
1254 3495 1312 3548 sive
1326 3507 1465 3563 praesens.
1483 3491 1551 3559 Quia
1566 3491 1625 3548 talia
1640 3491 1812 3549 consuetudo
1828 3491 1861 3546 de
1876 3507 1906 3547 se
1920 3506 1964 3546 sa·

326 3580 557 3638 consuetudinem
573 3596 587 3636 a
602 3578 704 3651 populo
718 3575 855 3634 introduci
869 3593 917 3649 per
932 3594 1013 3634 usum
1027 3577 1126 3635 decem
1163 3582 1195 3637 tis
1207 3589 1251 3638 est
1262 3581 1403 3651 roborata,
1416 3587 1443 3636 et
1454 3581 1555 3653 alioqui
1566 3587 1673 3652 tempus
1684 3580 1749 3636 illud
1761 3587 1803 3636 est
1813 3577 1964 3651 sufficiens,

327 3678 376 3728 aut
395 3671 489 3743 viginti
511 3683 655 3725 annorum.
677 3669 792 3739 Propter
818 3682 901 3739 quam
927 3666 1013 3738 legem
1041 3666 1126 3740 aliqui
1163 3678 1193 3725 ut
1207 3671 1334 3741 princeps
1355 3671 1441 3742 possit
1461 3669 1546 3742 scire,
1561 3672 1583 3726 si
1604 3670 1686 3743 velit,
1703 3670 1789 3726 maior
1808 3676 1902 3727 autem
1925 3670 1967 3727 vel

327 3767 454 3828 censent,
471 3758 568 3815 saltem
583 3758 608 3812 in
629 3757 757 3828 Hispania
770 3772 803 3813 ex
824 3757 934 3828 speciali
949 3756 992 3812 illo
1012 3758 1072 3812 iure
1088 3757 1126 3812 ιιι
1163 3761 1250 3815 ιηιιοι
1267 3757 1383 3815 facilitas
1405 3773 1500 3830 parum
1521 3759 1702 3831 inpraesenti
1722 3759 1824 3816 referre
1844 3760 1963 3818 videtur.

324 3865 385 3906 esse
399 3846 631 3919 distinguendum.
644 3847 713 3914 eria
727 3845 771 3902 illa
790 3844 927 3902 distinctio
943 3861 997 3902 non
1009 3853 1052 3902 est
1069 3848 1127 3902 ine·
1162 3850 1202 3905 Eo
1217 3847 1405 3918 vel-maxime,
1421 3848 1495 3920 quod
1509 3849 1535 3903 in
1558 3849 1770 3920 praescriptione
1785 3849 1965 3907 consuetudi·

327 3946 386 4009 pta,
399 3952 449 3994 nec
465 3939 562 4004 otiose,
580 3951 629 3991 nec
644 3933 716 3990 aliud
728 3942 819 4006 potest
832 3935 952 4006 operari,
965 3934 1015 3990 nisi
1034 3943 1064 3990 ut
1076 3934 1124 3990 da·
1163 3939 1204 3992 nis
1220 3953 1273 3992 non
1288 3941 1417 3992 censetur
1431 3951 1491 3992 esse
1509 3935 1710 3992 involuntariae
1723 3931 1870 4009 princeps,
1886 3955 1964 4012 prac-

324 4041 385 4083 cem
397 4027 459 4082 anni
476 4041 524 4097 pro
540 4025 710 4098 praesentia,
727 4029 754 4080 et
773 4024 866 4096 viginti
880 4039 930 4096 pro
946 4039 1012 4080 casu
1028 4023 1124 4081 absen-
1160 4026 1240 4098 cipue
1260 4025 1351 4099 quoad
1366 4025 1440 4082 bunc
1459 4025 1585 4082 ellectum
1606 4025 1751 4083 inducendi
1770 4026 1964 4100 obligationem

323 4119 377 4174 tiae
396 4115 563 4188 postuletur:
583 4121 680 4187 estque
702 4113 767 4170 haec
786 4115 921 4170 sententia
939 4112 1030 4185 quoad
1053 4113 1123 4170 banc
1159 4131 1211 4172 suo
1225 4115 1277 4170 iuri
1291 4131 1345 4171 non
1360 4116 1543 4186 contrariam,
1561 4115 1634 4172 sicot
1647 4131 1709 4173 esse
1723 4117 1794 4171 solet
1807 4115 1964 4172 involunta-

323 4212 428 4280 partem
444 4203 601 4277 probabilia.
748 4235 760 4254 ·
1158 4205 1217 4262 rius
1237 4204 1364 4261 dominus
1384 4205 1440 4275 rei,
1460 4211 1559 4261 eontra
1580 4219 1663 4277 quam
1682 4203 1728 4261 illa
1749 4205 1960 4276 praescribitur.

363 4303 390 4354 5.
403 4295 583 4351 Nihilominus
594 4293 731 4366 existimo,
744 4294 802 4349 sine
814 4291 868 4349 ulla
879 4283 1051 4349 distinctione
1066 4292 1123 4349 suf·
1159 4295 1226 4363 Quia
1240 4294 1365 4350 inductio
1384 4293 1456 4350 illins
1477 4292 1649 4367 obligationis
1664 4309 1717 4349 non
1731 4293 1811 4350 affert
1826 4293 1964 4366 praeiudi-

322 4387 404 4444 fscere
419 4383 542 4440 decennii
557 4391 678 4455 tempus,
695 4389 726 4439 ιιι
739 4381 914 4439 'consuetudo
929 4381 1069 4438 inductiva
1085 4383 1124 4439 le-
1159 4385 1232 4440 cium
1256 4383 1389 4455 principi,
1411 4397 1461 4438 neo
1482 4388 1525 4438 eat
1545 4389 1640 4439 couno
1661 4382 1875 4439 iurisdictionem
1889 4385 1961 4457 eius,

322 4479 379 4549 gis,
395 4481 424 4531 et
442 4475 611 4545 praescripta
625 4487 685 4528 esse
706 4477 864 4528 censeatur.
881 4465 1016 4527 Probatur
1035 4473 1121 4542 pnmo
1159 4489 1224 4530 carm
1238 4473 1276 4529 sit
1288 4487 1320 4528 ex
1335 4472 1395 4528 inre
1410 4470 1500 4543 illius,
1513 4477 1540 4528 et
1552 4471 1717 4528 conveniens
1731 4471 1763 4528 ad
1775 4472 1895 4530 debitam
1909 4491 1963 4547 gu·

313 4569 355 4620 'ex
377 4564 516 4620 communi
538 4562 685 4633 sententia,
700 4575 770 4633 qnae
790 4576 843 4615 non
865 4561 922 4614 sine
942 4560 1122 4617 causantem
1157 4562 1363 4633 bernationem3
1381 4567 1409 4616 et
1428 4562 1489 4617 ideo
1507 4577 1562 4616 non
1581 4559 1731 4618 estendam
1748 4563 1819 4619 ratio
1834 4561 1868 4618 de
1884 4579 1963 4632 prae·

322 4653 526 4712 distinctionem
546 4651 637 4707 omisit
650 4651 678 4730 in
700 4651 838 4722 praesenti
851 4649 977 4720 materia,
993 4665 1059 4706 cum
1081 4658 1121 4706 ta·
1158 4651 1307 4721 scriptione
1321 4648 1437 4706 aliarum
1453 4665 1563 4719 rerum,
1579 4665 1649 4722 quae
1664 4651 1698 4707 de
1714 4651 1766 4708 bac
1781 4652 1963 4709 consuetudi·

321 4759 383 4801 men
395 4746 420 4798 in
437 4743 547 4814 propria
558 4741 770 4813 praescriptione
786 4739 885 4810 passim
898 4737 942 4794 illa
957 4739 1123 4820 etantanllt
1158 4755 1202 4798 ne.
1218 4743 1253 4797 Et
1274 4741 1309 4796 ιιι
1330 4738 1512 4810 respondetur
1532 4739 1565 4796 ad
1587 4742 1769 4811 posteriorem
1793 4749 1901 4813 partem
1916 4757 1963 4799 ne·

319 4833 391 4891 idem
406 4831 521 4887 observo
536 4832 562 4886 in
579 4835 674 4885 nostro
688 4824 989 4899 lfolin.dict.dlsp.it,
1001 4832 1118 4886 tranet.
1157 4831 1246 4904 gando
1267 4831 1425 4904 sequelam,
1441 4829 1504 4902 quie
1526 4845 1591 4887 cum
1612 4831 1672 4887 iura
1693 4830 1755 4886 nibil
1780 4831 1961 4904 distinguant,

320 4921 353 4979 de
372 4921 460 4978 instit.
474 4918 640 4977 conferendo
659 4916 734 4973 illam
754 4932 819 4971 eum
839 4913 1066 4987 praecedentibus
1086 4917 1119 4974 de
1157 4920 1204 4977 sed
1226 4920 1313 4977 solum
1336 4921 1474 4992 requirant
1493 4920 1603 4992 longam
1623 4920 1875 4994 consuetudinem,
1892 4923 1963 4980 intra

320 5023 444 5085 tempora
464 5009 594 5083 requisito
616 5007 648 5063 ad
669 5007 805 5079 propriam
827 5006 1070 5077 praescriptionem
1091 5009 1118 5063 in
1140 5007 1326 5070 ,latitudinem
1353 5008 1426 5082 longi
1451 5011 1581 5082 temporis
1614 5010 1757 5068 minimum
1785 5011 1960 5088 intelligitur,

195 5133 210 5184 ¹-
272 5117 279 5122 ·
318 5103 401 5158 variis
422 5098 550 5156 materiis.
567 5094 1055 5167 Secundo,quiaconsuetudineita
1073 5111 1116 5154 re·
1156 5105 1215 5156 tum
1235 5098 1299 5172 quie
1317 5097 1371 5153 boo
1392 5103 1435 5153 est
1456 5096 1646 5170 favorabilius,
1670 5106 1699 5156 et
1711 5098 1776 5156 illud
1801 5107 1846 5158 est
1860 5101 1962 5175 eligen-

319 5193 530 5266 ceptumest,ut
541 5185 574 5248 ad
584 5182 828 5264 praescribendum
840 5184 1029 5260 coutralegem
1041 5187 1115 5246 nulla
1155 5185 1233 5262 dum,
1245 5202 1310 5247 cum
1324 5185 1464 5264 agitanda
1479 5187 1617 5248 communi
1631 5186 1714 5263 bono,
1728 5194 1786 5247 turn
1799 5192 1883 5249 etiam
1896 5192 1963 5269 quis

2138 2157 2139 2188 t

2131 2211 2139 2252 l

2138 2273 2139 2312 l
