4190 6234
770 357 875 409 curor
888 359 959 409 xm.
1600 343 1638 406 ‘11

90 490 201 568 66666666,
214 503 294 562 quam
311 485 508 554 Afeooallom
521 493 629 557 666666,
646 492 781 562 quatenus
796 486 851 543 exi·
884 485 949 542 bite.
964 486 1020 543 Nec
1039 485 1121 544 etiem
1134 487 1161 543 66
1182 501 1298 559 6666666
1311 487 1378 544 66666
1399 486 1523 544 66666166
1537 485 1674 543 invenitur

89 591 144 658 gitur
154 582 182 638 de
198 579 286 650 rebus,
297 596 367 652 quae
378 579 412 636 ad
429 581 567 653 propriam
581 579 771 636 necessitatem
785 577 850 633 sub·
886 576 1001 648 speciale
1025 579 1084 645 ius,
1100 576 1173 650 quod
1189 577 1314 651 designet
1333 581 1473 636 materiam
1494 577 1678 650 vectigalium,

89 673 196 730 lermden
217 668 391 736 renduntur,
418 671 484 742 quia
498 677 563 727 tunc
578 669 658 725 eliam
675 667 736 739 plus
757 668 849 740 solvit,
887 683 935 724 seu
955 666 1144 740 pedagiorum,
1161 675 1191 724 ut
1213 668 1284 725 iusta
1298 669 1363 724 siut.
1379 669 1472 742 Neque
1485 667 1538 724 boc
1560 672 1634 724 66666
1649 666 1683 723 ab

89 767 121 837 qui
133 764 184 836 6166
195 767 263 834 eget,
275 777 330 817 666
343 763 390 833 qui
403 759 465 832 plus
476 760 565 831 hebet,
578 760 618 815 rel
631 759 765 815 lucratur.
776 757 850 813 ldam
885 757 1020 830 aliquibus
1032 773 1063 814 er
1081 773 1141 830 cap.
1154 761 1346 832 Quanquam,
1361 759 1393 816 do
1408 759 1536 815 censibus
1548 757 1572 812 in
1588 760 1615 814 6.
1625 755 1684 813 eol·

88 854 128 910 lere
143 853 211 908 sentit
228 850 392 922 aedessae,
406 869 433 923 p.
448 855 476 920 1,
496 867 524 924 q.
544 855 586 923 18,
602 859 655 906 666.
670 855 697 918 6,
713 852 849 922 quatenus
886 846 990 918 ligitur,
1002 847 1065 920 quia
1081 847 1107 902 in
1121 862 1153 903 eo
1167 846 1280 918 dicitur,
1290 846 1486 923 pedagiorum
1500 848 1678 914 exactiones,

89 945 169 1002 damet
184 939 316 1015 quoddam
338 942 473 999 tributum
493 944 520 998 io
547 940 683 998 Lusitania
703 939 850 1010 usitatum,
886 939 1028 996 tonitura
1048 939 1202 1004 canonico,
1219 955 1309 1011 qaam
1328 937 1416 1006 666616,
1434 937 1613 1012 reputortter
1625 952 1684 994 me·

90 1033 142 1108 qud
152 1033 256 1089 solvitur
268 1031 302 1087 ab
322 1031 478 1088 ementibus
493 1047 537 1088 res
556 1029 589 1088 ad
604 1047 685 1087 suum
702 1045 783 1086 usum
805 1046 852 1086 ne·
885 1029 942 1083 rito
952 1041 1014 1084 esse
1027 1025 1277 1086 damnatosh'am
1289 1035 1320 1086 ut
1329 1046 1362 1088 ex
1377 1027 1682 1102 Gloss.ibi,loen.dnd.

91 1125 199 1196 cessitius,
213 1128 240 1179 et
257 1137 273 1178 e
293 1121 476 1178 vendentibus
490 1137 546 1194 res,
562 1128 592 1178 ut
610 1123 667 1178 suis
681 1121 852 1177 necessitati·
885 1126 913 1174 et
923 1118 981 1174 aliis
995 1125 1114 1191 constat,
1130 1120 1172 1176 ius
1184 1121 1361 1190 canonicum,
1371 1119 1446 1193 quod
1461 1120 1493 1176 ibi
1504 1121 1617 1190 citatur,
1629 1135 1683 1174 uon

93 1214 286 1284 lustusamans
302 1210 379 1286 quod
391 1213 526 1269 tributum
540 1212 623 1284 vulgo
634 1214 707 1270 Sira
720 1218 849 1278 vocetur,
885 1217 929 1265 est
942 1208 1027 1280 aliud,
1046 1209 1094 1265 nisi
1110 1208 1184 1283 quod
1200 1209 1314 1267 habetur
1332 1211 1356 1267 66
1379 1209 1682 1283 6666616616166666666,

92 1305 140 1379 qood
154 1304 213 1360 dem
226 1306 281 1359 1666
302 1308 359 1371 666,
375 1302 450 1376 quod
465 1301 632 1364 Alcooollo,
649 1302 712 1359 licet
725 1305 753 1358 iu
775 1299 853 1358 Lusi·
886 1302 1145 1372 6661666666666,
1160 1300 1193 1357 66
1204 1300 1342 1372 censibus,
1355 1309 1383 1360 et
1397 1303 1422 1358 66
1438 1304 1533 1358 16666.
1550 1302 1598 1359 111.
1614 1301 1641 1356 66
1655 1314 1682 1356 6.

92 1396 142 1451 ure
155 1411 200 1450 666
218 1393 375 1450 suintune
395 1392 617 1463 6616666666666,
633 1399 665 1449 ut
684 1390 850 1461 6666666116,
887 1392 985 1465 Super
999 1388 1189 1464 quibasdam,
1202 1389 1236 1448 de
1256 1391 1364 1448 verbor.
1381 1392 1521 1465 siguificat.
1539 1392 1572 1448 ibi
1590 1397 1684 1448 autem

90 1485 122 1542 sed
133 1486 213 1557 partim
227 1483 260 1540 ab
272 1489 412 1554 emptore.
425 1485 520 1556 ltaque
535 1483 657 1540 sentiunt
669 1482 694 1538 hi
709 1488 851 1552 66666666,
887 1497 941 1537 666
961 1480 1141 1553 probibentur
1156 1480 1217 1538 talia
1238 1482 1339 1540 tributa
1356 1484 1461 1539 ratione
1483 1483 1621 1554 materiae,
1637 1481 1684 1540 sed

90 1585 167 1632 nutum
177 1575 225 1646 peti
238 1589 321 1647 posse
333 1590 369 1631 ex
382 1573 480 1644 lucris,
493 1572 534 1631 rel
549 1572 697 1643 fructibus,
710 1587 758 1628 seu
769 1573 796 1626 in
810 1586 852 1627 re·
886 1579 1022 1644 quatenus
1040 1588 1093 1628 nou
1105 1572 1230 1629 feruntur
1240 1572 1273 1629 ab
1286 1571 1446 1630 habentibus
1457 1581 1629 1646 potestatem,
1644 1572 1685 1629 rel

89 1666 257 1739 hus,quetenus
269 1664 311 1721 rel
329 1664 489 1722 fructiferae
504 1672 577 1736 sunt,
591 1665 631 1721 661
646 1662 804 1720 6666666666
819 1662 854 1719 66
886 1677 920 1718 ex
930 1678 1068 1719 consensu
1082 1662 1202 1719 illorum.
1215 1663 1249 1718 Et
1259 1663 1353 1720 eodem
1365 1663 1444 1720 modo
1455 1664 1578 1738 iutelligit
1590 1664 1685 1722 Glossa

89 1757 152 1828 lure,
161 1763 184 1812 et
196 1755 251 1814 iden
265 1756 368 1812 iniuste
381 1757 454 1828 erigi
467 1771 501 1812 ex
515 1755 597 1810 rebus
612 1755 721 1827 emptis,
735 1752 776 1812 vel
789 1769 853 1811 ven·
887 1751 921 1809 ibi
937 1753 1143 1826 prohibitionem
1158 1755 1225 1810 iuris
1239 1753 1335 1824 civilis,
1348 1753 1455 1812 citando
1471 1755 1557 1829 legem
1571 1772 1627 1810 non
1641 1771 1686 1811 so-

89 1846 142 1916 dlis,
154 1846 190 1902 rel
203 1847 399 1918 transportatis
413 1846 447 1901 ad
462 1847 599 1918 proprium
614 1862 705 1902 usum.
887 1841 956 1906 6666,
979 1844 1009 1901 C.
1030 1844 1170 1917 vectigalia
1182 1861 1262 1916 nove,
1278 1851 1332 1902 etc.
1352 1847 1485 1920 significet
1503 1849 1584 1904 etiem
1605 1862 1685 1919 posse

115 1944 136 1994 t.
148 1937 315 1994 Nihilominus
331 1937 405 2007 dico,
423 1937 495 1993 illem
515 1937 696 1995 conditionem
714 1937 852 2008 materiae,
887 1934 914 1991 id
932 1933 1026 1992 referri
1041 1934 1075 1991 ed
1096 1933 1289 2006 prohibitiones
1305 1936 1482 2009 pedagiorum
1502 1942 1629 2009 66666666
1642 1953 1687 1995 ee·

88 2043 147 2102 quam
157 2027 221 2099 66666
233 2029 396 2096 caietanus,
410 2033 494 2099 prout
505 2028 537 2082 ab
552 2027 610 2099 6666
623 2028 788 2098 explicetur,
800 2043 853 2083 non
888 2024 1102 2082 clesiesticurum
1127 2040 1322 2096 personarum,
1341 2025 1408 2083 dum
1428 2026 1526 2098 allegat
1545 2027 1562 2084 l.
1572 2025 1682 2100 ploret,

88 2136 131 2175 use
147 2120 329 2186 necessariam,
349 2118 412 2190 quia
432 2133 484 2173 oon
504 2125 547 2174 est
560 2117 702 2191 iniustum,
718 2117 853 2176 tributum
887 2114 918 2172 C.
936 2113 970 2170 de
986 2130 1093 2172 sacros.
1107 2115 1256 2172 desisset
1270 2131 1331 2188 666.
1346 2103 1537 2189 Generaliter,
1558 2121 1601 2189 16,
1617 2134 1644 2192 q.
1659 2121 1685 2177 1.

88 2210 193 2280 inponere
202 2208 233 2264 de
244 2209 416 2280 rebus,quae
425 2207 457 2262 ad
470 2208 607 2280 proprium
620 2224 700 2264 risum
714 2208 853 2278 feruntur,
887 2204 1006 2278 Denique
1020 2205 1045 2260 in
1066 2205 1111 2262 illo
1126 2208 1213 2278 eapite
1225 2223 1279 2263 nou
1293 2205 1381 2264 fertur
1395 2207 1549 2280 probibitio,
1562 2209 1610 2265 sed
1623 2226 1688 2282 sup·

89 2309 122 2355 rot
130 2300 278 2371 renduntur,
286 2300 330 2355 rel
338 2299 555 2354 emuntur.llaeo
564 2300 853 2356 estoommuuiorsen·
888 2298 1009 2368 ponitur,
1026 2301 1054 2351 et
1075 2313 1128 2352 uon
1144 2296 1315 2368 simpliciter,
1333 2297 1380 2354 sed
1395 2315 1460 2356 cum
1474 2299 1519 2356 6116
1539 2298 1629 2357 666666
1643 2317 1689 2358 re·

89 2391 184 2460 16666666
194 2393 312 2446 sumitur
322 2405 359 2446 es
370 2390 504 2450 darton.
514 2396 541 2446 2.
554 2407 582 2463 6.
597 2391 639 2448 tit.
656 2386 852 2461 1,6.16,6616,
888 2384 1043 2460 puloriter,
1060 2387 1220 2444 6616666666
1235 2388 1259 2444 id
1274 2389 1381 2446 dictum
1398 2397 1442 2447 est
1462 2398 1575 2463 propter
1589 2391 1688 2448 violen-

89 2481 197 2536 nonlicet
208 2480 344 2554 loquetur
357 2479 392 2536 de
412 2478 621 2549 particularibus
637 2479 854 2551 impositionibus
890 2479 951 2545 ties,
967 2485 995 2534 et
1007 2493 1150 2551 excessus,
1165 2481 1213 2552 qui
1234 2479 1397 2552 regulariter
1410 2482 1478 2538 liunt
1493 2482 1519 2538 iu
1539 2482 1685 2550 erectioni-

89 2571 209 2640 eiulatum,
222 2569 317 2626 eadem
337 2578 379 2626 est
394 2569 600 2641 proportionalis
615 2570 683 2625 ratio
699 2569 731 2626 de
743 2585 854 2642 genera·
889 2569 941 2625 bus
957 2568 1140 2641 pedagiorum.

90 2659 140 2715 libus
158 2655 267 2718 tributis:
282 2662 319 2717 Et
341 2659 413 2716 idem
435 2660 544 2716 omuino
564 2662 687 2731 sequitur
706 2659 811 2717 Gabriel
826 2663 853 2732 f,
929 2657 1021 2716 altera
1036 2675 1101 2716 vero
1116 2675 1179 2731 pers
1193 2657 1227 2716 de
1244 2660 1422 2733 prohibitione
1437 2663 1503 2720 iuris
1522 2661 1608 2720 civilis
1625 2678 1688 2735 pro·

90 2748 210 2823 d.li,q.5,
223 2767 246 2807 6.
260 2747 856 2825 66666166661666,6616666.6666)666661-
890 2751 970 2806 baioli
984 2749 1008 2804 iu
1024 2749 1097 2806 bunc
1112 2747 1236 2818 modum,
1252 2751 1316 2824 quie
1331 2753 1398 2810 licet
1412 2770 1466 2809 noo
1482 2769 1626 2827 negemus,
1641 2769 1688 2810 ve·

90 2839 119 2904 lo,
134 2846 156 2911 t,
168 2859 193 2914 q.
209 2848 234 2914 6,
250 2842 296 2898 ubi
312 2841 475 2897 nonnullam
488 2839 665 2896 differentiam
680 2840 705 2896 io
724 2839 855 2896 1666666-
891 2839 999 2913 ctigalia
1013 2840 1039 2894 iu
1060 2839 1141 2895 rebus
1158 2839 1190 2896 ad
1212 2841 1350 2913 proprium
1373 2859 1454 2900 usum
1473 2859 1532 2899 esse
1554 2843 1686 2916 prohibite

90 2931 155 2986 stiluu
171 2933 232 2988 inter
250 2938 383 2988 externos
401 2938 430 2987 et
449 2931 569 3004 incolas,
585 2931 617 2988 de
639 2946 693 3004 qua
707 2931 796 2988 6666666
817 2929 856 2986 di·
890 2931 946 2987 iure
960 2929 1081 3004 Codicis3
1098 2937 1187 2987 temen
1203 2929 1248 2986 6116
1264 2931 1305 2988 les
1319 2949 1370 2987 non
1391 2933 1491 3006 obligat
1503 2936 1531 2990 in
1544 2934 1682 3007 llispeuie,

91 3022 294 3096 666666666666
309 3024 367 3078 6666
383 3021 463 3078 modo
478 3021 601 3095 loquitur
613 3021 798 3095 angelmus
805 3037 856 3095 pe·
889 3022 1039 3086 Lusitania,
1054 3021 1181 3095 Francia,
1196 3027 1224 3078 et
1243 3020 1300 3078 eliis
1319 3023 1451 3080 similibus
1465 3025 1568 3098 regnis,
1583 3024 1623 3081 vel
1644 3040 1687 3081 re·

90 3107 192 3182 66666666,
207 3129 234 3168 u.
245 3117 272 3184 3,
289 3111 400 3170 6666611.
413 3111 497 3168 verbo
511 3110 638 3185 gabello,
658 3129 685 3168 n.
697 3119 706 3170 1
716 3113 853 3184 l,Tabieu.
891 3114 943 3170 bua
958 3110 1088 3184 publicis,
1103 3126 1174 3184 quae
1194 3113 1363 3184 superiorem
1376 3112 1402 3168 66
1425 3114 1618 3186 temporalibus
1633 3130 1687 3171 nou

91 3200 152 3257 urbe
165 3201 327 3277 6661666666,
346 3219 425 3259 uum.
437 3209 464 3262 l.
481 3203 554 3259 ldem
573 3210 648 3259 66666
661 3203 762 3260 bladino
782 3201 856 3260 dieto
891 3208 1104 3274 recognoscunt,
1124 3203 1198 3275 quia,
1222 3209 1253 3258 ut
1273 3219 1359 3274 supra
1378 3211 1521 3262 ostensum
1541 3213 1594 3278 est,
1615 3205 1687 3279 leges

90 3291 177 3348 66666
188 3295 307 3366 restitq.
324 3299 372 3353 15.
383 3293 409 3348 66
423 3295 484 3365 666,
499 3295 684 3366 1166666666.
695 3297 738 3364 16,
752 3310 778 3349 6.
788 3298 856 3360 202,
892 3293 1078 3365 imperatoriae
1099 3291 1136 3348 ibi
1146 3309 1199 3348 666
1214 3292 1343 3366 obligant.
1354 3294 1429 3351 Unde
1444 3295 1537 3368 miror,
1550 3311 1601 3352 cur
1615 3294 1690 3351 dixe·

91 3379 221 3440 16666666.
231 3389 258 3454 t,
271 3383 343 3455 disp.
358 3387 424 3442 669.
439 3384 653 3456 Supponendum
664 3392 755 3441 autem
770 3391 813 3440 est
823 3384 856 3441 ad
891 3383 925 3440 rit
938 3380 1060 3453 Tolerus,
1081 3396 1160 3455 reges
1177 3388 1206 3439 66
1221 3385 1383 3455 temporales
1397 3384 1524 3442 dominos
1540 3401 1594 3442 nou
1608 3401 1688 3457 posse

91 3471 226 3539 probandam
242 3473 313 3530 hanc
329 3475 505 3547 6666666666,
519 3490 673 3531 sermonem
687 3488 747 3530 esse
761 3471 794 3530 66
808 3474 858 3530 im·
890 3472 924 3530 de
935 3473 976 3530 his
987 3472 1069 3530 rebus
1080 3473 1222 3530 usualibus
1234 3472 1348 3548 pedagia
1357 3475 1463 3548 exigere
1474 3484 1586 3548 propter
1598 3477 1688 3549 probi-

91 3563 194 3631 posiliooe
210 3564 303 3622 tributi
322 3565 439 3621 habente
454 3563 518 3620 61666
539 3565 707 3621 66666616666
726 3563 760 3620 66
780 3565 858 3620 66666·
892 3565 1019 3622 bitiooem
1035 3564 1105 3621 illius
1119 3564 1201 3638 legis,
1218 3565 1372 3622 Pontificem
1388 3573 1480 3623 autem
1494 3568 1520 3622 66
1538 3582 1589 3623 666
1603 3565 1688 3624 domi·

92 3653 138 3707 6666
155 3654 241 3711 tributi
261 3655 427 3728 requisitam
447 3655 573 3712 nimirum
595 3654 669 3727 quod
690 3654 724 3711 ab
744 3653 857 3711 habente
891 3658 935 3712 nio
956 3653 1098 3727 temporali
1119 3652 1145 3710 id
1166 3669 1257 3726 posse,
1273 3656 1337 3728 quie
1357 3670 1410 3712 uon
1431 3654 1561 3712 subditur
1581 3655 1687 3730 legibus

92 3751 237 3820 potestatem,
251 3753 278 3803 et
299 3754 417 3818 propter
436 3761 536 3802 causes
556 3746 643 3802 iustas
661 3753 688 3802 et
709 3745 859 3818 proportio·
891 3745 1072 3818 imperatoria
1086 3759 1152 3801 cum
1166 3759 1220 3801 nou
1236 3745 1324 3802 minus
1338 3745 1390 3803 sint
1404 3747 1524 3819 supremi
1540 3747 1567 3802 66
1583 3755 1687 3820 tempo·

92 3842 148 3889 ustas
168 3836 327 3908 imponatur,
356 3843 383 3891 et
407 3833 495 3892 solum
520 3836 648 3906 tractari,
671 3851 703 3891 au
727 3851 759 3892 eo
787 3836 857 3906 ipso,
892 3835 994 3892 retibus
1008 3833 1051 3890 alii
1072 3849 1151 3907 reges
1165 3835 1298 3891 numerati
1313 3835 1338 3890 in
1361 3838 1418 3892 auis
1433 3837 1534 3909 reguis,
1549 3851 1631 3910 quam
1653 3839 1689 3894 sit

93 3923 293 3998 qoodimponitur
309 3941 395 3998 super
410 3924 490 3982 telem
505 3927 656 3998 materiem,
669 3927 703 3982 sit
718 3925 858 3994 iniustum,
892 3925 1012 3982 Pontifex
1024 3925 1051 3981 in
1067 3940 1117 3982 sua
1127 3925 1227 3982 ditione
1238 3926 1390 4000 temporali3
1403 3927 1477 4000 quod
1487 3928 1584 3986 attinet
1597 3927 1630 3985 ad
1640 3943 1688 4000 po·

93 4015 123 4068 rel
135 4015 255 4088 iniquum.
892 4021 1018 4073 66666666]
1032 4022 1059 4072 66
1078 4015 1227 4073 dominium
1240 4015 1387 4089 directum,
1402 4017 1436 4074 de
1450 4033 1506 4090 quo
1523 4025 1685 4076 tractemus.

119 4104 235 4163 Probatur
248 4121 316 4180 ergo
331 4121 386 4161 uon
400 4107 455 4162 lieri
473 4106 613 4176 iniustum,
628 4122 718 4179 neque
731 4106 856 4179 iniquum
892 4107 986 4179 Neque
996 4105 1076 4162 etiem
1090 4105 1176 4179 video,
1185 4120 1237 4161 our
1249 4107 1394 4163 llostiensis
1406 4107 1432 4163 in
1443 4107 1611 4165 Sum.tit.de
1624 4123 1688 4165 cen-

93 4205 117 4246 es
131 4194 166 4250 6116
183 4198 275 4268 capite.
291 4197 361 4264 Quia
375 4195 416 4251 rel
437 4201 478 4253 666
496 4197 640 4266 iniustum,
656 4199 720 4269 quia
740 4196 860 4269 probibi-
892 4195 942 4252 sib.
955 4196 1014 4266 666
1028 4194 1134 4268 qulbus
1147 4198 1255 4262 666666,
1271 4197 1368 4254 versic.
1383 4196 1500 4269 quodsi
1514 4201 1580 4271 qais
1594 4199 1687 4274 lquem

94 4285 194 4352 tuu,rel
212 4287 272 4359 quia
293 4302 344 4358 per
366 4301 406 4356 66,
420 4292 448 4343 66
468 4294 564 4344 natura
579 4303 630 4343 sua
648 4293 691 4342 est
711 4287 860 4343 intrinsece
893 4285 970 4341 multi
991 4284 1034 4341 elii
1055 4286 1218 4358 sequuntur)
1240 4284 1349 4357 dixerit,
1369 4303 1424 4343 nou
1445 4303 1524 4359 posse
1545 4290 1686 4347 iustificari

94 4373 189 4446 palum
212 4385 340 4434 auctores
359 4377 428 4433 anim
449 4379 549 4450 primae
571 4378 703 4451 opinionis
723 4371 859 4435 interdurn
893 4375 960 4432 baec
974 4375 1096 4449 pedagia,
1108 4378 1188 4433 etiam
1204 4377 1310 4434 ratione
1326 4378 1526 4435 immemorialis
1539 4387 1688 4439 cousuetu-

94 4475 135 4518 mo
151 4465 331 4542 fundamento,
347 4467 484 4526 interdum
503 4468 556 4526 alio
577 4475 707 4540 utuntur,
722 4474 750 4525 et
762 4467 859 4524 in¹hoc
894 4465 972 4538 diuis,
984 4467 1031 4522 nisi
1045 4473 1214 4539 supponant,
1226 4467 1312 4540 legem
1327 4466 1399 4526 illam
1410 4484 1464 4525 nou
1478 4469 1618 4543 prohibere
1630 4487 1693 4530 rem·

96 4555 261 4615 satisconfuse
275 4558 438 4632 loquuntur3
455 4565 582 4616 neutrum
597 4566 689 4616 autern
704 4557 861 4615 fundamen·
894 4556 927 4614 de
945 4572 974 4612 se
996 4554 1200 4629 indifferentem,
1217 4555 1264 4612 666
1285 4573 1341 4616 rem
1361 4573 1410 4630 per
1432 4575 1461 4616 66
1482 4559 1591 4633 molam,
1613 4562 1688 4635 quod

97 4649 138 4698 tuu
149 4647 254 4704 solidum
270 4657 323 4707 est.
341 4649 475 4706 Probatur
489 4663 567 4724 ergo,
583 4655 696 4721 propter
709 4648 794 4705 solam
809 4647 860 4706 hu·
894 4647 1009 4720 probare
1023 4663 1077 4704 nou
1095 4654 1222 4720 possuut,
1240 4655 1270 4705 ut
1290 4651 1383 4706 statim
1397 4651 1551 4708 ostendam.
1567 4652 1688 4727 ldeoque

97 4740 458 4811 umamprobibitiooemuou
470 4740 617 4813 possedici
631 4739 789 4811 simpliciter
803 4755 860 4796 ma·
895 4737 1044 4812 66661666,
1065 4738 1151 4812 legem
1172 4738 1243 4795 illem
1264 4756 1338 4797 nuno
1360 4757 1414 4798 nou
1436 4740 1569 4816 obligare,
1591 4745 1641 4801 nisi
1664 4745 1690 4801 io

97 4819 148 4894 lun,
160 4827 184 4882 id
201 4838 241 4886 est
254 4831 368 4904 ubique,
384 4837 412 4887 et
431 4832 458 4886 iu
480 4829 604 4886 omnibus
619 4831 719 4903 regnis,
735 4831 776 4886 vel
798 4846 863 4903 pro·
895 4833 973 4886 terris
987 4830 1107 4904 imperii,
1121 4835 1148 4886 et
1161 4829 1211 4886 uisi
1228 4830 1263 4886 ibi
1280 4832 1315 4888 sit
1329 4847 1377 4904 666
1391 4834 1558 4890 contrariam
1572 4851 1690 4894 cousue-

98 4915 170 4972 riocis
182 4919 318 4978 christiani
337 4920 427 4991 orbis,
443 4921 505 4993 quia
519 4937 573 4978 666
594 4921 729 4978 invenitur
741 4919 860 4992 prohibi·
896 4921 1019 4978 tudinem
1033 4920 1174 4995 abrogata,
1188 4930 1219 4979 ut
1233 4921 1309 4980 facile
1324 4923 1381 4979 fieri
1395 4925 1501 4996 potuit.

101 5009 145 5060 tum
160 5008 211 5065 iure
230 5013 380 5082 canonico,
401 5017 430 5068 et
448 5011 527 5068 cirile
547 5009 581 5067 ad
601 5011 653 5068 hoc
675 5028 727 5068 666
748 5011 859 5069 suflicit.
934 5013 1068 5071 Probatur
1086 5015 1171 5087 igitur
1190 5013 1287 5071 ultime
1310 5030 1383 5087 pars,
1404 5013 1540 5088 videlieet,
1562 5014 1614 5072 hoc
1635 5033 1689 5074 nou

100 5093 157 5152 Prior
169 5115 225 5170 pers
244 5102 412 5176 declaratur,
427 5103 489 5175 quia
508 5102 534 5158 66
555 5101 630 5159 ltulle
643 5105 745 5160 coenae
760 5119 814 5160 nou
835 5103 863 5161 lit
896 5118 956 5160 6666
970 5103 1146 5178 prohibitum,
1162 5105 1226 5177 quia
1246 5104 1362 5176 malum,
1377 5107 1441 5179 quie
1462 5105 1536 5163 nulle
1550 5105 1690 5164 sufficiens

103 5191 198 5256 specialis
209 5194 363 5266 probibitio,
376 5193 423 5250 sed
435 5195 606 5267 supponitur,
618 5202 646 5251 et
660 5193 745 5250 fertur
760 5191 865 5266 specui
897 5196 967 5252 ratio
978 5197 1142 5252 intrinsecae
1156 5193 1300 5252 iniustitiae
1311 5196 1337 5251 in
1352 5194 1403 5253 hec
1419 5197 1532 5254 materia
1545 5197 1693 5254 6661666666-

103 5273 220 5340 lsuodua
230 5301 362 5343 66666666
373 5290 470 5343 666666
480 5286 648 5356 imponentes
660 5284 758 5342 tributa
769 5285 864 5357 probi·
897 5286 1088 5344 aeuiturdlam
1102 5285 1123 5343 si
1141 5299 1211 5360 quae
1225 5293 1308 5357 esset,
1324 5288 1438 5344 maxime
1452 5288 1517 5361 quia
1530 5285 1558 5342 in
1578 5286 1623 5344 teli
1637 5303 1694 5343 ma·
