4278 6242
378 364 439 430 120
652 407 654 415 .
1083 377 1233 430 amans.

336 503 464 562 ridentur
488 503 553 560 mibi
579 505 711 577 probare,
727 501 801 579 quod
816 502 953 576 diximus,
969 508 1065 560 ectum
1079 518 1134 558 non
1172 503 1206 558 ab
1227 503 1315 562 altera
1335 503 1513 578 probibente,
1533 512 1562 560 ει
1574 518 1629 560 εεε
1644 501 1800 574 imponente
1813 498 1892 557 eliam
1909 515 1974 572 poc-

333 592 371 650 ita
383 593 481 652 irritari
503 610 550 667 per
563 585 651 669 leg'em
665 611 724 652 non
737 591 876 660 dubium,
895 600 926 649 ut
940 593 966 648 in
983 607 1012 649 εε
1025 590 1134 648 nullum
1170 607 1245 649 nam.
1262 595 1297 650 Et
1319 593 1378 652 idco
1399 600 1475 651 recte
1496 591 1725 650 accommodetur
1743 589 1884 664 praedicta
1897 589 1971 647 limi·

333 683 453 740 valorem
475 683 589 755 habeat,
612 691 758 758 anoequem
773 699 822 756 per
836 683 998 742 sententiam
1012 681 1135 740 declare-
1171 684 1247 739 tatio.

333 777 393 844 tur,
409 788 458 829 seu
474 773 641 830 annulletur.
1055 811 1058 823 .
1210 773 1300 844 Atque
1321 773 1358 828 ita
1379 773 1461 830 etiem
1477 773 1503 829 in
1518 771 1590 829 bono
1605 785 1688 828 sensu
1703 769 1863 827 sustinenda
1876 776 1920 827 εει
1933 769 1974 827 el·

370 863 502 919 Limitetio
517 869 624 935 autam,
640 877 710 935 quae
726 863 760 919 ibi
774 861 887 921 additur
900 863 934 921 de
951 862 1073 933 directe,
1090 858 1133 916 vel
1170 866 1229 917 tera
1244 861 1367 920 limitatio
1383 863 1416 920 de
1433 863 1501 936 lege,
1517 877 1587 936 quae
1602 860 1677 918 addit
1690 861 1774 917 elium
1789 861 1900 918 modum
1915 859 1974 916 dis·

332 951 466 1008 indirecta
480 951 679 1024 prohibitione,
695 967 749 1008 non
767 953 831 1009 mihi
846 951 954 1010 videtur
969 949 1060 1023 magni
1075 964 1133 1005 mo·
1169 947 1293 1006 solvendi
1309 951 1463 1020 actum,rel
1476 951 1669 1025 verbumque
1683 951 1770 1024 megia
1781 949 1872 1006 valere
1887 949 1972 1023 signi-

332 1042 431 1112 menti,
450 1041 514 1114 quia
529 1055 628 1112 parurn
643 1040 697 1098 hoc
712 1041 813 1098 relcrre
828 1040 954 1112 ridetur,
971 1042 994 1097 si
1009 1045 1090 1097 actus
1105 1041 1133 1095 in
1169 1041 1279 1112 licetur,
1293 1055 1375 1115 quam
1391 1043 1433 1099 lex
1447 1039 1644 1098 condebitam
1658 1041 1808 1113 permittet.
1821 1041 1889 1097 Nem
1902 1047 1971 1097 tunc

332 1145 362 1186 εε
373 1145 436 1187 rere
448 1136 492 1187 est
502 1129 724 1204 probibitne3imo
736 1129 788 1188 hcc
801 1132 891 1203 ipsum
903 1130 1012 1188 ridetur
1021 1127 1132 1186 excludi
1168 1131 1297 1188 standum
1310 1139 1353 1189 est
1364 1131 1476 1204 speciali
1488 1131 1550 1204 legi,
1562 1146 1635 1204 quae
1645 1129 1761 1203 derogat
1773 1128 1971 1203 generali,tum

331 1234 381 1292 per
394 1220 480 1293 ipsam
495 1218 581 1292 legem
595 1235 654 1275 non
666 1216 801 1285 dublum,
813 1225 950 1292 quatemm
961 1217 1131 1276 decisionem
1168 1224 1274 1278 ratione
1288 1221 1477 1292 specialitatis,
1489 1227 1548 1277 lum
1562 1222 1646 1278 etiam
1657 1222 1721 1292 quia
1734 1236 1768 1277 eo
1783 1221 1842 1291 ipso
1857 1234 1911 1275 non
1925 1224 1971 1275 εει

331 1324 408 1366 suam
433 1306 551 1366 extendit
578 1306 612 1365 ad
637 1322 731 1364 omnes
757 1307 849 1380 legum
877 1307 1129 1381 interpretationes,
1169 1315 1224 1367 tam
1240 1310 1372 1382 perlecta,
1389 1310 1526 1381 absoluta,
1541 1314 1569 1369 et
1581 1325 1650 1382 pura
1665 1308 1822 1381 prohibitio,
1839 1307 1929 1382 qualis
1944 1309 1970 1365 in

331 1411 481 1469 amnesque
502 1394 689 1453 fraudulentos
714 1397 811 1455 modos
835 1397 952 1456 violandi
977 1396 1046 1454 illas.
1072 1397 1133 1453 biri
1168 1399 1187 1456 l.
1205 1415 1265 1456 non
1282 1397 1406 1456 dubium
1425 1398 1609 1458 desideretur.
1626 1399 1719 1471 Neque
1743 1403 1840 1454 eontra
1853 1397 1906 1453 hoc
1920 1396 1968 1453 ob·

266 1515 271 1528 ·
330 1485 627 1558 denique,sermonetn
650 1501 709 1542 esse
734 1485 768 1544 de
790 1486 897 1560 legibus
917 1485 1128 1559 prohibentibus
1167 1491 1239 1544 stunt
1249 1487 1415 1546 abiectiones
1426 1488 1513 1545 iactae
1527 1493 1624 1544 eontra
1637 1489 1763 1560 quintam
1777 1485 1967 1542 limitationem

331 1581 423 1632 ectum
445 1574 537 1648 quoad
558 1590 640 1632 suum
655 1591 753 1647 usum,
769 1591 820 1632 seu
832 1578 1008 1648 exercitium,
1024 1577 1091 1649 quia
1109 1575 1131 1630 ai
1167 1591 1359 1649 communem,
1379 1579 1444 1650 quia
1463 1575 1522 1633 illae
1543 1575 1586 1632 rel
1610 1575 1765 1649 procedunt
1784 1581 1881 1632 contra
1906 1589 1966 1646 eos,

330 1662 373 1722 lex
388 1665 526 1736 permittat
539 1672 646 1738 actum,
662 1672 689 1721 et
702 1665 825 1739 designet
839 1666 967 1739 modum,
984 1666 1131 1738 solumque
1167 1666 1215 1738 qui
1236 1665 1368 1738 dixerint,
1390 1666 1477 1739 legem
1498 1665 1684 1738 prohibentem
1704 1680 1736 1722 ex
1757 1680 1786 1722 se
1800 1666 1925 1732 irritare,
1940 1669 1970 1721 et

329 1754 470 1827 probibeat
486 1761 579 1813 actum
594 1755 670 1812 aliter
685 1755 863 1828 iactum,iam
878 1755 947 1814 illud
964 1756 1080 1829 pertinet
1096 1754 1130 1811 ad
1167 1769 1221 1812 non
1243 1770 1276 1812 ex
1297 1754 1538 1828 interpretatione,
1554 1759 1581 1810 et
1593 1753 1729 1813 additione
1742 1753 1861 1828 generali
1875 1754 1971 1810 cuius-

329 1842 401 1901 aliud
417 1858 505 1918 genus
520 1843 724 1917 prohibitionis,
736 1843 811 1917 quod
827 1861 877 1902 nos
888 1856 1023 1904 vocamus
1038 1843 1130 1919 quoad
1165 1845 1228 1902 dam
1248 1845 1315 1918 legis
1334 1844 1436 1917 civilis,
1456 1845 1499 1901 vel
1513 1850 1588 1902 certe
1609 1848 1758 1901 sumuntur
1771 1859 1805 1901 aa
1818 1841 1924 1916 legibus
1942 1848 1972 1899 ει

329 1933 577 2006 specificationem,
600 1947 649 1988 seu
670 1931 900 2007 conditionatum,
915 1933 950 1992 de
964 1950 1021 2008 qno
1035 1933 1130 1990 dioen-
1168 1936 1282 1992 materia
1293 1934 1436 2006 canonica,
1449 1948 1519 2006 quae
1531 1949 1585 1990 non
1598 1939 1663 1989 sunt
1673 1932 1708 1989 ad
1719 1939 1829 2002 rem,ut
1839 1932 1970 1989 diximus.

328 2021 395 2079 dum
408 2028 452 2079 cst
470 2023 496 2079 in
514 2037 577 2094 cap.
591 2023 684 2080 lllllll.
700 2023 821 2096 lienique
835 2023 906 2096 dixi,
921 2017 1129 2097 intelligendum
1206 2026 1350 2081 Praeterea
1364 2021 1487 2081 secunde
1500 2022 1638 2080 distinctio
1650 2023 1816 2088 eommunis,
1829 2027 1969 2094 quatenus

328 2111 382 2169 boc
396 2127 457 2168 asse
476 2111 510 2170 de
533 2113 770 2184 circumstantie,
788 2129 859 2188 quae
879 2121 946 2171 sunt
966 2120 1043 2170 extra
1064 2112 1140 2170 sub-'
1165 2115 1323 2189 generalem
1343 2112 1467 2186 regulam
1486 2112 1605 2169 admittit
1622 2113 1649 2168 in
1668 2111 1728 2184 lege
1743 2110 1858 2168 habente
1873 2124 1969 2182 perpe·

329 2201 457 2258 stantiam
476 2208 574 2274 ectns;
600 2217 664 2258 nam
691 2203 712 2258 si
737 2207 845 2260 tantum
867 2205 902 2260 ειι
920 2205 1130 2261 circumstantia
1167 2211 1242 2262 tuam
1266 2218 1381 2260 causam
1401 2201 1609 2274 prohibitionis,
1631 2200 1779 2273 improbari
1795 2215 1849 2256 nou
1864 2203 1968 2272 potest,

327 2305 480 2364 personae,
504 2306 558 2347 non
583 2289 713 2348 sulllcict.
730 2292 859 2360 eramris
885 2294 956 2351 enim
979 2293 1021 2350 lcr
1036 2293 1129 2365 prohi·
1165 2291 1493 2367 dummodointelligatur
1505 2291 1799 2348 nonesneturaverhi
1811 2289 1970 2364 prohibeas-

327 2377 391 2436 bcet
410 2385 504 2435 actum
524 2377 570 2435 tali
584 2379 626 2436 rel
641 2379 688 2436 teli
702 2383 795 2453 generi
811 2397 1008 2455 personarum,
1025 2381 1128 2454 simpli·
1169 2382 1208 2444 dt.
1226 2398 1278 2440 nec
1293 2398 1326 2440 ex
1341 2397 1521 2456 quocumque
1536 2382 1605 2453 iure,
1621 2378 1669 2437 sed
1683 2387 1790 2437 tantum
1803 2395 1838 2436 ex
1851 2379 1922 2435 civili
1939 2386 1981 2438 ει.

327 2467 398 2524 citer
418 2466 544 2540 prohibet
563 2475 675 2542 actum,
691 2472 798 2528 cdemsi
813 2487 867 2528 non
882 2471 1027 2544 prohibeat
1041 2473 1134 2528 omni·
1165 2473 1316 2544 communi,
1327 2479 1355 2530 et
1367 2487 1401 2529 ex
1415 2472 1442 2528 vi
1455 2471 1546 2528 dictae
1559 2470 1578 2527 l.
1595 2486 1655 2526 oon
1669 2468 1804 2527 ἀειιεει.
1818 2471 1886 2526 Νεεε
1901 2470 1924 2524 si
1939 2469 1966 2524 in

327 2554 380 2612 hus
395 2557 530 2629 personis,
540 2561 568 2612 ει
580 2555 662 2615 habet
675 2557 770 2617 locum
785 2561 972 2632 interpretatio
987 2561 1055 2634 legis
1068 2577 1130 2618 nora
1166 2564 1258 2637 eliqua
1271 2563 1332 2637 legs
1346 2561 1445 2619 babere
1459 2566 1551 2634 potest
1564 2575 1647 2618 suum
1656 2559 1921 2631 ellectum,maxime
1936 2559 1966 2614 in

329 2641 466 2711 ἀειὸιιιεε,
489 2651 522 2702 ut
540 2650 616 2718 patet
628 2650 711 2705 etiam
726 2665 760 2707 ea
773 2665 842 2707 casu
856 2651 1032 2723 particulari,
1048 2666 1130 2708 occa·
1167 2653 1226 2725 legs
1248 2652 1363 2710 habente
1383 2665 1496 2709 causam
1512 2649 1692 2724 perpetuam.
1708 2651 1764 2706 Neo
1779 2648 1923 2706 instantiae
1937 2647 1966 2703 in

330 2734 406 2790 sione
423 2735 505 2791 culus
520 2733 574 2792 leta
587 2741 646 2809 est,
662 2737 770 2796 scilicet
782 2739 816 2796 de
830 2738 890 2813 lege
904 2739 1064 2811 prohibente
1078 2756 1129 2798 cu·
1169 2744 1342 2800 eontrarium
1358 2739 1514 2814 procedunt
1527 2739 1708 2797 contrahens
1723 2738 1919 2812 sensum,quia
1933 2753 1968 2794 err

329 2821 443 2880 rielibus
470 2830 597 2898 ιεειεεε,
618 2831 645 2882 ει
662 2841 717 2883 non
732 2828 876 2896 omnihus,
899 2830 964 2902 quia
978 2832 1130 2902 respective
1164 2831 1270 2888 iuribus
1290 2829 1431 2888 canonicis
1451 2829 1613 2901 desumptae
1634 2835 1710 2886 sunt.
1726 2829 1768 2885 ιε
1783 2843 1849 2884 vcro
1868 2841 1965 2898 perpe·

330 2910 373 2969 ille
395 2920 476 2970 actus
497 2913 656 2988 simpliciter
668 2923 712 2974 εει
725 2916 877 2989 prohibitus
892 2919 921 2974 in
936 2932 964 2974 se
978 2925 1008 2976 et
1022 2919 1049 2976 in
1063 2919 1130 2976 sub·
1167 2921 1250 2978 tuitas
1271 2921 1339 2977 haec
1360 2919 1485 2977 conterre
1507 2933 1554 2990 per
1573 2933 1603 2975 se
1624 2919 1713 2990 possit
1726 2916 1760 2974 ad
1774 2917 1966 2989 irritationem,

329 3003 429 3060 sunda
449 3019 510 3060 ωι-
1167 3009 1272 3084 amque
1297 3009 1348 3066 alie
1366 3008 1549 3067 declaratione
1567 3010 1656 3079 posita
1674 3009 1701 3064 in
1719 3007 1780 3079 lege
1794 3005 1899 3063 dictum
1914 3008 1969 3063 iam

370 3091 449 3150 Addo
470 3099 627 3164 praeterea,
647 3096 790 3168 supposita
804 3102 896 3154 nostra
909 3096 1130 3170 interpretatione
1167 3107 1220 3158 εει.
1232 3099 1368 3158 himitatio
1383 3114 1463 3170 vero,
1477 3113 1547 3171 quae
1562 3096 1648 3154 altero
1661 3097 1796 3161 membro.
1809 3096 1843 3154 dc
1857 3095 1965 3169 legibus

329 3180 364 3236 ad
384 3180 486 3238 dictem
507 3182 606 3256 legem,
622 3187 759 3257 acceptari
773 3187 855 3243 etiam
869 3202 950 3259 posse
965 3187 1081 3260 primam
1096 3187 1130 3244 li·
1165 3188 1382 3263 prohibentibus,
1391 3193 1420 3245 ει
1432 3186 1593 3244 habentibus
1607 3186 1787 3258 temporalem
1798 3200 1924 3258 causam,
1937 3191 1968 3243 nt

330 3269 493 3328 mitetionem
507 3286 694 3346 communem,
703 3280 736 3331 ut
746 3273 846 3331 hebeat
858 3275 951 3334 locum
964 3279 1042 3334 eirca
1055 3269 1129 3351 lege's
1166 3279 1191 3336 in
1206 3279 1246 3336 eis
1259 3292 1313 3334 non
1327 3275 1461 3350 procedat
1475 3277 1663 3348 interpretatio
1677 3275 1744 3349 legis
1759 3291 1818 3332 eos
1827 3273 1965 3342 deatum,

327 3375 397 3432 pure
411 3359 601 3434 prohibentes,
620 3369 649 3419 ει
662 3377 716 3419 εεε
731 3362 888 3422 ειιιειεειεε
903 3366 983 3424 eliam
997 3383 1126 3440 poenam.
1167 3383 1222 3424 non
1236 3366 1331 3437 viden,
1355 3381 1411 3440 quo
1425 3364 1572 3422 sullioienti
1585 3364 1763 3422 fundamento
1778 3363 1888 3436 probari
1903 3378 1967 3435 pos·

327 3450 397 3506 llam
410 3450 432 3506 si
449 3449 588 3524 legislator
603 3451 682 3509 aliem
698 3467 813 3524 poenam
828 3453 941 3530 addidit,
958 3454 1068 3514 ridetur
1082 3455 1130 3514 illa
1165 3457 1290 3525 alelluia
1303 3455 1562 3527 licet,eonsiderata
1577 3455 1635 3513 sola
1648 3455 1675 3511 ri
1686 3452 1966 3528 prohibitionis‚illud

327 3538 413 3598 lesisse
427 3545 584 3598 εοειεειεεε
599 3539 769 3599 ostendimus
778 3545 882 3614 autem',
896 3545 1075 3603 irritationem
1086 3548 1127 3604 in·
1164 3547 1201 3603 sit
1213 3561 1321 3617 rerum,
1335 3543 1414 3602 modo
1429 3559 1514 3617 supra
1526 3544 1680 3616 explicato,
1696 3541 1840 3601 tractando
1854 3542 1889 3600 de
1904 3542 1962 3616 lege

328 3627 483 3686 hoductam
496 3644 547 3701 per
560 3629 647 3704 legem
660 3647 721 3688 non
735 3630 873 3702 alchiam,
897 3635 1040 3706 poenalem
1054 3652 1127 3711 ease,
1164 3633 1298 3705 naturali,
1319 3639 1411 3691 tamen
1425 3639 1515 3690 stante
1527 3633 1588 3690 iure
1602 3633 1727 3706 positivo,
1743 3647 1798 3688 non
1812 3640 1855 3688 est
1868 3647 1965 3690 neces·

327 3733 383 3774 non
403 3732 469 3792 ergo
489 3719 705 3778 existimandum
723 3728 782 3794 est,
798 3723 918 3782 voluisse
931 3726 1128 3797 imperatorem
1164 3723 1279 3792 sarium,
1292 3722 1355 3795 quia
1368 3721 1410 3778 lca
1424 3737 1483 3777 oon
1496 3719 1621 3778 dublum
1636 3737 1690 3778 non
1705 3719 1889 3778 consideravit
1898 3735 1967 3778 eau-

328 3804 511 3877 multiplicare
535 3822 657 3880 poenas,
679 3807 727 3867 sed
753 3811 879 3870 locutum
901 3811 987 3870 inissa
1013 3812 1047 3870 de
1070 3814 1129 3887 legs
1165 3827 1224 3869 sem
1239 3810 1442 3884 prohibitionis,
1453 3809 1502 3866 sed
1513 3807 1670 3874 absolutam
1683 3809 1902 3882 prohibitionem
1915 3825 1966 3882 po·

327 3900 434 3952 mntem
448 3895 715 3971 prohibentemque
728 3899 782 3960 hoc
797 3901 879 3959 modo
893 3901 967 3968 leret
980 3902 1077 3976 regula
1090 3903 1129 3961 le·
1164 3908 1218 3959 test
1237 3907 1330 3958 autem
1351 3914 1411 3956 esse
1431 3896 1557 3956 absoluta
1570 3897 1732 3970 prohibitio,
1748 3897 1813 3955 lieet
1826 3913 1913 3955 cauas
1926 3899 1964 3955 sit

329 3985 371 4056 gis
384 3987 509 4052 sanctio,
527 3983 555 4042 ff.
572 3983 606 4043 de
619 3988 725 4062 poenis,
741 3991 817 4062 quod
830 3994 863 4047 la
876 3989 1049 4049 huiusmodi
1059 4007 1129 4067 poe·
1164 3989 1330 4062 temporalis.
1342 3989 1409 4045 ltem
1428 4001 1522 4043 omnes
1543 3987 1613 4043 tales
1632 3987 1865 4060 transgressiones
1878 4002 1962 4060 gene·

328 4077 375 4130 sats
388 4077 488 4146 penerl
501 4089 558 4148 per
570 4077 698 4150 speciem
712 4075 875 4152 acropatus·
882 4098 894 4148 ;
908 4079 950 4137 lex
964 4087 1056 4142 eutem
1070 4098 1130 4138 nnn
1163 4078 1258 4137 raliter
1272 4084 1300 4138 et
1312 4075 1467 4134 indistincte
1482 4075 1559 4148 punit
1571 4075 1615 4134 lex
1629 4092 1688 4132 ooo
1701 4073 1844 4139 dubium,-
1858 4083 1886 4132 et
1900 4076 1966 4134 licet

329 4160 470 4230 dubium,
490 4163 580 4236 quoad
595 4164 648 4223 boe
662 4167 869 4241 generalitatem
881 4170 1028 4243 qtaemdam
1042 4173 1131 4230 conti·
1164 4183 1250 4228 eausa
1271 4167 1337 4240 legis
1355 4167 1391 4223 sit
1404 4162 1573 4238 temporalis,
1588 4164 1765 4222 nibilominus
1780 4165 1965 4238 transgressio

329 4257 376 4309 εει
389 4266 438 4324 per
451 4251 631 4310 universalem
643 4255 791 4328 qeramdam
803 4249 1059 4331 interpretationem
1066 4260 1130 4318 alia·
1163 4261 1223 4317 eius
1237 4263 1402 4330 potestesse
1415 4256 1508 4328 gravis
1517 4262 1545 4312 ει
1558 4253 1639 4330 digna
1650 4253 1696 4311 tali
1711 4269 1807 4327 poene,
1819 4271 1896 4328 ergo.
1916 4255 1968 4312 lie·

328 4355 392 4399 rum
413 4339 519 4413 legum,
540 4357 607 4417 ergo
623 4343 644 4400 ει
664 4345 690 4400 ιε
705 4345 756 4403 elia
770 4345 828 4422 lege
841 4353 886 4406 εει
900 4364 987 4421 poene
1002 4350 1129 4422 specialis
1164 4350 1247 4422 nique
1262 4347 1315 4404 hoo
1331 4343 1584 4418 prohatdiscursus
1595 4342 1686 4400 lectus
1699 4350 1797 4401 contra
1808 4343 1881 4401 illam
1893 4343 1965 4401 limi·

329 4429 474 4503 imposita,
489 4430 603 4504 impedit
616 4433 772 4505 generalem
786 4453 913 4512 poenam,
930 4455 980 4497 seu
994 4440 1130 4513 interpre-
1164 4437 1291 4495 tationem
1313 4432 1464 4491 secundam
1484 4434 1562 4489 circe
1582 4433 1702 4506 primum
1716 4433 1873 4492 membrum
1887 4435 1964 4492 eius.

233 4547 241 4562 ·
329 4521 470 4576 tationem.
491 4521 576 4580 Etita
591 4524 792 4584 consultetiam
804 4527 875 4585 liota
890 4528 932 4586 tit.
948 4527 981 4586 de
997 4529 1126 4602 appellet.
1163 4527 1230 4585 Nam
1252 4526 1317 4582 licet
1337 4523 1479 4580 instantiae
1500 4520 1537 4578 ibi
1555 4519 1691 4580 adductae
1712 4523 1767 4579 sint
1785 4529 1911 4594 sumptae
1930 4539 1963 4582 ex

329 4609 354 4665 5¹¹
370 4609 458 4676 ⁰⁰Vl⁸s
473 4606 560 4666 decia·
578 4613 625 4685 bl,
638 4627 715 4670 nram.
731 4617 758 4688 i,
774 4631 840 4674 eum
855 4619 923 4693 Cyn.
937 4620 997 4676 liin.
1010 4619 1085 4678 Bari.
1100 4627 1130 4678 ει
1162 4618 1224 4674 iure
1238 4611 1397 4684 canonico,
1417 4617 1507 4668 tamen
1521 4617 1634 4681 possent
1650 4611 1750 4668 similes
1765 4611 1964 4683 prohibitiones

329 4696 398 4754 aliis.
417 4699 513 4771 Neque
537 4706 635 4758 contra
658 4700 712 4759 hoc
739 4704 852 4764 obstant
870 4709 996 4780 superius
1022 4708 1128 4767 obiecta
1162 4705 1219 4762 fieri
1233 4718 1283 4776 per
1297 4702 1371 4774 leges
1385 4699 1530 4772 civiles3et
1542 4707 1617 4758 certe
1630 4699 1858 4772 probibitiolecte
1871 4703 1964 4760 curia·

328 4790 427 4844 contra
442 4788 558 4858 primam
573 4788 770 4866 limitationem,
779 4795 847 4868 'quia
862 4797 909 4854 illa
922 4796 1050 4856 videntur
1065 4814 1128 4870 pro·
1162 4794 1235 4852 libus
1248 4795 1276 4848 in
1290 4790 1384 4849 eadem
1400 4788 1680 4864 tegernseensium,
1695 4805 1809 4848 causmn
1825 4797 1964 4864 tempore-

328 4875 428 4934 eedere
450 4891 485 4934 er
502 4882 602 4935 natura
617 4878 655 4935 rei
663 4918 670 4950 ‚
685 4888 714 4937 ει
727 4886 924 4960 supponendo,
947 4887 1127 4946 irritationem
1162 4884 1216 4941 lem
1230 4881 1334 4952 habuit,
1350 4881 1501 4938 scilicetne
1515 4879 1662 4938 solicitudo
1676 4885 1785 4937 etcnra
1799 4880 1885 4938 inillo
1901 4894 1962 4940 nru-

327 4963 399 5024 hane
420 4980 476 5022 non
494 4979 556 5022 essa
570 4968 728 5040 poenalem:
744 4987 798 5053 non
812 4980 905 5032 antem
919 4975 1049 5048 latemur,
1066 4989 1127 5032 ver·
1161 4987 1226 5030 nere
1239 4969 1428 5043 impediretur,
1437 4975 1485 5026 aut
1498 4968 1636 5027 rectitudo
1650 4975 1834 5042 averteretur5
1850 4977 1961 5043 poteret

327 5052 392 5111 bum
410 5051 587 5128 prohibendi
606 5071 639 5113 ea
653 5073 683 5115 se
696 5075 752 5118 non
766 5060 895 5122 inducere
911 5063 982 5122 hanc
996 5065 1134 5122 irritatio·
1160 5063 1233 5121 enim
1252 5059 1376 5118 cilicium
1399 5070 1462 5117 esse
1486 5059 1651 5134 temporale,
1671 5065 1700 5118 et
1716 5060 1753 5117 ita
1771 5061 1855 5118 etiem
1875 5077 1962 5118 causa
2012 5129 2019 5136 ,

325 5157 400 5218 εεεε,
412 5150 440 5201 ει
455 5151 486 5201 ει
499 5142 639 5202 inducitur
653 5149 757 5207 virtute
771 5151 836 5226 legis
848 5152 1054 5225 sandalium,
1065 5167 1127 5211 asse
1160 5167 1222 5211 esse
1242 5149 1411 5223 temporalis.
1431 5146 1510 5216 Quod
1534 5149 1557 5205 si
1580 5148 1690 5206 dicetur
1712 5155 1865 5223 perpetua,
1894 5152 1962 5224 quie

325 5231 480 5309 poenalem,
494 5240 522 5294 et
534 5235 573 5293 ite
587 5250 702 5308 poenam
714 5237 786 5298 hanc
799 5242 864 5300 oriri
877 5258 911 5302 aa
922 5241 981 5317 laga
995 5242 1124 5302 distincte
1160 5238 1292 5315 quamdiu
1311 5239 1395 5298 durat
1414 5237 1554 5312 officium,
1576 5239 1657 5296 duret
1675 5254 1780 5312 causa,
1802 5239 1855 5297 hoo
1877 5237 1961 5299 modo
