<?xml version="1.0" encoding="UTF-8"?>
<!DOCTYPE html PUBLIC "-//W3C//DTD XHTML 1.0 Transitional//EN"
    "http://www.w3.org/TR/xhtml1/DTD/xhtml1-transitional.dtd">
<html xmlns="http://www.w3.org/1999/xhtml" xml:lang="en" lang="en">
 <head>
  <title>
</title>
<meta http-equiv="Content-Type" content="text/html;charset=utf-8" />
  <meta name='ocr-system' content='tesseract 3.04.00' />
  <meta name='ocr-capabilities' content='ocr_page ocr_carea ocr_par ocr_line ocrx_word'/>
</head>
<body>
  <div class='ocr_page' id='page_1' title='image "./tractatusdelegi00sugoog_0400.png"; bbox 0 0 4290 6222; ppageno 0'>
   <div class='ocr_carea' id='block_1_1' title="bbox 887 372 1758 439">
    <p class='ocr_par' dir='ltr' id='par_1_1' title="bbox 887 372 1758 439">
     <span class='ocr_line' id='line_1_1' title="bbox 887 372 1758 439; baseline -0.006 0"><span class='ocrx_word' id='word_1_1' title='bbox 887 390 1084 439; x_wconf 81' lang='lat' dir='ltr'><strong>cnrurxnr.</strong></span> <span class='ocrx_word' id='word_1_2' title='bbox 1698 372 1758 434; x_wconf 84' lang='lat'><strong>387</strong></span> 
     </span>
    </p>
   </div>
   <div class='ocr_carea' id='block_1_2' title="bbox 115 506 1834 4494">
    <p class='ocr_par' dir='ltr' id='par_1_2' title="bbox 115 506 1834 4494">
     <span class='ocr_line' id='line_1_2' title="bbox 149 506 1798 584; baseline 0 -20"><span class='ocrx_word' id='word_1_3' title='bbox 149 506 261 583; x_wconf 78' lang='lat' dir='ltr'><strong>legium</strong></span> <span class='ocrx_word' id='word_1_4' title='bbox 276 510 330 568; x_wconf 91' lang='lat' dir='ltr'><strong>sub</strong></span> <span class='ocrx_word' id='word_1_5' title='bbox 347 509 625 584; x_wconf 63' lang='lat' dir='ltr'><strong>conditionalique,</strong></span> <span class='ocrx_word' id='word_1_6' title='bbox 640 515 689 572; x_wconf 89' lang='lat' dir='ltr'><strong>aut</strong></span> <span class='ocrx_word' id='word_1_7' title='bbox 707 510 788 568; x_wconf 89' lang='lat' dir='ltr'><strong>modo</strong></span> <span class='ocrx_word' id='word_1_8' title='bbox 804 513 959 569; x_wconf 90' lang='lat' dir='ltr'><strong>necessario</strong></span> <span class='ocrx_word' id='word_1_9' title='bbox 998 512 1145 584; x_wconf 75' lang='lat' dir='ltr'>praecipue</span> <span class='ocrx_word' id='word_1_10' title='bbox 1157 511 1356 568; x_wconf 89' lang='lat' dir='ltr'><strong>consideranda</strong></span> <span class='ocrx_word' id='word_1_11' title='bbox 1368 518 1443 568; x_wconf 87' lang='lat' dir='ltr'><strong>sunt.</strong></span> <span class='ocrx_word' id='word_1_12' title='bbox 1454 512 1545 571; x_wconf 84' lang='lat' dir='ltr'><strong>Unum</strong></span> <span class='ocrx_word' id='word_1_13' title='bbox 1555 516 1608 577; x_wconf 92' lang='lat' dir='ltr'><strong>est,</strong></span> <span class='ocrx_word' id='word_1_14' title='bbox 1617 524 1655 566; x_wconf 67' lang='lat' dir='ltr'><strong>&#39;au</strong></span> <span class='ocrx_word' id='word_1_15' title='bbox 1667 525 1737 566; x_wconf 91' lang='lat' dir='ltr'><strong>onus</strong></span> <span class='ocrx_word' id='word_1_16' title='bbox 1748 508 1798 566; x_wconf 92' lang='lat' dir='ltr'><strong>im·</strong></span> 
     </span>
     <span class='ocr_line' id='line_1_3' title="bbox 149 591 1796 672; baseline -0.001 -17"><span class='ocrx_word' id='word_1_17' title='bbox 149 598 191 655; x_wconf 80' lang='lat' dir='ltr'><strong>ad</strong></span> <span class='ocrx_word' id='word_1_18' title='bbox 215 599 338 656; x_wconf 90' lang='lat' dir='ltr'><strong>irnctum</strong></span> <span class='ocrx_word' id='word_1_19' title='bbox 360 599 493 671; x_wconf 78' lang='lat' dir='ltr'><strong>privilegii</strong></span> <span class='ocrx_word' id='word_1_20' title='bbox 511 595 758 672; x_wconf 85' lang='lat' dir='ltr'><strong>consequendum,</strong></span> <span class='ocrx_word' id='word_1_21' title='bbox 780 603 855 658; x_wconf 87' lang='lat' dir='ltr'><strong>siout</strong></span> <span class='ocrx_word' id='word_1_22' title='bbox 872 591 961 657; x_wconf 77' lang='lat' dir='ltr'><strong>solen&#39;t</strong></span> <span class='ocrx_word' id='word_1_23' title='bbox 995 599 1532 672; x_wconf 84' lang='lat' dir='ltr'><strong>positumsdconsequendomlructurn</strong></span> <span class='ocrx_word' id='word_1_24' title='bbox 1545 598 1796 670; x_wconf 83' lang='lat' dir='ltr'><strong>privilegiisitcon·</strong></span> 
     </span>
     <span class='ocr_line' id='line_1_4' title="bbox 148 685 1796 761; baseline 0 -19"><span class='ocrx_word' id='word_1_25' title='bbox 148 688 343 761; x_wconf 72' lang='lat' dir='ltr'><strong>indulgentiae</strong></span> <span class='ocrx_word' id='word_1_26' title='bbox 354 689 467 745; x_wconf 90' lang='lat' dir='ltr'><strong>concedi</strong></span> <span class='ocrx_word' id='word_1_27' title='bbox 483 688 591 746; x_wconf 74' lang='lat' dir='ltr'><strong>facienti</strong></span> <span class='ocrx_word' id='word_1_28' title='bbox 616 688 669 746; x_wconf 88' lang='lat' dir='ltr'><strong>boc</strong></span> <span class='ocrx_word' id='word_1_29' title='bbox 688 689 730 745; x_wconf 85' lang='lat' dir='ltr'><strong>vel</strong></span> <span class='ocrx_word' id='word_1_30' title='bbox 747 688 812 745; x_wconf 88' lang='lat' dir='ltr'><strong>illud</strong></span> <span class='ocrx_word' id='word_1_31' title='bbox 829 686 961 760; x_wconf 86' lang='lat' dir='ltr'><strong>opus,vel</strong></span> <span class='ocrx_word' id='word_1_32' title='bbox 995 686 1060 745; x_wconf 90' lang='lat' dir='ltr'><strong>ditio</strong></span> <span class='ocrx_word' id='word_1_33' title='bbox 1074 689 1183 760; x_wconf 78' lang='lat' dir='ltr'><strong>proprie</strong></span> <span class='ocrx_word' id='word_1_34' title='bbox 1197 695 1357 760; x_wconf 88' lang='lat' dir='ltr'><strong>sumpta,so</strong></span> <span class='ocrx_word' id='word_1_35' title='bbox 1370 703 1435 744; x_wconf 79' lang='lat' dir='ltr'><strong>sero</strong></span> <span class='ocrx_word' id='word_1_36' title='bbox 1447 687 1598 744; x_wconf 90' lang='lat' dir='ltr'><strong>sittsntum</strong></span> <span class='ocrx_word' id='word_1_37' title='bbox 1612 685 1796 746; x_wconf 73' lang='lat' dir='ltr'><strong>modoetiam</strong></span> 
     </span>
     <span class='ocr_line' id='line_1_5' title="bbox 149 773 1796 849; baseline -0.002 -17"><span class='ocrx_word' id='word_1_38' title='bbox 149 778 232 833; x_wconf 88' lang='lat' dir='ltr'><strong>sieut</strong></span> <span class='ocrx_word' id='word_1_39' title='bbox 246 777 317 835; x_wconf 90' lang='lat' dir='ltr'><strong>solet</strong></span> <span class='ocrx_word' id='word_1_40' title='bbox 335 777 450 833; x_wconf 86' lang='lat' dir='ltr'><strong>concedi</strong></span> <span class='ocrx_word' id='word_1_41' title='bbox 465 777 583 834; x_wconf 83' lang='lat' dir='ltr'><strong>incultas</strong></span> <span class='ocrx_word' id='word_1_42' title='bbox 602 777 775 844; x_wconf 85' lang='lat' dir='ltr'><strong>absolvendi,</strong></span> <span class='ocrx_word' id='word_1_43' title='bbox 791 777 834 834; x_wconf 87' lang='lat' dir='ltr'><strong>rel</strong></span> <span class='ocrx_word' id='word_1_44' title='bbox 848 777 960 849; x_wconf 91' lang='lat' dir='ltr'><strong>dispeo·</strong></span> <span class='ocrx_word' id='word_1_45' title='bbox 995 779 1016 833; x_wconf 91' lang='lat' dir='ltr'><strong>si</strong></span> <span class='ocrx_word' id='word_1_46' title='bbox 1031 778 1066 833; x_wconf 90' lang='lat' dir='ltr'><strong>sit</strong></span> <span class='ocrx_word' id='word_1_47' title='bbox 1077 777 1213 849; x_wconf 89' lang='lat' dir='ltr'><strong>conditio,</strong></span> <span class='ocrx_word' id='word_1_48' title='bbox 1228 777 1335 834; x_wconf 88' lang='lat' dir='ltr'><strong>olorum</strong></span> <span class='ocrx_word' id='word_1_49' title='bbox 1351 783 1408 843; x_wconf 90' lang='lat' dir='ltr'><strong>est,</strong></span> <span class='ocrx_word' id='word_1_50' title='bbox 1426 775 1592 832; x_wconf 87' lang='lat' dir='ltr'><strong>voluntatem</strong></span> <span class='ocrx_word' id='word_1_51' title='bbox 1608 773 1738 846; x_wconf 87' lang='lat' dir='ltr'><strong>principis</strong></span> <span class='ocrx_word' id='word_1_52' title='bbox 1757 774 1796 830; x_wconf 91' lang='lat' dir='ltr'><strong>ni-</strong></span> 
     </span>
     <span class='ocr_line' id='line_1_6' title="bbox 149 861 1797 939; baseline -0.002 -18"><span class='ocrx_word' id='word_1_53' title='bbox 149 866 238 924; x_wconf 85' lang='lat' dir='ltr'><strong>sandi</strong></span> <span class='ocrx_word' id='word_1_54' title='bbox 251 867 378 938; x_wconf 87' lang='lat' dir='ltr'><strong>imposita</strong></span> <span class='ocrx_word' id='word_1_55' title='bbox 390 866 435 923; x_wconf 92' lang='lat' dir='ltr'><strong>tali</strong></span> <span class='ocrx_word' id='word_1_56' title='bbox 451 867 625 938; x_wconf 72' lang='lat' dir='ltr'><strong>poenitentia,</strong></span> <span class='ocrx_word' id='word_1_57' title='bbox 638 867 680 922; x_wconf 88' lang='lat' dir='ltr'><strong>vel</strong></span> <span class='ocrx_word' id='word_1_58' title='bbox 697 868 848 923; x_wconf 78' lang='lat' dir='ltr'><strong>examinata</strong></span> <span class='ocrx_word' id='word_1_59' title='bbox 862 881 957 936; x_wconf 89' lang='lat' dir='ltr'><strong>causa,</strong></span> <span class='ocrx_word' id='word_1_60' title='bbox 995 865 1030 922; x_wconf 95' lang='lat' dir='ltr'><strong>bil</strong></span> <span class='ocrx_word' id='word_1_61' title='bbox 1046 867 1169 938; x_wconf 88' lang='lat' dir='ltr'><strong>operari,</strong></span> <span class='ocrx_word' id='word_1_62' title='bbox 1184 868 1248 939; x_wconf 88' lang='lat' dir='ltr'><strong>quia</strong></span> <span class='ocrx_word' id='word_1_63' title='bbox 1264 865 1354 922; x_wconf 90' lang='lat' dir='ltr'><strong>solum</strong></span> <span class='ocrx_word' id='word_1_64' title='bbox 1370 864 1465 922; x_wconf 88' lang='lat' dir='ltr'><strong>babuit</strong></span> <span class='ocrx_word' id='word_1_65' title='bbox 1479 862 1648 920; x_wconf 84' lang='lat' dir='ltr'><strong>voluntatem</strong></span> <span class='ocrx_word' id='word_1_66' title='bbox 1663 861 1797 919; x_wconf 89' lang='lat' dir='ltr'><strong>conditio·</strong></span> 
     </span>
     <span class='ocr_line' id='line_1_7' title="bbox 149 953 1792 1028; baseline -0.001 -18"><span class='ocrx_word' id='word_1_67' title='bbox 149 963 209 1011; x_wconf 90' lang='lat' dir='ltr'><strong>unt</strong></span> <span class='ocrx_word' id='word_1_68' title='bbox 223 956 307 1026; x_wconf 89' lang='lat' dir='ltr'><strong>petito</strong></span> <span class='ocrx_word' id='word_1_69' title='bbox 321 955 451 1023; x_wconf 87' lang='lat' dir='ltr'><strong>consilio,</strong></span> <span class='ocrx_word' id='word_1_70' title='bbox 468 955 509 1010; x_wconf 88' lang='lat' dir='ltr'><strong>rel</strong></span> <span class='ocrx_word' id='word_1_71' title='bbox 525 970 663 1018; x_wconf 85' lang='lat' dir='ltr'><strong>consensu</strong></span> <span class='ocrx_word' id='word_1_72' title='bbox 677 955 812 1026; x_wconf 89' lang='lat' dir='ltr'><strong>alicuius,</strong></span> <span class='ocrx_word' id='word_1_73' title='bbox 827 961 855 1011; x_wconf 93' lang='grc' dir='ltr'><strong>ει</strong></span> <span class='ocrx_word' id='word_1_74' title='bbox 868 954 959 1010; x_wconf 89' lang='lat' dir='ltr'><strong>simili·</strong></span> <span class='ocrx_word' id='word_1_75' title='bbox 994 961 1102 1026; x_wconf 76' lang='lat' dir='ltr'><strong>naum,</strong></span> <span class='ocrx_word' id='word_1_76' title='bbox 1121 971 1192 1028; x_wconf 91' lang='lat' dir='ltr'><strong>qnae</strong></span> <span class='ocrx_word' id='word_1_77' title='bbox 1206 955 1270 1010; x_wconf 94' lang='lat' dir='ltr'><strong>nibil</strong></span> <span class='ocrx_word' id='word_1_78' title='bbox 1284 959 1430 1026; x_wconf 90' lang='lat' dir='ltr'><strong>operatur,</strong></span> <span class='ocrx_word' id='word_1_79' title='bbox 1447 955 1499 1010; x_wconf 90' lang='lat' dir='ltr'><strong>irno</strong></span> <span class='ocrx_word' id='word_1_80' title='bbox 1514 953 1589 1010; x_wconf 90' lang='lat' dir='ltr'><strong>nulla</strong></span> <span class='ocrx_word' id='word_1_81' title='bbox 1605 959 1656 1022; x_wconf 88' lang='grc' dir='ltr'>εει,</span> <span class='ocrx_word' id='word_1_82' title='bbox 1673 968 1727 1008; x_wconf 92' lang='lat' dir='ltr'><strong>nun</strong></span> <span class='ocrx_word' id='word_1_83' title='bbox 1741 955 1792 1010; x_wconf 86' lang='lat' dir='ltr'><strong>irn-</strong></span> 
     </span>
     <span class='ocr_line' id='line_1_8' title="bbox 151 1040 1792 1116; baseline -0.002 -17"><span class='ocrx_word' id='word_1_84' title='bbox 151 1044 224 1100; x_wconf 87' lang='lat' dir='ltr'><strong>bus.</strong></span> <span class='ocrx_word' id='word_1_85' title='bbox 236 1044 272 1101; x_wconf 84' lang='lat' dir='ltr'><strong>lit</strong></span> <span class='ocrx_word' id='word_1_86' title='bbox 288 1044 324 1100; x_wconf 88' lang='lat' dir='ltr'><strong>ita</strong></span> <span class='ocrx_word' id='word_1_87' title='bbox 337 1059 370 1100; x_wconf 86' lang='lat' dir='ltr'><strong>ex</strong></span> <span class='ocrx_word' id='word_1_88' title='bbox 385 1059 438 1100; x_wconf 90' lang='lat' dir='ltr'><strong>usu</strong></span> <span class='ocrx_word' id='word_1_89' title='bbox 453 1044 514 1115; x_wconf 89' lang='lat' dir='ltr'><strong>lpso</strong></span> <span class='ocrx_word' id='word_1_90' title='bbox 528 1044 593 1099; x_wconf 88' lang='lat' dir='ltr'><strong>satis</strong></span> <span class='ocrx_word' id='word_1_91' title='bbox 608 1049 729 1115; x_wconf 84' lang='lat' dir='ltr'><strong>constat,</strong></span> <span class='ocrx_word' id='word_1_92' title='bbox 747 1049 891 1116; x_wconf 88' lang='lat' dir='ltr'><strong>utramque</strong></span> <span class='ocrx_word' id='word_1_93' title='bbox 905 1043 959 1099; x_wconf 92' lang='lat' dir='ltr'><strong>lor·</strong></span> <span class='ocrx_word' id='word_1_94' title='bbox 994 1042 1066 1115; x_wconf 90' lang='lat' dir='ltr'><strong>pieta</strong></span> <span class='ocrx_word' id='word_1_95' title='bbox 1076 1041 1324 1100; x_wconf 91' lang='lat' dir='ltr'><strong>conditione.Uude</strong></span> <span class='ocrx_word' id='word_1_96' title='bbox 1339 1043 1381 1114; x_wconf 89' lang='lat' dir='ltr'><strong>lit,</strong></span> <span class='ocrx_word' id='word_1_97' title='bbox 1391 1051 1423 1098; x_wconf 92' lang='lat' dir='ltr'><strong>ut</strong></span> <span class='ocrx_word' id='word_1_98' title='bbox 1437 1043 1496 1099; x_wconf 89' lang='lat' dir='ltr'><strong>talis</strong></span> <span class='ocrx_word' id='word_1_99' title='bbox 1510 1040 1628 1099; x_wconf 90' lang='lat' dir='ltr'><strong>conditio</strong></span> <span class='ocrx_word' id='word_1_100' title='bbox 1639 1057 1690 1113; x_wconf 94' lang='lat' dir='ltr'><strong>pro</strong></span> <span class='ocrx_word' id='word_1_101' title='bbox 1704 1041 1792 1098; x_wconf 89' lang='lat' dir='ltr'><strong>lorma</strong></span> 
     </span>
     <span class='ocr_line' id='line_1_9' title="bbox 153 1131 1790 1206; baseline -0.002 -17"><span class='ocrx_word' id='word_1_102' title='bbox 153 1149 233 1189; x_wconf 90' lang='lat' dir='ltr'><strong>marn</strong></span> <span class='ocrx_word' id='word_1_103' title='bbox 248 1134 274 1188; x_wconf 91' lang='lat' dir='ltr'><strong>iu</strong></span> <span class='ocrx_word' id='word_1_104' title='bbox 299 1131 445 1204; x_wconf 78' lang='lat' dir='ltr'><strong>privilegiis</strong></span> <span class='ocrx_word' id='word_1_105' title='bbox 463 1131 647 1190; x_wconf 75' lang='lat' dir='ltr'><strong>concedendis</strong></span> <span class='ocrx_word' id='word_1_106' title='bbox 667 1133 818 1190; x_wconf 84' lang='lat' dir='ltr'><strong>observari.</strong></span> <span class='ocrx_word' id='word_1_107' title='bbox 835 1133 870 1188; x_wconf 84' lang='lat' dir='ltr'><strong>iit</strong></span> <span class='ocrx_word' id='word_1_108' title='bbox 889 1133 957 1188; x_wconf 90' lang='lat' dir='ltr'><strong>ratio</strong></span> <span class='ocrx_word' id='word_1_109' title='bbox 993 1131 1165 1189; x_wconf 67' lang='lat' dir='ltr'><strong>substantiali</strong></span> <span class='ocrx_word' id='word_1_110' title='bbox 1179 1139 1308 1206; x_wconf 89' lang='lat' dir='ltr'><strong>ponatur,</strong></span> <span class='ocrx_word' id='word_1_111' title='bbox 1324 1135 1382 1189; x_wconf 90' lang='lat' dir='ltr'><strong>siue</strong></span> <span class='ocrx_word' id='word_1_112' title='bbox 1402 1148 1459 1204; x_wconf 82' lang='lat' dir='ltr'><strong>qua</strong></span> <span class='ocrx_word' id='word_1_113' title='bbox 1472 1147 1517 1188; x_wconf 90' lang='lat' dir='ltr'><strong>rea</strong></span> <span class='ocrx_word' id='word_1_114' title='bbox 1537 1147 1598 1188; x_wconf 88' lang='lat' dir='ltr'><strong>esse</strong></span> <span class='ocrx_word' id='word_1_115' title='bbox 1613 1147 1667 1188; x_wconf 91' lang='lat' dir='ltr'><strong>nou</strong></span> <span class='ocrx_word' id='word_1_116' title='bbox 1688 1136 1790 1202; x_wconf 90' lang='lat' dir='ltr'><strong>potest,</strong></span> 
     </span>
     <span class='ocr_line' id='line_1_10' title="bbox 151 1218 1791 1293; baseline -0.002 -16"><span class='ocrx_word' id='word_1_117' title='bbox 151 1227 213 1290; x_wconf 88' lang='lat' dir='ltr'><strong>est,</strong></span> <span class='ocrx_word' id='word_1_118' title='bbox 224 1221 288 1293; x_wconf 74' lang='lat' dir='ltr'><strong>qun</strong></span> <span class='ocrx_word' id='word_1_119' title='bbox 304 1227 421 1292; x_wconf 87' lang='lat' dir='ltr'><strong>uterque</strong></span> <span class='ocrx_word' id='word_1_120' title='bbox 436 1219 588 1277; x_wconf 87' lang='lat' dir='ltr'><strong>modusest</strong></span> <span class='ocrx_word' id='word_1_121' title='bbox 602 1220 748 1293; x_wconf 77' lang='lat' dir='ltr'><strong>possibilis,</strong></span> <span class='ocrx_word' id='word_1_122' title='bbox 762 1227 793 1276; x_wconf 91' lang='lat' dir='ltr'><strong>ut</strong></span> <span class='ocrx_word' id='word_1_123' title='bbox 805 1236 854 1292; x_wconf 90' lang='lat' dir='ltr'><strong>per</strong></span> <span class='ocrx_word' id='word_1_124' title='bbox 866 1236 894 1276; x_wconf 91' lang='lat' dir='ltr'><strong>se</strong></span> <span class='ocrx_word' id='word_1_125' title='bbox 909 1235 960 1276; x_wconf 90' lang='lat' dir='ltr'><strong>no·</strong></span> <span class='ocrx_word' id='word_1_126' title='bbox 993 1221 1072 1293; x_wconf 84' lang='lat' dir='ltr'><strong>l.pui</strong></span> <span class='ocrx_word' id='word_1_127' title='bbox 1085 1220 1253 1288; x_wconf 73' lang='lat' dir='ltr'><strong><em>haeredem,</em></strong></span> <span class='ocrx_word' id='word_1_128' title='bbox 1271 1221 1343 1289; x_wconf 73' lang='lat' dir='ltr'><strong>iult.</strong></span> <span class='ocrx_word' id='word_1_129' title='bbox 1359 1221 1385 1278; x_wconf 86' lang='lat' dir='ltr'><strong>tl.</strong></span> <span class='ocrx_word' id='word_1_130' title='bbox 1396 1221 1430 1278; x_wconf 90' lang='lat' dir='ltr'><strong>de</strong></span> <span class='ocrx_word' id='word_1_131' title='bbox 1444 1218 1586 1278; x_wconf 67' lang='lat' dir='ltr'><strong>nundinet</strong></span> <span class='ocrx_word' id='word_1_132' title='bbox 1599 1218 1791 1276; x_wconf 76' lang='lat' dir='ltr'><strong>demonstse·</strong></span> 
     </span>
     <span class='ocr_line' id='line_1_11' title="bbox 153 1301 1788 1383; baseline -0.001 -19"><span class='ocrx_word' id='word_1_133' title='bbox 153 1317 218 1366; x_wconf 91' lang='lat' dir='ltr'><strong>tum</strong></span> <span class='ocrx_word' id='word_1_134' title='bbox 236 1307 352 1381; x_wconf 85' lang='lat' dir='ltr'><strong>videtur,</strong></span> <span class='ocrx_word' id='word_1_135' title='bbox 367 1315 395 1366; x_wconf 91' lang='lat' dir='ltr'><strong>et</strong></span> <span class='ocrx_word' id='word_1_136' title='bbox 408 1309 508 1380; x_wconf 89' lang='lat' dir='ltr'><strong>pendet</strong></span> <span class='ocrx_word' id='word_1_137' title='bbox 519 1325 553 1366; x_wconf 83' lang='lat' dir='ltr'><strong>er</strong></span> <span class='ocrx_word' id='word_1_138' title='bbox 568 1309 709 1368; x_wconf 84' lang='lat' dir='ltr'><strong>voluntate</strong></span> <span class='ocrx_word' id='word_1_139' title='bbox 724 1310 912 1383; x_wconf 77' lang='lat' dir='ltr'><strong>concedentis,</strong></span> <span class='ocrx_word' id='word_1_140' title='bbox 928 1316 956 1367; x_wconf 91' lang='lat' dir='ltr'><strong>et</strong></span> <span class='ocrx_word' id='word_1_141' title='bbox 993 1325 1045 1367; x_wconf 88' lang='lat' dir='ltr'><strong>cus</strong></span> <span class='ocrx_word' id='word_1_142' title='bbox 1059 1326 1126 1366; x_wconf 80' lang='lat' dir='ltr'><strong>vero</strong></span> <span class='ocrx_word' id='word_1_143' title='bbox 1139 1316 1197 1380; x_wconf 89' lang='lat' dir='ltr'><strong>est,</strong></span> <span class='ocrx_word' id='word_1_144' title='bbox 1213 1301 1323 1383; x_wconf 86' lang='lat' dir='ltr'><strong>quaudo</strong></span> <span class='ocrx_word' id='word_1_145' title='bbox 1338 1325 1391 1366; x_wconf 89' lang='lat' dir='ltr'><strong>uon</strong></span> <span class='ocrx_word' id='word_1_146' title='bbox 1406 1315 1449 1366; x_wconf 96' lang='grc' dir='ltr'><strong>εει</strong></span> <span class='ocrx_word' id='word_1_147' title='bbox 1467 1311 1577 1380; x_wconf 91' lang='lat' dir='ltr'><strong>propria</strong></span> <span class='ocrx_word' id='word_1_148' title='bbox 1590 1307 1726 1380; x_wconf 89' lang='lat' dir='ltr'><strong>conditio,</strong></span> <span class='ocrx_word' id='word_1_149' title='bbox 1741 1307 1788 1362; x_wconf 86' lang='lat' dir='ltr'><strong>sed</strong></span> 
     </span>
     <span class='ocr_line' id='line_1_12' title="bbox 153 1396 1786 1472; baseline -0.001 -18"><span class='ocrx_word' id='word_1_150' title='bbox 153 1398 237 1455; x_wconf 81' lang='lat' dir='ltr'><strong>iuxta</strong></span> <span class='ocrx_word' id='word_1_151' title='bbox 253 1399 382 1455; x_wconf 86' lang='lat' dir='ltr'><strong>materiae</strong></span> <span class='ocrx_word' id='word_1_152' title='bbox 403 1398 563 1471; x_wconf 78' lang='lat' dir='ltr'><strong>qualitatem</strong></span> <span class='ocrx_word' id='word_1_153' title='bbox 584 1397 722 1456; x_wconf 88' lang='lat' dir='ltr'><strong>interdum</strong></span> <span class='ocrx_word' id='word_1_154' title='bbox 743 1414 816 1455; x_wconf 91' lang='lat' dir='ltr'><strong>unus</strong></span> <span class='ocrx_word' id='word_1_155' title='bbox 837 1397 957 1470; x_wconf 85' lang='lat' dir='ltr'><strong>expedit,</strong></span> <span class='ocrx_word' id='word_1_156' title='bbox 993 1397 1101 1470; x_wconf 79' lang='lat' dir='ltr'><strong>modus3</strong></span> <span class='ocrx_word' id='word_1_157' title='bbox 1111 1400 1174 1472; x_wconf 87' lang='lat' dir='ltr'><strong>quio</strong></span> <span class='ocrx_word' id='word_1_158' title='bbox 1187 1405 1252 1455; x_wconf 90' lang='lat' dir='ltr'><strong>tune</strong></span> <span class='ocrx_word' id='word_1_159' title='bbox 1264 1413 1317 1454; x_wconf 90' lang='lat' dir='ltr'><strong>non</strong></span> <span class='ocrx_word' id='word_1_160' title='bbox 1328 1405 1372 1456; x_wconf 90' lang='grc' dir='ltr'><strong>εει</strong></span> <span class='ocrx_word' id='word_1_161' title='bbox 1382 1396 1572 1455; x_wconf 90' lang='lat' dir='ltr'><strong>conditionalis</strong></span> <span class='ocrx_word' id='word_1_162' title='bbox 1583 1397 1709 1452; x_wconf 88' lang='lat' dir='ltr'><strong>voluutas</strong></span> <span class='ocrx_word' id='word_1_163' title='bbox 1720 1412 1786 1453; x_wconf 90' lang='lat' dir='ltr'><strong>con-</strong></span> 
     </span>
     <span class='ocr_line' id='line_1_13' title="bbox 151 1484 1790 1559; baseline 0 -17"><span class='ocrx_word' id='word_1_164' title='bbox 151 1484 294 1542; x_wconf 91' lang='lat' dir='ltr'><strong>interdum</strong></span> <span class='ocrx_word' id='word_1_165' title='bbox 313 1486 479 1543; x_wconf 86' lang='lat' dir='ltr'><strong>alius.Circa</strong></span> <span class='ocrx_word' id='word_1_166' title='bbox 491 1489 610 1558; x_wconf 90' lang='lat' dir='ltr'><strong>priorem</strong></span> <span class='ocrx_word' id='word_1_167' title='bbox 619 1501 686 1559; x_wconf 78' lang='lat' dir='ltr'><strong>ergo</strong></span> <span class='ocrx_word' id='word_1_168' title='bbox 697 1486 809 1544; x_wconf 89' lang='lat' dir='ltr'><strong>modurn</strong></span> <span class='ocrx_word' id='word_1_169' title='bbox 821 1486 884 1542; x_wconf 91' lang='lat' dir='ltr'><strong>nibil</strong></span> <span class='ocrx_word' id='word_1_170' title='bbox 894 1502 958 1558; x_wconf 91' lang='lat' dir='ltr'><strong>spe·</strong></span> <span class='ocrx_word' id='word_1_171' title='bbox 992 1488 1130 1557; x_wconf 90' lang='lat' dir='ltr'><strong>cedentis,</strong></span> <span class='ocrx_word' id='word_1_172' title='bbox 1147 1486 1194 1544; x_wconf 86' lang='lat' dir='ltr'><strong>sed</strong></span> <span class='ocrx_word' id='word_1_173' title='bbox 1208 1486 1350 1558; x_wconf 85' lang='lat' dir='ltr'><strong>absoluta,</strong></span> <span class='ocrx_word' id='word_1_174' title='bbox 1365 1489 1441 1543; x_wconf 85' lang='lat' dir='ltr'><strong>etita</strong></span> <span class='ocrx_word' id='word_1_175' title='bbox 1456 1501 1537 1543; x_wconf 88' lang='lat' dir='ltr'><strong>suum</strong></span> <span class='ocrx_word' id='word_1_176' title='bbox 1551 1485 1679 1541; x_wconf 90' lang='lat' dir='ltr'><strong>ellectum</strong></span> <span class='ocrx_word' id='word_1_177' title='bbox 1694 1501 1790 1557; x_wconf 86' lang='lat' dir='ltr'><strong>opero·</strong></span> 
     </span>
     <span class='ocr_line' id='line_1_14' title="bbox 151 1571 1791 1649; baseline 0 -19"><span class='ocrx_word' id='word_1_178' title='bbox 151 1575 262 1632; x_wconf 83' lang='lat' dir='ltr'><strong>cialiter</strong></span> <span class='ocrx_word' id='word_1_179' title='bbox 276 1574 462 1634; x_wconf 88' lang='lat' dir='ltr'><strong>adnotandum</strong></span> <span class='ocrx_word' id='word_1_180' title='bbox 473 1575 680 1649; x_wconf 85' lang='lat' dir='ltr'><strong>occurrit,quia</strong></span> <span class='ocrx_word' id='word_1_181' title='bbox 690 1577 717 1632; x_wconf 93' lang='lat' dir='ltr'><strong>iu</strong></span> <span class='ocrx_word' id='word_1_182' title='bbox 727 1575 773 1633; x_wconf 93' lang='lat' dir='ltr'><strong>illo</strong></span> <span class='ocrx_word' id='word_1_183' title='bbox 784 1575 859 1632; x_wconf 90' lang='lat' dir='ltr'><strong>nulls</strong></span> <span class='ocrx_word' id='word_1_184' title='bbox 870 1575 958 1631; x_wconf 90' lang='lat' dir='ltr'><strong>iorma</strong></span> <span class='ocrx_word' id='word_1_185' title='bbox 993 1581 1038 1632; x_wconf 93' lang='lat' dir='ltr'><strong>tur</strong></span> <span class='ocrx_word' id='word_1_186' title='bbox 1053 1577 1156 1648; x_wconf 89' lang='lat' dir='ltr'><strong>statim,</strong></span> <span class='ocrx_word' id='word_1_187' title='bbox 1170 1575 1233 1632; x_wconf 89' lang='lat' dir='ltr'><strong>licet</strong></span> <span class='ocrx_word' id='word_1_188' title='bbox 1246 1575 1367 1646; x_wconf 89' lang='lat' dir='ltr'><strong>imponat</strong></span> <span class='ocrx_word' id='word_1_189' title='bbox 1382 1574 1434 1631; x_wconf 92' lang='lat' dir='ltr'><strong>tale</strong></span> <span class='ocrx_word' id='word_1_190' title='bbox 1449 1589 1531 1646; x_wconf 90' lang='lat' dir='ltr'><strong>onus,</strong></span> <span class='ocrx_word' id='word_1_191' title='bbox 1543 1571 1585 1630; x_wconf 81' lang='lat' dir='ltr'><strong>rel</strong></span> <span class='ocrx_word' id='word_1_192' title='bbox 1599 1573 1791 1646; x_wconf 84' lang='lat' dir='ltr'><strong>obligationem</strong></span> 
     </span>
     <span class='ocr_line' id='line_1_15' title="bbox 151 1662 1788 1737; baseline 0 -20"><span class='ocrx_word' id='word_1_193' title='bbox 151 1663 353 1734; x_wconf 78' lang='lat' dir='ltr'><strong>praescribitur</strong></span> <span class='ocrx_word' id='word_1_194' title='bbox 363 1663 542 1737; x_wconf 77' lang='lat' dir='ltr'><strong>privilegiorio</strong></span> <span class='ocrx_word' id='word_1_195' title='bbox 554 1665 587 1722; x_wconf 87' lang='lat' dir='ltr'><strong>ad</strong></span> <span class='ocrx_word' id='word_1_196' title='bbox 601 1665 733 1722; x_wconf 86' lang='lat' dir='ltr'><strong>utendum</strong></span> <span class='ocrx_word' id='word_1_197' title='bbox 744 1663 896 1737; x_wconf 78' lang='lat' dir='ltr'><strong>privilegio,</strong></span> <span class='ocrx_word' id='word_1_198' title='bbox 909 1662 956 1720; x_wconf 89' lang='lat' dir='ltr'><strong>sed</strong></span> <span class='ocrx_word' id='word_1_199' title='bbox 992 1665 1018 1720; x_wconf 91' lang='lat' dir='ltr'><strong>in</strong></span> <span class='ocrx_word' id='word_1_200' title='bbox 1032 1664 1169 1734; x_wconf 71' lang='lat' dir='ltr'><strong>laturum,</strong></span> <span class='ocrx_word' id='word_1_201' title='bbox 1182 1665 1254 1720; x_wconf 90' lang='lat' dir='ltr'><strong>siout</strong></span> <span class='ocrx_word' id='word_1_202' title='bbox 1264 1664 1288 1719; x_wconf 92' lang='lat' dir='ltr'><strong>in</strong></span> <span class='ocrx_word' id='word_1_203' title='bbox 1305 1663 1473 1720; x_wconf 80' lang='lat' dir='ltr'><strong>testamentis</strong></span> <span class='ocrx_word' id='word_1_204' title='bbox 1483 1679 1516 1719; x_wconf 91' lang='lat' dir='ltr'><strong>ac</strong></span> <span class='ocrx_word' id='word_1_205' title='bbox 1532 1663 1626 1734; x_wconf 82' lang='lat' dir='ltr'><strong>legatis</strong></span> <span class='ocrx_word' id='word_1_206' title='bbox 1640 1678 1788 1718; x_wconf 82' lang='lat' dir='ltr'><strong>eommrme</strong></span> 
     </span>
     <span class='ocr_line' id='line_1_16' title="bbox 152 1749 1790 1827; baseline 0.001 -21"><span class='ocrx_word' id='word_1_207' title='bbox 152 1752 285 1824; x_wconf 88' lang='lat' dir='ltr'><strong>princeps</strong></span> <span class='ocrx_word' id='word_1_208' title='bbox 300 1754 358 1824; x_wconf 88' lang='lat' dir='ltr'><strong>ipse</strong></span> <span class='ocrx_word' id='word_1_209' title='bbox 371 1767 421 1825; x_wconf 90' lang='lat' dir='ltr'><strong>per</strong></span> <span class='ocrx_word' id='word_1_210' title='bbox 434 1754 516 1810; x_wconf 87' lang='lat' dir='ltr'><strong>rerba</strong></span> <span class='ocrx_word' id='word_1_211' title='bbox 530 1767 595 1823; x_wconf 90' lang='lat' dir='ltr'><strong>sua,</strong></span> <span class='ocrx_word' id='word_1_212' title='bbox 611 1768 682 1827; x_wconf 87' lang='lat' dir='ltr'><strong>quae</strong></span> <span class='ocrx_word' id='word_1_213' title='bbox 696 1759 760 1810; x_wconf 88' lang='lat' dir='ltr'><strong>suot</strong></span> <span class='ocrx_word' id='word_1_214' title='bbox 774 1755 855 1827; x_wconf 83' lang='lat' dir='ltr'><strong>quusi</strong></span> <span class='ocrx_word' id='word_1_215' title='bbox 869 1753 956 1810; x_wconf 87' lang='lat' dir='ltr'><strong>iornm</strong></span> <span class='ocrx_word' id='word_1_216' title='bbox 990 1763 1043 1823; x_wconf 90' lang='lat' dir='ltr'><strong>est,</strong></span> <span class='ocrx_word' id='word_1_217' title='bbox 1056 1769 1117 1810; x_wconf 91' lang='lat' dir='ltr'><strong>narn</strong></span> <span class='ocrx_word' id='word_1_218' title='bbox 1131 1760 1173 1810; x_wconf 85' lang='lat' dir='ltr'><strong>est</strong></span> <span class='ocrx_word' id='word_1_219' title='bbox 1187 1753 1282 1810; x_wconf 90' lang='lat' dir='ltr'><strong>eadem</strong></span> <span class='ocrx_word' id='word_1_220' title='bbox 1292 1755 1363 1812; x_wconf 93' lang='lat' dir='ltr'><strong>ratio</strong></span> <span class='ocrx_word' id='word_1_221' title='bbox 1375 1754 1399 1809; x_wconf 90' lang='lat' dir='ltr'><strong>in</strong></span> <span class='ocrx_word' id='word_1_222' title='bbox 1412 1752 1567 1826; x_wconf 80' lang='lat' dir='ltr'><strong>privilegiis.</strong></span> <span class='ocrx_word' id='word_1_223' title='bbox 1578 1749 1653 1810; x_wconf 87' lang='lat' dir='ltr'><strong>Unde</strong></span> <span class='ocrx_word' id='word_1_224' title='bbox 1665 1751 1698 1808; x_wconf 80' lang='lat' dir='ltr'><strong>nal</strong></span> <span class='ocrx_word' id='word_1_225' title='bbox 1714 1752 1790 1808; x_wconf 91' lang='lat' dir='ltr'><strong>intel·</strong></span> 
     </span>
     <span class='ocr_line' id='line_1_17' title="bbox 152 1840 1788 1915; baseline 0.001 -20"><span class='ocrx_word' id='word_1_226' title='bbox 152 1840 304 1914; x_wconf 79' lang='lat' dir='ltr'><strong>privilegii,</strong></span> <span class='ocrx_word' id='word_1_227' title='bbox 323 1841 411 1899; x_wconf 87' lang='lat' dir='ltr'><strong>eillcit</strong></span> <span class='ocrx_word' id='word_1_228' title='bbox 428 1843 558 1899; x_wconf 89' lang='lat' dir='ltr'><strong>ellectum</strong></span> <span class='ocrx_word' id='word_1_229' title='bbox 577 1842 707 1915; x_wconf 76' lang='lat' dir='ltr'><strong>privilegii</strong></span> <span class='ocrx_word' id='word_1_230' title='bbox 730 1857 762 1898; x_wconf 93' lang='lat' dir='ltr'><strong>eo</strong></span> <span class='ocrx_word' id='word_1_231' title='bbox 782 1842 880 1914; x_wconf 91' lang='lat' dir='ltr'><strong>modo,</strong></span> <span class='ocrx_word' id='word_1_232' title='bbox 899 1859 956 1915; x_wconf 87' lang='lat' dir='ltr'><strong>quo</strong></span> <span class='ocrx_word' id='word_1_233' title='bbox 991 1841 1129 1915; x_wconf 79' lang='lat' dir='ltr'><strong>ligeodum</strong></span> <span class='ocrx_word' id='word_1_234' title='bbox 1144 1857 1177 1898; x_wconf 92' lang='lat' dir='ltr'><strong>an</strong></span> <span class='ocrx_word' id='word_1_235' title='bbox 1191 1840 1230 1914; x_wconf 94' lang='lat' dir='ltr'><strong>id,</strong></span> <span class='ocrx_word' id='word_1_236' title='bbox 1245 1840 1321 1914; x_wconf 83' lang='lat' dir='ltr'><strong>quod</strong></span> <span class='ocrx_word' id='word_1_237' title='bbox 1334 1841 1464 1914; x_wconf 81' lang='lat' dir='ltr'><strong>exigitur,</strong></span> <span class='ocrx_word' id='word_1_238' title='bbox 1480 1842 1516 1896; x_wconf 89' lang='lat' dir='ltr'><strong>sit</strong></span> <span class='ocrx_word' id='word_1_239' title='bbox 1528 1840 1659 1910; x_wconf 83' lang='lat' dir='ltr'><strong>conditio,</strong></span> <span class='ocrx_word' id='word_1_240' title='bbox 1673 1840 1714 1895; x_wconf 83' lang='lat' dir='ltr'><strong>vel</strong></span> <span class='ocrx_word' id='word_1_241' title='bbox 1730 1855 1788 1896; x_wconf 91' lang='lat' dir='ltr'><strong>mo-</strong></span> 
     </span>
     <span class='ocr_line' id='line_1_18' title="bbox 152 1927 1788 2002; baseline 0 -19"><span class='ocrx_word' id='word_1_242' title='bbox 152 1927 297 1985; x_wconf 86' lang='lat' dir='ltr'><strong>moraliter</strong></span> <span class='ocrx_word' id='word_1_243' title='bbox 314 1929 406 1986; x_wconf 89' lang='lat' dir='ltr'><strong>iacere</strong></span> <span class='ocrx_word' id='word_1_244' title='bbox 421 1930 497 1986; x_wconf 88' lang='lat' dir='ltr'><strong>illum</strong></span> <span class='ocrx_word' id='word_1_245' title='bbox 512 1937 614 2002; x_wconf 89' lang='lat' dir='ltr'><strong>potest,</strong></span> <span class='ocrx_word' id='word_1_246' title='bbox 626 1929 708 1987; x_wconf 90' lang='lat' dir='ltr'><strong>talem</strong></span> <span class='ocrx_word' id='word_1_247' title='bbox 719 1931 956 1988; x_wconf 84' lang='lat' dir='ltr'><strong>inroremeouee·</strong></span> <span class='ocrx_word' id='word_1_248' title='bbox 990 1930 1058 2002; x_wconf 89' lang='lat' dir='ltr'><strong>dus,</strong></span> <span class='ocrx_word' id='word_1_249' title='bbox 1074 1931 1158 1987; x_wconf 85' lang='lat' dir='ltr'><strong>verba</strong></span> <span class='ocrx_word' id='word_1_250' title='bbox 1171 1930 1371 1988; x_wconf 86' lang='lat' dir='ltr'><strong>consideranda</strong></span> <span class='ocrx_word' id='word_1_251' title='bbox 1384 1935 1464 1998; x_wconf 87' lang='lat' dir='ltr'><strong>suut,</strong></span> <span class='ocrx_word' id='word_1_252' title='bbox 1479 1930 1553 1986; x_wconf 88' lang='lat' dir='ltr'><strong>sicut</strong></span> <span class='ocrx_word' id='word_1_253' title='bbox 1564 1929 1647 1984; x_wconf 87' lang='lat' dir='ltr'><strong>etiarn</strong></span> <span class='ocrx_word' id='word_1_254' title='bbox 1662 1929 1688 1984; x_wconf 90' lang='lat' dir='ltr'><strong>in</strong></span> <span class='ocrx_word' id='word_1_255' title='bbox 1703 1934 1788 1984; x_wconf 88' lang='lat' dir='ltr'><strong>testa-</strong></span> 
     </span>
     <span class='ocr_line' id='line_1_19' title="bbox 150 2012 1638 2090; baseline 0.001 -19"><span class='ocrx_word' id='word_1_256' title='bbox 150 2012 258 2087; x_wconf 91' lang='lat' dir='ltr'><strong>dendu,</strong></span> <span class='ocrx_word' id='word_1_257' title='bbox 278 2023 327 2073; x_wconf 89' lang='lat' dir='ltr'><strong>aut</strong></span> <span class='ocrx_word' id='word_1_258' title='bbox 345 2017 493 2074; x_wconf 84' lang='lat' dir='ltr'><strong>arriereudo</strong></span> <span class='ocrx_word' id='word_1_259' title='bbox 514 2017 594 2076; x_wconf 87' lang='lat' dir='ltr'><strong>talem</strong></span> <span class='ocrx_word' id='word_1_260' title='bbox 614 2018 815 2086; x_wconf 78' lang='lat' dir='ltr'><strong>inhabilitatem,</strong></span> <span class='ocrx_word' id='word_1_261' title='bbox 833 2018 875 2075; x_wconf 87' lang='lat' dir='ltr'><strong>vel</strong></span> <span class='ocrx_word' id='word_1_262' title='bbox 890 2018 956 2090; x_wconf 91' lang='lat' dir='ltr'><strong>quid</strong></span> <span class='ocrx_word' id='word_1_263' title='bbox 990 2021 1089 2076; x_wconf 87' lang='lat' dir='ltr'><strong>mentis</strong></span> <span class='ocrx_word' id='word_1_264' title='bbox 1103 2029 1133 2076; x_wconf 90' lang='lat' dir='ltr'><strong>et</strong></span> <span class='ocrx_word' id='word_1_265' title='bbox 1146 2019 1204 2076; x_wconf 90' lang='lat' dir='ltr'><strong>aliis</strong></span> <span class='ocrx_word' id='word_1_266' title='bbox 1218 2018 1349 2076; x_wconf 88' lang='lat' dir='ltr'><strong>similibus</strong></span> <span class='ocrx_word' id='word_1_267' title='bbox 1364 2018 1472 2074; x_wconf 92' lang='lat' dir='ltr'><strong>actibus</strong></span> <span class='ocrx_word' id='word_1_268' title='bbox 1487 2017 1545 2072; x_wconf 87' lang='lat' dir='ltr'><strong>fieri</strong></span> <span class='ocrx_word' id='word_1_269' title='bbox 1559 2016 1638 2073; x_wconf 87' lang='lat' dir='ltr'><strong>solet.</strong></span> 
     </span>
     <span class='ocr_line' id='line_1_20' title="bbox 152 2103 1784 2180; baseline 0.002 -22"><span class='ocrx_word' id='word_1_270' title='bbox 152 2103 255 2160; x_wconf 90' lang='lat' dir='ltr'><strong>simile.</strong></span> <span class='ocrx_word' id='word_1_271' title='bbox 272 2106 351 2163; x_wconf 90' lang='lat' dir='ltr'><strong>Unde</strong></span> <span class='ocrx_word' id='word_1_272' title='bbox 365 2107 506 2178; x_wconf 86' lang='lat' dir='ltr'><strong>supposita</strong></span> <span class='ocrx_word' id='word_1_273' title='bbox 521 2107 633 2164; x_wconf 82' lang='lat' dir='ltr'><strong>veritate</strong></span> <span class='ocrx_word' id='word_1_274' title='bbox 647 2108 822 2180; x_wconf 89' lang='lat' dir='ltr'><strong>narrationis,</strong></span> <span class='ocrx_word' id='word_1_275' title='bbox 836 2116 865 2165; x_wconf 93' lang='grc' dir='ltr'><strong>ει</strong></span> <span class='ocrx_word' id='word_1_276' title='bbox 879 2109 955 2165; x_wconf 83' lang='grc' dir='ltr'>ἰυειι·</span> <span class='ocrx_word' id='word_1_277' title='bbox 1028 2108 1178 2180; x_wconf 87' lang='lat' dir='ltr'><strong>Praecipue</strong></span> <span class='ocrx_word' id='word_1_278' title='bbox 1188 2123 1253 2164; x_wconf 86' lang='lat' dir='ltr'><strong>vero</strong></span> <span class='ocrx_word' id='word_1_279' title='bbox 1264 2113 1307 2164; x_wconf 88' lang='lat' dir='ltr'><strong>est</strong></span> <span class='ocrx_word' id='word_1_280' title='bbox 1317 2105 1439 2163; x_wconf 89' lang='lat' dir='ltr'><strong>secundo</strong></span> <span class='ocrx_word' id='word_1_281' title='bbox 1451 2105 1512 2162; x_wconf 93' lang='lat' dir='ltr'><strong>loco</strong></span> <span class='ocrx_word' id='word_1_282' title='bbox 1524 2103 1737 2174; x_wconf 82' lang='lat' dir='ltr'><strong>observantium,</strong></span> <span class='ocrx_word' id='word_1_283' title='bbox 1750 2119 1784 2161; x_wconf 91' lang='lat' dir='ltr'><strong>an</strong></span> 
     </span>
     <span class='ocr_line' id='line_1_21' title="bbox 155 2193 1784 2271; baseline -0.001 -21"><span class='ocrx_word' id='word_1_284' title='bbox 155 2195 194 2250; x_wconf 89' lang='lat' dir='ltr'><strong>tia</strong></span> <span class='ocrx_word' id='word_1_285' title='bbox 209 2209 322 2265; x_wconf 86' lang='lat' dir='ltr'><strong>causae,</strong></span> <span class='ocrx_word' id='word_1_286' title='bbox 336 2196 441 2268; x_wconf 88' lang='lat' dir='ltr'><strong>absque</strong></span> <span class='ocrx_word' id='word_1_287' title='bbox 456 2195 512 2252; x_wconf 90' lang='lat' dir='ltr'><strong>ulla</strong></span> <span class='ocrx_word' id='word_1_288' title='bbox 526 2197 709 2268; x_wconf 86' lang='lat' dir='ltr'><strong>surreptione,</strong></span> <span class='ocrx_word' id='word_1_289' title='bbox 721 2202 769 2253; x_wconf 89' lang='lat' dir='ltr'><strong>aut</strong></span> <span class='ocrx_word' id='word_1_290' title='bbox 783 2196 953 2269; x_wconf 87' lang='lat' dir='ltr'><strong>deceptione,</strong></span> <span class='ocrx_word' id='word_1_291' title='bbox 990 2214 1060 2271; x_wconf 91' lang='lat' dir='ltr'><strong>opus</strong></span> <span class='ocrx_word' id='word_1_292' title='bbox 1075 2199 1239 2270; x_wconf 87' lang='lat' dir='ltr'><strong>requisitum</strong></span> <span class='ocrx_word' id='word_1_293' title='bbox 1254 2197 1281 2252; x_wconf 93' lang='lat' dir='ltr'><strong>iu</strong></span> <span class='ocrx_word' id='word_1_294' title='bbox 1299 2195 1438 2268; x_wconf 82' lang='lat' dir='ltr'><strong>privilegio</strong></span> <span class='ocrx_word' id='word_1_295' title='bbox 1452 2200 1563 2266; x_wconf 88' lang='lat' dir='ltr'><strong>propter</strong></span> <span class='ocrx_word' id='word_1_296' title='bbox 1577 2193 1701 2252; x_wconf 90' lang='lat' dir='ltr'><strong>iructum</strong></span> <span class='ocrx_word' id='word_1_297' title='bbox 1714 2193 1784 2263; x_wconf 90' lang='lat' dir='ltr'><strong>eiua,</strong></span> 
     </span>
     <span class='ocr_line' id='line_1_22' title="bbox 150 2275 1834 2359; baseline -0.001 -21"><span class='ocrx_word' id='word_1_298' title='bbox 150 2299 187 2338; x_wconf 84' lang='lat' dir='ltr'><strong>ex</strong></span> <span class='ocrx_word' id='word_1_299' title='bbox 202 2289 279 2354; x_wconf 82' lang='lat' dir='ltr'><strong>perte</strong></span> <span class='ocrx_word' id='word_1_300' title='bbox 297 2283 401 2340; x_wconf 87' lang='lat' dir='ltr'><strong>iormae</strong></span> <span class='ocrx_word' id='word_1_301' title='bbox 416 2290 522 2342; x_wconf 89' lang='lat' dir='ltr'><strong>tantum</strong></span> <span class='ocrx_word' id='word_1_302' title='bbox 536 2291 580 2342; x_wconf 90' lang='lat' dir='ltr'><strong>est</strong></span> <span class='ocrx_word' id='word_1_303' title='bbox 593 2287 749 2342; x_wconf 87' lang='lat' dir='ltr'><strong>necessaria</strong></span> <span class='ocrx_word' id='word_1_304' title='bbox 764 2285 904 2343; x_wconf 84' lang='lat' dir='ltr'><strong>srrffieiens</strong></span> <span class='ocrx_word' id='word_1_305' title='bbox 919 2287 955 2342; x_wconf 85' lang='lat' dir='ltr'><strong>si·</strong></span> <span class='ocrx_word' id='word_1_306' title='bbox 990 2287 1147 2359; x_wconf 91' lang='lat' dir='ltr'><strong>postuletur</strong></span> <span class='ocrx_word' id='word_1_307' title='bbox 1161 2293 1224 2344; x_wconf 90' lang='lat' dir='ltr'><strong>ante</strong></span> <span class='ocrx_word' id='word_1_308' title='bbox 1237 2285 1368 2342; x_wconf 86' lang='lat' dir='ltr'><strong>ellectum</strong></span> <span class='ocrx_word' id='word_1_309' title='bbox 1382 2283 1525 2356; x_wconf 84' lang='lat' dir='ltr'><strong>privilegii,</strong></span> <span class='ocrx_word' id='word_1_310' title='bbox 1541 2284 1583 2340; x_wconf 85' lang='lat' dir='ltr'><strong>rel</strong></span> <span class='ocrx_word' id='word_1_311' title='bbox 1599 2275 1747 2353; x_wconf 78' lang='lat' dir='ltr'><strong>pastilam</strong></span> <span class='ocrx_word' id='word_1_312' title='bbox 1762 2282 1785 2336; x_wconf 90' lang='lat' dir='ltr'><strong>si</strong></span> <span class='ocrx_word' id='word_1_313' title='bbox 1829 2310 1834 2318; x_wconf 93' lang='lat'>·</span> 
     </span>
     <span class='ocr_line' id='line_1_23' title="bbox 150 2370 1785 2449; baseline 0 -23"><span class='ocrx_word' id='word_1_314' title='bbox 150 2370 291 2444; x_wconf 78' lang='lat' dir='ltr'><strong>gnificatio</strong></span> <span class='ocrx_word' id='word_1_315' title='bbox 310 2371 458 2429; x_wconf 75' lang='lat' dir='ltr'><strong>voluntatis</strong></span> <span class='ocrx_word' id='word_1_316' title='bbox 471 2372 660 2446; x_wconf 82' lang='lat' dir='ltr'><strong>concedentis,</strong></span> <span class='ocrx_word' id='word_1_317' title='bbox 677 2379 707 2432; x_wconf 91' lang='lat' dir='ltr'><strong>ut</strong></span> <span class='ocrx_word' id='word_1_318' title='bbox 721 2377 747 2430; x_wconf 92' lang='lat' dir='ltr'><strong>in</strong></span> <span class='ocrx_word' id='word_1_319' title='bbox 762 2375 894 2448; x_wconf 91' lang='lat' dir='ltr'><strong>principio</strong></span> <span class='ocrx_word' id='word_1_320' title='bbox 908 2391 955 2433; x_wconf 85' lang='lat' dir='ltr'><strong>ex·</strong></span> <span class='ocrx_word' id='word_1_321' title='bbox 989 2377 1072 2449; x_wconf 91' lang='lat' dir='ltr'><strong>prlori</strong></span> <span class='ocrx_word' id='word_1_322' title='bbox 1087 2375 1168 2432; x_wconf 92' lang='lat' dir='ltr'><strong>modo</strong></span> <span class='ocrx_word' id='word_1_323' title='bbox 1181 2381 1307 2446; x_wconf 88' lang='lat' dir='ltr'><strong>petatur,</strong></span> <span class='ocrx_word' id='word_1_324' title='bbox 1328 2374 1491 2446; x_wconf 80' lang='lat' dir='ltr'><strong>regulariter</strong></span> <span class='ocrx_word' id='word_1_325' title='bbox 1511 2372 1654 2443; x_wconf 89' lang='lat' dir='ltr'><strong>pertinebit</strong></span> <span class='ocrx_word' id='word_1_326' title='bbox 1667 2371 1700 2427; x_wconf 91' lang='lat' dir='ltr'><strong>ud</strong></span> <span class='ocrx_word' id='word_1_327' title='bbox 1720 2370 1785 2426; x_wconf 92' lang='lat' dir='ltr'><strong>sub-</strong></span> 
     </span>
     <span class='ocr_line' id='line_1_24' title="bbox 152 2459 1785 2533; baseline -0.011 -2"><span class='ocrx_word' id='word_1_328' title='bbox 152 2459 311 2530; x_wconf 69' lang='lat' dir='ltr'><strong>elicuimus.</strong></span> <span class='ocrx_word' id='word_1_329' title='bbox 990 2464 1144 2521; x_wconf 88' lang='lat' dir='ltr'><strong>stantialem</strong></span> <span class='ocrx_word' id='word_1_330' title='bbox 1158 2465 1273 2520; x_wconf 90' lang='lat' dir='ltr'><strong>iormam</strong></span> <span class='ocrx_word' id='word_1_331' title='bbox 1287 2463 1467 2528; x_wconf 85' lang='lat' dir='ltr'><strong>servandam,</strong></span> <span class='ocrx_word' id='word_1_332' title='bbox 1483 2467 1511 2518; x_wconf 89' lang='lat' dir='ltr'><strong>et</strong></span> <span class='ocrx_word' id='word_1_333' title='bbox 1524 2468 1568 2518; x_wconf 92' lang='grc' dir='ltr'><strong>εει</strong></span> <span class='ocrx_word' id='word_1_334' title='bbox 1582 2461 1705 2533; x_wconf 80' lang='lat' dir='ltr'><strong>rigoroso</strong></span> <span class='ocrx_word' id='word_1_335' title='bbox 1719 2475 1785 2523; x_wconf 85' lang='lat' dir='ltr'><strong>cou-</strong></span> 
     </span>
     <span class='ocr_line' id='line_1_25' title="bbox 194 2544 1786 2628; baseline 0 -24"><span class='ocrx_word' id='word_1_336' title='bbox 194 2553 224 2604; x_wconf 86' lang='lat'><strong>2.</strong></span> <span class='ocrx_word' id='word_1_337' title='bbox 238 2549 319 2604; x_wconf 85' lang='lat' dir='ltr'><strong>Circa</strong></span> <span class='ocrx_word' id='word_1_338' title='bbox 338 2547 421 2606; x_wconf 92' lang='lat' dir='ltr'><strong>alium</strong></span> <span class='ocrx_word' id='word_1_339' title='bbox 437 2565 501 2607; x_wconf 87' lang='lat' dir='ltr'><strong>rere</strong></span> <span class='ocrx_word' id='word_1_340' title='bbox 522 2549 635 2608; x_wconf 89' lang='lat' dir='ltr'><strong>modum</strong></span> <span class='ocrx_word' id='word_1_341' title='bbox 656 2551 824 2608; x_wconf 86' lang='lat' dir='ltr'><strong>concedendi</strong></span> <span class='ocrx_word' id='word_1_342' title='bbox 846 2554 954 2628; x_wconf 79' lang='lat' dir='ltr'><strong>privile·</strong></span> <span class='ocrx_word' id='word_1_343' title='bbox 989 2551 1066 2624; x_wconf 91' lang='lat' dir='ltr'><strong>ditio,</strong></span> <span class='ocrx_word' id='word_1_344' title='bbox 1083 2555 1131 2609; x_wconf 91' lang='lat' dir='ltr'><strong>nisi</strong></span> <span class='ocrx_word' id='word_1_345' title='bbox 1145 2554 1301 2625; x_wconf 88' lang='lat' dir='ltr'><strong>oppositum</strong></span> <span class='ocrx_word' id='word_1_346' title='bbox 1316 2557 1425 2609; x_wconf 90' lang='lat' dir='ltr'><strong>constet</strong></span> <span class='ocrx_word' id='word_1_347' title='bbox 1437 2565 1612 2623; x_wconf 81' lang='lat' dir='ltr'><strong>expressees</strong></span> <span class='ocrx_word' id='word_1_348' title='bbox 1628 2548 1717 2606; x_wconf 87' lang='lat' dir='ltr'><strong>verbis</strong></span> <span class='ocrx_word' id='word_1_349' title='bbox 1731 2544 1786 2620; x_wconf 90' lang='lat' dir='ltr'><strong>pri·</strong></span> 
     </span>
     <span class='ocr_line' id='line_1_26' title="bbox 151 2635 1788 2716; baseline 0.001 -25"><span class='ocrx_word' id='word_1_350' title='bbox 151 2636 228 2708; x_wconf 77' lang='lat' dir='ltr'><strong>gium</strong></span> <span class='ocrx_word' id='word_1_351' title='bbox 249 2635 302 2692; x_wconf 90' lang='lat' dir='ltr'><strong>sub</strong></span> <span class='ocrx_word' id='word_1_352' title='bbox 324 2642 399 2693; x_wconf 88' lang='lat' dir='ltr'><strong>certa</strong></span> <span class='ocrx_word' id='word_1_353' title='bbox 413 2637 504 2710; x_wconf 84' lang='lat' dir='ltr'><strong>aliqua</strong></span> <span class='ocrx_word' id='word_1_354' title='bbox 524 2638 697 2711; x_wconf 88' lang='lat' dir='ltr'><strong>conditione,</strong></span> <span class='ocrx_word' id='word_1_355' title='bbox 712 2645 761 2696; x_wconf 91' lang='lat' dir='ltr'><strong>aut</strong></span> <span class='ocrx_word' id='word_1_356' title='bbox 774 2639 871 2713; x_wconf 83' lang='lat' dir='ltr'><strong>modo,</strong></span> <span class='ocrx_word' id='word_1_357' title='bbox 887 2658 955 2700; x_wconf 91' lang='lat' dir='ltr'><strong>non·</strong></span> <span class='ocrx_word' id='word_1_358' title='bbox 990 2643 1097 2716; x_wconf 75' lang='lat' dir='ltr'><strong>vilegii:</strong></span> <span class='ocrx_word' id='word_1_359' title='bbox 1125 2644 1147 2698; x_wconf 91' lang='lat' dir='ltr'><strong>si</strong></span> <span class='ocrx_word' id='word_1_360' title='bbox 1169 2657 1233 2698; x_wconf 81' lang='lat' dir='ltr'><strong>vero</strong></span> <span class='ocrx_word' id='word_1_361' title='bbox 1254 2657 1324 2713; x_wconf 91' lang='lat' dir='ltr'><strong>opus</strong></span> <span class='ocrx_word' id='word_1_362' title='bbox 1344 2643 1433 2713; x_wconf 90' lang='lat' dir='ltr'><strong>possit</strong></span> <span class='ocrx_word' id='word_1_363' title='bbox 1452 2639 1621 2698; x_wconf 83' lang='lat' dir='ltr'><strong>sufficienter</strong></span> <span class='ocrx_word' id='word_1_364' title='bbox 1641 2639 1698 2694; x_wconf 85' lang='lat' dir='ltr'><strong>beri</strong></span> <span class='ocrx_word' id='word_1_365' title='bbox 1725 2645 1788 2709; x_wconf 88' lang='lat' dir='ltr'><strong>post</strong></span> 
     </span>
     <span class='ocr_line' id='line_1_27' title="bbox 155 2725 1787 2804; baseline 0 -23"><span class='ocrx_word' id='word_1_366' title='bbox 155 2725 362 2783; x_wconf 86' lang='lat' dir='ltr'><strong>nullabreriter</strong></span> <span class='ocrx_word' id='word_1_367' title='bbox 376 2725 613 2786; x_wconf 81' lang='lat' dir='ltr'><strong>animadvertenda</strong></span> <span class='ocrx_word' id='word_1_368' title='bbox 626 2736 700 2786; x_wconf 88' lang='lat' dir='ltr'><strong>sunt.</strong></span> <span class='ocrx_word' id='word_1_369' title='bbox 714 2730 836 2787; x_wconf 82' lang='lat' dir='ltr'><strong>Primum</strong></span> <span class='ocrx_word' id='word_1_370' title='bbox 850 2737 902 2801; x_wconf 89' lang='lat' dir='ltr'><strong>est,</strong></span> <span class='ocrx_word' id='word_1_371' title='bbox 915 2738 955 2790; x_wconf 87' lang='lat' dir='ltr'><strong>at·</strong></span> <span class='ocrx_word' id='word_1_372' title='bbox 991 2748 1089 2802; x_wconf 89' lang='lat' dir='ltr'><strong>usum,</strong></span> <span class='ocrx_word' id='word_1_373' title='bbox 1108 2738 1137 2788; x_wconf 93' lang='grc' dir='ltr'><strong>ει</strong></span> <span class='ocrx_word' id='word_1_374' title='bbox 1156 2731 1279 2788; x_wconf 78' lang='lat' dir='ltr'><strong>fructum</strong></span> <span class='ocrx_word' id='word_1_375' title='bbox 1300 2730 1429 2804; x_wconf 78' lang='lat' dir='ltr'><strong>privilegii</strong></span> <span class='ocrx_word' id='word_1_376' title='bbox 1449 2736 1655 2801; x_wconf 73' lang='lat' dir='ltr'><strong>comparatum,</strong></span> <span class='ocrx_word' id='word_1_377' title='bbox 1670 2743 1723 2782; x_wconf 90' lang='lat' dir='ltr'><strong>non</strong></span> <span class='ocrx_word' id='word_1_378' title='bbox 1744 2735 1787 2782; x_wconf 91' lang='lat' dir='ltr'><strong>est</strong></span> 
     </span>
     <span class='ocr_line' id='line_1_28' title="bbox 151 2813 1784 2892; baseline -0.001 -20"><span class='ocrx_word' id='word_1_379' title='bbox 151 2821 226 2872; x_wconf 92' lang='lat' dir='ltr'><strong>tente</strong></span> <span class='ocrx_word' id='word_1_380' title='bbox 240 2813 469 2871; x_wconf 84' lang='lat' dir='ltr'><strong>considerandum</strong></span> <span class='ocrx_word' id='word_1_381' title='bbox 485 2830 556 2882; x_wconf 89' lang='lat' dir='ltr'><strong>esse,</strong></span> <span class='ocrx_word' id='word_1_382' title='bbox 571 2832 605 2872; x_wconf 88' lang='lat' dir='ltr'><strong>an</strong></span> <span class='ocrx_word' id='word_1_383' title='bbox 620 2831 668 2888; x_wconf 91' lang='lat' dir='ltr'><strong>per</strong></span> <span class='ocrx_word' id='word_1_384' title='bbox 682 2816 728 2872; x_wconf 90' lang='lat' dir='ltr'><strong>illa</strong></span> <span class='ocrx_word' id='word_1_385' title='bbox 743 2817 836 2890; x_wconf 86' lang='lat' dir='ltr'><strong>rerba,</strong></span> <span class='ocrx_word' id='word_1_386' title='bbox 852 2818 955 2891; x_wconf 81' lang='lat' dir='ltr'><strong>quibus</strong></span> <span class='ocrx_word' id='word_1_387' title='bbox 989 2820 1120 2892; x_wconf 91' lang='lat' dir='ltr'><strong>conditio,</strong></span> <span class='ocrx_word' id='word_1_388' title='bbox 1140 2819 1187 2877; x_wconf 88' lang='lat' dir='ltr'><strong>sed</strong></span> <span class='ocrx_word' id='word_1_389' title='bbox 1208 2818 1319 2890; x_wconf 88' lang='lat' dir='ltr'><strong>modus,</strong></span> <span class='ocrx_word' id='word_1_390' title='bbox 1339 2825 1367 2876; x_wconf 88' lang='lat' dir='ltr'><strong>et</strong></span> <span class='ocrx_word' id='word_1_391' title='bbox 1387 2818 1503 2891; x_wconf 89' lang='lat' dir='ltr'><strong>pertinet</strong></span> <span class='ocrx_word' id='word_1_392' title='bbox 1522 2817 1556 2875; x_wconf 88' lang='lat' dir='ltr'><strong>ad</strong></span> <span class='ocrx_word' id='word_1_393' title='bbox 1577 2817 1784 2887; x_wconf 87' lang='lat' dir='ltr'><strong>solemnitatem,</strong></span> 
     </span>
     <span class='ocr_line' id='line_1_29' title="bbox 151 2902 1784 2979; baseline 0.001 -20"><span class='ocrx_word' id='word_1_394' title='bbox 151 2902 352 2976; x_wconf 88' lang='lat' dir='ltr'><strong>praescribitur</strong></span> <span class='ocrx_word' id='word_1_395' title='bbox 370 2903 467 2960; x_wconf 89' lang='lat' dir='ltr'><strong>modos</strong></span> <span class='ocrx_word' id='word_1_396' title='bbox 487 2903 581 2961; x_wconf 90' lang='lat' dir='ltr'><strong>utendi</strong></span> <span class='ocrx_word' id='word_1_397' title='bbox 597 2905 753 2977; x_wconf 81' lang='lat' dir='ltr'><strong>privilegio,</strong></span> <span class='ocrx_word' id='word_1_398' title='bbox 768 2909 954 2965; x_wconf 88' lang='lat' dir='ltr'><strong>constituatur</strong></span> <span class='ocrx_word' id='word_1_399' title='bbox 989 2909 1032 2968; x_wconf 86' lang='lat' dir='ltr'><strong>vel</strong></span> <span class='ocrx_word' id='word_1_400' title='bbox 1047 2909 1282 2967; x_wconf 87' lang='lat' dir='ltr'><strong>circumstantiam</strong></span> <span class='ocrx_word' id='word_1_401' title='bbox 1297 2907 1508 2979; x_wconf 88' lang='lat' dir='ltr'><strong>accidentalem,</strong></span> <span class='ocrx_word' id='word_1_402' title='bbox 1524 2906 1686 2978; x_wconf 81' lang='lat' dir='ltr'><strong>regulariter</strong></span> <span class='ocrx_word' id='word_1_403' title='bbox 1703 2908 1784 2960; x_wconf 88' lang='lat' dir='ltr'><strong>etiarn</strong></span> 
     </span>
     <span class='ocr_line' id='line_1_30' title="bbox 152 2991 1785 3072; baseline 0.002 -26"><span class='ocrx_word' id='word_1_404' title='bbox 152 2991 239 3050; x_wconf 81' lang='lat' dir='ltr'><strong>reluti</strong></span> <span class='ocrx_word' id='word_1_405' title='bbox 260 2992 449 3049; x_wconf 87' lang='lat' dir='ltr'><strong>substantialis</strong></span> <span class='ocrx_word' id='word_1_406' title='bbox 468 2992 554 3048; x_wconf 90' lang='lat' dir='ltr'><strong>lorma</strong></span> <span class='ocrx_word' id='word_1_407' title='bbox 568 2991 663 3050; x_wconf 90' lang='lat' dir='ltr'><strong>utendi</strong></span> <span class='ocrx_word' id='word_1_408' title='bbox 678 2994 834 3068; x_wconf 75' lang='lat' dir='ltr'><strong>privilegio,</strong></span> <span class='ocrx_word' id='word_1_409' title='bbox 850 2995 892 3052; x_wconf 83' lang='lat' dir='ltr'><strong>ael</strong></span> <span class='ocrx_word' id='word_1_410' title='bbox 911 3012 956 3053; x_wconf 86' lang='lat' dir='ltr'><strong>so-</strong></span> <span class='ocrx_word' id='word_1_411' title='bbox 989 2998 1143 3072; x_wconf 89' lang='lat' dir='ltr'><strong>loqueudo,</strong></span> <span class='ocrx_word' id='word_1_412' title='bbox 1163 3005 1192 3056; x_wconf 89' lang='lat' dir='ltr'><strong>et</strong></span> <span class='ocrx_word' id='word_1_413' title='bbox 1210 2999 1262 3054; x_wconf 88' lang='lat' dir='ltr'><strong>nisi</strong></span> <span class='ocrx_word' id='word_1_414' title='bbox 1277 2998 1359 3055; x_wconf 85' lang='lat' dir='ltr'><strong>verba</strong></span> <span class='ocrx_word' id='word_1_415' title='bbox 1372 2997 1512 3054; x_wconf 77' lang='lat' dir='ltr'><strong>manifeste</strong></span> <span class='ocrx_word' id='word_1_416' title='bbox 1528 2997 1644 3052; x_wconf 88' lang='lat' dir='ltr'><strong>obstent.</strong></span> <span class='ocrx_word' id='word_1_417' title='bbox 1660 2993 1785 3052; x_wconf 87' lang='lat' dir='ltr'><strong>Declara-</strong></span> 
     </span>
     <span class='ocr_line' id='line_1_31' title="bbox 151 3079 1786 3159; baseline 0 -22"><span class='ocrx_word' id='word_1_418' title='bbox 151 3081 210 3138; x_wconf 88' lang='lat' dir='ltr'><strong>lum</strong></span> <span class='ocrx_word' id='word_1_419' title='bbox 223 3079 342 3139; x_wconf 87' lang='lat' dir='ltr'><strong>addatur</strong></span> <span class='ocrx_word' id='word_1_420' title='bbox 357 3081 447 3154; x_wconf 89' lang='lat' dir='ltr'><strong>aliqua</strong></span> <span class='ocrx_word' id='word_1_421' title='bbox 458 3081 615 3140; x_wconf 88' lang='lat' dir='ltr'><strong>solemnitas</strong></span> <span class='ocrx_word' id='word_1_422' title='bbox 626 3081 870 3156; x_wconf 86' lang='lat' dir='ltr'><strong>accidentalis‚seu</strong></span> <span class='ocrx_word' id='word_1_423' title='bbox 884 3101 954 3144; x_wconf 88' lang='lat' dir='ltr'><strong>onus</strong></span> <span class='ocrx_word' id='word_1_424' title='bbox 989 3095 1037 3145; x_wconf 89' lang='lat' dir='ltr'><strong>tur</strong></span> <span class='ocrx_word' id='word_1_425' title='bbox 1055 3087 1180 3159; x_wconf 82' lang='lat' dir='ltr'><strong>exemplo</strong></span> <span class='ocrx_word' id='word_1_426' title='bbox 1199 3086 1326 3156; x_wconf 89' lang='lat' dir='ltr'><strong>lubilaei,</strong></span> <span class='ocrx_word' id='word_1_427' title='bbox 1342 3101 1389 3157; x_wconf 90' lang='lat' dir='ltr'><strong>per</strong></span> <span class='ocrx_word' id='word_1_428' title='bbox 1403 3085 1478 3158; x_wconf 86' lang='lat' dir='ltr'><strong>qrrod</strong></span> <span class='ocrx_word' id='word_1_429' title='bbox 1489 3091 1518 3142; x_wconf 92' lang='lat' dir='ltr'><strong>et</strong></span> <span class='ocrx_word' id='word_1_430' title='bbox 1531 3085 1700 3156; x_wconf 78' lang='lat' dir='ltr'><strong>privilegium</strong></span> <span class='ocrx_word' id='word_1_431' title='bbox 1715 3083 1786 3139; x_wconf 91' lang='lat' dir='ltr'><strong>obti-</strong></span> 
     </span>
     <span class='ocr_line' id='line_1_32' title="bbox 150 3170 1785 3246; baseline -0.001 -19"><span class='ocrx_word' id='word_1_432' title='bbox 150 3172 344 3228; x_wconf 83' lang='lat' dir='ltr'><strong>concomitans</strong></span> <span class='ocrx_word' id='word_1_433' title='bbox 367 3170 489 3229; x_wconf 87' lang='lat' dir='ltr'><strong>iructum</strong></span> <span class='ocrx_word' id='word_1_434' title='bbox 511 3171 652 3245; x_wconf 78' lang='lat' dir='ltr'><strong>privilegii.</strong></span> <span class='ocrx_word' id='word_1_435' title='bbox 673 3174 740 3230; x_wconf 89' lang='lat' dir='ltr'><strong>Nam</strong></span> <span class='ocrx_word' id='word_1_436' title='bbox 762 3174 784 3229; x_wconf 91' lang='lat' dir='ltr'><strong>ei</strong></span> <span class='ocrx_word' id='word_1_437' title='bbox 808 3173 898 3232; x_wconf 89' lang='lat' dir='ltr'><strong>iorma</strong></span> <span class='ocrx_word' id='word_1_438' title='bbox 918 3177 954 3232; x_wconf 89' lang='lat' dir='ltr'><strong>sit</strong></span> <span class='ocrx_word' id='word_1_439' title='bbox 989 3175 1069 3234; x_wconf 92' lang='lat' dir='ltr'><strong>nendi</strong></span> <span class='ocrx_word' id='word_1_440' title='bbox 1084 3175 1282 3233; x_wconf 85' lang='lat' dir='ltr'><strong>absolutionem</strong></span> <span class='ocrx_word' id='word_1_441' title='bbox 1296 3190 1312 3230; x_wconf 89' lang='lat' dir='ltr'><strong>o</strong></span> <span class='ocrx_word' id='word_1_442' title='bbox 1326 3177 1487 3244; x_wconf 85' lang='lat' dir='ltr'><strong>reservatis,</strong></span> <span class='ocrx_word' id='word_1_443' title='bbox 1503 3180 1531 3230; x_wconf 92' lang='lat' dir='ltr'><strong>et</strong></span> <span class='ocrx_word' id='word_1_444' title='bbox 1551 3172 1717 3246; x_wconf 81' lang='lat' dir='ltr'><strong>indulgentia</strong></span> <span class='ocrx_word' id='word_1_445' title='bbox 1730 3170 1785 3242; x_wconf 93' lang='lat' dir='ltr'><strong>ple-</strong></span> 
     </span>
     <span class='ocr_line' id='line_1_33' title="bbox 153 3258 1785 3337; baseline -0.001 -22"><span class='ocrx_word' id='word_1_446' title='bbox 153 3259 256 3332; x_wconf 90' lang='lat' dir='ltr'><strong>prioris</strong></span> <span class='ocrx_word' id='word_1_447' title='bbox 271 3258 342 3314; x_wconf 91' lang='lat' dir='ltr'><strong>modi</strong></span> <span class='ocrx_word' id='word_1_448' title='bbox 351 3303 358 3332; x_wconf 92' lang='lat'><strong>,</strong></span> <span class='ocrx_word' id='word_1_449' title='bbox 379 3258 423 3316; x_wconf 89' lang='lat' dir='ltr'><strong>illa</strong></span> <span class='ocrx_word' id='word_1_450' title='bbox 438 3275 493 3316; x_wconf 90' lang='lat' dir='ltr'><strong>uon</strong></span> <span class='ocrx_word' id='word_1_451' title='bbox 511 3268 629 3323; x_wconf 73' lang='lat' dir='ltr'><strong>serrata,</strong></span> <span class='ocrx_word' id='word_1_452' title='bbox 644 3277 698 3318; x_wconf 90' lang='lat' dir='ltr'><strong>nou</strong></span> <span class='ocrx_word' id='word_1_453' title='bbox 719 3262 884 3320; x_wconf 89' lang='lat' dir='ltr'><strong>obtinebitur</strong></span> <span class='ocrx_word' id='word_1_454' title='bbox 897 3264 953 3321; x_wconf 89' lang='lat' dir='ltr'><strong>iru·</strong></span> <span class='ocrx_word' id='word_1_455' title='bbox 988 3267 1065 3323; x_wconf 90' lang='lat' dir='ltr'><strong>naria</strong></span> <span class='ocrx_word' id='word_1_456' title='bbox 1080 3272 1141 3337; x_wconf 86' lang='lat' dir='ltr'><strong>post</strong></span> <span class='ocrx_word' id='word_1_457' title='bbox 1153 3265 1266 3335; x_wconf 90' lang='lat' dir='ltr'><strong>ieiunis,</strong></span> <span class='ocrx_word' id='word_1_458' title='bbox 1281 3264 1433 3332; x_wconf 89' lang='lat' dir='ltr'><strong>orationes,</strong></span> <span class='ocrx_word' id='word_1_459' title='bbox 1454 3269 1482 3320; x_wconf 92' lang='lat' dir='ltr'><strong>et</strong></span> <span class='ocrx_word' id='word_1_460' title='bbox 1495 3262 1560 3319; x_wconf 90' lang='lat' dir='ltr'><strong>alios</strong></span> <span class='ocrx_word' id='word_1_461' title='bbox 1580 3260 1732 3332; x_wconf 81' lang='lat' dir='ltr'><strong>diligentias</strong></span> <span class='ocrx_word' id='word_1_462' title='bbox 1746 3258 1785 3314; x_wconf 87' lang='lat' dir='ltr'><strong>ia·</strong></span> 
     </span>
     <span class='ocr_line' id='line_1_34' title="bbox 153 3348 1784 3424; baseline -0.001 -19"><span class='ocrx_word' id='word_1_463' title='bbox 153 3355 217 3405; x_wconf 89' lang='lat' dir='ltr'><strong>ctus</strong></span> <span class='ocrx_word' id='word_1_464' title='bbox 235 3348 382 3420; x_wconf 70' lang='lat' dir='ltr'><strong>privilegii,</strong></span> <span class='ocrx_word' id='word_1_465' title='bbox 394 3350 418 3404; x_wconf 89' lang='lat' dir='ltr'><strong>si</strong></span> <span class='ocrx_word' id='word_1_466' title='bbox 431 3357 526 3406; x_wconf 87' lang='lat' dir='ltr'><strong>autem</strong></span> <span class='ocrx_word' id='word_1_467' title='bbox 537 3350 572 3406; x_wconf 89' lang='lat' dir='ltr'><strong>sit</strong></span> <span class='ocrx_word' id='word_1_468' title='bbox 586 3351 748 3420; x_wconf 89' lang='lat' dir='ltr'><strong>posterioris</strong></span> <span class='ocrx_word' id='word_1_469' title='bbox 762 3353 884 3424; x_wconf 77' lang='lat' dir='ltr'><strong>generis,</strong></span> <span class='ocrx_word' id='word_1_470' title='bbox 897 3355 953 3409; x_wconf 89' lang='lat' dir='ltr'><strong>vio·</strong></span> <span class='ocrx_word' id='word_1_471' title='bbox 988 3365 1048 3414; x_wconf 91' lang='lat' dir='ltr'><strong>ctas</strong></span> <span class='ocrx_word' id='word_1_472' title='bbox 1066 3353 1243 3423; x_wconf 74' lang='lat' dir='ltr'><strong>conceditur,</strong></span> <span class='ocrx_word' id='word_1_473' title='bbox 1267 3368 1329 3409; x_wconf 81' lang='lat' dir='ltr'><strong>naus</strong></span> <span class='ocrx_word' id='word_1_474' title='bbox 1350 3352 1414 3424; x_wconf 88' lang='lat' dir='ltr'><strong>quia</strong></span> <span class='ocrx_word' id='word_1_475' title='bbox 1435 3351 1502 3407; x_wconf 90' lang='lat' dir='ltr'><strong>baec</strong></span> <span class='ocrx_word' id='word_1_476' title='bbox 1518 3365 1601 3421; x_wconf 87' lang='lat' dir='ltr'><strong>opero</strong></span> <span class='ocrx_word' id='word_1_477' title='bbox 1618 3365 1672 3404; x_wconf 92' lang='lat' dir='ltr'><strong>nun</strong></span> <span class='ocrx_word' id='word_1_478' title='bbox 1686 3357 1784 3419; x_wconf 87' lang='lat' dir='ltr'><strong>petuo·</strong></span> 
     </span>
     <span class='ocr_line' id='line_1_35' title="bbox 152 3438 1781 3514; baseline -0.002 -19"><span class='ocrx_word' id='word_1_479' title='bbox 152 3439 219 3496; x_wconf 87' lang='lat' dir='ltr'><strong>latio</strong></span> <span class='ocrx_word' id='word_1_480' title='bbox 240 3440 299 3495; x_wconf 90' lang='lat' dir='ltr'><strong>eius</strong></span> <span class='ocrx_word' id='word_1_481' title='bbox 319 3452 372 3494; x_wconf 90' lang='lat' dir='ltr'><strong>oon</strong></span> <span class='ocrx_word' id='word_1_482' title='bbox 393 3438 524 3510; x_wconf 87' lang='lat' dir='ltr'><strong>impediet</strong></span> <span class='ocrx_word' id='word_1_483' title='bbox 535 3439 665 3496; x_wconf 81' lang='lat' dir='ltr'><strong>ellectum</strong></span> <span class='ocrx_word' id='word_1_484' title='bbox 685 3439 831 3513; x_wconf 72' lang='lat' dir='ltr'><strong>privilegii,</strong></span> <span class='ocrx_word' id='word_1_485' title='bbox 855 3443 953 3514; x_wconf 88' lang='lat' dir='ltr'><strong>poterit</strong></span> <span class='ocrx_word' id='word_1_486' title='bbox 988 3453 1033 3502; x_wconf 89' lang='lat' dir='ltr'><strong>tur</strong></span> <span class='ocrx_word' id='word_1_487' title='bbox 1047 3447 1120 3499; x_wconf 89' lang='lat' dir='ltr'><strong>sicut</strong></span> <span class='ocrx_word' id='word_1_488' title='bbox 1134 3441 1287 3498; x_wconf 82' lang='lat' dir='ltr'><strong>necessaria</strong></span> <span class='ocrx_word' id='word_1_489' title='bbox 1302 3447 1364 3496; x_wconf 81' lang='grc' dir='ltr'>εειε</span> <span class='ocrx_word' id='word_1_490' title='bbox 1377 3438 1577 3496; x_wconf 87' lang='lat' dir='ltr'><strong>absolutionem</strong></span> <span class='ocrx_word' id='word_1_491' title='bbox 1596 3439 1781 3509; x_wconf 87' lang='lat' dir='ltr'><strong>areserrutis,</strong></span> 
     </span>
     <span class='ocr_line' id='line_1_36' title="bbox 153 3525 1818 3604; baseline -0.004 -18"><span class='ocrx_word' id='word_1_492' title='bbox 153 3533 246 3586; x_wconf 89' lang='lat' dir='ltr'><strong>tamen</strong></span> <span class='ocrx_word' id='word_1_493' title='bbox 259 3541 322 3584; x_wconf 91' lang='lat' dir='ltr'><strong>esse</strong></span> <span class='ocrx_word' id='word_1_494' title='bbox 336 3529 568 3598; x_wconf 85' lang='lat' dir='ltr'><strong>peccaminosnet</strong></span> <span class='ocrx_word' id='word_1_495' title='bbox 581 3527 722 3584; x_wconf 87' lang='lat' dir='ltr'><strong>sufficiens</strong></span> <span class='ocrx_word' id='word_1_496' title='bbox 736 3543 832 3601; x_wconf 86' lang='lat' dir='ltr'><strong>causo,</strong></span> <span class='ocrx_word' id='word_1_497' title='bbox 845 3537 877 3586; x_wconf 90' lang='lat' dir='ltr'><strong>ut</strong></span> <span class='ocrx_word' id='word_1_498' title='bbox 889 3531 951 3604; x_wconf 89' lang='lat' dir='ltr'><strong>quis</strong></span> <span class='ocrx_word' id='word_1_499' title='bbox 987 3549 1041 3591; x_wconf 90' lang='lat' dir='ltr'><strong>noo</strong></span> <span class='ocrx_word' id='word_1_500' title='bbox 1053 3540 1119 3589; x_wconf 93' lang='lat' dir='ltr'><strong>sunt</strong></span> <span class='ocrx_word' id='word_1_501' title='bbox 1132 3531 1302 3588; x_wconf 88' lang='lat' dir='ltr'><strong>conditiones</strong></span> <span class='ocrx_word' id='word_1_502' title='bbox 1316 3529 1486 3586; x_wconf 88' lang='lat' dir='ltr'><strong>necessariae</strong></span> <span class='ocrx_word' id='word_1_503' title='bbox 1506 3527 1540 3584; x_wconf 92' lang='lat' dir='ltr'><strong>ad</strong></span> <span class='ocrx_word' id='word_1_504' title='bbox 1564 3526 1686 3584; x_wconf 90' lang='lat' dir='ltr'><strong>iructum</strong></span> <span class='ocrx_word' id='word_1_505' title='bbox 1706 3525 1782 3582; x_wconf 90' lang='lat' dir='ltr'><strong>illius</strong></span> <span class='ocrx_word' id='word_1_506' title='bbox 1815 3593 1818 3598; x_wconf 25' lang='grc' dir='ltr'>Ι</span> 
     </span>
     <span class='ocr_line' id='line_1_37' title="bbox 153 3613 1784 3694; baseline -0.001 -23"><span class='ocrx_word' id='word_1_507' title='bbox 153 3617 277 3688; x_wconf 85' lang='lat' dir='ltr'><strong>privetur</strong></span> <span class='ocrx_word' id='word_1_508' title='bbox 291 3613 447 3688; x_wconf 76' lang='lat' dir='ltr'><strong>privilegio,</strong></span> <span class='ocrx_word' id='word_1_509' title='bbox 462 3615 537 3688; x_wconf 87' lang='lat' dir='ltr'><strong>quod</strong></span> <span class='ocrx_word' id='word_1_510' title='bbox 549 3616 619 3674; x_wconf 85' lang='lat' dir='ltr'><strong>aliae</strong></span> <span class='ocrx_word' id='word_1_511' title='bbox 637 3623 733 3688; x_wconf 86' lang='lat' dir='ltr'><strong>posset</strong></span> <span class='ocrx_word' id='word_1_512' title='bbox 745 3616 861 3689; x_wconf 91' lang='lat' dir='ltr'><strong>durare,</strong></span> <span class='ocrx_word' id='word_1_513' title='bbox 877 3625 906 3676; x_wconf 86' lang='lat' dir='ltr'><strong>et</strong></span> <span class='ocrx_word' id='word_1_514' title='bbox 923 3619 951 3674; x_wconf 91' lang='lat' dir='ltr'><strong>in</strong></span> <span class='ocrx_word' id='word_1_515' title='bbox 987 3621 1118 3694; x_wconf 75' lang='lat' dir='ltr'><strong>privilegii</strong></span> <span class='ocrx_word' id='word_1_516' title='bbox 1142 3618 1234 3693; x_wconf 89' lang='lat' dir='ltr'><strong>quoad</strong></span> <span class='ocrx_word' id='word_1_517' title='bbox 1255 3618 1328 3675; x_wconf 90' lang='lat' dir='ltr'><strong>bunc</strong></span> <span class='ocrx_word' id='word_1_518' title='bbox 1343 3617 1436 3674; x_wconf 82' lang='lat' dir='ltr'><strong>actuni</strong></span> <span class='ocrx_word' id='word_1_519' title='bbox 1451 3616 1522 3688; x_wconf 90' lang='lat' dir='ltr'><strong>eius,</strong></span> <span class='ocrx_word' id='word_1_520' title='bbox 1538 3631 1588 3672; x_wconf 89' lang='lat' dir='ltr'><strong>noc</strong></span> <span class='ocrx_word' id='word_1_521' title='bbox 1603 3615 1739 3687; x_wconf 89' lang='lat' dir='ltr'><strong>pertinent</strong></span> <span class='ocrx_word' id='word_1_522' title='bbox 1749 3614 1784 3671; x_wconf 89' lang='lat' dir='ltr'><strong>ad</strong></span> 
     </span>
     <span class='ocr_line' id='line_1_38' title="bbox 149 3699 1785 3778; baseline -0.002 -16"><span class='ocrx_word' id='word_1_523' title='bbox 149 3704 278 3762; x_wconf 89' lang='lat' dir='ltr'><strong>iutururn</strong></span> <span class='ocrx_word' id='word_1_524' title='bbox 293 3703 436 3776; x_wconf 87' lang='lat' dir='ltr'><strong>prolicere.</strong></span> <span class='ocrx_word' id='word_1_525' title='bbox 451 3706 574 3778; x_wconf 86' lang='lat' dir='ltr'><strong>Utraque</strong></span> <span class='ocrx_word' id='word_1_526' title='bbox 586 3721 651 3778; x_wconf 88' lang='lat' dir='ltr'><strong>pars</strong></span> <span class='ocrx_word' id='word_1_527' title='bbox 670 3705 836 3764; x_wconf 87' lang='lat' dir='ltr'><strong>declaranda</strong></span> <span class='ocrx_word' id='word_1_528' title='bbox 850 3713 909 3778; x_wconf 91' lang='lat' dir='ltr'><strong>est,</strong></span> <span class='ocrx_word' id='word_1_529' title='bbox 923 3713 952 3764; x_wconf 90' lang='grc' dir='ltr'><strong>ει</strong></span> <span class='ocrx_word' id='word_1_530' title='bbox 986 3709 1193 3768; x_wconf 87' lang='lat' dir='ltr'><strong>substantialem</strong></span> <span class='ocrx_word' id='word_1_531' title='bbox 1209 3708 1322 3765; x_wconf 89' lang='lat' dir='ltr'><strong>iormnrn</strong></span> <span class='ocrx_word' id='word_1_532' title='bbox 1335 3699 1497 3764; x_wconf 82' lang='lat' dir='ltr'><strong>servandam</strong></span> <span class='ocrx_word' id='word_1_533' title='bbox 1510 3721 1543 3761; x_wconf 87' lang='lat' dir='ltr'><strong>ex</strong></span> <span class='ocrx_word' id='word_1_534' title='bbox 1557 3712 1633 3778; x_wconf 90' lang='lat' dir='ltr'><strong>parte</strong></span> <span class='ocrx_word' id='word_1_535' title='bbox 1644 3705 1785 3776; x_wconf 90' lang='lat' dir='ltr'><strong>poeniten·</strong></span> 
     </span>
     <span class='ocr_line' id='line_1_39' title="bbox 150 3792 1783 3869; baseline -0.001 -19"><span class='ocrx_word' id='word_1_536' title='bbox 150 3792 291 3865; x_wconf 85' lang='lat' dir='ltr'><strong>probanda</strong></span> <span class='ocrx_word' id='word_1_537' title='bbox 306 3795 381 3850; x_wconf 85' lang='lat' dir='ltr'><strong>iusta</strong></span> <span class='ocrx_word' id='word_1_538' title='bbox 395 3794 469 3851; x_wconf 89' lang='lat' dir='ltr'><strong>dicta</strong></span> <span class='ocrx_word' id='word_1_539' title='bbox 484 3795 509 3851; x_wconf 95' lang='lat' dir='ltr'><strong>in</strong></span> <span class='ocrx_word' id='word_1_540' title='bbox 525 3795 592 3854; x_wconf 92' lang='lat' dir='ltr'><strong>libro</strong></span> <span class='ocrx_word' id='word_1_541' title='bbox 606 3795 638 3853; x_wconf 83' lang='lat' dir='ltr'><strong>v.</strong></span> <span class='ocrx_word' id='word_1_542' title='bbox 651 3796 685 3853; x_wconf 87' lang='lat' dir='ltr'><strong>de</strong></span> <span class='ocrx_word' id='word_1_543' title='bbox 703 3795 808 3869; x_wconf 82' lang='lat' dir='ltr'><strong>legibus</strong></span> <span class='ocrx_word' id='word_1_544' title='bbox 821 3797 952 3854; x_wconf 92' lang='lat' dir='ltr'><strong>irritanti·</strong></span> <span class='ocrx_word' id='word_1_545' title='bbox 987 3799 1019 3856; x_wconf 88' lang='lat' dir='ltr'><strong>tis</strong></span> <span class='ocrx_word' id='word_1_546' title='bbox 1034 3796 1068 3856; x_wconf 91' lang='lat' dir='ltr'><strong>ad</strong></span> <span class='ocrx_word' id='word_1_547' title='bbox 1085 3798 1160 3855; x_wconf 91' lang='lat' dir='ltr'><strong>illurn</strong></span> <span class='ocrx_word' id='word_1_548' title='bbox 1172 3797 1300 3853; x_wconf 88' lang='lat' dir='ltr'><strong>ellectum</strong></span> <span class='ocrx_word' id='word_1_549' title='bbox 1315 3794 1553 3867; x_wconf 74' lang='lat' dir='ltr'><strong>consequendum,</strong></span> <span class='ocrx_word' id='word_1_550' title='bbox 1565 3801 1593 3851; x_wconf 90' lang='lat' dir='ltr'><strong>et</strong></span> <span class='ocrx_word' id='word_1_551' title='bbox 1606 3792 1666 3850; x_wconf 92' lang='lat' dir='ltr'><strong>ideo</strong></span> <span class='ocrx_word' id='word_1_552' title='bbox 1683 3793 1783 3866; x_wconf 90' lang='lat' dir='ltr'><strong>simpli-</strong></span> 
     </span>
     <span class='ocr_line' id='line_1_40' title="bbox 150 3882 1782 3956; baseline 0 -18"><span class='ocrx_word' id='word_1_553' title='bbox 150 3883 204 3938; x_wconf 92' lang='lat' dir='ltr'><strong>bus</strong></span> <span class='ocrx_word' id='word_1_554' title='bbox 217 3884 356 3954; x_wconf 87' lang='lat' dir='ltr'><strong>actiones,</strong></span> <span class='ocrx_word' id='word_1_555' title='bbox 370 3885 398 3939; x_wconf 92' lang='lat' dir='ltr'><strong>in</strong></span> <span class='ocrx_word' id='word_1_556' title='bbox 416 3882 519 3956; x_wconf 86' lang='lat' dir='ltr'><strong>quibus</strong></span> <span class='ocrx_word' id='word_1_557' title='bbox 534 3885 703 3956; x_wconf 84' lang='lat' dir='ltr'><strong>praescripta</strong></span> <span class='ocrx_word' id='word_1_558' title='bbox 717 3884 805 3942; x_wconf 89' lang='lat' dir='ltr'><strong>iorma</strong></span> <span class='ocrx_word' id='word_1_559' title='bbox 819 3900 872 3941; x_wconf 89' lang='lat' dir='ltr'><strong>noo</strong></span> <span class='ocrx_word' id='word_1_560' title='bbox 892 3901 951 3943; x_wconf 88' lang='lat' dir='ltr'><strong>ser·</strong></span> <span class='ocrx_word' id='word_1_561' title='bbox 986 3888 1056 3944; x_wconf 87' lang='lat' dir='ltr'><strong>citer</strong></span> <span class='ocrx_word' id='word_1_562' title='bbox 1069 3894 1112 3945; x_wconf 91' lang='lat' dir='ltr'><strong>est</strong></span> <span class='ocrx_word' id='word_1_563' title='bbox 1127 3885 1287 3942; x_wconf 81' lang='lat' dir='ltr'><strong>solidatatis</strong></span> <span class='ocrx_word' id='word_1_564' title='bbox 1303 3884 1486 3950; x_wconf 84' lang='lat' dir='ltr'><strong>absolutin,et</strong></span> <span class='ocrx_word' id='word_1_565' title='bbox 1496 3891 1556 3940; x_wconf 90' lang='lat' dir='ltr'><strong>rata</strong></span> <span class='ocrx_word' id='word_1_566' title='bbox 1571 3883 1782 3953; x_wconf 86' lang='lat' dir='ltr'><strong>manet,etiamsi</strong></span> 
     </span>
     <span class='ocr_line' id='line_1_41' title="bbox 147 3969 1782 4048; baseline 0.001 -22"><span class='ocrx_word' id='word_1_567' title='bbox 147 3977 241 4026; x_wconf 87' lang='lat' dir='ltr'><strong>ratur.</strong></span> <span class='ocrx_word' id='word_1_568' title='bbox 256 3971 335 4028; x_wconf 85' lang='lat' dir='ltr'><strong>Ratio</strong></span> <span class='ocrx_word' id='word_1_569' title='bbox 348 3971 437 4042; x_wconf 90' lang='lat' dir='ltr'><strong>enirn,</strong></span> <span class='ocrx_word' id='word_1_570' title='bbox 452 3969 524 4044; x_wconf 84' lang='lat' dir='ltr'><strong>qua&#39;e</strong></span> <span class='ocrx_word' id='word_1_571' title='bbox 537 3975 565 4028; x_wconf 93' lang='lat' dir='ltr'><strong>iu</strong></span> <span class='ocrx_word' id='word_1_572' title='bbox 579 3972 787 4045; x_wconf 88' lang='lat' dir='ltr'><strong>contractibus,</strong></span> <span class='ocrx_word' id='word_1_573' title='bbox 804 3981 950 4032; x_wconf 87' lang='lat' dir='ltr'><strong>testamen·</strong></span> <span class='ocrx_word' id='word_1_574' title='bbox 985 3976 1035 4033; x_wconf 88' lang='lat' dir='ltr'><strong>alla</strong></span> <span class='ocrx_word' id='word_1_575' title='bbox 1055 3991 1138 4048; x_wconf 87' lang='lat' dir='ltr'><strong>opera</strong></span> <span class='ocrx_word' id='word_1_576' title='bbox 1159 3991 1212 4030; x_wconf 92' lang='lat' dir='ltr'><strong>oon</strong></span> <span class='ocrx_word' id='word_1_577' title='bbox 1234 3980 1401 4046; x_wconf 86' lang='lat' dir='ltr'><strong>sequautur,</strong></span> <span class='ocrx_word' id='word_1_578' title='bbox 1422 3979 1453 4029; x_wconf 91' lang='lat' dir='ltr'><strong>ut</strong></span> <span class='ocrx_word' id='word_1_579' title='bbox 1471 3971 1497 4027; x_wconf 92' lang='lat' dir='ltr'><strong>iu</strong></span> <span class='ocrx_word' id='word_1_580' title='bbox 1513 3972 1624 4029; x_wconf 88' lang='lat' dir='ltr'><strong>materia</strong></span> <span class='ocrx_word' id='word_1_581' title='bbox 1643 3970 1676 4027; x_wconf 92' lang='lat' dir='ltr'><strong>de</strong></span> <span class='ocrx_word' id='word_1_582' title='bbox 1689 3970 1782 4028; x_wconf 91' lang='lat' dir='ltr'><strong>indul·</strong></span> 
     </span>
     <span class='ocr_line' id='line_1_42' title="bbox 115 4051 1783 4142; baseline 0 -26"><span class='ocrx_word' id='word_1_583' title='bbox 115 4051 117 4056; x_wconf 67' lang='grc'><strong>’</strong></span> <span class='ocrx_word' id='word_1_584' title='bbox 150 4059 197 4130; x_wconf 84' lang='grc' dir='ltr'>ιιε,</span> <span class='ocrx_word' id='word_1_585' title='bbox 210 4057 327 4131; x_wconf 89' lang='lat' dir='ltr'><strong>iudiciis,</strong></span> <span class='ocrx_word' id='word_1_586' title='bbox 340 4065 368 4116; x_wconf 89' lang='lat' dir='ltr'><strong>et</strong></span> <span class='ocrx_word' id='word_1_587' title='bbox 378 4059 405 4116; x_wconf 93' lang='lat' dir='ltr'><strong>in</strong></span> <span class='ocrx_word' id='word_1_588' title='bbox 416 4061 640 4135; x_wconf 87' lang='lat' dir='ltr'><strong>quibuscumque</strong></span> <span class='ocrx_word' id='word_1_589' title='bbox 650 4061 789 4126; x_wconf 84' lang='lat' dir='ltr'><strong>mandatis</strong></span> <span class='ocrx_word' id='word_1_590' title='bbox 800 4065 956 4136; x_wconf 78' lang='lat' dir='ltr'><strong>reperitur,</strong></span> <span class='ocrx_word' id='word_1_591' title='bbox 983 4073 1059 4142; x_wconf 80' lang='lat' dir='ltr'><strong>gent.</strong></span> <span class='ocrx_word' id='word_1_592' title='bbox 1079 4071 1107 4122; x_wconf 91' lang='lat' dir='ltr'><strong>et</strong></span> <span class='ocrx_word' id='word_1_593' title='bbox 1119 4067 1145 4120; x_wconf 91' lang='lat' dir='ltr'><strong>in</strong></span> <span class='ocrx_word' id='word_1_594' title='bbox 1162 4071 1242 4121; x_wconf 90' lang='lat' dir='ltr'><strong>tract.</strong></span> <span class='ocrx_word' id='word_1_595' title='bbox 1257 4063 1291 4120; x_wconf 90' lang='lat' dir='ltr'><strong>de</strong></span> <span class='ocrx_word' id='word_1_596' title='bbox 1305 4069 1367 4120; x_wconf 86' lang='lat' dir='ltr'><strong>voto</strong></span> <span class='ocrx_word' id='word_1_597' title='bbox 1382 4059 1446 4118; x_wconf 83' lang='lat' dir='ltr'><strong>dlxi.</strong></span> <span class='ocrx_word' id='word_1_598' title='bbox 1459 4064 1598 4133; x_wconf 85' lang='lat' dir='ltr'><strong>Respecto</strong></span> <span class='ocrx_word' id='word_1_599' title='bbox 1616 4077 1680 4118; x_wconf 75' lang='lat' dir='ltr'><strong>vero</strong></span> <span class='ocrx_word' id='word_1_600' title='bbox 1695 4060 1783 4117; x_wconf 90' lang='lat' dir='ltr'><strong>indul·</strong></span> 
     </span>
     <span class='ocr_line' id='line_1_43' title="bbox 148 4146 1779 4228; baseline 0.001 -25"><span class='ocrx_word' id='word_1_601' title='bbox 148 4148 176 4203; x_wconf 91' lang='lat' dir='ltr'><strong>in</strong></span> <span class='ocrx_word' id='word_1_602' title='bbox 192 4146 339 4220; x_wconf 78' lang='lat' dir='ltr'><strong>privilegiis</strong></span> <span class='ocrx_word' id='word_1_603' title='bbox 349 4150 432 4206; x_wconf 87' lang='lat' dir='ltr'><strong>etiam</strong></span> <span class='ocrx_word' id='word_1_604' title='bbox 442 4149 547 4222; x_wconf 71' lang='lat' dir='ltr'><strong>militat,</strong></span> <span class='ocrx_word' id='word_1_605' title='bbox 560 4164 622 4207; x_wconf 88' lang='lat' dir='ltr'><strong>narn</strong></span> <span class='ocrx_word' id='word_1_606' title='bbox 633 4150 669 4207; x_wconf 86' lang='lat' dir='ltr'><strong>ita</strong></span> <span class='ocrx_word' id='word_1_607' title='bbox 679 4150 841 4222; x_wconf 79' lang='lat' dir='ltr'><strong>pendentes</strong></span> <span class='ocrx_word' id='word_1_608' title='bbox 852 4154 949 4211; x_wconf 82' lang='lat' dir='ltr'><strong>rotun·</strong></span> <span class='ocrx_word' id='word_1_609' title='bbox 982 4155 1088 4228; x_wconf 80' lang='lat' dir='ltr'><strong>gentian</strong></span> <span class='ocrx_word' id='word_1_610' title='bbox 1102 4159 1233 4225; x_wconf 91' lang='lat' dir='ltr'><strong>petuntur</strong></span> <span class='ocrx_word' id='word_1_611' title='bbox 1247 4150 1292 4207; x_wconf 91' lang='lat' dir='ltr'><strong>illa</strong></span> <span class='ocrx_word' id='word_1_612' title='bbox 1305 4166 1387 4222; x_wconf 91' lang='lat' dir='ltr'><strong>opera</strong></span> <span class='ocrx_word' id='word_1_613' title='bbox 1398 4157 1426 4208; x_wconf 93' lang='lat' dir='ltr'><strong>ut</strong></span> <span class='ocrx_word' id='word_1_614' title='bbox 1442 4151 1634 4223; x_wconf 89' lang='lat' dir='ltr'><strong>dispositiones</strong></span> <span class='ocrx_word' id='word_1_615' title='bbox 1644 4149 1779 4222; x_wconf 84' lang='lat' dir='ltr'><strong>praeviae,</strong></span> 
     </span>
     <span class='ocr_line' id='line_1_44' title="bbox 149 4233 1783 4312; baseline 0 -19"><span class='ocrx_word' id='word_1_616' title='bbox 149 4242 207 4293; x_wconf 90' lang='lat' dir='ltr'><strong>tate</strong></span> <span class='ocrx_word' id='word_1_617' title='bbox 221 4235 496 4308; x_wconf 88' lang='lat' dir='ltr'><strong>concedentis,&#39;sicut</strong></span> <span class='ocrx_word' id='word_1_618' title='bbox 509 4237 669 4295; x_wconf 87' lang='lat' dir='ltr'><strong>mandatum</strong></span> <span class='ocrx_word' id='word_1_619' title='bbox 686 4254 746 4312; x_wconf 75' lang='lat' dir='ltr'><strong>og.</strong></span> <span class='ocrx_word' id='word_1_620' title='bbox 758 4255 791 4298; x_wconf 86' lang='lat' dir='ltr'><strong>ea</strong></span> <span class='ocrx_word' id='word_1_621' title='bbox 807 4240 948 4299; x_wconf 87' lang='lat' dir='ltr'><strong>voluntate</strong></span> <span class='ocrx_word' id='word_1_622' title='bbox 983 4250 1010 4298; x_wconf 90' lang='lat' dir='ltr'><strong>et</strong></span> <span class='ocrx_word' id='word_1_623' title='bbox 1025 4243 1085 4299; x_wconf 90' lang='lat' dir='ltr'><strong>ideo</strong></span> <span class='ocrx_word' id='word_1_624' title='bbox 1106 4233 1291 4298; x_wconf 81' lang='lat' dir='ltr'><strong>conditionem</strong></span> <span class='ocrx_word' id='word_1_625' title='bbox 1311 4242 1495 4296; x_wconf 89' lang='lat' dir='ltr'><strong>necessariam</strong></span> <span class='ocrx_word' id='word_1_626' title='bbox 1509 4242 1667 4302; x_wconf 87' lang='lat' dir='ltr'><strong>continent,</strong></span> <span class='ocrx_word' id='word_1_627' title='bbox 1686 4245 1714 4294; x_wconf 86' lang='lat' dir='ltr'><strong>et</strong></span> <span class='ocrx_word' id='word_1_628' title='bbox 1727 4238 1783 4294; x_wconf 90' lang='lat' dir='ltr'><strong>ior-</strong></span> 
     </span>
     <span class='ocr_line' id='line_1_45' title="bbox 147 4317 1782 4403; baseline 0.002 -22"><span class='ocrx_word' id='word_1_629' title='bbox 147 4323 318 4396; x_wconf 83' lang='lat' dir='ltr'><strong>manduotlo3</strong></span> <span class='ocrx_word' id='word_1_630' title='bbox 340 4339 407 4399; x_wconf 80' lang='lat' dir='ltr'><strong>ergo</strong></span> <span class='ocrx_word' id='word_1_631' title='bbox 421 4327 495 4383; x_wconf 89' lang='lat' dir='ltr'><strong>sicut</strong></span> <span class='ocrx_word' id='word_1_632' title='bbox 508 4326 596 4383; x_wconf 88' lang='lat' dir='ltr'><strong>iorms</strong></span> <span class='ocrx_word' id='word_1_633' title='bbox 617 4325 737 4384; x_wconf 86' lang='lat' dir='ltr'><strong>mandati</strong></span> <span class='ocrx_word' id='word_1_634' title='bbox 753 4345 807 4385; x_wconf 89' lang='lat' dir='ltr'><strong>oon</strong></span> <span class='ocrx_word' id='word_1_635' title='bbox 828 4317 946 4403; x_wconf 77' lang='lat' dir='ltr'><strong>serrata,</strong></span> <span class='ocrx_word' id='word_1_636' title='bbox 984 4347 1055 4388; x_wconf 90' lang='lat' dir='ltr'><strong>mom</strong></span> <span class='ocrx_word' id='word_1_637' title='bbox 1072 4327 1782 4401; x_wconf 84' lang='lat' dir='ltr'><strong>substantialemcoustltuuotadindulgeotiamcon-</strong></span> 
     </span>
     <span class='ocr_line' id='line_1_46' title="bbox 145 4413 1780 4494; baseline 0.002 -26"><span class='ocrx_word' id='word_1_638' title='bbox 145 4415 170 4469; x_wconf 91' lang='lat' dir='ltr'><strong>si</strong></span> <span class='ocrx_word' id='word_1_639' title='bbox 186 4413 369 4474; x_wconf 87' lang='lat' dir='ltr'><strong>substantialis</strong></span> <span class='ocrx_word' id='word_1_640' title='bbox 384 4413 436 4484; x_wconf 91' lang='lat' dir='ltr'><strong>sit,</strong></span> <span class='ocrx_word' id='word_1_641' title='bbox 452 4414 516 4471; x_wconf 90' lang='lat' dir='ltr'><strong>nibil</strong></span> <span class='ocrx_word' id='word_1_642' title='bbox 530 4414 667 4488; x_wconf 83' lang='lat' dir='ltr'><strong>allicitur,</strong></span> <span class='ocrx_word' id='word_1_643' title='bbox 682 4417 746 4490; x_wconf 88' lang='lat' dir='ltr'><strong>quia</strong></span> <span class='ocrx_word' id='word_1_644' title='bbox 759 4417 837 4474; x_wconf 87' lang='lat' dir='ltr'><strong>deest</strong></span> <span class='ocrx_word' id='word_1_645' title='bbox 850 4420 946 4476; x_wconf 84' lang='lat' dir='ltr'><strong>solun·</strong></span> <span class='ocrx_word' id='word_1_646' title='bbox 983 4420 1159 4494; x_wconf 89' lang='lat' dir='ltr'><strong>sequendam.</strong></span> <span class='ocrx_word' id='word_1_647' title='bbox 1176 4417 1254 4486; x_wconf 81' lang='lat' dir='ltr'><strong>Quod</strong></span> <span class='ocrx_word' id='word_1_648' title='bbox 1274 4418 1328 4474; x_wconf 90' lang='lat' dir='ltr'><strong>iere</strong></span> <span class='ocrx_word' id='word_1_649' title='bbox 1346 4419 1372 4473; x_wconf 90' lang='lat' dir='ltr'><strong>in</strong></span> <span class='ocrx_word' id='word_1_650' title='bbox 1392 4418 1517 4474; x_wconf 89' lang='lat' dir='ltr'><strong>omnibus</strong></span> <span class='ocrx_word' id='word_1_651' title='bbox 1537 4416 1710 4488; x_wconf 80' lang='lat' dir='ltr'><strong>indulgentiis</strong></span> <span class='ocrx_word' id='word_1_652' title='bbox 1731 4416 1780 4471; x_wconf 93' lang='lat' dir='ltr'><strong>ob-</strong></span> 
     </span>
    </p>
   </div>
   <div class='ocr_carea' id='block_1_3' title="bbox 148 4502 1878 4580">
    <p class='ocr_par' dir='ltr' id='par_1_3' title="bbox 148 4502 1878 4580">
     <span class='ocr_line' id='line_1_47' title="bbox 148 4502 1878 4580; baseline 0.001 -21"><span class='ocrx_word' id='word_1_653' title='bbox 148 4511 192 4559; x_wconf 87' lang='lat' dir='ltr'><strong>tas</strong></span> <span class='ocrx_word' id='word_1_654' title='bbox 211 4502 376 4576; x_wconf 74' lang='lat' dir='ltr'><strong>mandantis,</strong></span> <span class='ocrx_word' id='word_1_655' title='bbox 393 4504 416 4560; x_wconf 88' lang='lat' dir='ltr'><strong>si</strong></span> <span class='ocrx_word' id='word_1_656' title='bbox 436 4519 501 4559; x_wconf 87' lang='lat' dir='ltr'><strong>rero</strong></span> <span class='ocrx_word' id='word_1_657' title='bbox 516 4504 552 4560; x_wconf 89' lang='lat' dir='ltr'><strong>sit</strong></span> <span class='ocrx_word' id='word_1_658' title='bbox 570 4504 850 4578; x_wconf 88' lang='lat' dir='ltr'><strong>accidentalis,actio</strong></span> <span class='ocrx_word' id='word_1_659' title='bbox 871 4509 945 4566; x_wconf 87' lang='lat' dir='ltr'><strong>iacta</strong></span> <span class='ocrx_word' id='word_1_660' title='bbox 982 4516 1120 4568; x_wconf 87' lang='lat' dir='ltr'><strong>servatur.</strong></span> <span class='ocrx_word' id='word_1_661' title='bbox 1135 4508 1293 4580; x_wconf 84' lang='lat' dir='ltr'><strong>Eademque</strong></span> <span class='ocrx_word' id='word_1_662' title='bbox 1313 4506 1438 4564; x_wconf 87' lang='lat' dir='ltr'><strong>doctrina</strong></span> <span class='ocrx_word' id='word_1_663' title='bbox 1458 4505 1619 4578; x_wconf 79' lang='lat' dir='ltr'><strong>applicantia</strong></span> <span class='ocrx_word' id='word_1_664' title='bbox 1633 4512 1677 4561; x_wconf 91' lang='grc' dir='ltr'><strong>εει</strong></span> <span class='ocrx_word' id='word_1_665' title='bbox 1692 4503 1725 4561; x_wconf 88' lang='lat' dir='ltr'><strong>od</strong></span> <span class='ocrx_word' id='word_1_666' title='bbox 1740 4506 1780 4560; x_wconf 91' lang='lat' dir='ltr'><strong>in·</strong></span> <span class='ocrx_word' id='word_1_667' title='bbox 1872 4515 1878 4524; x_wconf 88' lang='lat'><strong>·</strong></span> 
     </span>
    </p>
   </div>
   <div class='ocr_carea' id='block_1_4' title="bbox 81 4589 1781 4846">
    <p class='ocr_par' dir='ltr' id='par_1_4' title="bbox 81 4589 1781 4846">
     <span class='ocr_line' id='line_1_48' title="bbox 147 4589 1780 4670; baseline 0.001 -23"><span class='ocrx_word' id='word_1_668' title='bbox 147 4595 233 4663; x_wconf 89' lang='lat' dir='ltr'><strong>tenet,</strong></span> <span class='ocrx_word' id='word_1_669' title='bbox 246 4589 391 4648; x_wconf 89' lang='lat' dir='ltr'><strong>lieetiorte</strong></span> <span class='ocrx_word' id='word_1_670' title='bbox 402 4593 537 4659; x_wconf 79' lang='lat' dir='ltr'><strong>revocari,</strong></span> <span class='ocrx_word' id='word_1_671' title='bbox 551 4593 592 4650; x_wconf 85' lang='lat' dir='ltr'><strong>vel</strong></span> <span class='ocrx_word' id='word_1_672' title='bbox 607 4594 697 4665; x_wconf 91' lang='lat' dir='ltr'><strong>puniri</strong></span> <span class='ocrx_word' id='word_1_673' title='bbox 707 4594 804 4668; x_wconf 76' lang='lat' dir='ltr'><strong>possit3</strong></span> <span class='ocrx_word' id='word_1_674' title='bbox 817 4597 853 4653; x_wconf 91' lang='lat' dir='ltr'><strong>ita</strong></span> <span class='ocrx_word' id='word_1_675' title='bbox 868 4612 945 4667; x_wconf 91' lang='lat' dir='ltr'><strong>pror·</strong></span> <span class='ocrx_word' id='word_1_676' title='bbox 981 4597 1059 4655; x_wconf 92' lang='lat' dir='ltr'><strong>dultn</strong></span> <span class='ocrx_word' id='word_1_677' title='bbox 1081 4597 1333 4670; x_wconf 87' lang='lat' dir='ltr'><strong>dispensationum,</strong></span> <span class='ocrx_word' id='word_1_678' title='bbox 1360 4595 1583 4665; x_wconf 88' lang='lat' dir='ltr'><strong>absolutionum,</strong></span> <span class='ocrx_word' id='word_1_679' title='bbox 1603 4601 1631 4652; x_wconf 92' lang='lat' dir='ltr'><strong>et</strong></span> <span class='ocrx_word' id='word_1_680' title='bbox 1650 4594 1780 4650; x_wconf 85' lang='lat' dir='ltr'><strong>similium</strong></span> 
     </span>
     <span class='ocr_line' id='line_1_49' title="bbox 81 4678 1781 4760; baseline 0.003 -27"><span class='ocrx_word' id='word_1_681' title='bbox 81 4717 84 4720; x_wconf 91' lang='lat'>-</span> <span class='ocrx_word' id='word_1_682' title='bbox 145 4694 196 4734; x_wconf 87' lang='lat' dir='ltr'><strong>sus</strong></span> <span class='ocrx_word' id='word_1_683' title='bbox 208 4678 355 4738; x_wconf 88' lang='lat' dir='ltr'><strong>dicendum</strong></span> <span class='ocrx_word' id='word_1_684' title='bbox 364 4679 452 4736; x_wconf 89' lang='lat' dir='ltr'><strong>estde</strong></span> <span class='ocrx_word' id='word_1_685' title='bbox 467 4681 620 4756; x_wconf 81' lang='lat' dir='ltr'><strong>privilegio,</strong></span> <span class='ocrx_word' id='word_1_686' title='bbox 632 4684 696 4756; x_wconf 87' lang='lat' dir='ltr'><strong>quia</strong></span> <span class='ocrx_word' id='word_1_687' title='bbox 710 4685 793 4740; x_wconf 91' lang='lat' dir='ltr'><strong>etiam</strong></span> <span class='ocrx_word' id='word_1_688' title='bbox 803 4683 881 4742; x_wconf 89' lang='lat' dir='ltr'><strong>deest</strong></span> <span class='ocrx_word' id='word_1_689' title='bbox 896 4702 942 4742; x_wconf 83' lang='lat' dir='ltr'><strong>ro·</strong></span> <span class='ocrx_word' id='word_1_690' title='bbox 980 4687 1149 4760; x_wconf 78' lang='lat' dir='ltr'><strong>gratiarum,</strong></span> <span class='ocrx_word' id='word_1_691' title='bbox 1170 4687 1194 4740; x_wconf 91' lang='lat' dir='ltr'><strong>iu</strong></span> <span class='ocrx_word' id='word_1_692' title='bbox 1216 4685 1317 4758; x_wconf 83' lang='lat' dir='ltr'><strong>quibus</strong></span> <span class='ocrx_word' id='word_1_693' title='bbox 1335 4683 1452 4754; x_wconf 88' lang='lat' dir='ltr'><strong>dicitur,</strong></span> <span class='ocrx_word' id='word_1_694' title='bbox 1469 4701 1497 4741; x_wconf 89' lang='lat' dir='ltr'><strong>r.</strong></span> <span class='ocrx_word' id='word_1_695' title='bbox 1510 4699 1537 4756; x_wconf 81' lang='lat' dir='ltr'><strong>g.</strong></span> <span class='ocrx_word' id='word_1_696' title='bbox 1556 4689 1598 4754; x_wconf 88' lang='lat' dir='ltr'><strong>ut,</strong></span> <span class='ocrx_word' id='word_1_697' title='bbox 1618 4682 1781 4755; x_wconf 87' lang='lat' dir='ltr'><strong>poenitentia</strong></span> 
     </span>
     <span class='ocr_line' id='line_1_50' title="bbox 145 4767 1780 4846; baseline 0 -21"><span class='ocrx_word' id='word_1_698' title='bbox 145 4770 239 4826; x_wconf 72' lang='lat' dir='ltr'><strong>lituus</strong></span> <span class='ocrx_word' id='word_1_699' title='bbox 254 4767 445 4840; x_wconf 84' lang='lat' dir='ltr'><strong>concedentis,</strong></span> <span class='ocrx_word' id='word_1_700' title='bbox 461 4771 482 4825; x_wconf 96' lang='lat' dir='ltr'><strong>si</strong></span> <span class='ocrx_word' id='word_1_701' title='bbox 496 4770 611 4828; x_wconf 86' lang='lat' dir='ltr'><strong>iormam</strong></span> <span class='ocrx_word' id='word_1_702' title='bbox 625 4774 802 4844; x_wconf 88' lang='lat' dir='ltr'><strong>praescripsit</strong></span> <span class='ocrx_word' id='word_1_703' title='bbox 815 4773 943 4830; x_wconf 87' lang='lat' dir='ltr'><strong>substan·</strong></span> <span class='ocrx_word' id='word_1_704' title='bbox 981 4775 1121 4846; x_wconf 87' lang='lat' dir='ltr'><strong>iniuncto,</strong></span> <span class='ocrx_word' id='word_1_705' title='bbox 1147 4773 1230 4831; x_wconf 91' lang='lat' dir='ltr'><strong>detur</strong></span> <span class='ocrx_word' id='word_1_706' title='bbox 1255 4772 1438 4844; x_wconf 86' lang='lat' dir='ltr'><strong>dispensatio,</strong></span> <span class='ocrx_word' id='word_1_707' title='bbox 1461 4771 1504 4828; x_wconf 86' lang='lat' dir='ltr'><strong>vel</strong></span> <span class='ocrx_word' id='word_1_708' title='bbox 1528 4770 1665 4828; x_wconf 88' lang='lat' dir='ltr'><strong>absolutio</strong></span> <span class='ocrx_word' id='word_1_709' title='bbox 1679 4793 1686 4844; x_wconf 67' lang='grc' dir='ltr'><strong>ς</strong></span> <span class='ocrx_word' id='word_1_710' title='bbox 1714 4778 1780 4827; x_wconf 90' lang='lat' dir='ltr'><strong>tunc</strong></span> 
     </span>
    </p>
   </div>
   <div class='ocr_carea' id='block_1_5' title="bbox 144 4855 1777 5289">
    <p class='ocr_par' dir='ltr' id='par_1_5' title="bbox 144 4855 1777 5020">
     <span class='ocr_line' id='line_1_51' title="bbox 145 4855 1777 4936; baseline 0.002 -24"><span class='ocrx_word' id='word_1_711' title='bbox 145 4856 250 4930; x_wconf 75' lang='lat' dir='ltr'><strong>tinient,</strong></span> <span class='ocrx_word' id='word_1_712' title='bbox 265 4866 291 4913; x_wconf 92' lang='lat' dir='ltr'><strong>et</strong></span> <span class='ocrx_word' id='word_1_713' title='bbox 306 4855 351 4914; x_wconf 90' lang='lat' dir='ltr'><strong>illa</strong></span> <span class='ocrx_word' id='word_1_714' title='bbox 365 4872 418 4913; x_wconf 91' lang='lat' dir='ltr'><strong>non</strong></span> <span class='ocrx_word' id='word_1_715' title='bbox 433 4865 569 4932; x_wconf 70' lang='lat' dir='ltr'><strong>servatur,</strong></span> <span class='ocrx_word' id='word_1_716' title='bbox 582 4859 656 4932; x_wconf 88' lang='lat' dir='ltr'><strong>quod</strong></span> <span class='ocrx_word' id='word_1_717' title='bbox 671 4876 753 4918; x_wconf 90' lang='lat' dir='ltr'><strong>secus</strong></span> <span class='ocrx_word' id='word_1_718' title='bbox 768 4869 820 4935; x_wconf 88' lang='lat' dir='ltr'><strong>est,</strong></span> <span class='ocrx_word' id='word_1_719' title='bbox 834 4863 944 4936; x_wconf 89' lang='lat' dir='ltr'><strong>quande</strong></span> <span class='ocrx_word' id='word_1_720' title='bbox 980 4865 1052 4922; x_wconf 87' lang='lat' dir='ltr'><strong>eninr</strong></span> <span class='ocrx_word' id='word_1_721' title='bbox 1070 4863 1208 4935; x_wconf 91' lang='lat' dir='ltr'><strong>impositio</strong></span> <span class='ocrx_word' id='word_1_722' title='bbox 1224 4861 1405 4934; x_wconf 87' lang='lat' dir='ltr'><strong>poenitentiae</strong></span> <span class='ocrx_word' id='word_1_723' title='bbox 1415 4859 1576 4918; x_wconf 87' lang='lat' dir='ltr'><strong>antecedere</strong></span> <span class='ocrx_word' id='word_1_724' title='bbox 1592 4859 1688 4930; x_wconf 73' lang='lat' dir='ltr'><strong>debet,</strong></span> <span class='ocrx_word' id='word_1_725' title='bbox 1707 4858 1777 4916; x_wconf 90' lang='lat' dir='ltr'><strong>unde</strong></span> 
     </span>
     <span class='ocr_line' id='line_1_52' title="bbox 144 4943 1777 5020; baseline 0.003 -21"><span class='ocrx_word' id='word_1_726' title='bbox 144 4943 234 5001; x_wconf 82' lang='lat' dir='ltr'><strong>forma</strong></span> <span class='ocrx_word' id='word_1_727' title='bbox 248 4952 291 5002; x_wconf 88' lang='lat' dir='ltr'><strong>est</strong></span> <span class='ocrx_word' id='word_1_728' title='bbox 304 4945 495 5004; x_wconf 88' lang='lat' dir='ltr'><strong>accidentalis.</strong></span> <span class='ocrx_word' id='word_1_729' title='bbox 760 4965 769 4976; x_wconf 83' lang='lat'><em>·</em></span> <span class='ocrx_word' id='word_1_730' title='bbox 980 4960 1024 5011; x_wconf 87' lang='grc' dir='ltr'><strong>εει</strong></span> <span class='ocrx_word' id='word_1_731' title='bbox 1042 4952 1165 5010; x_wconf 91' lang='lat' dir='ltr'><strong>conditio</strong></span> <span class='ocrx_word' id='word_1_732' title='bbox 1190 4951 1361 5020; x_wconf 87' lang='lat' dir='ltr'><strong>necessaria,</strong></span> <span class='ocrx_word' id='word_1_733' title='bbox 1382 4949 1464 5006; x_wconf 92' lang='lat' dir='ltr'><strong>etde</strong></span> <span class='ocrx_word' id='word_1_734' title='bbox 1485 4949 1637 5004; x_wconf 89' lang='lat' dir='ltr'><strong>substantia</strong></span> <span class='ocrx_word' id='word_1_735' title='bbox 1661 4947 1777 5016; x_wconf 89' lang='lat' dir='ltr'><strong>iormae,</strong></span> 
     </span>
    </p>

    <p class='ocr_par' dir='ltr' id='par_1_6' title="bbox 144 5033 1777 5289">
     <span class='ocr_line' id='line_1_53' title="bbox 184 5033 1777 5111; baseline 0.002 -22"><span class='ocrx_word' id='word_1_736' title='bbox 184 5037 212 5090; x_wconf 83' lang='grc'><strong>3.</strong></span> <span class='ocrx_word' id='word_1_737' title='bbox 223 5033 262 5090; x_wconf 77' lang='lat' dir='ltr'><strong>bd</strong></span> <span class='ocrx_word' id='word_1_738' title='bbox 277 5033 503 5108; x_wconf 87' lang='lat' dir='ltr'><strong>cognoscendum</strong></span> <span class='ocrx_word' id='word_1_739' title='bbox 513 5043 616 5104; x_wconf 85' lang='lat' dir='ltr'><strong>auteur,</strong></span> <span class='ocrx_word' id='word_1_740' title='bbox 626 5053 659 5093; x_wconf 91' lang='lat' dir='ltr'><strong>on</strong></span> <span class='ocrx_word' id='word_1_741' title='bbox 671 5037 758 5096; x_wconf 89' lang='lat' dir='ltr'><strong>iorma</strong></span> <span class='ocrx_word' id='word_1_742' title='bbox 770 5042 804 5097; x_wconf 93' lang='lat' dir='ltr'><strong>sit</strong></span> <span class='ocrx_word' id='word_1_743' title='bbox 815 5041 942 5098; x_wconf 89' lang='lat' dir='ltr'><strong>substan·</strong></span> <span class='ocrx_word' id='word_1_744' title='bbox 979 5043 1106 5100; x_wconf 84' lang='lat' dir='ltr'><strong>executio</strong></span> <span class='ocrx_word' id='word_1_745' title='bbox 1120 5047 1213 5097; x_wconf 72' lang='lat' dir='ltr'><strong>subm</strong></span> <span class='ocrx_word' id='word_1_746' title='bbox 1226 5040 1404 5111; x_wconf 89' lang='lat' dir='ltr'><strong>poenitentiae</strong></span> <span class='ocrx_word' id='word_1_747' title='bbox 1419 5043 1462 5094; x_wconf 89' lang='lat' dir='ltr'><strong>est</strong></span> <span class='ocrx_word' id='word_1_748' title='bbox 1471 5052 1643 5108; x_wconf 88' lang='lat' dir='ltr'><strong>consequens</strong></span> <span class='ocrx_word' id='word_1_749' title='bbox 1655 5037 1777 5093; x_wconf 90' lang='lat' dir='ltr'><strong>iruetum</strong></span> 
     </span>
     <span class='ocr_line' id='line_1_54' title="bbox 144 5122 1777 5204; baseline 0.001 -26"><span class='ocrx_word' id='word_1_750' title='bbox 144 5122 231 5192; x_wconf 86' lang='lat' dir='ltr'><strong>tialis,</strong></span> <span class='ocrx_word' id='word_1_751' title='bbox 248 5139 301 5180; x_wconf 89' lang='lat' dir='ltr'><strong>nec</strong></span> <span class='ocrx_word' id='word_1_752' title='bbox 321 5139 374 5196; x_wconf 91' lang='lat' dir='ltr'><strong>ne,</strong></span> <span class='ocrx_word' id='word_1_753' title='bbox 390 5124 540 5182; x_wconf 85' lang='lat' dir='ltr'><strong>servandae</strong></span> <span class='ocrx_word' id='word_1_754' title='bbox 555 5134 620 5184; x_wconf 81' lang='lat' dir='ltr'><strong>stant</strong></span> <span class='ocrx_word' id='word_1_755' title='bbox 638 5126 750 5198; x_wconf 81' lang='lat' dir='ltr'><strong>regulae</strong></span> <span class='ocrx_word' id='word_1_756' title='bbox 764 5129 860 5186; x_wconf 91' lang='lat' dir='ltr'><strong>eodem</strong></span> <span class='ocrx_word' id='word_1_757' title='bbox 882 5130 945 5188; x_wconf 92' lang='lat' dir='ltr'><strong>loco</strong></span> <span class='ocrx_word' id='word_1_758' title='bbox 980 5132 1120 5204; x_wconf 76' lang='lat' dir='ltr'><strong>privilegii,</strong></span> <span class='ocrx_word' id='word_1_759' title='bbox 1132 5135 1159 5186; x_wconf 90' lang='grc' dir='ltr'><strong>ει</strong></span> <span class='ocrx_word' id='word_1_760' title='bbox 1169 5129 1229 5186; x_wconf 93' lang='lat' dir='ltr'><strong>ideo</strong></span> <span class='ocrx_word' id='word_1_761' title='bbox 1245 5129 1309 5185; x_wconf 91' lang='lat' dir='ltr'><strong>licet</strong></span> <span class='ocrx_word' id='word_1_762' title='bbox 1323 5135 1417 5199; x_wconf 87' lang='lat' dir='ltr'><strong>postea</strong></span> <span class='ocrx_word' id='word_1_763' title='bbox 1428 5126 1582 5196; x_wconf 88' lang='lat' dir='ltr'><strong>omittatur,</strong></span> <span class='ocrx_word' id='word_1_764' title='bbox 1595 5141 1647 5180; x_wconf 92' lang='lat' dir='ltr'><strong>noo</strong></span> <span class='ocrx_word' id='word_1_765' title='bbox 1659 5140 1777 5182; x_wconf 79' lang='lat' dir='ltr'><strong>evacua·</strong></span> 
     </span>
     <span class='ocr_line' id='line_1_55' title="bbox 145 5213 1776 5289; baseline 0.001 -21"><span class='ocrx_word' id='word_1_766' title='bbox 145 5213 266 5285; x_wconf 88' lang='lat' dir='ltr'><strong>positae,</strong></span> <span class='ocrx_word' id='word_1_767' title='bbox 281 5220 308 5270; x_wconf 90' lang='lat' dir='ltr'><strong>et</strong></span> <span class='ocrx_word' id='word_1_768' title='bbox 326 5227 393 5272; x_wconf 87' lang='lat' dir='ltr'><strong>cum</strong></span> <span class='ocrx_word' id='word_1_769' title='bbox 407 5215 583 5287; x_wconf 91' lang='lat' dir='ltr'><strong>proportione</strong></span> <span class='ocrx_word' id='word_1_770' title='bbox 601 5216 788 5288; x_wconf 87' lang='lat' dir='ltr'><strong>applicandae.</strong></span> <span class='ocrx_word' id='word_1_771' title='bbox 805 5219 863 5276; x_wconf 87' lang='lat' dir='ltr'><strong>buo</strong></span> <span class='ocrx_word' id='word_1_772' title='bbox 879 5235 943 5278; x_wconf 88' lang='lat' dir='ltr'><strong>reru</strong></span> <span class='ocrx_word' id='word_1_773' title='bbox 979 5226 1025 5278; x_wconf 93' lang='lat' dir='ltr'><strong>tur</strong></span> <span class='ocrx_word' id='word_1_774' title='bbox 1044 5219 1175 5289; x_wconf 87' lang='lat' dir='ltr'><strong>ellectus,</strong></span> <span class='ocrx_word' id='word_1_775' title='bbox 1201 5218 1254 5274; x_wconf 89' lang='lat' dir='ltr'><strong>erit</strong></span> <span class='ocrx_word' id='word_1_776' title='bbox 1274 5223 1361 5274; x_wconf 88' lang='lat' dir='ltr'><strong>tamen</strong></span> <span class='ocrx_word' id='word_1_777' title='bbox 1386 5231 1470 5288; x_wconf 79' lang='lat' dir='ltr'><strong>grove</strong></span> <span class='ocrx_word' id='word_1_778' title='bbox 1489 5223 1649 5286; x_wconf 89' lang='lat' dir='ltr'><strong>peccatum,</strong></span> <span class='ocrx_word' id='word_1_779' title='bbox 1671 5219 1699 5270; x_wconf 92' lang='lat' dir='ltr'><strong>et</strong></span> <span class='ocrx_word' id='word_1_780' title='bbox 1722 5225 1776 5270; x_wconf 90' lang='lat' dir='ltr'><strong>non</strong></span> 
     </span>
    </p>
   </div>
   <div class='ocr_carea' id='block_1_6' title="bbox 0 0 2150 6213">
    <p class='ocr_par' dir='ltr' id='par_1_7' title="bbox 0 0 2150 6213">
     <span class='ocr_line' id='line_1_56' title="bbox 0 0 2150 6213; baseline 0 0"><span class='ocrx_word' id='word_1_781' title='bbox 0 0 2150 6213; x_wconf 95' lang='lat' dir='ltr'><strong> </strong></span> 
     </span>
    </p>
   </div>
  </div>
 </body>
</html>
