4278 6242
805 404 1048 456 annuamus.
1636 391 1698 456 135

115 539 140 591 at
157 547 220 591 raro
240 532 285 591 lea
305 531 427 606 poenalia
446 546 501 588 non
519 531 599 604 punit
611 537 705 590 notum
722 537 910 605 apparentem,
948 531 1014 588 mati
1025 573 1032 603 ,
1054 528 1102 588 sad
1122 531 1205 588 etiam
1226 531 1350 590 intentati
1369 537 1467 590 ooutra
1488 531 1575 606 legam
1595 531 1668 607 digni
1682 539 1748 590 suut

115 624 156 679 sed
176 639 291 692 seruans
314 637 381 695 argo
402 637 454 678 non
476 621 686 693 comprehendit
705 622 787 680 talem
801 629 906 680 actura.
947 635 1046 692 poena.
1069 619 1337 680 latiniacenses
1358 623 1540 694 conveniuutp
1561 621 1686 680 dubitant
1699 638 1748 680 au·

115 712 291 770 Confirmatur
306 714 405 784 primo,
420 711 486 785 quia
500 711 583 769 rerba
597 713 663 786 legis
678 712 799 786 poenalis
811 713 906 770 stricta
949 718 1016 780 tem,
1029 726 1063 768 aa
1080 710 1123 769 ille
1138 717 1218 768 actus
1232 711 1404 783 reputandus
1418 713 1455 768 sit
1469 719 1692 782 consummatus,
1704 712 1746 768 val

116 811 141 859 et
152 803 177 858 in
190 803 315 876 rigorose
331 802 497 876 proprietate
511 802 669 876 accipienda
685 809 766 877 snat,
778 818 844 876 ergo
855 818 911 859 uon
945 799 1036 857 solum
1057 802 1210 858 intentatus
1222 840 1230 872 ,
1246 809 1274 859 at
1288 811 1501 875 cousequenter,
1517 817 1551 858 an
1565 800 1697 860 debeatur
1711 801 1748 858 illi

116 899 173 949 sunt
185 893 356 951 extendenda
370 891 404 950 ad
419 900 514 951 actum
528 894 636 965 lictum,
653 894 700 951 sed
712 893 745 950 ad
758 909 855 950 verum
867 908 910 950 ra-
946 888 1082 947 ordinaria
1104 906 1189 962 poena
1211 890 1296 964 legis,
1312 890 1599 962 valestraordiuaria,
1615 896 1657 963 et,
1672 890 1747 964 quod
1779 959 1782 969 ι
1860 963 1865 976 ³

116 981 274 1056 stringenda.
301 983 485 1040 confirmatur
506 983 629 1041 secundo
649 981 818 1064 inductione.
841 985 909 1040 Nam
946 976 980 1035 ad
994 994 1043 1036 aas
1055 981 1139 1052 magis
1151 986 1268 1054 spectat,
1282 979 1303 1036 si
1315 980 1357 1037 lex
1368 983 1491 1052 imponat
1501 995 1617 1053 posnam
1631 981 1671 1037 vel
1682 996 1747 1039 cea·

115 1073 157 1144 qui
178 1073 300 1130 exterius
319 1079 402 1147 negat
421 1072 499 1130 fidem
521 1075 618 1131 timore
636 1089 805 1146 poenarum,
821 1074 911 1132 animo
946 1083 1040 1126 surum
1056 1069 1115 1143 ipati
1129 1070 1213 1133 licio.
1230 1086 1264 1127 ttti
1278 1073 1439 1128 incurratur
1454 1087 1502 1144 por
1518 1070 1599 1128 talem
1614 1078 1718 1128 aulum.

114 1160 178 1219 illam
197 1163 336 1236 retinens,
357 1178 413 1221 ηοη
439 1165 556 1221 incurrit
577 1179 676 1236 poenas
696 1164 910 1235 baereticorum,
986 1160 1114 1218 Secunda
1127 1167 1235 1219 cartura
1249 1166 1303 1233 ast,
1316 1160 1522 1234 aliquandopar
1534 1161 1745 1218 actumaullum

11 1289 12 1342 p
115 1253 173 1324 quia
187 1251 250 1310 linet
264 1260 397 1326 appareat
410 1252 577 1328 haereticus,
591 1269 621 1311 re
635 1269 701 1311 vera
711 1270 766 1311 non
777 1260 830 1311 est.
843 1255 911 1312 ltem
947 1249 1052 1307 incurri
1075 1263 1192 1323 poaaam
1211 1249 1294 1324 legis,
1317 1248 1370 1308 boo
1388 1251 1469 1308 ctiam
1484 1251 1601 1322 probaui
1617 1249 1747 1308 nonnulla

12 1343 13 1360 *
115 1343 156 1415 qui
179 1344 301 1415 percutit
320 1343 403 1402 alium
424 1343 576 1415 lethaliter,
597 1347 621 1402 si
641 1361 706 1403 cum
726 1345 827 1403 ellectu
841 1345 912 1402 alter
946 1338 1071 1412 exempla
1089 1339 1210 1397 adducta
1223 1342 1250 1396 iu
1265 1340 1462 1412 posterioribus
1476 1340 1641 1397 rationibus.
1656 1341 1746 1398 Tertio

115 1445 162 1488 nou
187 1434 331 1506 moriatur,
351 1437 433 1492 etiam
451 1449 501 1507 per
520 1434 703 1509 miraculum,
723 1453 776 1495 non
795 1437 913 1493 incurrit
947 1444 1013 1488 uero
1027 1445 1081 1486 non
1097 1432 1187 1487 miuus
1202 1437 1311 1487 certum
1326 1435 1379 1503 eat,
1394 1445 1449 1486 uon
1463 1443 1572 1502 semper
1582 1430 1686 1488 incurri
1698 1431 1748 1488 bu·

11 1573 12 1582 ,
115 1521 912 1599 poenashomicidii,utirregularitatem,atc.solumquia
947 1519 1196 1592 iusmodipoenam
1211 1518 1748 1592 perantumnuttumboepersuadent

114 1609 154 1666 ille
174 1618 252 1669 aetus
274 1628 328 1670 ηοη
343 1614 516 1686 pervenitad
536 1615 680 1688 adactum,
695 1631 761 1689 argo
776 1615 847 1673 idam
861 1617 912 1673 erit
947 1611 1030 1666 ctiam
1051 1610 1183 1668 nonnulla
1203 1609 1327 1683 axempla
1346 1610 1429 1682 priori
1448 1609 1508 1666 loco
1529 1611 1633 1682 posita,
1649 1618 1677 1668 et
1694 1611 1746 1668 alia

115 1699 138 1756 iu
152 1703 222 1758 omni
236 1708 316 1776 actu,
334 1704 382 1777 qui
395 1709 509 1776 propter
523 1704 675 1762 nullitatcm
690 1721 744 1783 ηοη
758 1705 865 1763 inducit
874 1704 914 1762 ei·
948 1702 1040 1758 statim
1063 1701 1219 1758 aderamus.
1235 1700 1388 1758 Difficultas
1402 1715 1469 1773 argo
1483 1706 1609 1772 superest
1622 1700 1648 1756 in
1662 1700 1747 1773 expli·

115 1788 219 1847 lactum.
244 1793 314 1850 ltem
335 1792 445 1850 tabellio
467 1792 601 1851 inducens
618 1794 765 1853 salsitatem
780 1795 805 1851 iu
821 1794 913 1869 aliquo
948 1790 1048 1865 cando,
1064 1790 1174 1863 quaudo
1188 1797 1269 1848 actus
1283 1789 1376 1847 nullus
1391 1789 1511 1870 subiciat
1526 1789 1561 1847 ad
1575 1803 1691 1861 poenam
1707 1789 1744 1846 le·

117 1877 292 1940 instrumento
313 1881 441 1954 publico,
463 1885 486 1942 si
505 1885 649 1957 camingat
663 1883 728 1942 illud
744 1885 912 1942 instrumen·
947 1882 1005 1954 gis,
1028 1879 1138 1953 quando
1159 1895 1225 1937 varo
1246 1895 1300 1937 ηοη
1320 1878 1458 1954 sufficiat,
1478 1884 1507 1936 et
1525 1893 1596 1954 quae
1610 1878 1704 1952 regula
1718 1879 1746 1936 iu

116 1973 170 2025 tuna
190 1969 254 2027 alias
275 1985 338 2029 essa
357 1971 505 2030 invalidum
526 1981 555 2030 at
574 1973 698 2045 nullum,
721 1989 776 2032 noa
797 1973 915 2032 incurrit
948 1969 1001 2028 boo
1015 1971 1103 2045 possit
1118 1969 1268 2028 observari.
1699 1985 1710 2002 ·

115 2073 209 2130 poenas
223 2060 342 2118 falsarii:
359 2061 378 2119 l.
398 2063 474 2132 t‚'c.
489 2061 523 2120 da
540 2064 661 2136 sepulcr.
679 2063 771 2122 violat.
785 2065 812 2120 in
826 2065 889 2124 ins.
988 2065 1014 2120 i.
1031 2061 1060 2117 1ο
1074 2077 1130 2134 quo
1145 2066 1248 2135 puncto
1263 2058 1358 2133 regula
1373 2058 1558 2116 communiter
1570 2063 1681 2132 recepta
1690 2065 1745 2134 ast,

151 2151 178 2206 ln
199 2154 372 2210 contrarium
391 2167 458 2210 sero
471 2159 534 2226 ast,
549 2154 615 2226 quia
629 2155 695 2212 licat
710 2162 790 2212 nctus
805 2155 840 2212 sit
852 2154 914 2211 uul·
947 2150 1145 2223 inspiciendam
1163 2165 1223 2209 essa
1233 2151 1389 2220 primariam
1401 2149 1578 2207 intentionem
1590 2149 1671 2221 legisp
1684 2165 1746 2206 uam

115 2237 154 2295 lus
173 2241 263 2314 quoad
282 2241 415 2300 olfactum
430 2242 573 2315 moralem,
589 2243 761 2301 nibilominus
774 2250 818 2302 est
831 2258 914 2300 varus
949 2242 970 2298 si
985 2241 1173 2314 principalitar
1188 2239 1309 2297 intendat
1323 2241 1419 2311 punire
1431 2254 1532 2310 purum
1542 2238 1645 2296 iactum
1656 2246 1748 2296 ester·

115 2336 187 2386 actus
212 2331 296 2390 realis
315 2323 437 2389 exterius
457 2332 549 2390 iactus
567 2335 595 2390 in
618 2331 662 2390 tali
683 2336 797 2391 materia
818 2340 914 2391 contra
950 2346 1033 2403 uum,
1050 2338 1078 2388 et
1092 2346 1208 2402 pravum
1223 2330 1344 2386 animum
1358 2329 1560 2402 laniantia„non
1574 2323 1747 2401 respiciendo

115 2419 314 2490 prohibitionem
338 2422 420 2495 legisp
442 2437 510 2496 ergo
531 2439 585 2479 ηοη
604 2423 694 2479 minus
709 2429 821 2496 propter
834 2423 914 2502 illum
948 2421 983 2478 ad
1005 2421 1073 2476 iuris
1091 2418 1236 2491 ellectum,
1260 2426 1326 2476 tuno
1342 2434 1390 2490 par
1403 2425 1496 2476 actum
1510 2417 1616 2476 nullum
1631 2419 1748 2476 incurri·

116 2507 260 2568 incurritur
277 2525 366 2582 paona
380 2510 462 2584 legis,
478 2527 561 2585 quara
577 2512 598 2568 si
612 2518 687 2568 esset
700 2510 815 2569 salidus.
833 2515 923 2569 duta·¹
948 2517 995 2567 tur
1009 2525 1099 2582 poena
1118 2510 1202 2583 legis,
1221 2511 1297 2567 iusta
1312 2511 1330 2566 l.
1347 2507 1418 2583 quid
1430 2524 1506 2584 erpa
1523 2507 1617 2576 §eum
1630 2516 1741 2578 cutem,

116 2597 209 2654 cedens
232 2605 345 2658 constat
366 2601 392 2655 iu
406 2600 535 2674 exemplis
550 2601 694 2674 adductisp
711 2617 773 2659 nam
789 2603 835 2676 qui
850 2603 915 2659 iacit
948 2599 982 2658 da
996 2600 1051 2670 his,
1067 2601 1114 2673 qui
1129 2607 1259 2657 notantur
1274 2598 1394 2670 infamia,
1410 2599 1456 2656 ubi
1469 2599 1565 2656 Glossa
1581 2600 1664 2657 aerbo
1678 2616 1747 2657 oum

116 2689 275 2759 scripturam
294 2689 401 2761 ialaam,
418 2705 447 2746 re
460 2705 526 2748 rara
539 2691 605 2748 lacit
619 2691 691 2749 illam
703 2694 835 2765 exterius,
845 2695 912 2750 otia
948 2706 998 2756 aa,
1021 2699 1049 2746 at
1062 2690 1107 2746 alii
1122 2689 1149 2746 id
1164 2697 1268 2747 notam.
1285 2690 1312 2747 Si
1326 2704 1391 2746 vero
1406 2689 1448 2745 lex
1463 2688 1647 2762 principalitar
1661 2692 1745 2762 respi-

116 2791 144 2833 aa
158 2778 233 2848 ponit
245 2777 410 2837 falsitatem:
426 2779 500 2853 quod
515 2787 609 2840 aulam
623 2781 667 2839 illa
682 2785 821 2855 scriptura
837 2790 914 2855 post·
948 2781 986 2838 cit
998 2779 1138 2852 ellectum,
1152 2787 1181 2837 at
1194 2787 1305 2853 propter
1317 2778 1393 2836 illurn
1405 2780 1483 2851 punit
1493 2785 1598 2852 actum,
1612 2787 1680 2838 tuno
1691 2795 1745 2836 οοη

117 2883 145 2923 sa
159 2869 244 2925 valeat
256 2869 301 2926 vel
318 2886 372 2926 uon
389 2870 489 2944 valeat,
500 2877 542 2928 est
554 2887 603 2943 per
614 2873 743 2930 accidens
754 2861 847 2947 quoad
857 2875 914 2930 ani·
949 2877 1045 2927 secuto
1059 2869 1171 2938 ellectu,
1187 2869 1305 2926 cessabit
1315 2884 1400 2941 poena
1413 2869 1492 2942 legis,
1504 2877 1532 2926 et
1542 2875 1745 2942 cousequenter

117 2972 186 3015 mum
208 2959 428 3034 traasgradiendi
442 2961 539 3034 legem.
557 2961 630 3019 ldern
643 2969 686 3019 est
698 2965 725 3018 iu
740 2963 912 3022 matrimonio
948 2974 1002 3016 nou
1024 2959 1183 3016 incurratur
1203 2975 1251 3032 per
1271 2966 1364 3016 actum
1386 2959 1508 3029 nullum,
1527 2961 1591 3034 quia
1604 2974 1654 3032 par
1667 2959 1743 3017 illum

118 3047 282 3112 clandestine
297 3056 456 3121 contracto,
469 3051 491 3107 si
502 3053 642 3126 confingat
652 3067 713 3110 esse
724 3053 796 3110 iuter
806 3052 912 3124 aliiues,
947 3064 1003 3107 ηοη
1017 3049 1161 3107 inducitur
1174 3049 1300 3124 affectus,
1316 3057 1428 3122 propter
1442 3065 1524 3123 quem
1539 3051 1684 3122 praecipue
1696 3067 1744 3124 po·

117 3135 155 3192 rel
170 3137 234 3211 quid
248 3137 348 3196 simila.
364 3139 399 3196 Et
412 3139 482 3197 ratio
496 3148 551 3210 est,
566 3143 631 3214 quia
645 3141 688 3199 lex
701 3141 735 3200 da
748 3158 776 3200 se
787 3143 914 3217 prohibat
948 3141 1024 3197 nitur
1037 3155 1126 3212 poena
1140 3139 1218 3214 legis.
1234 3141 1311 3198 lianc
1325 3139 1449 3213 sagariam
1463 3155 1543 3198 sumo
1556 3156 1589 3197 er
1601 3142 1709 3198 liartolo
1720 3141 1747 3198 in

118 3226 189 3284 illurn
204 3233 303 3287 autum
317 3237 462 3286 arternum
478 3237 509 3287 ut
522 3231 717 3303 procedentem
732 3248 748 3289 a
763 3232 809 3289 tali
823 3235 913 3291 anima
950 3228 1004 3302 leg.
1020 3233 1188 3296 continuus,
1206 3233 1219 3302 t
1234 3245 1302 3286 oum
1315 3233 1391 3303 puio,
1407 3246 1484 3287 nuni.
1502 3233 1529 3298 3,
1546 3229 1573 3286 li.
1587 3229 1621 3286 de
1637 3230 1746 3288 verbor.
1789 3289 1792 3297 ,

118 3315 206 3388 agendi
220 3325 322 3375 contra
333 3318 430 3392 legam,
440 3327 469 3378 et
481 3319 534 3376 boc
546 3326 637 3378 totum
647 3321 683 3378 ibi
690 3321 914 3396 inveniturpergo
949 3318 1170 3392 obligationibus.
1191 3321 1226 3377 Et
1247 3335 1308 3377 eam
1327 3320 1411 3378 tradit
1425 3321 1511 3398 ΕοΙίη.
1527 3323 1553 3377 in
1567 3336 1629 3392 cap.
1646 3327 1695 3380 lior
1707 3325 1747 3379 ie·

118 3419 194 3476 poena
214 3407 287 3481 lagia
304 3411 385 3466 ctiam
405 3408 615 3481 comprehendit
635 3411 674 3467 sic
694 3419 864 3483 operantem.
880 3413 915 3468 Et
949 3425 1036 3477 aare,
1062 3410 1096 3468 da
1116 3409 1276 3482 rescriptis,
1299 3426 1375 3468 nuni.
1394 3415 1428 3482 i,
1451 3416 1479 3468 at
1491 3409 1686 3483 sequentibus,
1702 3412 1748 3468 ubi

119 3497 302 3571 confirmatur,
324 3499 388 3571 quia
401 3505 483 3556 actus
496 3499 589 3557 illesic
600 3498 856 3575 iactusastdipuus
868 3501 914 3559 tali
950 3499 1018 3556 alios
1038 3499 1153 3573 allegat,
1174 3506 1202 3557 et
1223 3502 1299 3556 saria
1319 3499 1431 3557 adducit
1448 3498 1590 3572 exempla,
1607 3498 1747 3572 inquibus

118 3599 220 3658 poena,
237 3589 303 3662 quia
317 3595 360 3644 est
373 3603 486 3662 pravus,
502 3596 531 3646 et
544 3596 678 3663 quantum
693 3593 718 3647 in
734 3607 762 3648 se
776 3599 819 3648 est
833 3607 915 3665 repu-
949 3604 1002 3645 uon
1024 3588 1191 3645 conveniunt
1211 3604 1306 3646 amnas
1326 3589 1471 3660 doctores,
1493 3604 1564 3663 quos
1584 3589 1747 3661 allegatpet

119 3689 198 3745 gnans
221 3677 365 3736 intentiori
385 3676 468 3752 legis3
490 3694 568 3752 ergo.
588 3681 771 3738 cnntrmatur
792 3682 913 3754 tandem,
944 3675 1043 3750 plures
1065 3677 1179 3735 adducit
1197 3678 1397 3736 declarationes
1415 3686 1444 3764 et
1463 3677 1652 3752 limitationes,
1675 3695 1745 3752 quae

118 3765 175 3835 quia
199 3766 267 3823 alias
288 3781 337 3838 par
357 3765 451 3834 actum
471 3769 577 3826 nattum
599 3785 740 3844 nunquam
754 3773 915 3830 incurratur
949 3767 1114 3831 ostendunt.
1132 3766 1253 3840 regulam
1271 3783 1332 3825 assa
1347 3769 1411 3825 eatis
1427 3768 1587 3825 obscuram.
1602 3771 1669 3827 liam
1683 3769 1747 3827 licat

118 3868 199 3924 poena
215 3855 302 3930 legis,
317 3858 382 3932 quia
396 3873 451 3914 non
465 3865 508 3916 ast
522 3859 607 3916 maior
620 3862 690 3918 ratio
703 3859 737 3917 da
751 3877 816 3932 uno,
832 3877 915 3935 quam
949 3859 1074 3916 membra
1086 3859 1146 3914 eius
1161 3857 1300 3914 raritatem
1311 3858 1453 3915 continere
1464 3856 1617 3929 rideantur,
1628 3860 1693 3932 quia
1704 3859 1746 3916 lex

120 3944 149 4001 da
162 3947 222 4018 alio,
237 3954 267 4006 ct
280 3949 303 4004 si
314 3949 420 4020 priores
433 3951 550 4006 rationas
560 3951 689 4008 clllcaces
701 3959 778 4027 sunt,
791 3952 816 4008 iu
828 3953 916 4008 nmai-
942 3954 1081 4020 *operatur
1099 3951 1176 4005 iuxta
1198 3949 1375 4020 praecipuam
1394 3949 1571 4006 intentionem
1590 3949 1700 4007 larentia
1713 3951 1746 4007 il·

120 4033 166 4092 bus
183 4038 354 4111 procedunt3
370 4053 543 4113 consequeus
559 4047 651 4098 autem
665 4048 709 4098 est
722 4041 834 4114 falsum,
849 4039 915 4098 alias
949 4039 1019 4112 lam3
1036 4038 1213 4096 nibilominus
1225 4038 1377 4096 obscurum
1389 4045 1520 4110 romanet,
1533 4041 1643 4114 quando
1653 4040 1696 4098 lar
1707 4041 1746 4097 in·

122 4127 374 4184 excommunicatus
394 4127 539 4186 absolvens
553 4130 788 4188 sacramentaliter
801 4147 856 4188 ηοη
870 4131 916 4188 lia-
950 4127 1045 4186 tendat
1063 4130 1160 4200 punire
1175 4144 1277 4202 purum
1290 4129 1407 4200 iactum,
1423 4131 1464 4187 rel
1479 4130 1619 4204 ellectum,
1634 4137 1662 4187 et
1674 4145 1746 4203 quac

121 4220 160 4271 rat
178 4217 353 4292 irregularis,
375 4217 439 4290 quia
459 4218 614 4294 absolutio,
629 4236 713 4293 quam
733 4221 859 4293 praebat,
873 4227 917 4278 ast
950 4220 1047 4292 regula
1066 4221 1094 4275 in
1115 4218 1167 4276 boc
1189 4219 1323 4277 servanda
1344 4221 1389 4276 sit.
1404 4219 1445 4277 tu
1460 4220 1513 4278 boc
1528 4236 1595 4294 ergo
1609 4221 1747 4294 explican-

122 4304 207 4379 nulla3
225 4307 354 4380 idemque
371 4314 446 4366 esset
458 4307 491 4364 da
505 4309 689 4381 rebaptizante
703 4312 834 4380 soientar,
850 4310 917 4383 quia
950 4309 1016 4368 dum
1041 4309 1160 4367 breuiter
1183 4309 1328 4368 nonnullas
1352 4313 1537 4385 assertiones,
1564 4327 1613 4369 seu
1637 4312 1747 4387 regulas

123 4394 196 4452 etiam
212 4395 356 4454 secundus
369 4395 523 4470 baptismus
535 4405 578 4455 est
591 4397 696 4466 nullus,
710 4405 739 4457 et
753 4401 792 4457 sic
802 4399 836 4458 da
846 4400 915 4458 aliis.
950 4400 1105 4459 sublicium.

157 4489 183 4543 2.
196 4487 225 4542 ln
240 4486 294 4543 bac
307 4501 338 4543 ra
350 4485 481 4544 nonnulla
491 4493 557 4545 sunt
566 4489 750 4548 certa.Unum
760 4497 916 4565 est,aotum
989 4495 1018 4550 t.
1034 4491 1099 4548 llico
1118 4505 1186 4566 ergo
1205 4491 1308 4564 primo:
1324 4490 1435 4560 Quoties
1449 4506 1504 4549 una
1517 4496 1544 4549 et
1557 4490 1652 4550 eadem
1665 4491 1707 4551 las
1719 4497 1748 4550 et

126 4575 286 4634 intentatum
303 4582 401 4633 cantra
416 4576 502 4650 legem
516 4577 717 4651 prohibentem,
732 4581 837 4637 etiamsi
850 4595 917 4638 con·
951 4581 1041 4638 irritat
1060 4587 1171 4649 actum,
1192 4589 1219 4638 et
1237 4583 1312 4654 ponit
1324 4596 1439 4654 poenam
1453 4581 1570 4653 taeenti,
1586 4581 1647 4639 talis
1660 4597 1748 4655 poena

125 4663 203 4738 tingat
216 4667 326 4724 nullum
340 4681 418 4739 essa,
433 4683 547 4740 prosum
562 4683 623 4724 asse
642 4675 671 4726 et
690 4668 803 4743 dignum
818 4686 915 4745 poena,
951 4687 1000 4744 per
1014 4677 1107 4728 actum
1122 4671 1228 4728 nullum
1239 4672 1403 4729 incurritur.
1415 4673 1487 4729 llaec
1499 4673 1616 4730 assertio
1628 4674 1748 4729 sumitur

125 4757 202 4827 atqua
219 4757 290 4814 adeo
308 4758 380 4813 iuste
399 4771 479 4828 posse
494 4772 542 4830 per
556 4757 675 4816 iudicem
689 4759 823 4834 condigne
838 4763 917 4833 puui·
951 4777 985 4819 er
997 4760 1106 4819 Baitolo
1116 4763 1143 4816 in
1155 4760 1209 4835 leg.
1218 4777 1278 4818 oon
1288 4759 1428 4828 studium,
1440 4763 1471 4818 C.
1484 4760 1517 4818 de
1528 4761 1644 4834 legibus,
1657 4777 1685 4817 η.
1698 4765 1746 4833 to,

125 4835 154 4899 r‘i.
175 4845 230 4903 iloc
251 4846 370 4918 probant
384 4848 503 4905 rationes
521 4848 644 4906 monada
658 4850 720 4907 loca
733 4849 839 4924 iactae,
854 4852 918 4925 quia
952 4859 980 4910 et
1001 4853 1027 4908 ia
1048 4851 1102 4926 lag.
1123 4855 1245 4926 praetor
1260 4855 1317 4918 cit,
1335 4849 1347 4918 i
1365 4855 1394 4924 t,
1410 4853 1437 4909 il.
1453 4851 1487 4908 de
1501 4852 1590 4924 operis
1602 4853 1666 4908 navi
1680 4867 1750 4907 nun·

126 4931 165 4990 illa
183 4943 227 4993 est
245 4943 327 4993 actus
349 4935 501 5008 humanus,
517 4945 547 4995 et
559 4938 686 5013 moralis,
701 4945 730 4997 et
743 4941 838 4998 rationi
852 4957 918 4998 con·
953 4941 1088 5014 clatione,
1110 4957 1187 4999 uum.
1204 4948 1232 5014 t,
1248 4949 1277 4998 et
1289 4957 1323 4999 ex
1335 4941 1427 4998 Feliuo
1442 4957 1537 5014 supra,
1552 4946 1581 4998 at
1593 4942 1662 5014 aliia,
1677 4955 1748 5014 quos

125 5025 237 5099 trartus,
258 5029 325 5099 quia
339 5035 474 5099 quantum
489 5035 531 5086 est
545 5043 578 5085 aa
593 5030 683 5086 anima
698 5031 849 5104 operantis,
865 5031 918 5106 legi
953 5029 1178 5104 reiertTiraquel.
1191 5030 1225 5088 de
1237 5036 1356 5105 utroque
1366 5036 1481 5087 retract.
1494 5029 1540 5087 lib.
1558 5033 1583 5101 i,
1596 5027 1608 5096 l
1619 5033 1667 5102 it,
1680 5047 1708 5086 n.
1720 5034 1746 5088 8.

127 5119 278 5174 contrarius
289 5123 347 5187 est;
361 5131 429 5191 ergo
438 5125 482 5175 est
492 5133 579 5190 poena
589 5118 699 5192 dignus,
710 5127 739 5176 at
748 5135 920 5193 consequeu-
953 5119 1059 5194 Estque
1071 5121 1137 5178 satis
1147 5127 1329 5177 consentanea
1341 5120 1422 5191 priori
1434 5119 1504 5192 parti
1516 5117 1625 5191 regulae
1638 5133 1750 5190 praece·

128 5205 165 5258 lar
177 5206 258 5262 etiarn
272 5211 365 5278 potest
377 5221 427 5278 per
439 5206 558 5265 iudicem
572 5209 676 5282 puniri,
691 5211 756 5282 quia
769 5216 813 5267 est
823 5209 920 5266 vindex
953 5207 1054 5280 dentis,
1069 5212 1134 5285 quia
1149 5217 1216 5268 tunc
1231 5209 1297 5268 satis
1312 5208 1451 5266 manifesta
1466 5214 1578 5281 apparat
1591 5207 1703 5265 intentio
1715 5208 1752 5266 la·

128 5295 358 5369 transgressorum
374 5296 479 5370 legum,
491 5304 583 5356 atnon
594 5299 685 5358 solum
696 5306 777 5358 actus
788 5314 920 5360 cousum-
954 5300 1007 5375 gia.
1023 5302 1092 5359 llam
1106 5301 1129 5358 si
1141 5299 1271 5359 irritando
1281 5306 1375 5358 actum
1386 5299 1465 5373 punit
1475 5299 1563 5371 illum,
1576 5296 1643 5355 satis
1657 5305 1751 5371 aperte
