4256 6224
880 389 1049 442 caruero.
1677 377 1742 442 ste

141 515 311 584 niellibilem,
326 515 362 572 ita
381 520 411 571 ut
426 517 531 572 ratione
546 513 617 572 illius
630 514 694 572 talia
704 515 777 572 bone
788 515 941 573 obtineren·
981 519 1070 590 itque
1084 519 1121 574 ita
1135 516 1212 576 illurn
1228 518 1319 576 locum
1332 520 1446 591 exponit
1460 523 1576 592 linguei.
1593 519 1628 576 ds
1643 520 1743 592 Spiritu
1757 525 1787 578 st

154 623 206 675 ur,
232 607 337 662 etiamsi
358 606 393 661 ad
407 604 576 677 spiritualem
591 605 707 662 salutem
723 622 775 662 non
790 613 883 662 essent
897 621 944 661 ne·
980 606 1082 675 littere,
1097 624 1159 680 cap.
1176 613 1203 666 1.
1219 615 1247 665 ει
1263 609 1459 683 sequentibus,
1475 611 1634 681 praesertim
1651 602 1786 683 usquead

162 697 277 765 essaria,
299 695 458 766 simpliciter
477 695 625 768 loquendo.
648 695 682 751 Et
703 695 738 750 itu
753 693 945 768 intelliguntur
983 700 1028 766 11,
1042 703 1069 752 ει
1084 703 1127 768 15,
1140 705 1237 755 contra
1252 701 1345 756 lauet.
1362 715 1425 770 cap.
1439 705 1466 769 8,
1481 707 1508 756 ει
1523 699 1567 756 lib.
1584 705 1613 757 2.
1631 709 1727 758 contra
1738 701 1786 757 ad·

175 786 296 843 ecialiter
318 792 384 842 tune
405 786 539 856 promissa
557 785 629 842 bona
644 785 817 856 temporalia,
835 792 866 842 ut
880 784 944 841 talio
980 801 1084 842 verser.
1108 786 1191 861 legis,
1214 795 1243 844 et
1264 788 1363 861 propb.
1379 805 1441 861 cap.
1460 792 1489 862 73
1507 795 1533 845 et
1547 787 1618 845 idem
1633 789 1689 845 lere
1703 790 1784 848 tradit

185 882 227 944 ιι,
254 874 279 930 id
300 879 357 944 cst,
379 875 435 930 siue
456 875 571 946 positivo
593 881 722 946 respectu
737 874 770 931 ud
786 874 945 946 spiritualia,
981 875 1017 932 ibi
1031 874 1174 952 Chrysost.
1188 877 1277 934 homil.
1289 883 1315 937 6.
1330 885 1541 952 sequunturque
1552 877 1579 935 d.
1592 878 1719 948 Thomas,
1732 883 1786 936 An·

202 967 271 1021 mris
285 965 405 1021 noluerit
418 967 490 1030 Ueus
505 981 534 1020 se
549 964 668 1038 obligare
683 963 716 1020 ad
731 963 775 1021 illa
789 962 944 1032 tribuenda,
980 966 1083 1022 seimus
1099 975 1126 1024 et
1137 968 1191 1024 alii.
1205 969 1240 1026 et
1254 968 1333 1026 simili
1344 968 1426 1024 modo
1442 968 1475 1024 ad
1490 970 1567 1025 llnm.
1585 971 1611 1026 l.
1623 966 1725 1024 dicitur
1740 967 1785 1024 illo

209 1071 224 1110 n
240 1071 304 1112 cum
321 1055 451 1126 spirituaii
467 1061 642 1112 nocumento.
982 1053 1023 1110 lex
1039 1057 1145 1126 mortis,
1163 1056 1259 1130 utique
1273 1057 1307 1114 ab
1320 1058 1431 1128 ellectu,
1448 1061 1514 1129 quia
1527 1056 1694 1129 occidendo,
1714 1073 1786 1114 mnr-

221 1185 228 1200 .
246 1145 346 1203 Ultimo
367 1143 513 1203 dicendum
534 1153 592 1216 est,
607 1145 732 1220 quamvis
753 1147 902 1203 occisione
916 1145 947 1201 il·
980 1153 1037 1201 tern
1051 1147 1156 1202 animae
1168 1146 1258 1215 inient,
1271 1163 1344 1206 mors
1355 1140 1446 1204 antem
1458 1148 1562 1204 animae
1572 1153 1615 1204 εει
1629 1152 1784 1217 peccatum.

184 1267 196 1290 s
216 1235 281 1308 legis
303 1241 418 1308 peccato
438 1235 617 1307 multiplicata
633 1236 749 1308 luerint,
771 1235 946 1293 nibilominus
1020 1240 1067 1294 21.
1086 1235 1126 1292 Ad
1144 1236 1220 1307 prins
1242 1239 1428 1295 testimonium
1449 1237 1532 1310 aliqui
1554 1237 1661 1293 nomine
1682 1235 1786 1294 litterae

139 1327 197 1382 dici
216 1341 269 1382 non
284 1341 379 1398 posse,
396 1325 555 1397 simpliciter
571 1324 721 1399 loquendo,
739 1325 946 1398 multiplicatio·
981 1341 1036 1382 non
1051 1326 1139 1400 legem
1154 1333 1277 1398 motum,
1293 1327 1340 1384 sed
1355 1334 1438 1386 toton
1455 1327 1570 1384 litteram
1586 1329 1686 1383 veteris
1704 1331 1786 1384 testa-

140 1432 205 1472 nem
227 1423 405 1486 peccatorum
427 1416 510 1473 inisse
528 1415 656 1473 ellectum
677 1415 751 1471 illius
769 1415 849 1488 legis.
870 1416 945 1471 lianc
981 1417 1064 1472 menti
1085 1417 1258 1490 intelligunt,
1279 1433 1363 1492 qunrn
1383 1417 1481 1475 dicunt
1501 1415 1645 1484 occidere,
1667 1416 1689 1472 si
1713 1416 1785 1473 iuxta

139 1507 320 1562 assertionem
336 1521 458 1578 propono
473 1506 507 1562 ad
520 1506 696 1578 explicandas
707 1505 814 1578 aliquos
825 1504 943 1563 locutio·
980 1505 1113 1564 corticem
1129 1506 1234 1564 litterae
1248 1507 1431 1580 intelligaturp
1447 1507 1583 1564 vivificare
1598 1511 1708 1576 autem,
1726 1506 1747 1561 si
1761 1507 1785 1562 ia

140 1612 191 1652 nes
213 1596 391 1668 Scripturas,
411 1599 573 1674 praesertim
592 1595 620 1652 d
635 1594 722 1664 Pauli,
738 1601 766 1652 et
781 1597 945 1652 conuenien·
981 1595 1114 1665 spirituali
1130 1611 1213 1653 sensu
1228 1597 1392 1668 accipiatur.
1409 1599 1448 1654 lta
1461 1596 1572 1668 origen.
1585 1595 1630 1652 lib.
1645 1599 1672 1652 ii.
1688 1602 1786 1652 contra

140 1693 197 1768 tem
218 1686 330 1744 modum
352 1685 507 1759 loquendi·
500 1703 526 1741 m
548 1686 600 1742 bac
624 1687 744 1742 materia.
770 1686 846 1742 Prior
858 1687 945 1757 igitur
980 1683 1090 1742 Celsum
1106 1701 1180 1742 cuca
1196 1687 1287 1755 tinem
1302 1695 1331 1744 et
1344 1687 1389 1744 bb
1407 1689 1433 1744 1.
1451 1701 1535 1758 prope
1553 1683 1684 1742 medium.
1699 1685 1786 1753 Quam

141 1791 207 1847 pars
227 1791 357 1847 expresse
377 1775 498 1832 traditur
516 1774 549 1832 od
564 1777 643 1832 Rom
662 1777 698 1842 1,
713 1775 759 1830 ubr
775 1791 851 1846 prius
868 1775 944 1832 dicit:
981 1775 1142 1831 sententiam
1158 1792 1211 1832 non
1228 1776 1358 1848 reprobat
1371 1778 1490 1848 tugost
1511 1773 1618 1832 dictol.
1634 1772 1668 1830 de
1683 1774 1786 1845 Sprrrtn

145 1867 224 1922 Cum
247 1880 375 1922 essemus
394 1868 427 1920 io
447 1880 554 1936 corne,
571 1868 724 1939 passiones
736 1869 941 1936 peccatorum,
980 1869 1008 1919 et
1021 1863 1112 1922 littera
1126 1880 1187 1936 cap.
1201 1869 1234 1938 1,
1251 1864 1298 1922 sed
1313 1865 1402 1936 potius
1417 1864 1551 1934 admittit,
1566 1861 1715 1920 dummodo
1735 1862 1786 1919 alia

141 1971 228 2030 qoaoe
237 1972 292 2029 per
312 1954 405 2028 lepcm
422 1958 523 2020 mont,
541 1954 768 2029 operabantur
758 1971 789 2010 m
807 1951 946 2010 membris
980 1965 1033 2008 non
1049 1954 1200 2023 reliciatur,
1213 1959 1241 2012 et
1254 1957 1292 2012 ita
1306 1952 1351 2010 illa
1367 1954 1455 2011 utitur
1470 1952 1515 2010 lib.
1525 1957 1551 2010 3.
1565 1952 1599 2008 de
1613 1951 1704 2008 doctr.
1714 1951 1787 2008 cbri-

141 2041 268 2111 ooslra‘s,
291 2050 325 2101 nl
344 2043 575 2116 sanctificarent
593 2048 693 2100 morti.
716 2043 816 2101 Deinde
837 2044 943 2100 obiicit:
980 2041 1062 2099 stien.
1075 2059 1138 2115 cop.
1153 2049 1179 2102 1.
1196 2045 1230 2100 et
1251 2045 1382 2101 sententia
1395 2043 1507 2117 quidem
1522 2059 1589 2100 sanc
1608 2041 1688 2098 modo
1707 2041 1784 2098 intol-

148 2133 230 2209 (inid
243 2125 311 2207 erqo
325 2132 470 2200 dicemus,
489 2132 539 2190 len
548 2139 707 2208 pecccatum
722 2133 788 2189 esti
802 2132 902 2200 nosen·
917 2140 946 2190 ει
979 2131 1051 2188 lecte
1066 2135 1094 2188 in
1114 2150 1143 2190 se
1158 2149 1222 2190 vera
1241 2140 1302 2206 εει,
1318 2147 1371 2189 non
1393 2139 1437 2190 est
1450 2139 1542 2188 autem
1564 2128 1784 2200 existimandum,

143 2225 228 2280 inira:
242 2229 323 2282 Nam
332 2230 492 2298 peccatum
503 2227 657 2281 occasione
667 2227 792 2296 accepto
800 2239 946 2296 permon-
979 2221 1180 2294 intelligentiam
1200 2225 1358 2295 scripturos
1379 2220 1534 2280 secundum
1557 2222 1699 2293 proprium
1723 2235 1786 2276 sen·

143 2311 250 2370 datum
266 2313 384 2371 seclusit
398 2329 453 2380 me,
471 2318 499 2370 ει
509 2329 564 2387 per
578 2310 657 2369 iilud
671 2311 794 2377 occidtt;
806 2313 889 2384 igitur
899 2327 946 2368 oc·
979 2327 1041 2368 sum
1056 2313 1202 2370 verborum
1218 2311 1316 2369 malam
1330 2327 1406 2384 esse,
1423 2311 1465 2368 rel
1484 2311 1626 2380 nocivam3
1643 2308 1696 2364 boc
1714 2309 1784 2364 enirn

144 2405 255 2461 sasione
279 2404 362 2476 legis,
385 2419 438 2459 non
453 2403 516 2460 data
531 2403 565 2459 eb
579 2405 653 2474 ipsa,
669 2402 716 2459 sed
731 2403 765 2459 ab
779 2402 885 2458 bomine
899 2416 945 2459 nc·
980 2400 1149 2459 haereticum
1163 2410 1252 2470 esset,
1267 2411 1299 2460 ut
1313 2417 1361 2474 per
1375 2418 1405 2459 se
1420 2407 1540 2470 cunstat,
1555 2400 1603 2456 sed
1621 2415 1719 2455 sensus
1732 2403 1784 2466 est,

144 2501 241 2564 cepta,
253 2492 643 2565 multiplicatasuntpeccata.
655 2491 945 2564 Ratioveroest,'quin
980 2493 1110 2548 nocivum
1126 2507 1203 2562 esse,
1225 2492 1268 2549 rel
1283 2508 1347 2550 curn
1369 2491 1513 2563 Scriptura
1527 2490 1642 2562 ligurate
1661 2488 1785 2560 loquitur

144 2582 187 2638 len
203 2582 365 2639 ostendebat
377 2587 534 2654 peceatum,
544 2590 573 2639 et
583 2582 649 2639 illud
661 2582 945 2654 prohibebat,etcon·
979 2582 1127 2638 adhaerere
1142 2583 1239 2639 cortici
1254 2583 1414 2651 verborum,
1427 2580 1469 2636 rel
1484 2578 1655 2652 spiritualem
1672 2591 1783 2632 sensum

145 2680 294 2744 sequenter
310 2670 514 2745 quodammodo
530 2673 649 2746 augebat
662 2674 812 2745 appetitum
828 2675 867 2729 rel
882 2688 945 2744 pro·
980 2673 1141 2744 Scripturas
1149 2673 1174 2728 iu
1188 2673 1348 2729 universum
1360 2671 1488 2740 abiicere;
1499 2671 1538 2724 sic
1549 2669 1620 2724 enirn
1631 2665 1784 2722 1111101111-

145 2761 259 2832 bibitae,
276 2765 349 2834 quio
362 2779 428 2818 cum
443 2759 561 2835 aliquid
574 2765 810 2836 cmtmrpisca'tor.
827 2767 855 2818 et
867 2768 945 2836 post·
979 2769 1039 2820 stus
1051 2764 1125 2818 loan.
1135 2767 1162 2820 t:
1176 2765 1307 2836 Spiritus
1317 2767 1370 2828 εει,
1380 2764 1432 2834 qui
1441 2758 1583 2832 vivificat,
1599 2755 1697 2817 verba,
1707 2771 1784 2828 quae

142 2849 369 2923 eaprotrtemr,
384 2853 638 2924 concoepissentioe
645 2849 781 2924 flammo
788 2855 888 2924 mopis
899 2858 944 2909 ot·
979 2868 1031 2925 epo
1050 2850 1166 2908 loculos
1180 2868 1245 2908 suno
1265 2849 1357 2915 nobis,
1376 2852 1502 2923 spiritus
1515 2852 1543 2904 ει
1560 2850 1624 2904 nito
1638 2845 1783 2902 suntsed

142 2937 274 3006 tollitur,
290 2947 322 2995 ut
335 2942 374 2995 ait
389 2939 531 3014 chrysost.
550 2939 625 2995 hom.
647 2945 691 3009 12,
706 2944 731 2996 in
747 2941 827 3012 epist.
843 2940 876 2998 ad
892 2945 945 3000 Ru·
979 2940 1044 2998 licet
1060 2941 1127 2997 baec
1142 2941 1276 2996 sententia
1291 2941 1330 2996 sie
1344 2938 1481 2996 intellecta
1496 2939 1523 2992 in
1537 2953 1566 2994 εε
1580 2951 1644 2992 vera
1658 2938 1709 3006 sit,
1725 2936 1784 2990 sine

144 3043 217 3084 man.
231 3035 259 3085 ει
272 3030 410 3085 consentit
420 3031 577 3105 Hieronym.
590 3044 618 3102 q.
633 3031 664 3097 3,
677 3029 710 3086 ad
722 3029 813 3101 Algae.
829 3031 944 3087 Aliunde
980 3031 1061 3088 dubio
1077 3047 1128 3086 non
1143 3037 1185 3086 εει
1199 3032 1300 3087 intenta
1315 3045 1330 3084 a
1349 3028 1433 3086 Paulo
1448 3027 1472 3082 in
1495 3026 1538 3087 illo
1554 3027 1631 3098 loco;
1652 3040 1714 3081 narn
1727 3023 1784 3079 evi·

143 3135 210 3173 rero
230 3119 272 3175 lex
292 3119 337 3176 illa
355 3120 426 3175 vires
448 3135 500 3174 non
518 3119 665 3190 praebebat
677 3119 710 3176 ad
726 3127 873 3191 peccatum
889 3123 946 3177 vin·
979 3119 1076 3176 denter
1090 3136 1138 3191 per
1159 3119 1273 3176 litternm
1288 3120 1374 3192 legem
1394 3116 1529 3188 intelligit,
1548 3121 1579 3172 ut
1599 3132 1631 3172 ex
1650 3120 1783 3172 contextu

142 3207 274 3278 cendum,
292 3216 323 3264 ut
337 3209 424 3280 cupite
438 3211 564 3281 sequenti
578 3208 677 3265 dicem.
693 3209 786 3266 Altera
800 3227 866 3268 roro
881 3227 945 3282 pers
980 3215 1100 3265 constat.
1110 3210 1210 3266 Uicunt
1222 3217 1310 3265 temen
1325 3205 1609 3281 chrysostetdraeci
1621 3204 1673 3275 legi
1690 3204 1782 3275 tribui,

143 3298 280 3367 probatur
292 3313 325 3354 ex
340 3297 436 3355 eodem
452 3298 549 3372 Paulo,
564 3301 629 3372 quia
645 3299 686 3356 lex
701 3306 744 3356 εει
756 3301 827 3357 bona
837 3307 945 3371 etopus
979 3298 1054 3370 quod
1066 3299 1207 3355 occideret
1219 3297 1408 3369 corporaliter,
1419 3297 1482 3369 quia
1494 3309 1608 3367 poenam
1626 3296 1719 3349 mortis
1730 3294 1783 3350 ire·

142 3388 206 3458 lici3
229 3403 295 3459 ergo
313 3403 365 3443 non
387 3394 477 3460 potest
496 3403 557 3444 esse
578 3403 662 3444 causa
676 3391 793 3460 peccati.
810 3390 947 3446 Probatur
980 3386 1273 3461 quenterimponebet.
1283 3385 1361 3454 Quod
1376 3402 1425 3458 per
1440 3401 1468 3440 se
1484 3390 1637 3455 specterum
1655 3384 1783 3440 sustineri

143 3479 359 3548 consequentis,
381 3478 445 3550 quie
460 3477 526 3534 alias
540 3480 612 3535 Deus
626 3479 682 3548 ipse
696 3489 770 3536 esset
783 3494 868 3536 causa
882 3495 945 3556 pec7
980 3483 1083 3548 possen
1100 3484 1190 3534 tamen
1207 3492 1260 3532 non
1275 3461 1531 3532 videtur'intentum
1547 3490 1563 3529 a
1579 3473 1676 3541 Paulo,
1694 3480 1726 3530 ut
1740 3489 1782 3530 ra-

144 3565 208 3634 ceti,
227 3572 254 3620 et
267 3567 327 3623 ideo
343 3566 444 3624 Paulus
457 3565 552 3622 eodem
569 3567 630 3623 loco
641 3569 801 3625 cautissime
813 3569 943 3640 loquitur,
981 3567 1016 3622 tin
1030 3567 1101 3623 iacta
1116 3566 1223 3638 probat,
1240 3567 1345 3637 etquis
1360 3565 1427 3620 inira
1444 3569 1524 3620 vocat
1539 3562 1640 3620 Paulus
1656 3564 1781 3620 eamdem

143 3653 253 3710 dicens:
281 3653 370 3730 Quod
387 3671 456 3728 erpo
470 3654 578 3712 bonum
592 3661 648 3717 εει,
666 3657 741 3714 mibi
751 3655 877 3728 suctrrm
890 3662 940 3724 esi,
978 3655 1067 3728 legem
1082 3656 1306 3713 ministrationem
1320 3652 1555 3710 damnationis.Et
1568 3651 1629 3708 ideo
1650 3651 1721 3725 bug.
1735 3667 1782 3708 su·

143 3750 246 3800 mors?
258 3744 337 3800 obsit
346 3742 563 3819 scdpeccotum
574 3751 608 3802 ιιι
617 3754 766 3820 apparent
773 3753 942 3821 peceatum,
978 3759 1028 3815 pra
1041 3747 1162 3816 exponit,
1175 3745 1262 3817 legem
1277 3743 1414 3814 occidere,
1426 3744 1509 3800 etiarn
1526 3739 1713 3812 spiritualiter,
1726 3756 1780 3798 non

138 3835 197 3906 ρετ
218 3833 326 3889 bonnm
346 3839 501 3906 operatum
519 3839 562 3890 εει
578 3836 654 3892 mibi
667 3841 802 3892 moriem.
817 3836 867 3893 Ubi
882 3851 944 3909 pec·
978 3833 1087 3906 quidem
1100 3849 1148 3905 per
1162 3849 1202 3906 sc,
1215 3841 1243 3890 ει
1257 3841 1288 3889 ιιι
1299 3848 1385 3889 causa
1396 3833 1493 3888 mortis
1504 3829 1667 3902 spiritualis,
1679 3829 1727 3886 sed
1738 3845 1781 3886 so-

142 3927 237 3978 natum
257 3927 339 3978 vocat
357 3921 477 3978 inmitem
493 3926 609 3994 pecceti,
623 3931 652 3980 ει
666 3925 704 3980 1111
719 3925 813 3981 tribuit
827 3927 945 3982 causell·
979 3922 1036 3980 lum
1052 3931 1083 3980 ut
1101 3925 1228 3994 occasio,
1245 3925 1318 3979 siout
1332 3923 1357 3978 in
1375 3923 1527 3979 assertione
1546 3919 1712 3991 explicatum
1728 3926 1780 3978 cst.

143 4018 227 4067 tatem
250 4011 367 4068 aliorum
392 4019 589 4084 peccatorum,
612 4014 677 4070 lieet
701 4031 748 4086 per
770 4017 944 4078 occasionem
978 4013 1045 4080 Quia
1056 4028 1121 4069 vero
1136 4013 1181 4069 illa
1192 4019 1299 4069 nonest
1310 4011 1421 4068 ocensis
1432 4009 1506 4080 data,
1520 4009 1569 4066 sed
1581 4015 1707 4081 accepim
1721 4009 1781 4066 ideo

143 4100 222 4172 legis.
979 4102 1138 4175 simpliciter
1148 4103 1193 4158 11111
1208 4102 1310 4159 locutio
1326 4103 1498 4174 proprianou
1513 4107 1566 4169 est,
1580 4098 1627 4156 sed
1642 4100 1782 4172 metapho-

184 4194 231 4248 23.
248 4189 301 4246 Sed
322 4197 418 4248 contro
440 4191 618 4262 posteriorem
639 4198 746 4263 partem
760 4193 840 4250 obiici
854 4199 946 4266 polest
979 4194 1054 4264 rica,
1071 4191 1104 4249 ad
1118 4209 1182 4249 eum
1197 4192 1329 4262 modum,
1345 4207 1401 4265 quo
1416 4191 1517 4248 dicitur
1530 4193 1603 4248 Deus
1617 4191 1643 4245 in
1659 4191 1783 4262 Scriptu-

142 4279 208 4335 illud
224 4279 300 4335 Pauli
316 4285 344 4338 2.
362 4281 394 4336 ad
409 4281 531 4337 Corinth.
549 4286 582 4338 3:
597 4283 714 4338 Littera
726 4281 842 4346 occidit,
857 4286 944 4356 spiri·
956 4307 965 4323 =
978 4299 1020 4352 ra,
1037 4285 1207 4355 praecipere,
1223 4280 1332 4356 quando
1348 4280 1436 4338 solum
1452 4279 1597 4353 permittit,
1611 4279 1646 4335 ad
1662 4279 1781 4336 iudican-

141 4371 190 4424 ius
206 4374 309 4425 nutem
328 4369 475 4441 vivificat.
497 4370 546 4428 Ubi
561 4371 731 4443 Augustinus
746 4373 855 4427 nornine
869 4369 944 4428 litie-
977 4371 1039 4428 dam
1055 4371 1243 4429 certitudinem
1258 4380 1388 4439 eventum
1405 4371 1441 4428 ita
1455 4371 1527 4428 enim
1542 4373 1567 4426 in
1583 4371 1736 4441 praesenti,
1751 4376 1782 4427 ul

141 4471 196 4513 rue
216 4457 303 4531 legem
326 4458 467 4532 intelligit,
490 4475 561 4533 quae
583 4461 624 4516 sic
640 4469 767 4532 vocetur,
784 4461 825 4517 rel
840 4463 903 4534 quia
916 4465 942 4518 in
977 4462 1139 4537 signiticaret
1154 4461 1270 4532 Paulus,
1286 4463 1375 4533 posita
1391 4462 1464 4533 lege,
1478 4461 1535 4516 sine
1550 4460 1648 4531 spiritu
1662 4459 1779 4532 gratiae,

142 4545 276 4618 lapidibus
292 4549 395 4618 scripta
411 4548 473 4620 luit,
489 4548 531 4605 rel
543 4549 606 4621 quie
618 4565 666 4620 per
676 4551 891 4607 antonomasiam
902 4551 943 4608 lex
977 4550 1153 4608 infallibiliter
1165 4551 1243 4624 sequi
1255 4550 1361 4622 lapsum
1374 4549 1503 4621 bominis,
1515 4547 1576 4606 ideo
1586 4548 1656 4605 dixit
1665 4549 1779 4606 litteram

141 4639 246 4708 scripta
265 4636 428 4708 appellatur,
444 4645 483 4706 et,
500 4645 633 4694 consonat
647 4640 719 4711 quod
735 4643 824 4696 stetim
840 4641 943 4698 Paulus
977 4641 1117 4698 occidere.

141 4725 250 4782 subdit:
273 4729 308 4782 St
326 4729 511 4784 nointstrotio
528 4731 632 4785 mortis
651 4727 757 4786 litteris
772 4727 944 4802 deformato
1015 4735 1062 4789 25.
1078 4729 1155 4788 Unde
1173 4730 1251 4786 facile
1267 4737 1344 4802 patet
1363 4730 1505 4801 responsio
1520 4731 1554 4786 ad
1576 4728 1660 4786 aliurn
1674 4729 1778 4796 locum,

140 4819 174 4871 in
192 4813 360 4888 lapidibus,
384 4825 440 4873 etc
457 4815 508 4874 Ubi
527 4818 601 4873 clare
616 4819 701 4890 legem
718 4818 859 4876 describit.
876 4821 943 4876 ller-
976 4823 1004 4877 in
1020 4835 1076 4892 quo
1090 4818 1135 4875 ille
1150 4819 1250 4876 dicitur
1265 4818 1307 4877 1ε1
1322 4821 1428 4891 mortis,
1444 4825 1534 4891 potest
1546 4820 1617 4876 enirn
1637 4819 1689 4876 boc
1704 4819 1780 4876 intel·

141 4905 208 4962 bum
221 4912 313 4962 autem
329 4905 449 4973 occidit,
468 4906 502 4964 de
516 4907 654 4964 occisione
669 4907 804 4979 spirituali
817 4908 943 4981 intelligi·
977 4908 1022 4982 ligi
1037 4909 1071 4966 de
1086 4916 1174 4966 morte
1189 4909 1344 4981 corporali,
1360 4911 1437 4966 iuxta
1450 4909 1648 4981 expositionem
1662 4907 1779 4982 Gbrpsn·

140 5004 203 5064 tur,
224 4995 368 5068 opponitur
388 4997 459 5053 enirn
481 4997 562 5054 verbo
576 4997 762 5070 uirrtficandi,
780 4999 887 5071 spiritui
902 5007 942 5057 at·
977 5001 1072 5071 stomi,
1084 5015 1168 5072 qnam
1182 5001 1264 5056 etiam
1276 4999 1376 5054 indicet
1388 5001 1502 5072 Gregor.
1515 5004 1558 5058 11.
1572 4997 1720 5056 Murato.
1733 5003 1777 5068 111,

139 5085 255 5154 tributo,
267 5085 341 5158 quod
351 5086 430 5158 plane
441 5087 597 5160 intelligitur
607 5089 641 5145 de
652 5089 786 5161 spirituali
798 5089 863 5163 rita3
874 5105 941 5162 ergo
976 5089 1043 5146 nlies
1066 5095 1115 5163 11,
1136 5089 1182 5146 ubi
1204 5105 1252 5161 per
1273 5088 1399 5145 umbram
1420 5089 1516 5146 mortis
1536 5089 1625 5162 legem
1645 5087 1779 5161 intelligit,

138 5179 217 5234 iuxta
236 5176 352 5234 Paulum
373 5177 414 5236 lex
436 5178 614 5250 spiritualiter
627 5177 746 5249 occidit3
762 5195 828 5252 ergo
843 5194 941 5251 pecca·
976 5180 1040 5252 quie
1054 5185 1170 5236 mortem
1185 5179 1343 5254 frequenter
1356 5179 1381 5234 in
1398 5194 1512 5251 poenam
1526 5177 1692 5262 imponebat.
1704 5178 1778 5236 Elin

140 5273 213 5340 turn,
228 5265 302 5340 quod
316 5272 359 5325 est
372 5281 447 5325 mors
461 5267 576 5341 animae,
591 5275 634 5326 eat
647 5269 763 5328 effectus
774 5267 846 5326 illius
858 5268 936 5346 legis.
976 5269 1029 5327 buc
1044 5283 1128 5328 sensu
1141 5285 1194 5326 non
1209 5269 1334 5342 procedit
1348 5268 1482 5338 obiectio,
1501 5267 1549 5324 sed
1565 5268 1644 5328 locus
1660 5269 1702 5325 ille
1716 5283 1779 5342 pro·
