4260 6222
875 403 1107 456 caaurxxrxr.
1689 391 1751 454 tlt

148 541 184 598 de
206 539 371 614 privilegiis,
386 535 502 607 dicitur,
519 533 657 609 privilegia
672 548 733 591 esse
754 531 956 604 restringenda,
992 531 1070 589 liber.
1083 538 1111 588 et
1121 538 1243 604 pastum.
1257 532 1303 591 ubi
1315 532 1411 590 Glossa
1422 533 1502 605 plura
1513 531 1606 591 refert.
1617 534 1687 590 Sunt
1700 541 1792 591 autem

149 633 200 689 ubi
218 631 301 688 etiam
320 627 348 686 id
366 627 550 709 communlper
569 630 692 682 notatur.
706 623 778 680 Tarm
799 624 878 678 etiam
894 623 957 693 quia
992 621 1100 679 favores
1119 624 1235 681 maxime
1255 623 1400 696 ampliandi
1417 630 1545 696 respectu
1560 638 1676 695 eorum,
1692 623 1793 697 quibus

149 721 217 776 laiac
235 719 406 792 privilegium
421 714 548 773 concedit
559 714 677 770 iasonem
688 754 695 785 ,
708 719 736 768 et
746 728 780 768 ex
789 727 821 766 ea
830 716 906 782 parte
919 710 958 766 vi·
994 710 1205 783 conceduntur,
1221 728 1284 769 nam
1298 728 1393 770 eorum
1409 719 1474 768 sunt
1487 710 1610 785 laxares,
1622 729 1688 785 ergo
1707 729 1794 786 quaa·
1861 738 1864 744 ·

148 810 235 866 detur
258 805 476 872 extendendum,
492 811 520 860 et
535 805 694 875 praesertim
709 803 774 874 quia
788 799 957 871 frequentius
995 799 1030 856 do
1046 817 1079 858 ex
1093 801 1145 857 illis
1165 818 1219 857 non
1241 802 1357 859 resultat
1372 801 1573 873 praeiudicium
1588 801 1719 874 alterius,
1736 809 1794 860 tota

147 907 195 956 est
211 897 373 956 beneficium
382 895 524 968 principis,
534 891 608 965 qaod
618 890 782 964 amplissime
794 889 956 960 accipimus,
995 891 1066 947 ratio
1085 890 1314 963 interpretationis
1334 891 1488 949 favorabilis
1507 899 1567 960 ast,
1583 898 1611 948 et
1629 891 1688 948 ideo
1704 893 1795 965 ampla

151 997 188 1047 ut
203 988 307 1045 dicitur
322 988 350 1042 ia
363 987 437 1044 dicto
452 999 513 1055 cap.
533 981 627 1049 Olim,
645 997 710 1038 cum
725 979 869 1050 similibus,
886 992 956 1050 quae
994 995 1054 1036 esse
1072 978 1166 1038 debet.
1190 983 1245 1039 Nec
1265 988 1361 1038 eontra
1383 981 1435 1038 boc
1454 981 1644 1038 consideratur
1658 981 1795 1053 praeiudi·

153 1079 190 1135 ibi
213 1076 308 1135 Glossa
326 1075 418 1133 refert.
435 1073 511 1132 llliae
525 1087 590 1128 vero
604 1071 774 1145 privilegium
789 1075 831 1126 est
845 1070 888 1125 ius
904 1069 957 1124 sia·
995 1071 1071 1127 cium
1092 1071 1179 1142 ipsius
1197 1071 1398 1140 concedentis,
1421 1078 1478 1128 tum
1500 1071 1565 1144 quia
1585 1071 1639 1128 tale
1658 1059 1796 1143 praeiudi-

151 1167 264 1242 gulare,
280 1166 492 1241 quod-propter
506 1176 653 1220 commune
669 1158 887 1242 restringendum
903 1162 957 1229 εει,
995 1163 1070 1218 cium
1097 1161 1154 1217 iere
1176 1167 1221 1217 est
1243 1161 1421 1218 intrinsecum
1443 1160 1579 1218 humanae
1598 1160 1748 1233 largitioni,
1768 1167 1796 1217 ει

149 1259 229 1316 iuxta
243 1257 260 1314 l.
276 1253 355 1331 qood
377 1270 456 1320 vero,
474 1253 502 1310 ιι.
518 1251 552 1308 de
567 1251 682 1326 legibus.
997 1250 1057 1308 ideo
1069 1251 1256 1312 voluntarium
1268 1266 1329 1307 esse
1340 1255 1469 1307 censetur
1479 1250 1528 1322 ipsi
1541 1249 1713 1307 concedenti.
1727 1249 1795 1305 Tum

198 1351 227 1406 2.
237 1349 266 1403 ιε
278 1347 329 1402 bac
340 1336 956 1418 igiturdubitationecommunisdoctriaasst,
998 1343 1078 1398 etiam
1094 1343 1176 1413 quia,
1193 1346 1224 1397 at
1236 1340 1306 1411 dixi,
1323 1344 1420 1396 contra
1434 1339 1629 1396 concedentem
1642 1339 1723 1396 etiam
1735 1353 1796 1395 csse

153 1433 382 1509 dissuadendam
404 1447 465 1490 esse
479 1432 549 1488 inter
564 1429 751 1503 privilegium,
767 1426 843 1500 quod
855 1432 897 1482 esi
910 1441 961 1496 pu·
999 1430 1081 1488 debet
1095 1431 1185 1501 ampla
1200 1428 1396 1500 interpretatio.
1413 1431 1507 1486 Dices:
1525 1428 1611 1485 Omne
1626 1428 1795 1501 privilegium

153 1541 220 1583 rum
238 1522 417 1593 beneficium,
432 1535 482 1577 ssu
496 1519 587 1589 lavor,
603 1517 670 1575 nulli
685 1515 881 1590 praeiudicium
897 1515 961 1571 ειιε-
998 1535 1030 1575 eo
1046 1521 1122 1591 ipso,
1137 1519 1211 1591 quod
1226 1517 1333 1575 inducit
1354 1517 1588 1591 singularitatem,
1615 1517 1740 1574 odiosum
1756 1533 1798 1574 re·
1876 1585 1885 1596 .

153 1629 239 1683 reas,
252 1627 302 1668 nac
321 1612 373 1669 iuri
389 1609 529 1668 communi
539 1606 691 1680 derogans,
704 1613 733 1664 et
743 1604 893 1678 rigorosius
905 1605 960 1676 pri·
997 1609 1088 1679 putari
1105 1613 1211 1678 potcs13
1227 1623 1289 1663 nam
1306 1607 1455 1678 praesciant
1468 1605 1615 1680 quamdam
1631 1609 1796 1681 acceptatio·

151 1701 301 1775 vilegium,
319 1698 395 1774 quod
420 1699 535 1771 derogat
553 1697 595 1754 vet
616 1697 668 1752 iuri
683 1695 842 1763 communi,
858 1693 899 1749 acl
914 1691 961 1748 ali·
998 1713 1058 1754 asar
1075 1711 1266 1769 personarum
1280 1711 1346 1768 ergo
1359 1695 1410 1752 sub
1423 1694 1475 1752 boc
1489 1703 1616 1768 respectu
1628 1700 1797 1772 restringen-

151 1794 238 1848 cuius
262 1790 345 1848 tertii.
367 1789 440 1845 later
458 1803 545 1862 quae,
561 1793 594 1844 ut
607 1801 691 1858 supra
704 1784 837 1855 diximus,
853 1789 896 1839 cst
910 1781 962 1838 dii·
998 1784 1063 1842 dum
1079 1791 1139 1858 est,
1155 1785 1260 1842 etiamsi
1280 1801 1336 1841 noa
1355 1785 1390 1842 sit
1409 1784 1486 1842 aliter
1504 1791 1600 1842 contra
1615 1787 1656 1843 ius
1673 1803 1798 1846 commu·

154 1881 287 1952 ierentla3
303 1891 367 1936 uem
385 1879 462 1950 prius
475 1883 520 1934 est
532 1875 701 1950 privilegium
714 1873 872 1945 simpliciter
887 1872 963 1930 iaro-
999 1889 1049 1944 ne,
1073 1874 1114 1930 rel
1139 1874 1219 1931 tertii.
1237 1872 1417 1944 Respondeo,
1434 1872 1497 1930 laiac
1518 1862 1550 1931 ad
1572 1891 1710 1933 summum
1730 1893 1796 1935 coa·

153 1970 258 2042 rabile,
281 1971 421 2042 posterius
440 1983 506 2024 vero
530 1966 595 2023 lieet
616 1967 651 2022 sit
668 1962 815 2022 favorabile
834 1968 961 2035 respectu
999 1959 1092 2034 cludi,
1106 1964 1359 2034 interpretationem
1369 1977 1430 2019 csse
1444 1978 1509 2020 cnm
1522 1965 1628 2021 ratione
1638 1973 1666 2022 et
1680 1966 1799 2038 prudeu-

152 2058 346 2138 privilegiari,
367 2063 494 2128 respectu
505 2055 710 2113 communitatis
725 2053 767 2110 rel
782 2052 898 2108 alicuius
910 2057 963 2107 ter·
999 2054 1037 2109 tia
1051 2051 1222 2125 taciendam,
1236 2051 1273 2108 ita
1288 2058 1318 2109 ut
1331 2053 1356 2108 ia
1368 2059 1427 2110 tota
1437 2051 1482 2108 illa
1492 2052 1670 2125 amplitudine
1687 2058 1723 2112 sit
1734 2071 1801 2112 con·

155 2151 192 2206 tii
210 2146 337 2205 odiosum
356 2153 413 2218 est,
429 2151 458 2204 et
477 2152 561 2218 prout
580 2145 667 2218 magis
688 2142 729 2199 rel
745 2142 834 2198 minus
850 2138 883 2197 ad
898 2137 964 2196 alts-
999 2142 1089 2197 cessio
1103 2140 1175 2197 iacta
1186 2140 1352 2213 prudenter,
1365 2148 1435 2198 etex
1446 2156 1532 2199 causa
1544 2142 1676 2215 legitima,
1688 2160 1721 2202 ae
1733 2144 1799 2202 sub·
1900 2191 1903 2201 .

156 2254 219 2296 ram
234 2245 340 2310 partem
359 2235 489 2306 declinat,
506 2233 664 2306 simpliciter
678 2230 820 2302 odiosum,
834 2228 878 2306 rel,
889 2228 964 2285 iaro·
1000 2230 1062 2287 inde
1077 2230 1135 2288 sine
1151 2246 1214 2288 vera
1229 2232 1416 2303 acceptatione
1436 2246 1624 2303 personarum.
1640 2234 1799 2308 'Numquam

157 2326 244 2384 rabile
262 2325 464 2383 denominatur.
1001 2321 1072 2377 enim
1088 2327 1129 2377 est
1145 2320 1375 2392 praesumendum
1388 2363 1394 2391 ,
1407 2319 1527 2377 voluisse
1539 2321 1736 2379 concedentem
1748 2323 1798 2379 ali·

202 2421 229 2474 3.
245 2417 335 2474 Primo
354 2429 421 2488 ergo
441 2411 587 2471 dicendum
605 2419 663 2484 est,
683 2409 873 2483 privilegium,
890 2405 964 2480 quod
1000 2411 1064 2483 qnid
1081 2417 1292 2467 coatrarectam
1304 2411 1436 2466 rationem
1449 2411 1611 2468 concedere:
1622 2419 1696 2470 esset
1707 2422 1799 2471 autem

158 2515 205 2564 est
219 2521 319 2579 purum
333 2503 511 2572 beneficium,
527 2516 587 2558 esse
608 2499 757 2558 lavorabile
778 2501 804 2555 in
819 2498 915 2555 ordine
929 2495 963 2553 ad
1000 2504 1097 2556 contra
1108 2499 1238 2556 rationem
1249 2498 1404 2556 favorabilis
1414 2501 1557 2558 concessio
1568 2503 1625 2557 siae
1635 2505 1801 2576 competenti

160 2595 428 2669 interpretationem,
441 2593 467 2650 id
481 2600 534 2664 εει,
546 2591 706 2663 ampleesse
717 2587 963 2661 interpretandum,
1001 2605 1086 2647 causa
1103 2588 1189 2654 iacta,
1205 2594 1335 2660 utsupra
1354 2588 1469 2647 ostendi.
1486 2590 1541 2646 llac
1560 2598 1653 2648 autem
1674 2593 1800 2650 modera-

151 2690 298 2759 Ι(ιεεειεεε
317 2690 392 2740 recta
407 2682 473 2738 ratio
487 2687 515 2738 ει
527 2679 669 2754 prudentis
684 2679 845 2750 permiserit.
862 2680 902 2734 lta
916 2676 964 2733 do·
1003 2682 1078 2738 tione
1092 2687 1214 2752 serrata,
1227 2679 1358 2736 neminem
1371 2686 1460 2751 potest
1474 2680 1649 2752 singularitas
1667 2682 1800 2756 privilegii

159 2781 230 2832 cent
246 2789 341 2830 ornnes
356 2778 486 2830 auctores
497 2773 586 2827 statim
598 2769 712 2825 citandi.
725 2768 861 2825 Probatur
873 2773 964 2824 aumas
1003 2769 1197 2827 rationabiliter
1216 2768 1367 2840 otiendere3
1383 2775 1497 2842 propter
1516 2769 1689 2828 olieasionem
1706 2779 1799 2830 autem

160 2863 252 2936 primo
273 2877 307 2920 ex
325 2861 403 2918 dicto
418 2877 481 2931 cap.
499 2857 594 2926 Olina,
611 2858 645 2915 de
664 2859 771 2915 verbor.
792 2856 965 2930 significatio·
1005 2858 1215 2918 irrationabilem
1231 2864 1341 2916 nonest
1355 2857 1592 2917 omittendaiusta
1608 2859 1741 2936 privilegii
1754 2877 1801 2920 ex-

160 2968 209 3026 ne,
225 2951 298 3026 quod
316 2949 416 3008 dehoc
430 2949 569 3023 privilegio
583 2947 716 3021 loquitur,
729 2947 782 3004 imo
793 2947 826 3004 de
838 2945 966 3004 beneficio
1001 2951 1105 3020 tensio,
1121 2954 1149 3004 ει
1161 2949 1309 3019 ampliatio.
1782 2943 1784 2946 ’

162 3041 308 3113 principis,
333 3047 362 3096 ει
383 3041 528 3096 constitnit
551 3038 675 3112 regulam
700 3039 782 3108 iuris,
803 3037 966 3094 beneficium
1041 3043 1068 3098 5.
1084 3039 1148 3096 bico
1163 3037 1488 3112 secundozpririlegium
1503 3038 1638 3113 derogans
1652 3041 1704 3099 iuri
1725 3059 1801 3101 com-

164 3129 296 3202 principia
313 3129 473 3201 ampleesse
484 3128 734 3200 interpretandum,
749 3127 766 3183 Ι.
781 3127 963 3200 beneficium,
1005 3130 1080 3188 muni
1094 3129 1258 3202 regulariter
1271 3132 1313 3184 εει
1328 3128 1511 3199 reputandum
1526 3129 1652 3188 odiosum
1664 3131 1690 3187 ia
1707 3133 1801 3190 ordine

165 3220 194 3277 ιι.
214 3219 249 3277 de
270 3219 414 3276 constitut.
431 3219 550 3290 princip.
566 3219 623 3274 lloe
645 3224 738 3275 autem
760 3216 931 3289 privilegium
952 3231 967 3272 a
1002 3219 1036 3276 ad
1048 3219 1351 3289 interpretationem,et
1361 3218 1397 3274 ita
1408 3217 1630 3291 restringendum
1642 3227 1685 3276 est
1699 3223 1801 3294 potius,

165 3308 289 3381 principe
312 3323 476 3364 concessum
496 3306 712 3379 propriissimum
732 3305 894 3363 beneficium
908 3305 967 3362 eius
1004 3323 1087 3381 quam
1101 3306 1313 3364 extendendum.
1330 3307 1369 3363 lta
1383 3305 1466 3364 docet
1480 3308 1575 3364 lanoc.
1589 3311 1615 3364 ia
1631 3324 1692 3380 cap.
1716 3309 1803 3386 orsos

164 3407 226 3470 est,
248 3405 279 3454 ut
297 3412 346 3470 per
364 3411 394 3454 sc
407 3402 530 3454 coastat.
546 3396 665 3453 Tandem
679 3394 836 3452 declaratur
851 3395 965 3452 ratione:
1002 3396 1123 3462 dilecto,
1137 3395 1171 3452 de
1182 3395 1361 3468 consanguia.
1374 3395 1506 3452 etaiiiail.
1520 3397 1565 3454 ubi
1575 3399 1657 3454 etiarn
1671 3400 1797 3457 Paaorm.

166 3489 233 3562 quia
256 3488 282 3544 ia
300 3486 346 3543 tali
365 3485 503 3560 privilegio
522 3483 623 3556 duplex
638 3484 804 3542 considerari
819 3489 911 3556 potest
923 3498 967 3540 re·
1003 3485 1084 3555 dicit,
1099 3499 1161 3541 esse
1180 3490 1284 3540 certam
1302 3491 1331 3540 ει
1349 3499 1523 3543 communem
1537 3484 1711 3558 doctrinam3
1729 3488 1801 3546 idem

166 3582 298 3650 spectus,
313 3591 385 3633 uuas
403 3574 440 3632 ad
460 3573 676 3656 concedentem,
692 3573 763 3631 alius
777 3572 811 3630 ad
825 3589 905 3644 eum,
922 3571 969 3628 cui
1003 3576 1029 3631 in
1044 3590 1105 3646 cap.
1125 3571 1215 3635 Olim,
1231 3578 1260 3629 ει
1274 3573 1299 3628 ιε
1314 3587 1376 3644 cap.
1393 3572 1521 3641 Adeste,
1538 3574 1573 3632 de
1587 3576 1698 3634 verbor.
1716 3579 1801 3654 signi-

167 3666 346 3738 conceditur,
363 3679 449 3738 acque
460 3664 486 3720 in
501 3663 548 3722 illo
563 3671 653 3735 potest
663 3662 733 3720 alius
747 3669 891 3735 respectus
901 3663 968 3718 coia·
1004 3665 1048 3720 iic.
1065 3669 1092 3720 ει
1105 3665 1132 3719 ιε
1146 3679 1208 3735 cap.
1228 3665 1308 3738 Quia
1321 3665 1413 3728 circo,
1428 3661 1463 3720 de
1477 3663 1565 3736 privil.
1581 3666 1703 3739 Glossae,
1715 3675 1742 3725 ει
1758 3669 1802 3726 alii

167 3755 300 3829 siderari,
318 3752 428 3812 eumad
444 3753 511 3812 alios
525 3753 732 3824 impertinentes
743 3768 772 3808 se
783 3750 890 3824 babeat,
904 3767 968 3808 cum
1004 3753 1156 3812 scribentes
1170 3767 1253 3824 super
1272 3750 1338 3809 laaec
1357 3753 1434 3822 iura,
1449 3757 1477 3809 et
1490 3754 1564 3813 Bart.
1581 3756 1606 3812 ia
1621 3756 1639 3812 l.
1656 3759 1682 3814 εἰ
1690 3755 1797 3830 findo,

166 3847 304 3904 neminem
325 3842 432 3901 laedere
451 3849 640 3915 supponatur,
660 3840 709 3899 sed
723 3841 774 3898 sub
790 3847 908 3914 utroque
923 3839 980 3897 illo‘
1004 3849 1021 3909 s
1036 3859 1073 3900 aar
1086 3843 1142 3900 boe
1155 3839 1260 3907 edicto,
1272 3841 1300 3898 ιι.
1315 3840 1349 3898 dc
1363 3840 1454 3910 damu.
1471 3841 1563 3900 iniect.
1579 3860 1606 3901 n.
1622 3849 1649 3916 5,
1664 3846 1802 3922 Spirester

169 3941 301 4006 respecta
314 3932 404 4005 amplo
418 3931 652 4003 interpretandum
665 3935 724 4000 εει,
739 3945 816 4003 ergo.
832 3929 970 3987 Probatur
1003 3934 1088 3992 verbo
1099 3930 1304 4009 priuilegium,
1322 3946 1350 4004 q.
1369 3935 1404 4005 3,
1418 3932 1518 3990 Narax.
1538 3933 1564 3990 ia
1578 3935 1691 3995 Summa
1705 3953 1733 3996 c.
1755 3942 1801 4014 ta,

168 4024 258 4081 minor
272 4021 363 4095 qrroad
375 4021 492 4093 priorem
504 4026 625 4091 partem,
637 4021 701 4091 quia
714 4019 748 4075 ad
760 4025 902 4077 statumet
913 4033 970 4076 am·
1005 4039 1032 4080 n.
1052 4026 1102 4093 te,
1118 4029 1147 4080 ει
1165 4023 1247 4080 Sanc.
1269 4019 1390 4077 reterens
1409 4021 1503 4093 plures
1517 4022 1564 4079 lib.
1583 4029 1609 4082 a.
1625 4023 1659 4082 de
1679 4030 1800 4084 matrim.

167 4111 330 4186 plitudiaem
351 4109 480 4182 principis
500 4116 624 4180 spectat,
640 4105 786 4165 liberaliter
800 4124 895 4181 agere,
912 4123 969 4166 ser·
1004 4112 1076 4185 disp.
1096 4115 1121 4182 l,
1138 4128 1164 4167 a.
1183 4117 1207 4180 t,
1221 4118 1250 4168 et
1264 4115 1291 4169 l.
1304 4109 1485 4184 Etprobatar
1496 4114 1583 4184 primo
1595 4128 1628 4171 ex
1640 4114 1721 4173 dictis
1737 4134 1800 4190 cap.

170 4210 235 4261 rata
252 4200 392 4274 prudentia
406 4207 434 4257 ει
448 4205 523 4257 recta
536 4199 656 4268 ratioas3
672 4214 739 4271 ergo
750 4201 821 4255 intra
833 4198 892 4255 illos
903 4197 972 4254 limi·
1006 4206 1101 4267 Sorae,
1118 4208 1146 4258 ει
1161 4203 1270 4267 Porro,
1288 4205 1361 4256 etex
1375 4201 1471 4274 regula
1485 4203 1567 4275 iuris,
1588 4201 1661 4262 odic
1682 4223 1744 4264 esse
1758 4223 1802 4264 rc·

170 4299 213 4349 tes
232 4293 285 4362 isis
296 4293 367 4347 eaim
378 4289 585 4346 conclusionem
596 4285 805 4360 proposuimus)
818 4286 971 4358 amplianda
1005 4288 1195 4363 stringenda:
1214 4304 1275 4344 nam
1295 4288 1434 4363 derogatio
1453 4293 1522 4347 iuris
1542 4298 1699 4352 communis
1717 4313 1750 4353 ex
1769 4314 1802 4356 eo

168 4387 214 4438 est
236 4383 297 4438 eius
318 4379 460 4436 concessio
481 4383 610 4448 respectu
625 4376 706 4433 illias.
724 4378 763 4433 Ne
777 4382 867 4434 autem
882 4376 970 4433 videa·
1006 4380 1095 4452 capite
1109 4377 1202 4435 odiosa
1224 4385 1283 4450 εει,
1299 4393 1346 4450 per
1365 4395 1393 4435 se
1408 4379 1561 4453 loquendo,
1577 4390 1605 4440 ει
1618 4383 1679 4441 ideo
1694 4387 1803 4444 vitanda

168 4486 235 4527 mur
258 4469 310 4526 boc
331 4467 444 4525 limitare
459 4466 493 4523 ad
508 4483 668 4538 supremos,
685 4465 727 4523 vel
742 4481 855 4538 magnos
870 4467 970 4540 princi·
1006 4468 1098 4543 quoad
1113 4469 1170 4524 lieri
1195 4468 1296 4540 possit,
1319 4467 1361 4525 rel
1387 4469 1408 4524 si
1422 4473 1531 4527 omuino
1546 4473 1624 4529 vitari
1639 4491 1692 4531 aon
1709 4484 1804 4547 potue·

168 4573 239 4632 pes,
254 4558 279 4614 iu
298 4557 399 4630 quibus
418 4556 581 4628 principium
600 4553 666 4612 illud
685 4556 801 4612 maxime
817 4554 908 4613 locum
924 4555 970 4612 ha·
1006 4561 1052 4634 rit,
1069 4574 1101 4616 ac
1118 4558 1289 4632 privilegium
1304 4557 1399 4616 inutile
1414 4560 1474 4632 liat,
1487 4560 1539 4618 erit
1553 4563 1757 4640 restringenda,
1773 4572 1805 4624 ut

169 4650 233 4720 bet,
252 4646 313 4704 addi
329 4653 419 4719 potest
433 4647 480 4703 alin
492 4641 681 4720 congruentia.
694 4647 761 4715 Quia
773 4647 806 4704 ad
819 4644 973 4703 conceden-
1007 4650 1098 4706 onmia
1111 4651 1173 4705 iura
1186 4647 1305 4718 docent,
1318 4663 1381 4719 cap.
1401 4651 1477 4706 Cam
1488 4647 1627 4719 dilectas,
1642 4654 1675 4711 dc
1687 4671 1804 4712 consue-

169 4745 227 4796 tem
252 4744 374 4810 spectat,
396 4736 564 4793 sufficienter
582 4737 719 4808 explicare
740 4743 859 4794 meatem
880 4749 969 4806 suam,
1006 4737 1066 4795 tud.
1086 4737 1130 4794 ubi
1144 4737 1169 4794 id
1184 4735 1379 4794 aotatlllossa.
1396 4738 1488 4795 Tradit
1504 4741 1528 4795 in
1549 4741 1629 4798 simili
1649 4743 1725 4801 Baxt.
1743 4746 1768 4801 ia
1783 4745 1803 4802 l.

170 4845 241 4902 ergo
255 4828 279 4908 in
294 4825 378 4884 dubio
393 4832 487 4882 contra
503 4826 592 4898 ipsum
608 4824 806 4883 concedentem
822 4825 904 4882 rerba
917 4839 972 4880 me·
1011 4829 1138 4894 Caesar,
1158 4826 1186 4883 il.
1203 4826 1236 4884 dc
1251 4825 1329 4898 publ.
1345 4833 1373 4883 et
1388 4833 1460 4884 vect.
1477 4845 1505 4884 a.
1520 4836 1553 4888 ’.ἰ
1568 4871 1575 4902 ,
1591 4833 1617 4888 in
1631 4839 1718 4905 repet.
1738 4842 1766 4892 et
1779 4838 1805 4894 ia

170 4921 226 4976 rito
241 4919 471 4990 interpretamurs
484 4931 550 4990 ergo
561 4903 690 4988 respect'u
703 4915 775 4973 illius
787 4915 838 4973 late
850 4921 916 4974 sunt
926 4930 973 4972 ac·
1008 4915 1027 4973 l.
1044 4916 1094 4973 ult.
1111 4916 1139 4974 ll.
1152 4913 1186 4972 de
1199 4915 1314 4973 constit.
1323 4917 1412 4987 princ.
1424 4933 1473 4989 per
1487 4925 1588 4994 totum,
1601 4927 1627 4977 ct
1639 4921 1705 4980 alios
1722 4926 1807 4985 reiert

170 5007 305 5083 ciptcnda.
1007 5007 1099 5079 Tiraq.
1113 5006 1139 5062 ia
1155 5006 1266 5078 praelat.
1281 5003 1313 5061 ad
1327 5011 1438 5063 retract.
1452 5023 1479 5062 n.
1494 5012 1541 5066 ιιι.
1552 5010 1671 5069 Tandem
1684 5012 1736 5072 boc
1753 5019 1807 5089 pri·

211 5102 239 5156 4.
255 5097 348 5154 Altera
357 5098 422 5153 item
437 5111 501 5168 pars
512 5095 625 5152 minoris
636 5093 769 5168 proltatur
779 5111 812 5152 ex
826 5094 921 5168 regula
932 5095 974 5153 iu·
1009 5096 1137 5170 vilegium
1151 5095 1266 5154 includit
1279 5095 1508 5168 dispensationem
1520 5099 1585 5156 iaris
1597 5106 1762 5180 communis,
1776 5116 1809 5165 ut

171 5189 229 5258 ris,
247 5184 322 5259 quod
337 5187 444 5243 lavares
459 5193 526 5243 sunt
539 5184 701 5258 ampliandi,
717 5184 736 5241 l.
755 5185 810 5242 boc
824 5183 925 5252 modo,
944 5186 971 5242 ll.
1009 5201 1041 5244 aa
1057 5201 1139 5258 supra
1153 5184 1233 5242 dictis
1243 5191 1369 5256 coastat,
1381 5186 1545 5258 dispensatio
1556 5195 1649 5249 autem
1661 5201 1703 5251 est
1715 5198 1806 5256 stricti

173 5279 208 5336 de
225 5276 379 5334 condition.
393 5284 422 5335 et
433 5276 571 5334 demonst.
583 5283 612 5334 et
627 5276 646 5333 l.
659 5291 727 5332 mam
741 5275 877 5349 quidum,
896 5275 923 5332 tl.
939 5275 973 5333 de
1011 5276 1093 5350 iaris,
1114 5283 1141 5334 et
1161 5274 1366 5351 restringenda;
1387 5291 1464 5350 ergo.
1480 5279 1515 5338 Et
1530 5281 1725 5361 confirmatur,
1741 5290 1808 5364 quia
