4260 6222
400 344 463 410 462
1096 363 1196 415 amau
1210 366 1284 415 vua.

360 487 435 544 vatio
448 488 505 544 lieri
519 488 611 545 illicita
625 505 657 545 ex
672 489 718 545 illa
729 487 883 566 hypothesi,
896 503 948 546 noa
959 489 1024 564 quia
1034 487 1162 547 malitiam
1197 490 1329 561 prodesse
1341 490 1484 564 accipienti
1496 493 1553 549 sine
1565 492 1706 564 iniustitia,
1716 493 1756 550 vel
1767 491 1924 567 iniquitate3
1937 495 2008 564 quia

361 577 434 633 illam
456 575 489 632 de
510 592 582 634 noro
597 580 739 650 acquirat,
755 577 866 653 quando
880 578 978 636 desiuit
989 596 1051 638 esse
1066 595 1163 651 causa,
1197 580 1299 653 alioqui
1315 598 1368 639 non
1383 589 1457 640 esset
1472 583 1592 655 largitio,
1606 583 1653 640 sed
1667 585 1746 656 quasi
1759 584 1891 653 mutatio,
1902 589 1930 640 et
1942 581 2008 638 inde

361 673 389 723 et
404 665 572 739 privilegium
587 674 780 738 conservatur,
796 668 843 724 sed
858 669 922 742 quia
937 685 952 725 a
967 669 1099 741 principio
1117 668 1164 724 ha·
1198 669 1295 742 dubia,
1312 677 1340 728 et
1353 672 1478 744 scrupuli
1496 672 1522 728 iu
1537 671 1650 729 subditis
1666 675 1805 729 orirentur
1819 674 1898 729 circa
1917 672 2009 727 inten-

361 754 466 812 huisset
486 755 555 813 hanc
577 757 721 828 malitiam,
739 757 761 812 si
775 758 919 842 concessio
934 773 999 815 cum
1016 757 1061 817 tali
1075 757 1164 814 inten-
1198 760 1300 816 tionem
1315 761 1461 832 principis,
1476 767 1504 817 et
1518 761 1594 817 circa
1608 777 1739 832 causam,
1756 776 1827 833 quae
1841 760 1921 817 illurn
1938 760 2009 816 sub-

361 843 434 900 lione
454 845 539 902 lieret.
555 847 591 903 Et
614 847 679 920 quia
703 846 755 904 hoc
779 847 1012 919 praesumendum
1032 862 1087 904 non
1109 855 1163 918 est,
1198 850 1360 906 stantialiter
1375 850 1473 920 movit,
1490 851 1555 923 quia
1568 865 1649 923 saepe
1664 851 1741 922 latet,
1756 857 1784 907 et
1797 867 1853 908 non
1876 849 1952 906 lacile
1968 849 2010 904 in-

360 934 421 991 iuda
441 936 596 993 necessario
617 938 668 1010 iit,
691 943 722 994 ul
741 937 887 994 concessio
909 937 969 994 talis
991 954 1006 993 a
1028 937 1162 1010 principio
1196 937 1337 1011 telligitur.
1353 941 1422 996 Tum
1448 940 1585 1012 danique,
1610 941 1676 1013 quia
1699 940 1765 996 licet
1786 955 1873 996 causa
1892 953 2009 995 movens

360 1023 452 1094 luerit,
460 1033 490 1082 ut
501 1027 533 1082 ad
549 1029 784 1085 conservationem
796 1027 926 1100 privilegii
937 1035 1064 1085 cessante
1078 1043 1164 1086 causa
1199 1030 1349 1102 principem
1377 1031 1413 1085 sit
1435 1029 1607 1101 temporalis,
1627 1037 1656 1086 et
1671 1031 1816 1100 transiens,
1840 1034 2011 1101 potestesse

360 1129 414 1168 noo
429 1115 561 1172 sufficiat.
1199 1117 1341 1174 sufficiens
1354 1117 1388 1174 ad
1401 1123 1558 1189 perpetuam
1571 1119 1753 1192 largitionem,
1765 1125 1795 1175 ut
1811 1117 2010 1190 ¹constat3quia

403 1208 447 1261 15.
463 1205 512 1261 llic
531 1212 624 1263 aulem
642 1205 788 1278 discursus¹
801 1213 874 1264 asset
888 1206 1003 1278 efficax,
1026 1207 1047 1262 si
1063 1207 1163 1279 proba·
1198 1208 1273 1263 sicut
1297 1207 1369 1279 apud
1388 1209 1474 1264 Deum
1490 1212 1680 1264 momentanea
1697 1207 1839 1264 tribulatio
1863 1193 2011 1263 aele'roum

361 1301 454 1364 retur,
474 1297 682 1353 concessionem
698 1296 827 1370 privilegii
846 1297 968 1354 laturam
984 1296 1069 1352 luisse
1085 1296 1163 1352 illici·
1197 1297 1298 1368 gloriae
1313 1295 1419 1366 pondus
1434 1303 1576 1368 operatur,
1587 1299 1626 1354 ita
1640 1296 1862 1369 apudprincipes
1882 1310 2009 1352 momen·

363 1392 435 1456 tarn,
461 1386 512 1440 nisi
536 1383 651 1442 daretur
670 1402 735 1442 cum
758 1387 801 1443 illa
819 1386 967 1443 intentione
983 1385 1106 1455 lormali,
1121 1385 1163 1443 vel
1201 1393 1278 1444 turrea
1296 1387 1409 1443 victoria
1423 1387 1542 1458 parentis
1557 1385 1769 1458 comparatliliis
1787 1390 1947 1458 perpetuam
1961 1401 2012 1438 no·

362 1475 489 1545 virtuali,
505 1479 537 1532 ul
557 1491 609 1531 non
624 1473 716 1547 duret,
732 1475 780 1532 nisi
796 1475 927 1549 quamdiu
943 1490 1028 1533 causa
1043 1475 1165 1532 durare·
1201 1476 1345 1533 bilitatem.
1362 1477 1397 1532 Et
1419 1476 1499 1533 simili
1521 1475 1602 1532 ruodo
1616 1475 1690 1548 apud
1703 1476 1862 1533 Pontificem
1876 1489 2011 1545 praesens

363 1563 412 1619 rit:
437 1579 499 1620 nam
521 1563 581 1620 inde
603 1571 678 1622 recte
700 1566 841 1638 sequitur,
864 1565 987 1622 desinere
1008 1581 1085 1636 esse,
1101 1557 1164 1622 deti·
1201 1564 1322 1636 utilitas,
1353 1566 1395 1623 vel
1420 1567 1570 1624 austeritas
1590 1565 1728 1639 religionis
1748 1568 1914 1638 potestesse
1931 1563 2013 1620 suffi-

363 1653 452 1708 ciente
474 1667 575 1725 causa,
597 1660 625 1711 et
646 1655 715 1711 hanc
736 1654 883 1712 illationem
903 1660 981 1712 recte
1001 1656 1083 1713 etiam
1102 1671 1165 1727 pro·
1200 1656 1275 1712 ciens
1293 1671 1396 1727 causa,
1412 1662 1443 1712 ut
1456 1657 1481 1712 ei
1496 1655 1638 1730 privilegia
1653 1662 1786 1728 perpetua
1804 1653 2012 1724 concedantur,

362 1743 428 1798 bant
450 1743 584 1814 principia
605 1745 672 1801 iuris
688 1743 817 1813 adducta,
833 1759 905 1818 quae
920 1744 993 1801 hunc
1008 1747 1090 1803 etiam
1105 1759 1165 1801 sen·
1200 1761 1272 1820 quse
1290 1747 1402 1818 durent,
1417 1745 1521 1802 etiarnsi
1536 1753 1628 1804 cesset
1642 1745 1686 1802 illa
1701 1745 1816 1816 utilitas,
1832 1744 1874 1800 vel
1891 1743 2013 1800 austeri·

363 1847 424 1888 sum
446 1833 548 1904 optime
570 1833 668 1890 hahere
686 1841 813 1906 possunt,
829 1840 913 1891 etesi
926 1835 1060 1906 optimum
1074 1849 1165 1890 esem·
1201 1843 1254 1910 tas,
1276 1843 1304 1894 et
1320 1836 1412 1909 religio
1426 1837 1568 1908 perveniat
1580 1836 1615 1892 ad
1628 1835 1705 1892 illum
1720 1841 1835 1910 statum,
1846 1835 1873 1889 in
1885 1849 1942 1906 quo
1958 1833 2013 1887 im·

363 1921 439 1994 pium
455 1922 479 1979 in
494 1939 521 1980 c.
538 1923 666 1990 Abbute,
685 1923 718 1979 de
735 1923 841 1980 verbor.
859 1925 975 1996 siguihc.
992 1925 1019 1979 in
1035 1922 1162 1995 line,·ibi:
1202 1925 1352 1998 prudenter
1373 1924 1438 1982 talia
1456 1925 1594 1998 privilegia
1614 1925 1650 1981 illi
1676 1924 1907 1980 concederentur.
1934 1922 2013 1993 Ergo

368 2009 497 2069 Tamdiu
514 2016 730 2070 ntonasterium
744 2013 914 2088 ipsumhoc
928 2011 1166 2070 honcmsdebeal
1203 2021 1235 2071 ut
1255 2014 1398 2071 concessio
1419 2013 1552 2086 privilegii
1567 2013 1619 2070 sub
1633 2014 1735 2071 ratione
1753 2027 1931 2086 quacumque
1945 2026 2014 2082 spe·

359 2105 575 2176 praesepeliau
588 2102 729 2177 paudere,
747 2103 840 2159 donec
853 2101 962 2159 ibidem
976 2105 1103 2175 alpuerit
1115 2104 1165 2175 ob·
1201 2110 1275 2162 ctata
1296 2103 1369 2161 licita
1388 2106 1436 2172 sit,
1459 2119 1512 2161 non
1527 2111 1570 2161 est
1587 2118 1715 2172 necesse,
1738 2109 1770 2159 ut
1797 2100 1922 2157 includat
1934 2099 2013 2155 illam

362 2195 516 2249 sementen
535 2192 696 2266 repuleris.
709 2192 760 2250 Ubi
775 2192 848 2249 clara
869 2193 981 2264 ponitur
1001 2207 1086 2249 causa
1108 2192 1163 2264 illa,
1201 2194 1343 2251 limitatam
1371 2194 1569 2263 intentionem,
1599 2198 1631 2248 nt
1657 2191 1744 2248 solum
1759 2191 1858 2260 duret,
1875 2189 2015 2263 quamdin

364 2296 413 2336 seu
434 2282 652 2353 circumstantia,
668 2289 701 2340 ut
715 2284 869 2340 necessaria
884 2282 917 2340 ad
931 2282 1164 2339 conservationem
1201 2298 1287 2340 causa
1308 2281 1460 2338 duraverit.
1479 2283 1516 2336 Eo
1542 2281 1583 2338 vel
1607 2282 1724 2338 maxime
1742 2279 1816 2352 quod
1835 2283 1858 2335 si
1880 2285 2014 2334 cessante

365 2369 510 2442 privilegii,
528 2377 557 2426 el
570 2370 693 2428 redditur
707 2373 808 2444 optima
823 2386 923 2442 causa,
938 2371 963 2426 in
979 2387 1033 2443 qua
1047 2371 1166 2443 explica·
1200 2387 1286 2428 causa
1306 2370 1477 2444 privilegium
1491 2370 1574 2426 luerit
1587 2369 1757 2442 revocabile,
1777 2383 1929 2426 successor
1942 2384 2016 2424 con·
2127 2385 2128 2390 ¹

364 2468 419 2532 tur,
441 2460 516 2515 ilium
534 2462 678 2518 terminum
693 2462 837 2534 designari,
851 2467 881 2519 ul
895 2461 980 2533 possit
992 2476 1055 2518 esse
1068 2462 1163 2518 licitus
1200 2458 1320 2516 cedentis
1335 2459 1457 2516 iudicare
1471 2459 1585 2531 poterit,
1601 2475 1634 2514 an
1650 2457 1710 2515 talis
1724 2457 1863 2514 revocatio
1881 2455 2017 2528 expediat
2127 2469 2128 2526 ζ

366 2567 435 2606 usus
454 2550 597 2623 privilegii,
613 2551 730 2621 scilicet,
741 2556 775 2608 ut
788 2551 915 2608 idoneae
924 2565 1072 2625 personne
1085 2553 1167 2608 iace·
1201 2565 1251 2608 nec
1268 2565 1311 2622 ne,
1334 2557 1363 2606 et
1378 2549 1430 2606 hoc
1445 2533 1642 2606 est'sufficiens
1657 2555 1686 2604 et
1698 2562 1782 2604 suave
1800 2546 1968 2616 remedium,
1982 2553 2016 2603 ut

367 2639 492 2698 nicatur
508 2645 541 2698 in
554 2640 606 2698 illo
622 2639 830 2716 (monasterio),
842 2643 893 2713 qul
903 2639 1166 2713 possintinAbbo-
1201 2641 1293 2697 statim
1314 2638 1472 2696 declarabo.
1489 2641 1563 2712 Ergo
1586 2645 1617 2694 ut
1637 2637 1753 2695 intentio
1779 2636 1960 2694 concedentis
1977 2637 2019 2694 sit

366 2735 425 2787 tem
439 2735 566 2789 assumi.
582 2718 672 2803 h'tque
687 2730 723 2788 ita
736 2731 780 2787 illa
793 2730 889 2787 desitio
905 2729 1037 2801 privilegii
1052 2730 1108 2786 lere
1123 2745 1165 2786 re·
1201 2729 1288 2800 licita,
1306 2728 1358 2786 hoc
1373 2729 1488 2800 sufficit,
1503 2730 1581 2785 etita
1595 2727 1700 2785 nullum
1716 2726 1846 2784 indicium
1864 2725 2017 2783 sufficiens
2127 2755 2128 2772 ι

366 2819 479 2877 ducitur
497 2820 659 2877 admodum
678 2820 831 2876 amissionis
851 2818 982 2892 privilegii
1001 2819 1163 2888 positumin
1203 2827 1332 2891 superest
1345 2817 1536 2891 praesumendi
1550 2818 1725 2875 intamionem
1737 2819 1824 2890 magis
1839 2816 2015 2889 rigorosam,
2127 2869 2128 2916 ,

365 2925 426 2980 cap.
444 2910 632 2988 praecedenti;
655 2925 718 2966 nam
733 2915 798 2966 tunc
813 2907 921 2965 duratio
935 2922 1038 2964 causae
1051 2913 1095 2964 est
1110 2908 1166 2966 vel·
1201 2916 1230 2966 et
1256 2909 1409 2979 limitatam,
1435 2915 1463 2965 et
1487 2908 1548 2965 ideo
1573 2906 1771 2979 praesumenda
1792 2922 1846 2964 nan
1861 2911 1919 2977 est;
1942 2921 2015 2963 cum

367 3000 406 3054 uti
421 2999 541 3056 conditio
556 3001 698 3072 requisita,
715 3007 745 3056 ul
758 2999 841 3055 duret
855 2997 1037 3070 privilegium.
1206 3001 1394 3071 praesumptio
1416 3000 1451 3054 sit
1470 3003 1577 3070 praeter
1598 2997 1725 3054 absoluta
1746 2997 1828 3054 verbs
1845 2997 2014 3053 concessio·

408 3092 452 3146 16.
468 3090 663 3146 Verumtamen
684 3088 748 3146 illud
764 3095 938 3158 assumptum
954 3103 1006 3144 noo
1022 3089 1088 3146 satis
1103 3103 1167 3160 pro·
1204 3089 1263 3163 nis,
1287 3094 1318 3146 ul
1339 3103 1483 3160 suppono,
1504 3094 1533 3144 et
1553 3093 1660 3158 praeter
1681 3086 1820 3159 generales
1840 3085 1954 3159 regulas
1978 3086 2014 3142 de

365 3176 461 3248 batur,
484 3193 534 3234 nec
549 3179 658 3248 probari
673 3169 762 3250 potest
777 3177 984 3242 universaliter,
1000 3183 1032 3234 ut
1047 3177 1167 3250 probant
1203 3179 1360 3250 principum
1384 3177 1520 3234 beneficiis
1545 3176 1761 3244 conservandis,
1783 3183 1811 3233 et
1831 3175 2011 3247 amplandis,

363 3267 487 3340 exempla
508 3267 645 3336 adducta,
669 3268 816 3340 praecipue
836 3267 869 3323 da
883 3267 1024 3340 privilegio
1039 3282 1093 3324 non
1108 3267 1165 3324 sol·
1201 3268 1266 3340 quia
1276 3267 1320 3322 illa
1332 3266 1456 3322 limitatio
1468 3267 1627 3323 intentionis
1638 3277 1680 3323 est
1691 3265 1768 3324 valde
1780 3265 1873 3322 odiosa
1887 3272 2012 3322 οῑοιϊει-

367 3356 446 3412 vendi
464 3355 630 3426 decimas,et
645 3357 678 3413 de
692 3357 894 3428 dispensatione
909 3355 1035 3412 absoluta
1049 3359 1106 3414 voti
1121 3373 1167 3414 ca·
1203 3356 1313 3428 pulosa3
1336 3371 1388 3411 non
1403 3361 1523 3430 asterga
1538 3354 1720 3430 admittenda,
1735 3357 1786 3412 uisi
1802 3356 1848 3412 ubi
1865 3353 2013 3412 evidenter·

364 3445 473 3502 utitatis.
492 3447 607 3502 Ratione
621 3447 701 3502 etlam
716 3445 957 3518 declaratumque
970 3446 1057 3502 rnulta
1072 3445 1165 3504 illicite
1202 3446 1283 3500 luerit
1302 3445 1464 3502 necessaria.

364 3537 448 3606 hunt,
471 3551 541 3608 quae
557 3541 647 3592 lamen
662 3537 734 3593 lacta
749 3536 823 3592 licite
836 3541 1051 3602 causamentum
1072 3549 1166 3608 ergoe
1243 3537 1286 3592 tl.
1303 3533 1343 3590 ad
1366 3535 1599 3590 confirmationem
1624 3534 1708 3606 igitur
1734 3533 1806 3591 illius
1835 3531 2012 3591 difficultatis

294 3660 297 3666 ·
365 3625 502 3682 contrario
526 3625 613 3682 mrrlta
634 3625 706 3682 licite
727 3631 927 3681 conservantur
948 3625 973 3679 in
995 3639 1072 3698 esse,
1095 3641 1166 3698 quae
1201 3630 1403 3696 cousequenter
1422 3623 1591 3694 respondeo,
1612 3625 1695 3680 etiam
1710 3623 1736 3678 in
1756 3623 2011 3695 dispensationibus

366 3720 430 3771 tunc
447 3730 500 3770 non
517 3722 629 3786 possent
642 3715 713 3771 licite
727 3713 760 3780 de
776 3713 933 3784 noveleti,
949 3728 1016 3788 ergo
1032 3715 1096 3772 licet
1112 3717 1167 3788 pri·
1201 3729 1255 3768 non
1270 3728 1331 3768 esse
1351 3711 1515 3784 generaliter
1531 3728 1622 3768 veram
1636 3712 1707 3769 iliam
1728 3712 1871 3785 regulam,
1895 3719 1927 3770 ut
1941 3717 2011 3770 mihi

366 3803 493 3876 vilegium
510 3821 543 3861 ex
557 3804 667 3861 delectu
682 3819 784 3861 causae
799 3806 939 3875 perveniat
953 3802 986 3860 ad
997 3809 1122 3876 statum,
1138 3807 1166 3862 in
1201 3803 1300 3876 probat
1320 3809 1514 3875 argumentum
1535 3819 1568 3859 es
1595 3809 1659 3859 voto
1680 3808 1864 3873 assumptum.
1890 3805 2009 3876 Propter

367 3910 422 3966 quo
438 3908 492 3949 non
509 3900 603 3964 posset
616 3894 688 3950 licite
703 3893 940 3966 incipere,paterit
953 3893 1024 3949 licite
1039 3900 1067 3950 et
1081 3894 1165 3951 hone·
1200 3892 1355 3965 exemplum
1369 3908 1433 3948 vero
1444 3892 1479 3947 ibi
1494 3889 1648 3948 adductum
1658 3889 1693 3948 de
1706 3890 1907 3964 dispensatione
1921 3895 2007 3964 priri-

366 3988 406 4038 ste
422 3999 589 4054 permanere;
603 3998 668 4055 ergo
683 3999 698 4040 a
713 3984 846 4056 principio
861 3984 954 4055 potuit
967 3982 1081 4041 honeste
1096 3999 1164 4041 con·
1200 3984 1261 4055 legii
1273 3983 1298 4037 in
1310 3981 1408 4037 ieiunio
1420 3981 1455 4036 ob
1471 3981 1677 4052 necessilatem,
1689 3980 1775 4052 addo,
1788 3981 1814 4037 in
1825 3981 2008 4054 dispensatio·

367 4072 428 4128 cedi
450 4072 502 4129 srrb
522 4073 671 4128 intentione
685 4072 809 4129 absoluta
823 4070 960 4143 donandi,
974 4079 1002 4128 et
1017 4078 1047 4129 ut
1061 4088 1166 4144 perma-
1201 4072 1280 4129 nibus
1301 4070 1464 4129 habentibus
1484 4076 1603 4128 tractum
1625 4071 1818 4127 successivum
1832 4070 1935 4130 habere
1955 4089 2007 4131 no·

367 4168 446 4230 neat,
470 4160 533 4219 licet
548 4177 675 4233 praesens
690 4177 776 4219 causa
791 4161 945 4218 necessaria
958 4160 992 4216 ad
1006 4164 1165 4219 concessio-
1200 4169 1285 4218 stram
1299 4152 1453 4216 doctrinam
1466 4159 1655 4231 exceptionem
1670 4159 1806 4233 aliquam,
1821 4176 1884 4217 nam
1908 4163 1936 4218 in
1958 4163 2007 4220 illo

367 4267 427 4308 nero
443 4259 543 4327 cesset,
553 4251 683 4326 quamdiu
700 4268 768 4309 usus
783 4251 840 4308 eius
855 4266 909 4306 nou
924 4248 1005 4306 luerit
1019 4251 1120 4324 alioqui
1135 4252 1165 4308 il·
1199 4265 1267 4306 casu
1280 4249 1381 4322 lateas,
1397 4248 1627 4320 dispensationem
1643 4264 1695 4305 non
1715 4248 1824 4306 asmodi
1839 4249 1914 4306 ultra
1937 4259 2007 4308 teus-

367 4341 468 4400 licitus.
485 4342 620 4399 Probatur
640 4343 706 4398 haec
721 4339 933 4414 consequentia,
950 4345 1008 4396 turn
1023 4341 1087 4412 quia
1103 4341 1164 4412 plus
1200 4356 1263 4411 pus,
1279 4354 1330 4410 pro
1345 4353 1400 4410 quo
1416 4339 1498 4396 durat
1513 4339 1674 4396 necessitas.
1687 4339 1768 4395 Ratio
1781 4355 1848 4396 vero
1861 4340 1937 4397 clara
1950 4349 2007 4398 est.

327 4427 332 4436 '
366 4431 516 4503 requiritur
532 4431 564 4488 ed
580 4429 776 4488 honestandam
791 4431 830 4487 rei
844 4426 1065 4501 productionem,
1081 4445 1163 4514 quam
1199 4427 1264 4502 quia
1274 4427 1332 4483 sola
1345 4427 1494 4483 necessitas
1507 4427 1533 4482 io
1550 4426 1594 4482 illo
1609 4441 1677 4484 casu
1688 4427 1749 4484 talis
1764 4435 1818 4496 est,
1829 4433 1859 4486 ut
1872 4443 1927 4486 uun
1942 4447 2009 4501 pos-

365 4519 399 4576 ad
424 4520 620 4578 honestandam
646 4519 861 4591 permanentiam
879 4519 916 4574 rei
935 4520 986 4575 iam
1002 4518 1162 4590 productae.
1199 4518 1234 4572 sit
1248 4516 1398 4573 iustificare
1411 4515 1655 4586 dispensationem,
1668 4516 1720 4572 nisi
1734 4515 1901 4590 adaequate,
1919 4526 1950 4576 ut
1965 4521 2008 4578 sic

364 4611 433 4666 ‘lum
455 4610 518 4681 quia
540 4611 586 4683 qni
604 4611 689 4667 donat
704 4609 848 4683 indigenti,
864 4623 917 4664 uon
934 4603 1042 4666 teiretur
1057 4625 1166 4682 semper
1198 4605 1300 4673 dicam,
1315 4611 1342 4661 et
1355 4613 1579 4662 commensurate
1595 4604 1630 4661 ad
1642 4604 1816 4662 durationem
1830 4622 1919 4663 suam.
1935 4609 2009 4666 Nam

366 4699 481 4756 limitare
492 4698 677 4769 decadonem,
685 4715 735 4770 pro
745 4705 867 4769 ternpore
878 4688 1164 4770 indigeatiac,etiamsi
1198 4695 1323 4754 debilitas
1340 4692 1470 4752 hodierna
1482 4694 1547 4751 nihil
1559 4695 1666 4753 conteri
1676 4695 1710 4752 ad
1721 4698 1928 4754 excusationem
1942 4713 2009 4755 cra·

365 4787 483 4845 fortasse
506 4803 561 4844 non
582 4794 676 4859 posset
689 4787 761 4844 licite
774 4786 893 4855 donare,
908 4785 957 4841 nisi
972 4793 1084 4859 propter
1096 4787 1165 4844 indi·
1199 4784 1310 4855 atinam,
1327 4784 1348 4839 si
1369 4799 1419 4854 pro
1432 4783 1466 4840 de
1486 4783 1580 4841 lutura
1595 4785 1670 4842 nullo
1690 4785 1773 4842 modo
1793 4785 1931 4845 duratura
1948 4796 2007 4862 est3

364 4878 502 4952 gentiam3
522 4892 587 4950 ergo
602 4876 673 4934 idem
687 4882 728 4933 est
743 4891 807 4932 cum
822 4877 999 4949 proportione
1015 4876 1039 4931 in
1055 4876 1165 4948 privile·
1198 4872 1273 4946 quad
1290 4873 1469 4946 esqualitate
1484 4876 1632 4946 materiae,
1647 4881 1676 4932 et
1689 4875 1846 4934 conditione
1859 4893 1962 4936 causae
1978 4889 2009 4938 ct

365 4966 505 5040 gio,quod
520 4967 605 5024 veluti
614 4965 764 5040 quamdam
775 4965 950 5025 donationem
961 4966 1164 5024 continetiam
1198 4962 1406 5037 dispensationis
1420 4971 1465 5021 est
1478 4962 1546 5021 adeo
1562 4971 1671 5036 notum,
1685 4972 1716 5022 ut
1729 4965 1786 5023 lere
1801 4975 1898 5039 aperta
1912 4971 2008 5026 statim

365 5057 590 5130 praeterea,quia
601 5055 689 5123 decet,
700 5055 861 5113 beneficium
877 5055 1006 5128 principis
1017 5069 1077 5112 esse
1088 5071 1164 5112 man·
1199 5060 1329 5127 appareat
1346 5055 1407 5112 talis
1426 5057 1540 5112 intentio
1555 5053 1746 5127 dispensantis.
1762 5058 1821 5114 lico
1840 5064 1935 5115 autem
1948 5073 2007 5116 non

366 5161 481 5215 surum,
501 5145 607 5202 etiamsi
620 5160 715 5216 eausa,
732 5161 802 5218 quse
817 5143 851 5201 ad
865 5144 1091 5202 benelaciendum
1106 5161 1165 5202 mo·
1198 5148 1234 5202 ita
1248 5150 1291 5201 est
1305 5145 1331 5200 io
1347 5145 1476 5201 omnibus
1490 5146 1584 5200 causis
1599 5147 1802 5215 praesentaneis
1821 5146 2008 5220 dispensatio·

366 5234 414 5300 vit,
430 5249 484 5291 non
500 5241 618 5306 maneat,
631 5233 779 5294 dummodo
795 5235 957 5292 beneficium
973 5236 1063 5308 ipsum
1079 5236 1165 5309 possit
1199 5250 1277 5307 num,
1289 5239 1318 5290 et
1331 5234 1419 5292 multo
1432 5233 1523 5290 minus
1538 5233 1752 5310 privilegiorum
1764 5241 1793 5292 et
1807 5235 1871 5294 ideo
1886 5251 1940 5295 noa
1957 5253 2008 5311 po·
