4232 6220
869 265 1080 316 cancrxxn.
1681 251 1745 316 629

144 414 195 458 nec
213 398 391 458 circumcisio
411 415 462 472 pro
482 399 528 456 illo
547 397 665 473 populo,
681 397 744 469 quia
762 401 892 453 neutrum
905 411 949 452 rs·
987 410 1038 466 pus
1049 376 1259 454 concedendum
1270 401 1322 469 est,
1342 411 1375 456 ne
1388 397 1530 471 dicamus,
1542 411 1636 454 amnes
1647 393 1709 453 illos
1722 407 1784 467 par·
1890 381 1893 389 ⁴

144 488 267 549 medium
281 505 332 564 per
346 505 375 548 se
389 489 510 548 ablatum
524 493 582 560 est,
597 487 646 545 sed
659 486 693 544 ad
715 483 947 543 introductionem
982 483 1063 543 tulos
1077 485 1160 544 tuisse
1175 485 1295 560 privatos
1309 487 1429 546 remedio
1439 494 1503 546 ante
1517 492 1705 560 opportunum
1717 489 1785 543 tem·

144 579 260 639 alterius
282 579 472 652 perfectioris,
486 592 520 636 ac
538 576 670 650 propositi
689 581 721 662 ut
733 573 894 646 necessarii,
910 574 948 630 ni·
981 590 1045 646 pus.
1057 575 1136 646 ltem,
1150 577 1213 650 quia
1223 575 1266 634 lest
1277 578 1496 635 circumcisionis
1510 593 1564 636 noa
1575 577 1722 649 prius,nec
1732 574 1784 632 alio

143 671 245 730 mirum
262 669 397 742 baptismi.
982 664 1065 724 modo
1078 673 1187 725 mortua
1197 675 1251 741 est,
1261 675 1293 726 ut
1303 684 1336 726 ex
1349 685 1433 740 supra
1444 668 1524 726 dictis
1535 674 1654 724 constat.
1667 667 1701 724 Et
1711 667 1786 723 iuxtn

183 764 213 819 l.
228 759 304 820 Unde
321 756 506 828 intermedie
521 755 752 816 Peudacostesita
766 768 889 812 cessasse
904 767 947 810 sa·
982 755 1053 812 hanc
1075 755 1227 814 doctrinam
1248 757 1481 815 accommodanda
1500 765 1527 814 et
1545 755 1705 828 explicanda
1718 760 1786 812 sunt

143 845 316 910 crumentum
342 849 561 907 circumcisionis
582 847 673 922 quoad
694 847 814 904 tractum
830 845 946 919 gratiae,
982 844 1232 919 conciliciatum.
1251 853 1278 906 3.
1294 849 1394 920 partis,
1410 847 1480 920 disp.
1497 849 1545 917 27,
1562 851 1632 904 sect.
1649 850 1676 905 l.
1811 839 1817 847 ’

143 942 233 1016 quiin
248 939 424 1008 eodabatur,
438 935 892 1018 sicutcmpitbapbsmusesmud
905 950 949 991 sa·
1024 939 1050 993 6.
1067 936 1162 992 Dices:
1178 935 1268 993 ludaei
1286 937 1338 994 iam
1358 953 1412 992 non
1433 935 1606 1008 applicabant
1619 934 1684 993 illud
1698 948 1785 1006 rames

144 1033 232 1090 lutcus
247 1029 430 1088 necessarius.
446 1028 600 1098 Probatur,
617 1029 680 1100 quia
695 1042 780 1083 unum
796 1023 948 1083 remedium
983 1024 1060 1081 dium
1075 1040 1108 1082 ex
1124 1041 1189 1083 sera
1201 1026 1269 1099 lide,
1281 1042 1347 1100 ergo
1361 1043 1414 1082 non
1427 1032 1535 1099 poterat
1545 1042 1605 1083 esse
1619 1025 1696 1082 utile.
1708 1025 1786 1082 Patet

144 1119 237 1196 quoad
259 1121 367 1178 dlctum
382 1119 512 1178 ellectum
526 1134 580 1175 nan
599 1117 650 1175 luit
663 1097 819 1186 exclusum,
835 1117 888 1172 nisi
902 1132 950 1187 per
984 1116 1198 1188 consequentia,
1212 1116 1276 1188 quia
1290 1132 1343 1172 non
1357 1113 1417 1173 slat
1430 1116 1496 1173 utile
1507 1115 1577 1186 ,nisi
1589 1122 1727 1188 quatenus
1738 1128 1785 1184 ap·

145 1211 340 1284 necessitatem
353 1208 481 1281 alterius,
494 1214 525 1264 nt
536 1215 677 1264 ostensum
689 1212 741 1263 est.
754 1206 949 1275 Confirmatum
985 1203 1106 1276 plicabat
1119 1203 1207 1262 tidem.
1225 1204 1397 1279 antecedens
1411 1212 1505 1262 autem
1520 1211 1610 1276 patet,
1623 1204 1687 1280 quia
1701 1201 1785 1274 appll-

147 1297 213 1371 quia
227 1297 378 1355 remedium
394 1296 460 1370 legis
474 1294 677 1370 naturae'quod
691 1292 809 1352 durabat
821 1295 847 1350 in
864 1294 951 1367 genti·
984 1293 1084 1350 cabant
1102 1293 1168 1350 illud
1190 1309 1223 1350 ea
1244 1294 1295 1351 tide
1315 1297 1423 1353 venturi
1442 1296 1567 1365 tdessiae,
1583 1301 1611 1353 et
1631 1295 1656 1351 in
1677 1294 1785 1367 signum

147 1388 201 1444 bus
214 1385 355 1458 fidelibus,
372 1402 425 1444 non
440 1386 492 1443 luit
505 1393 585 1444 antea
601 1400 689 1458 neque
703 1384 755 1441 alio
769 1383 850 1441 modo
862 1386 950 1454 priva·
984 1383 1061 1452 eius,
1076 1384 1153 1458 quud
1171 1384 1269 1441 laisum
1288 1386 1340 1441 iarn
1355 1392 1426 1442 erat.
1443 1385 1649 1458 despondetur,
1664 1383 1786 1440 erroiem

146 1483 206 1536 tum
224 1492 276 1533 sua
291 1475 426 1546 utilitato,
442 1481 554 1546 propter
569 1476 700 1532 rationem
715 1473 831 1546 lectam,
846 1473 951 1544 etquis
985 1473 1062 1530 illum
1076 1472 1167 1546 quoad
1188 1475 1423 1532 circumstantiam
1446 1476 1577 1546 temporis
1592 1472 1676 1530 luisse
1698 1473 1788 1546 priva·

147 1579 203 1622 non
225 1565 324 1622 luisset
346 1564 416 1622 alius
440 1565 605 1643 conveniens
631 1549 816 1636 providentiae
840 1559 949 1632 modus,
987 1569 1093 1634 tum,et
1108 1563 1222 1620 tortasse
1237 1563 1264 1620 in
1278 1563 1632 1637 multis,perignorantiam
1649 1559 1789 1618 invincibi-

146 1669 216 1728 ergo
230 1653 327 1712 eadem
341 1654 515 1727 proportione
532 1652 708 1710 iudicandum
727 1659 769 1716 est
782 1652 817 1709 de
831 1651 951 1708 circum·
987 1653 1055 1724 lem,
1070 1659 1244 1710 excusatum.
1261 1653 1337 1712 Unde
1352 1671 1406 1713 non
1420 1653 1585 1712 excludebat
1604 1666 1695 1709 reram
1708 1649 1788 1708 tidem

145 1745 248 1802 cisione
263 1742 355 1817 quoad
374 1743 489 1800 iulanter
509 1742 682 1800 iudaeorum.
705 1743 780 1800 Unde
793 1742 838 1812 lit,
853 1747 882 1797 ut
897 1756 951 1797 uon
986 1743 1020 1801 de
1033 1744 1128 1800 Messio
1148 1746 1301 1816 promisso,
1321 1761 1371 1802 uec
1389 1744 1519 1804 redolebat
1538 1744 1633 1801 tstssm
1654 1741 1789 1814 significa·

146 1835 227 1892 simul
247 1833 319 1891 lacta
334 1833 388 1890 sint
401 1833 507 1890 inutilia
520 1832 565 1888 illa
583 1834 695 1904 onfiqua
714 1836 883 1886 sacramenta
902 1846 951 1902 pro
987 1833 1087 1892 tionem
1101 1836 1188 1907 ipsius
1203 1836 1386 1905 sacramenti,
1403 1842 1530 1906 utsupra
1542 1833 1695 1902 declaravi,
1715 1830 1788 1889 idco·

145 1930 206 1981 tcto
222 1922 306 1996 orbe,
322 1922 370 1979 sed
385 1923 543 1980 successise
554 1963 562 1993 ,
575 1922 648 1978 sicut
658 1920 700 1978 lest
714 1921 817 1994 gratiae
829 1919 952 1979 introdtt·
985 1939 1040 1996 que
1053 1939 1131 1980 error
1150 1923 1191 1980 ille
1210 1939 1263 1980 non
1282 1922 1447 1994 impediebat
1466 1924 1606 1981 fructum:
1622 1923 1697 1979 sicut
1713 1935 1788 1977 nttnc

145 2013 282 2079 sebatur,
300 2019 328 2070 et
347 2004 466 2085 obbgare
487 2012 647 2084 inciplebat,
669 2011 733 2086 quia
753 2009 847 2067 endem
869 2009 950 2068 modo
985 2019 1064 2070 error'
1078 2013 1202 2086 privatus
1215 2015 1241 2070 in
1257 2017 1381 2073 ministro
1395 2014 1535 2087 baptismi,
1553 2014 1575 2070 si
1589 2028 1643 2069 aon
1659 2009 1790 2068 excludat
1833 2002 1840 2012 “

144 2102 290 2174 incipiebat
305 2103 457 2176 baptismus
468 2117 530 2160 esse
540 2101 762 2171 necessarius,et
772 2101 809 2156 ita
823 2100 881 2172 pari
893 2115 951 2156 mo·
985 2103 1138 2176 generalem
1158 2105 1333 2161 intentionem
1348 2105 1532 2175 sacramenti,
1554 2119 1607 2159 non
1625 2099 1737 2170 impedit
1750 2098 1788 2156 el·

145 2192 183 2250 do
193 2193 352 2250 desinebant
369 2199 425 2249 tam
440 2191 633 2262 circumcisio,
649 2204 731 2262 quarn
746 2195 950 2246 sacramentum
985 2190 1089 2250 lectum
1103 2194 1221 2250 tius.·Et
1232 2202 1325 2266 patet,
1338 2195 1412 2268 quia,
1425 2196 1531 2251 sitente
1541 2193 1649 2251 Christo
1662 2191 1785 2258 bomine,

147 2282 217 2356 legis
231 2289 344 2340 naturae
361 2297 422 2338 esse
436 2279 523 2338 utilia.
986 2289 1092 2358 poterat
1111 2283 1206 2340 similis
1224 2299 1303 2342 error
1322 2285 1428 2342 misceri
1449 2285 1475 2341 iu
1496 2284 1624 2359 mysterio
1641 2282 1788 2338 circumci-

191 2377 217 2430 5.
232 2373 328 2440 Dices,
344 2387 397 2428 non
412 2385 473 2428 esse
488 2371 513 2426 in
528 2370 582 2426 boc
597 2381 690 2441 parem
705 2370 837 2424 rationem
852 2366 885 2424 de
902 2383 952 2440 po·
986 2373 1085 2442 sionis,
1101 2380 1130 2430 et
1149 2380 1238 2430 tamen
1261 2391 1314 2431 aon
1335 2381 1479 2446 propterea
1502 2372 1668 2431 reddebatur
1682 2370 1786 2429 inutile.

148 2462 215 2535 pulo
229 2461 339 2518 iudaice
353 2468 381 2517 et
394 2460 495 2534 gentili.
512 2462 578 2517 Nam
594 2459 684 2533 quoad
704 2458 841 2516 iudaicam
861 2461 888 2515 in
907 2458 950 2515 dic
985 2463 1042 2518 Dici
1053 2464 1133 2519 eliam
1146 2469 1249 2534 potest,
1262 2465 1288 2518 in
1300 2463 1344 2520 illa
1355 2464 1553 2520 existimatione
1569 2459 1787 2532 distinguendam

149 2553 328 2609 Pentecostes
346 2550 398 2607 luit
413 2550 479 2606 satis
498 2557 688 2606 consummata
710 2547 889 2621 promulgatio
904 2547 952 2604 ba·
985 2567 1046 2608 esse
1061 2551 1139 2608 iidem
1151 2551 1184 2608 de
1200 2553 1352 2609 substantia
1364 2553 1497 2628 mysterii,
1510 2548 1693 2608 abstrahendo
1705 2565 1719 2606 a
1732 2550 1787 2607 cir-

148 2640 255 2714 ptisrni,
270 2642 333 2712 quia
348 2639 415 2696 baec
430 2637 635 2714 quodammodo
651 2638 775 2694 inchoata
791 2637 882 2694 luerat
897 2642 952 2694 tolo
986 2642 1151 2698 cumstantia
1175 2643 1322 2713 temporis,
1344 2642 1377 2698 ab
1395 2657 1490 2697 errore
1504 2641 1578 2697 circa
1594 2639 1723 2710 temporis
1737 2638 1788 2695 dil·

150 2736 270 2801 tempore
287 2729 496 2801 praedicationis
509 2729 629 2795 Christi,
643 2734 670 2785 ct
690 2726 897 2799 apostolorum,
914 2728 952 2782 vi·
987 2730 1144 2802 terentium,
1161 2738 1189 2787 et
1207 2731 1288 2802 priori
1308 2731 1389 2787 modo
1408 2731 1490 2787 luisse
1505 2745 1596 2792 aerata
1611 2728 1708 2800 fidem,
1723 2729 1789 2800 quia

149 2827 228 2877 vente
246 2820 316 2890 ipso.
337 2821 395 2876 lton
419 2835 484 2876 vero
503 2818 650 2892 gentibus,
667 2833 729 2874 nam
750 2818 863 2889 ipsemet
877 2817 953 2873 Cbri-
987 2820 1076 2877 solum
1092 2821 1342 2880 eratchbristoin
1354 2819 1787 2900 aliquotemperarentttro,abs-

148 2915 209 2970 stus
222 2907 346 2980 dixerat,
365 2909 459 2966 llatth.
476 2912 519 2966 10:
537 2909 665 2964 Innatam
676 2909 808 2980 gentium
822 2922 859 2962 ue
875 2907 953 2963 abie-
988 2911 1138 2982 trahendo,
1155 2917 1246 2968 utrum
1260 2915 1313 2968 iam
1327 2915 1543 2986 venissetnecne
1553 2953 1560 2982 ,
1572 2917 1599 2967 et
1611 2911 1692 2967 utsic
1703 2951 1711 2979 ,
1723 2909 1788 2966 luis·

148 3001 230 3063 ritis,
246 3005 276 3054 st
294 2997 328 3054 de
343 3013 372 3054 se
387 2997 511 3054 dicabat:
528 3000 596 3052 Nost
610 3012 683 3070 sunt
697 2998 819 3061 missus,
837 2998 896 3052 nisi
912 2993 954 3054 cd
988 3015 1016 3055 sc
1038 3000 1132 3057 utilem
1152 3003 1378 3072 protestationem
1397 3001 1458 3058 fidei
1474 3002 1574 3058 lactum
1593 3002 1650 3056 sive
1670 3015 1719 3071 per
1733 2999 1788 3055 cir·
1899 3054 1907 3062 ,

99 3093 109 3102 “
146 3103 233 3154 oves,
251 3101 329 3160 quae
342 3089 509 3162 perierunt,
529 3084 635 3142 domus
656 3083 768 3145 Israel,
789 3085 884 3142 llatth.
906 3088 951 3156 15,
987 3075 1205 3160 cumcisionem,
1223 3090 1279 3146 site
1299 3106 1347 3161 per
1361 3096 1563 3147 sacramentum
1579 3088 1645 3163 legis
1659 3096 1785 3158 naturae,

147 3178 213 3250 quia
231 3176 286 3232 illis
300 3182 408 3233 tantum
424 3181 491 3234 tunc
506 3174 792 3249 lieltatprotnulgatio.
808 3175 836 3230 ln
849 3173 893 3231 die
904 3189 953 3230 au·
988 3194 1040 3237 non
1056 3179 1180 3235 obstante
1196 3179 1262 3235 laisa
1275 3179 1400 3251 opinione
1415 3179 1533 3250 privata,
1546 3185 1617 3250 quaa
1628 3179 1704 3235 circa
1720 3184 1787 3235 tem·

148 3276 204 3324 tem
223 3267 399 3322 Pentecostes
412 3271 492 3322 erant
506 3265 533 3320 in
546 3265 715 3322 Hierusalem
732 3265 891 3336 congregati
910 3266 952 3320 iu·
989 3270 1061 3340 poris
1076 3267 1255 3324 differentiam
1269 3267 1379 3324 misceri
1394 3274 1510 3339 poterat.

147 3354 208 3411 daei
226 3369 258 3411 ex
274 3353 347 3410 omni
363 3353 489 3424 audone,
504 3363 575 3427 quae
591 3355 643 3412 sub
657 3354 734 3410 coelo
749 3360 808 3424 est,
825 3368 891 3426 argo
903 3369 953 3426 pro
1028 3361 1060 3415 lt
1070 3357 1150 3412 Dices
1166 3356 1376 3428 tandemzllrgo
1391 3357 1570 3426 etiamnunc,
1586 3355 1607 3411 si
1622 3357 1788 3414 inveniretur

149 3444 204 3502 illis
221 3445 285 3500 satis
305 3443 355 3500 luit
375 3449 442 3500 tunc
461 3450 653 3499 consummata
671 3442 869 3519 promulgatio,
885 3458 952 3515 ergo
987 3445 1083 3518 aliquis
1093 3444 1208 3502 iudaeus
1220 3445 1321 3502 babens
1332 3446 1511 3517 ignorantiam
1523 3443 1704 3500 invincibilem
1715 3444 1788 3502 clari-

149 3548 201 3605 pro
222 3533 275 3589 illis
294 3535 414 3589 cessarit
434 3539 501 3589 tuuc
524 3539 581 3589 tata
600 3533 702 3596 utilitas
721 3532 951 3600 circumcisionis,
987 3537 1090 3590 suanae
1104 3536 1241 3604 veritatis,
1257 3541 1285 3591 et
1304 3535 1373 3590 bona
1393 3535 1443 3591 lide
1462 3533 1677 3590 circumcideret
1690 3533 1786 3604 tilium,

148 3639 217 3697 ergo
232 3622 283 3679 luit
295 3632 429 3680 evacuata
443 3623 570 3698 omnino,
582 3623 646 3695 quia
658 3627 763 3679 tautum
775 3638 826 3694 pro
837 3620 888 3677 illis
903 3622 955 3677 uti·
986 3624 1033 3680 illa
1047 3624 1224 3681 circumcisio
1238 3631 1312 3680 esset
1330 3622 1419 3691 utilis,
1434 3639 1495 3679 nam
1511 3623 1618 3679 ridetur
1631 3622 1725 3679 eadem
1744 3638 1788 3679 ra·

126 3714 183 3776 ,lis
200 3719 268 3769 crat.
285 3711 478 3785 Respondstur
498 3713 524 3768 ia
545 3713 652 3782 primis,
668 3711 771 3767 etiamsi
790 3710 953 3768 antecedens
987 3717 1037 3771 tio.
1058 3714 1266 3786 Respondetur,
1285 3728 1347 3768 esse
1368 3713 1447 3785 longe
1466 3712 1624 3769 dissimilem
1641 3713 1786 3784 rationem,

147 3801 361 3871 concederetur,
374 3801 473 3858 habere
486 3808 552 3858 tunc
565 3801 657 3858 locum
668 3801 871 3857 distinctionem
883 3801 950 3869 θοοῖς
987 3803 1103 3875 ideoque
1112 3805 1203 3876 negari
1214 3802 1448 3876 consequentiam.
1459 3797 1626 3874 Quiaexquc
1636 3801 1788 3873 baptismus

149 3894 216 3964 quia
237 3892 301 3948 licet
320 3900 387 3948 tunc
406 3893 581 3960 circumcisio
600 3908 653 3947 ηοη
673 3898 747 3948 esset
761 3890 835 3947 utilis
850 3893 953 3948 ratione
988 3893 1161 3950 necessarius
1182 3907 1242 3948 esse
1262 3892 1365 3962 coepit,
1385 3891 1562 3948 circumcisio
1581 3892 1607 3945 in
1629 3905 1658 3945 sc
1678 3890 1787 3948 omnino

150 3978 217 4060 legis
233 3981 346 4049 veteris,
363 3979 460 4036 luisset
475 3980 550 4036 utilis
563 3996 596 4036 ex
610 3981 731 4054 generali
746 3981 851 4036 ratione
868 3997 954 4037 reme·
987 3983 1089 4040 imttilis
1103 3983 1174 4039 lacta
1188 3989 1247 4050 est,
1260 3988 1288 4038 ct
1303 3980 1348 4037 illa
1362 3981 1515 4054 ignorantia
1528 3987 1571 4036 est
1585 3995 1633 4052 per
1645 3979 1786 4052 accidens,

149 4070 184 4130 dii
207 4069 272 4139 legis
293 4076 423 4142 naturae,
443 4070 509 4141 quia
527 4076 598 4126 esset
620 4069 778 4142 protestatio
793 4069 871 4140 fidei,
887 4087 952 4128 curn
987 4088 1057 4146 quae
1074 4089 1127 4127 noa
1144 4070 1190 4127 dat
1204 4072 1350 4140 virtutem,
1365 4084 1416 4126 nac
1431 4070 1565 4136 restituIt,
1582 4075 1613 4125 ut
1626 4069 1666 4125 sic
1685 4069 1787 4138 alicam,

150 4156 272 4215 nondum
288 4158 331 4214 lex
346 4166 426 4214 retus
439 4165 512 4214 esset
527 4160 675 4216 mortifera.
695 4160 786 4216 llelius
808 4175 872 4216 aero
885 4162 954 4217 dici·
989 4162 1130 4219 utilitatem
1154 4161 1191 4216 ilii
1206 4161 1289 4232 operi.
1302 4163 1381 4217 Siout
1393 4161 1474 4216 etiem
1486 4158 1520 4215 dc
1531 4158 1649 4215 remedio
1665 4158 1730 4231 legis
1742 4172 1788 4215 na-

150 4255 212 4316 tur,
242 4254 434 4320 argumentum
458 4249 589 4320 probare,
613 4249 684 4305 intra
709 4250 817 4306 brevius
844 4257 953 4323 tempus
987 4258 1064 4309 turae
1079 4252 1106 4306 in
1123 4252 1280 4306 universum
1295 4249 1441 4306 dicendum
1458 4253 1647 4313 nuncest‚ut
1660 4262 1787 4319 suppono

149 4326 275 4393 cess’asse
291 4339 534 4395 circumcisionem
553 4354 602 4410 pro
621 4338 741 4409 iudaeis,
758 4355 841 4408 qttam
865 4355 955 4396 rema·
985 4357 1019 4397 ex
1034 4341 1148 4396 materia
1163 4337 1197 4394 de
1212 4339 1356 4409 baptisma.
1374 4339 1406 4394 Et
1420 4338 1479 4394 ideo
1495 4344 1600 4394 attente
1616 4338 1643 4392 in
1664 4335 1714 4393 bac
1730 4351 1786 4393 ma-

148 4424 227 4483 dium
241 4426 308 4500 legis
323 4433 434 4483 naturae
453 4443 501 4499 pro
511 4427 651 4499 gentibus3
665 4444 718 4484 non
731 4427 804 4500 quad
817 4431 909 4485 statim
920 4447 952 4486 eo
986 4432 1055 4486 teria
1067 4427 1291 4500 distinguendum
1303 4433 1345 4483 est
1357 4429 1427 4483 inter
1439 4425 1617 4499 ignorantiam
1630 4423 1786 4496 provenien·

149 4516 192 4575 die
203 4531 253 4587 pro
265 4515 390 4572 omnibus
401 4514 504 4573 iudaeis
515 4532 563 4587 per
576 4516 733 4594 universum
745 4517 837 4573 arbem
848 4517 953 4590 disper·
987 4527 1041 4577 tem
1055 4535 1088 4575 ea
1107 4516 1217 4574 delectu
1236 4516 1478 4588 promulgationis,
1494 4531 1543 4572 seu
1564 4502 1696 4586 tem'poris
1710 4513 1787 4570 sulli-

149 4608 189 4662 sis
199 4607 351 4662 cessaverit
363 4605 549 4676 circumcisio,
561 4607 623 4677 quia
639 4605 702 4664 licet
716 4605 781 4662 tides
793 4606 892 4664 Christi
906 4624 953 4666 an·
986 4607 1082 4666 cientis
1101 4606 1134 4663 ad
1156 4605 1244 4674 illam,
1259 4605 1300 4661 vel
1322 4607 1524 4678 provenientem
1538 4618 1571 4660 ex
1586 4603 1645 4660 aliis
1659 4603 1787 4661 humanis

150 4701 193 4752 tss
209 4693 357 4766 praedicari
372 4695 511 4767 coeperit,
528 4697 675 4752 necessitas
693 4695 819 4768 baptismi
833 4712 886 4752 non
902 4689 954 4756 lt'tit
986 4697 1200 4770 impedimentis,
1214 4711 1265 4753 non
1276 4696 1398 4752 obstante
1409 4683 1629 4767 promulgatione
1639 4695 1692 4749 iam
1704 4693 1785 4750 lacta.
1848 4713 1851 4718 ·

149 4791 232 4842 antea
247 4783 418 4856 praedicata,
433 4784 492 4841 ideo
507 4787 531 4840 in
546 4785 588 4841 die
602 4787 776 4842 pentecostes
790 4789 881 4859 coepit
893 4789 953 4846 eius
986 4789 1053 4845 llam
1074 4786 1148 4859 prior
1163 4787 1314 4861 ignorantia
1328 4792 1369 4842 est
1384 4801 1432 4856 per
1445 4799 1490 4857 se,
1504 4800 1538 4841 er
1553 4785 1709 4855 impotentia
1723 4785 1787 4840 sim·

148 4873 426 4948 promulgatio‚quae
438 4889 491 4930 non
502 4874 733 4946 poteratdillundi
746 4874 865 4934 humano
878 4893 953 4935 more
987 4880 1109 4950 pliciter,
1127 4893 1161 4934 ac
1182 4875 1293 4950 proinde
1312 4874 1504 4932 consideratur
1521 4890 1552 4931 es
1567 4883 1644 4946 parte
1659 4873 1739 4945 legis,
1755 4879 1787 4930 ut

149 4965 177 5020 ia
199 4979 303 5028 omnes
316 4962 489 5035 provincias,
510 4965 537 5018 in
556 4963 657 5036 quibus
676 4963 765 5022 iudaei
784 4965 951 5026 babitabant.
987 4983 1021 5026 eo
1038 4975 1161 5040 tempore
1171 4966 1360 5024 necessitatem
1371 4980 1425 5021 non
1435 4963 1558 5022 inducat.
1568 4963 1625 5020 illia
1635 4979 1701 5021 vero
1709 4963 1787 5038 lgan-

149 5054 215 5113 ldeo
233 5053 315 5112 etiam
333 5053 369 5113 ad
383 5053 454 5111 banc
469 5053 715 5129 promulgationem
730 5054 871 5114 sufficiens
883 5062 952 5115 tem·
990 5059 1076 5116 rantia
1090 5063 1134 5114 est
1148 5071 1197 5130 per
1210 5054 1354 5126 accidens,
1369 5060 1399 5112 et
1411 5070 1465 5112 non
1479 5051 1678 5111 consideratur.

742 5179 1032 5264 rtats'ataut
1062 5203 1182 5262 noni.
