4294 6238
854 325 1085 376 mrorxxvrr.
1688 306 1749 370 257

149 448 200 504 bus
220 449 341 519 probata
360 456 413 508 ast.
429 451 459 507 ln
474 450 572 508 eodem
585 465 651 526 ergo
666 466 749 509 sensu
764 451 892 508 sustineri
906 466 954 522 po·
990 465 1120 506 revocare
1135 447 1216 506 aliam
1230 463 1343 522 poenam
1359 463 1406 522 per
1425 451 1543 522 priorem
1561 450 1648 522 legem
1662 449 1789 521 positam,

148 547 201 594 test
222 538 351 596 limitatio
373 543 479 612 posita,
499 541 605 599 scilicet
624 541 742 598 reditum
762 541 795 599 ad
814 543 954 616 antiquam
990 545 1058 595 teste
1071 539 1144 596 liant.
1156 540 1183 595 in
1198 538 1216 595 Ι.
1229 542 1255 610 1,
1267 539 1294 594 li.
1307 537 1340 596 de
1354 539 1378 594 ri
1392 539 1490 596 bonor.
1502 555 1584 612 quem
1601 539 1725 612 sequitur
1738 535 1790 595 lia·

146 626 236 702 legem
249 644 287 686 er
300 645 353 687 suo
367 645 468 703 genere
482 631 656 688 favorabilem
671 646 743 688 esse.
989 643 1062 684 rsrr.
1078 629 1104 685 in
1120 644 1181 700 cap.
1193 631 1243 686 lic
1257 627 1465 702 quorumdum,
1481 629 1572 686 notab.
1591 633 1637 700 tt,
1656 645 1733 685 num.
1745 633 1790 700 tt,

183 718 271 774 Aliter
292 735 357 775 sero
378 719 458 776 obiici
477 725 585 791 potest,
602 722 668 793 quia
688 720 729 778 lar
749 720 881 792 abrogata
900 718 952 776 iarn
987 718 1161 776 stichario
1177 725 1267 776 autern
1282 720 1476 792 est,quianou
1491 723 1638 792 repugnat,
1655 717 1727 775 idem
1743 717 1791 775 de·

146 821 199 863 nou
220 812 267 863 est
288 806 348 874 lex,
370 809 433 880 quia
446 807 589 866 destructa
608 817 651 866 est
675 825 724 880 per
739 809 867 879 alteram,
882 823 953 880 quac
987 806 1083 866 lictum
1095 808 1202 866 duabus
1213 809 1306 881 poenis
1318 809 1452 882 puniri3et
1464 809 1499 865 ita
1513 807 1573 865 illae
1585 808 1659 882 leges
1674 813 1790 880 possunt

145 897 953 972 postesconditaest,etpermanet,quamdiunonrcvoca·
987 897 1067 954 simul
1090 898 1241 956 subsistere
1262 897 1351 971 quood
1373 911 1489 969 poenas,
1511 897 1533 952 si
1554 895 1661 952 aliunde
1686 910 1788 968 poenae

146 991 207 1056 tur·,
224 1001 294 1060 ergo
312 1001 345 1043 er
359 993 429 1044 tunc
444 988 560 1045 mutatio
575 988 735 1058 posterioris
749 987 816 1060 legis
831 994 874 1044 est
887 987 951 1044 sim·
987 985 1061 1058 ipsae
1076 987 1145 1044 inter
1159 1003 1189 1044 se
1204 993 1384 1060 repugnantes
1399 1003 1453 1044 noa
1465 985 1616 1044 sintlttud
1632 985 1788 1058 exemplum

146 1076 256 1147 pliciter
275 1074 388 1148 odiosa,
403 1087 431 1134 et
444 1076 632 1150 restringenda
644 1092 678 1134 ex
692 1092 792 1150 genere
806 1092 869 1134 suc.
884 1078 951 1134 Pro·
986 1083 1041 1148 est,
1059 1092 1120 1134 narn
1134 1077 1176 1134 ler
1197 1077 1331 1150 posterior
1348 1076 1417 1133 daus
1435 1075 1545 1150 aliquod
1560 1071 1728 1148 remedium,
1745 1073 1788 1130 vel

146 1164 226 1222 batur
243 1168 460 1240 consequentia,
475 1173 535 1224 tum
549 1169 615 1240 quia
628 1169 681 1224 iarn
697 1167 762 1223 nibil
777 1167 887 1227 obstare
901 1182 950 1240 po·
986 1164 1142 1224 concedens
1157 1165 1271 1239 aliquid,
1283 1182 1335 1222 noo
1351 1165 1440 1223 rulers
1454 1181 1487 1222 eo
1502 1165 1561 1237 ipso
1579 1162 1728 1222 remedium
1739 1162 1788 1219 da·

147 1263 199 1312 test
213 1255 257 1312 ler
281 1256 328 1312 illa
341 1258 495 1330 antiquior,
511 1257 553 1314 rcl
567 1257 693 1314 resistcre
707 1257 786 1314 alteri
804 1256 871 1330 legi,
886 1257 951 1329 quia
984 1261 1045 1312 tum
1060 1271 1108 1327 per
1123 1257 1243 1329 priorem
1259 1253 1365 1328 legem,
1381 1254 1462 1311 habet
1475 1255 1550 1326 enim,
1560 1252 1685 1310 eamdem
1703 1253 1785 1308 ratio·
1861 1270 1864 1275 ·

145 1343 218 1418 quod
236 1361 293 1402 uon
307 1353 361 1414 est,
374 1361 429 1402 non
445 1353 537 1418 potest
551 1346 629 1404 alteri
643 1347 782 1417 resistere,
795 1351 855 1402 turn
868 1345 950 1402 etiam
985 1358 1059 1414 nem,
1071 1343 1181 1418 quando
1196 1343 1314 1401 remedia
1328 1345 1392 1400 alias
1407 1345 1476 1400 inter
1490 1359 1519 1400 se
1534 1359 1587 1400 non
1606 1348 1737 1415 pugnant.
1751 1342 1787 1399 Et

145 1437 207 1506 quia
227 1435 272 1491 ius
293 1442 361 1492 actu
381 1437 500 1493 existens
521 1436 729 1508 praeterendum
747 1442 791 1492 est
809 1435 858 1507 illi,
873 1435 949 1509 quod
984 1434 1021 1490 ita
1040 1440 1116 1491 notat
1128 1435 1228 1491 Novar.
1242 1449 1320 1490 cons.
1336 1439 1361 1491 8.
1379 1432 1412 1490 de
1426 1432 1501 1490 ollio.
1515 1431 1605 1489 ordin.
1617 1437 1647 1488 et
1668 1430 1785 1488 sumitur

144 1523 194 1578 mm
210 1524 363 1594 praeteriit,
382 1531 411 1581 et
425 1541 478 1580 ηηη
492 1531 544 1594 est3
560 1541 626 1598 ergo
641 1525 815 1584 favorabilior
826 1540 886 1581 esse
900 1523 947 1582 de·
983 1538 1017 1580 er
1032 1523 1086 1596 leg.
1098 1527 1218 1596 quoties,
1237 1523 1265 1579 ll.
1281 1523 1314 1580 de
1329 1521 1430 1579 action
1447 1528 1474 1578 et
1486 1520 1598 1594 obligat.
1611 1519 1657 1577 ubi
1671 1518 1783 1589 dicitur,
1822 1543 1830 1550 ·

141 1611 185 1669 bet
199 1613 376 1670 conservatio
399 1615 548 1685 praesentis
562 1615 649 1686 iuris,
665 1628 749 1688 quam
763 1614 890 1672 reductio
913 1615 947 1676 ad
983 1611 1071 1684 legem
1083 1611 1194 1669 dantem
1206 1627 1303 1669 noram
1315 1613 1449 1669 uodonem
1465 1626 1518 1667 uon
1530 1611 1782 1683 auterreantiquas,

139 1703 343 1772 praeteritum,
372 1718 405 1760 eo
425 1703 469 1784 rel
486 1705 602 1761 maxime
621 1703 775 1778 quodcum
789 1703 856 1762 illud
871 1719 949 1777 prae·
983 1701 1035 1758 nisi
1047 1717 1094 1759 eas
1109 1717 1237 1774 expresse
1251 1699 1391 1758 excludat.

138 1792 255 1848 teritum
277 1793 322 1849 ius
342 1792 396 1848 iam
418 1808 471 1849 non
491 1795 527 1849 sit
548 1792 603 1866 lex,
623 1809 676 1850 non
697 1799 789 1866 potest
801 1791 866 1866 dici,
885 1807 947 1850 esse
1020 1789 1132 1849 Addunt
1146 1806 1210 1848 vero
1224 1791 1317 1864 aliqui,
1327 1791 1349 1847 si
1363 1795 1452 1863 potest
1461 1790 1540 1848 vitari
1552 1789 1729 1847 contrarietas
1743 1787 1783 1846 le·

137 1879 180 1936 ius
192 1895 361 1938 communes
376 1881 445 1938 Tum
464 1880 591 1954 denique,
612 1882 677 1955 quia
699 1885 815 1940 mutatio
831 1882 896 1956 legis
914 1897 947 1940 eo
982 1897 1062 1955 gum,
1076 1881 1189 1938 alterius
1201 1880 1283 1938 verbe
1295 1880 1442 1952 improprie
1457 1877 1640 1952 intelligendo,
1652 1885 1719 1935 tunc
1733 1894 1783 1950 po·

136 1977 180 2026 est
200 1970 294 2042 magis
318 1969 429 2042 odiosa,
452 1987 508 2045 quo
523 1968 724 2044 multiplicetur
739 1973 864 2046 saepius,
881 1972 946 2045 quia
982 1969 1126 2028 sicciorem
1138 1984 1198 2026 essc
1210 1967 1451 2044 impropriandam,
1462 1969 1604 2026 uisitetur
1614 1969 1783 2042 prioriscor-

135 2074 168 2115 οη
182 2049 274 2132 magis
288 2059 405 2133 derogat
426 2067 540 2118 naturae
554 2067 583 2118 et
596 2061 705 2119 utilitati
719 2061 796 2134 legis,
811 2077 878 2136 ergo
891 2078 945 2119 nou
981 2061 1077 2117 rectio.
1099 2061 1137 2116 lta
1157 2059 1258 2118 docent
1276 2057 1400 2116 absoluta
1419 2072 1453 2115 er
1473 2057 1614 2114 modernis
1640 2055 1781 2116 referendo

136 2150 248 2221 miuus,
263 2150 320 2204 imo
340 2151 426 2222 magis
440 2150 567 2224 restringi
581 2148 663 2208 debet
677 2151 792 2209 mutatio
806 2150 945 2209 secundae
980 2147 1085 2222 aliquos
1097 2149 1346 2224 antiquos,Gutier.
1356 2147 1436 2206 libi.
1446 2150 1722 2222 Praeticar.q.15‚n.
1731 2152 1779 2219 il,

135 2236 203 2308 legis
217 2238 382 2310 abrogantis
398 2240 529 2310 priorem,
543 2241 626 2312 quam
640 2240 772 2312 ipsamet,
787 2255 859 2314 quae
873 2241 946 2313 prio·
979 2244 1008 2296 et
1020 2241 1100 2296 Sane.
1114 2239 1161 2298 lib.
1178 2243 1202 2297 l.
1214 2239 1247 2296 de
1259 2239 1376 2297 matrim.
1388 2239 1457 2310 disp.
1475 2241 1519 2309 li,
1532 2254 1608 2296 cum.
1617 2243 1643 2296 a.
1657 2238 1709 2296 Sed
1727 2253 1781 2296 non

135 2341 195 2384 rem
216 2326 373 2400 abrogavit.
391 2329 508 2400 Propter
527 2327 595 2385 haec
615 2344 728 2402 censeo,
743 2329 810 2387 illud
830 2331 945 2404 vulgare
981 2325 1058 2384 video
1072 2327 1212 2385 sufficiens
1224 2326 1433 2386 tundamentum
1443 2334 1498 2385 tam
1509 2327 1779 2402 generalisregulae,

134 2419 306 2491 principium
316 2433 372 2475 non
391 2417 665 2493 esseintelligendum
677 2419 780 2492 delego
798 2419 945 2477 universali
980 2417 1077 2490 quiesi
1092 2417 1135 2476 illa
1150 2417 1258 2474 licentia
1271 2417 1397 2475 absolute
1408 2417 1496 2490 accipi
1510 2425 1614 2491 posset,
1627 2418 1667 2474 sir
1682 2417 1781 2476 admit·

134 2507 329 2565 universaliter
344 2507 484 2581 abrogata,
492 2509 629 2582 quictunc
641 2508 713 2581 apud
724 2525 768 2567 me
784 2515 946 2582 argumenta
980 2507 1060 2564 tenda
1077 2523 1198 2581 unquam
1209 2513 1283 2564 esset
1294 2509 1444 2580 correctio,
1457 2507 1498 2564 vel
1510 2507 1651 2580 abrogatio
1664 2508 1732 2563 inter
1743 2507 1782 2563 lc·

134 2598 327 2670 convincunt,
342 2612 396 2654 uon
410 2612 471 2655 esse
490 2596 643 2655 habendam
659 2599 793 2656 rationem
806 2601 882 2671 eius,
899 2613 945 2656 ne·
979 2613 1037 2670 ges,
1054 2604 1167 2671 propter
1182 2597 1424 2668 contrarietatem,
1439 2597 1503 2670 quia
1516 2597 1705 2670 improprietas
1718 2611 1781 2653 ver·

135 2701 189 2758 que
206 2686 284 2742 illam
304 2701 387 2758 posse
402 2687 519 2759 amplius
539 2689 632 2745 vocari
647 2689 689 2746 ius
710 2703 873 2758 commune,
889 2703 941 2746 nec
979 2685 1077 2743 borum
1092 2693 1195 2744 tautam
1210 2684 1292 2744 habet
1306 2685 1488 2757 latitudinem,
1501 2691 1534 2742 ut
1547 2687 1570 2742 si
1583 2691 1695 2759 propter
1709 2685 1780 2742 banc

134 2773 329 2831 reductionem
343 2773 378 2830 ad
389 2777 428 2833 rei
443 2783 581 2834 natttmm.
593 2777 799 2851 intelligendum
811 2779 865 2836 erit
875 2792 944 2852 ergo
980 2775 1064 2832 sclam
1083 2790 1196 2834 oausam
1210 2775 1256 2833 illa
1277 2776 1316 2834 uti
1331 2775 1428 2848 liceat,
1442 2772 1500 2831 iare
1523 2790 1631 2846 semper
1643 2775 1722 2833 laoilc
1743 2777 1779 2833 sit

135 2862 203 2919 illud
218 2863 384 2934 principium
402 2863 436 2922 de
450 2864 568 2936 generali
581 2865 653 2940 lege,
664 2882 736 2939 quae
753 2867 944 2924 universaliter
979 2867 1199 2922 contrarietatem
1213 2865 1308 2921 vitare:
1319 2869 1495 2936 'consequens
1509 2871 1601 2922 autern
1611 2873 1654 2922 est
1667 2865 1777 2934 salsum,

134 2951 248 3024 quidem
263 2960 430 3023 perseueret,
442 2955 468 3009 in
483 2953 643 3024 particulari
658 2962 751 3012 autem
762 2955 894 3031 derogata
908 2957 946 3014 sit
978 2953 1044 3011 alias
1065 2953 1131 3010 nihil
1150 2960 1224 3011 esset
1243 2954 1352 3010 tirmum
1370 2960 1398 3010 et
1418 2953 1555 3011 stabilem
1576 2953 1692 3029 legibus.
1703 2955 1781 3015 Unde

135 3055 184 3111 per
201 3045 350 3110 statutum,
367 3048 416 3098 aut
435 3041 521 3114 legem
551 3041 757 3114 particularem.
772 3045 849 3102 Tune
869 3047 942 3101 enlm
978 3044 1168 3116 confirmatur,
1182 3045 1247 3117 quia
1264 3043 1352 3100 maius
1366 3043 1559 3100 inconveniens
1573 3051 1627 3114 eet,
1639 3043 1780 3105 admittere

136 3137 229 3188 cessat
239 3131 358 3189 obiectio
375 3131 457 3204 factm
469 3146 531 3188 nam
545 3131 588 3189 lex
599 3132 644 3188 illa
658 3142 722 3206 post
735 3133 942 3208 derogationem
978 3133 1214 3205 improprietatem
1228 3132 1253 3188 ic
1274 3131 1417 3204 posteriori
1431 3133 1508 3206 lege,
1522 3143 1605 3206 quarn
1623 3132 1780 3206 derogatio·

135 3218 237 3290 durat,
255 3227 285 3276 et
304 3218 338 3276 de
351 3235 382 3276 se
402 3219 547 3277 constituit
559 3219 601 3276 ius
622 3236 786 3279 commune:
810 3229 838 3280 et
851 3225 889 3280 ita
908 3220 942 3279 de
977 3237 1040 3296 nem
1054 3223 1081 3278 in
1095 3223 1195 3294 priori,
1211 3223 1370 3293 praesertim
1385 3223 1448 3296 quia
1462 3222 1537 3279 nulla
1550 3231 1593 3280 est
1610 3223 1698 3281 maior
1711 3227 1779 3284 ratio

134 3307 181 3364 illo
196 3308 325 3379 procedit
339 3315 415 3365 recte
432 3310 587 3365 communis
602 3309 671 3366 ratio
685 3316 713 3366 et
726 3310 863 3368 doctrina.
978 3310 1172 3381 impropriaudi
1185 3312 1317 3382 priorem,
1328 3326 1413 3384 quam
1427 3296 1779 3384 posteriorsn.'cortrnr-

174 3398 243 3454 ltico
257 3399 356 3455 tertio:
373 3398 429 3456 Lex
449 3399 585 3470 posterior
598 3414 651 3456 noc
673 3399 774 3456 habens
788 3399 943 3460 clausulam
978 3405 1024 3455 tur
1038 3398 1162 3456 secundo
1172 3413 1205 3455 ca
1220 3397 1316 3456 Glossa
1326 3400 1351 3455 in
1366 3399 1453 3456 loon
1463 3406 1599 3474 possunt,
1612 3401 1680 3458 lide
1696 3404 1776 3476 legib.

135 3485 330 3560 derogantem,
350 3486 393 3542 rel
413 3486 593 3559 abrogantem
611 3487 747 3560 priorem,
762 3504 815 3545 non
829 3496 943 3547 remeat
976 3488 1097 3561 dicente,
1111 3490 1139 3546 in
1159 3487 1242 3545 dubio
1260 3487 1294 3545 dc
1314 3487 1478 3561 benignitate
1494 3487 1560 3562 legis
1581 3493 1777 3562 proprietatem

134 3575 228 3645 illam,
242 3576 293 3631 nisi
310 3573 420 3647 quando
434 3575 470 3632 illi
484 3576 587 3634 directe
603 3578 768 3652 opponitur,
782 3581 819 3636 ita
833 3586 866 3637 ut
889 3581 942 3636 nisi
977 3579 1125 3636 verborum
1136 3591 1197 3634 esse
1213 3576 1368 3648 tenendam,
1380 3582 1409 3634 et
1422 3578 1449 3633 ic
1461 3577 1650 3650 superioribus
1663 3595 1778 3654 genera·

134 3664 216 3735 priori
235 3663 364 3737 deroget,
391 3667 437 3721 list
455 3665 570 3722 inutilis.
586 3665 625 3722 lta
645 3665 746 3724 docent
759 3671 942 3726 communiter
976 3666 1038 3726 liter
1052 3666 1188 3738 diximus,
1203 3666 1406 3724 restrictionem
1419 3665 1486 3741 legis
1502 3681 1610 3740 semper
1623 3684 1685 3726 esse
1700 3671 1779 3729 intel·

132 3760 266 3810 auctores
279 3753 364 3810 citati.
374 3753 409 3809 lit
425 3753 450 3809 in
465 3753 570 3825 primis,
583 3753 658 3826 quod
672 3755 717 3812 illa
730 3753 786 3815 duo
801 3755 942 3813 sufficiant
977 3756 1112 3830 ligandam
1131 3759 1204 3812 intra
1223 3750 1424 3829 proprietatem
1437 3755 1606 3824 verborum,
1622 3758 1672 3815 cisi
1689 3761 1778 3818 conti·

133 3842 168 3899 ad
186 3842 407 3915 derogationem,
422 3842 596 3900 manifestum
623 3849 682 3916 est,
699 3847 765 3918 quia
785 3845 852 3904 alias
871 3861 942 3905 uun·
976 3852 1040 3903 cest
1058 3846 1244 3919 iniquitatem,
1259 3843 1302 3902 rel
1321 3845 1536 3918 absurditatem,
1552 3854 1585 3905 ut
1603 3849 1687 3908 tradit
1700 3851 1775 3910 liert.

132 3946 219 4004 quam
237 3938 333 4002 posset
347 3932 404 3987 fieri
428 3931 569 4005 abrogatio
583 3931 650 4005 legis
666 3933 724 3992 sine
743 3934 849 3994 formali
863 3935 942 3994 clau·
975 3936 1003 3992 in
1017 3934 1036 3992 Ι.
1044 3951 1143 3991 omnes
1156 3933 1268 4010 populi,
1282 3935 1310 3992 ff.
1323 3934 1357 3993 de
1371 3937 1458 3993 iustit.
1474 3944 1502 3994 et
1514 3939 1571 3996 iur.
1584 3931 1612 3996 η’.
1623 3942 1671 4013 st,
1683 3947 1712 3998 et
1728 3946 1775 4015 58,

133 4020 196 4077 sula
213 4021 404 4094 derogatoria,
422 4021 485 4093 quia
500 4020 564 4077 nibil
581 4021 653 4079 aliud
667 4025 787 4098 requiri,
802 4031 851 4082 aut
864 4025 942 4099 cogi·
975 4025 1102 4081 Panorm.
1112 4026 1177 4082 [tec.
1193 4025 1278 4083 Feliu.
1290 4032 1318 4082 et
1332 4025 1376 4083 alii
1389 4027 1572 4084 communiter
1585 4029 1611 4084 ln
1627 4044 1688 4102 esp.
1705 4033 1729 4090 l.
1743 4030 1777 4090 de

133 4110 184 4166 trri
193 4115 296 4182 potest:
309 4124 483 4182 consequens
501 4116 750 4184 autemestaperte
761 4113 870 4185 laisum,
881 4122 939 4172 tum
975 4115 1086 4170 constit.
1105 4117 1242 4186 berngero
1264 4121 1355 4172 autem
1371 4115 1452 4189 priori
1467 4115 1532 4190 legi,
1548 4132 1639 4191 neque
1654 4119 1777 4194 iniquum
1800 4167 1809 4180 .

132 4212 165 4254 ex
178 4213 243 4270 cap.
255 4205 281 4256 t.
298 4198 331 4255 de
352 4199 500 4255 constitin
516 4203 618 4258 ecum
631 4201 727 4258 Glossa
740 4202 787 4276 ibi,
802 4209 831 4261 et
842 4203 937 4261 docto·
974 4209 1034 4274 est,
1051 4218 1140 4277 neque
1160 4202 1329 4273 absurdum3
1344 4220 1411 4278 ergo
1431 4219 1480 4277 per
1499 4221 1528 4262 se
1549 4205 1704 4280 loquendo,
1719 4226 1776 4268 non

131 4287 225 4358 ribus,
243 4293 302 4344 tum
320 4287 402 4345 etiam
422 4289 489 4361 quia
507 4287 634 4345 voluntas
648 4293 802 4366 posterior,
817 4308 887 4367 quae
905 4307 939 4351 cr
975 4298 1041 4349 suut
1059 4293 1142 4349 verba
1159 4291 1226 4365 legis
1247 4295 1404 4365 posterioris
1423 4296 1572 4366 improprie
1590 4297 1774 4372 intelligenda,

133 4377 160 4431 ri
180 4375 282 4434 obiecti
302 4393 358 4434 non
378 4384 471 4449 potest
490 4377 641 4436 consistere
661 4395 726 4437 cum
753 4383 938 4457 praecedenti,
974 4381 1774 4462 ncdcrogentpriori.Possetautemilludadmitti,quacdo

132 4472 222 4524 mutat
236 4465 329 4539 illam,
343 4468 448 4523 etiamsi
474 4467 624 4526 formaliter
636 4477 664 4526 et
683 4485 812 4543 expresse
825 4488 880 4528 non
898 4474 940 4530 in·
974 4470 1165 4544 improprietas
1176 4487 1230 4528 ηοη
1244 4478 1287 4529 est
1301 4479 1386 4544 tants,
1399 4475 1466 4545 quin
1481 4474 1635 4534 seeundum
1649 4492 1777 4538 commu·

133 4555 228 4614 tendat
244 4557 331 4629 ipsam
350 4557 565 4630 abrogationem,
580 4573 646 4633 ergo
656 4565 710 4616 etc.
724 4559 802 4627 Quod
814 4576 879 4619 vero
892 4560 939 4618 illa
973 4575 1036 4616 nem
1051 4577 1133 4617 usum
1153 4559 1260 4618 soleant
1271 4562 1355 4618 rerba
1370 4563 1396 4618 in
1415 4561 1460 4619 illa
1475 4563 1670 4636 significatione
1692 4583 1775 4626 ustus

134 4645 190 4702 duo
204 4653 271 4703 suut
282 4647 437 4703 necessaris
452 4645 485 4702 ad
497 4645 567 4702 bano
579 4648 782 4722 abrogationem
792 4650 873 4722 quasi
884 4652 938 4706 vir·
973 4651 1042 4722 pari,
1058 4649 1100 4706 rel
1120 4648 1230 4722 quando
1249 4649 1404 4708 seeundum
1424 4667 1506 4708 usum
1520 4654 1586 4710 iuris
1605 4658 1710 4714 censeri
1725 4673 1776 4729 po·

134 4733 249 4805 tualem,
264 4749 314 4792 seu
331 4733 510 4804 indirectam,
525 4741 599 4808 patet
611 4751 645 4793 er
659 4737 833 4809 praecedenti
847 4753 937 4795 asser·
974 4745 1026 4795 test
1039 4738 1083 4795 illa
1095 4739 1256 4812 significatio
1265 4741 1385 4813 propria,
1398 4741 1463 4798 licet
1477 4749 1577 4800 attenta
1591 4746 1676 4818 prima
1691 4749 1775 4820 signi·

133 4825 216 4897 tione,
231 4823 329 4898 quiesi
345 4823 707 4898 legespossuntconciliari,
720 4834 826 4886 nonest
840 4827 938 4886 admit·
972 4829 1097 4886 tinctione
1112 4827 1240 4886 videatur
1254 4828 1412 4902 impropria.
1429 4831 1464 4887 Ut
1479 4838 1554 4903 patet
1567 4834 1595 4890 in
1617 4837 1773 4906 particulari

133 4913 213 4970 tenda
226 4913 383 4984 correctio,
397 4913 446 4970 scd
468 4913 579 4986 quando
595 4921 711 4988 utraque
725 4923 816 4988 potest
838 4917 937 4975 babere
973 4917 1109 4992 exemplo,
1125 4919 1151 4974 in
1164 4935 1221 4992 quc
1235 4918 1387 4992 loquuntur
1401 4920 1500 4977 Pauor.
1513 4923 1539 4977 in
1554 4939 1581 4979 o.
1594 4925 1672 4981 Cum
1685 4925 1768 4995 olim,

132 5001 272 5075 effectum,
287 5001 428 5058 conciliari
451 5010 582 5074 possunt3
599 5018 675 5088 ergo.
685 5005 719 5060 Et
732 5004 867 5063 declarari
881 5006 936 5064 boc
972 5005 1007 5064 de
1020 5023 1050 5066 re
1063 5005 1149 5065 iudic.
1160 5009 1334 5066 auscultet
1348 5008 1436 5066 Felin
1445 5025 1506 5082 cap.
1517 5015 1579 5068 lt'ms
1590 5019 1693 5087 potest,
1707 5016 1772 5076 eod.

132 5097 222 5164 potest
236 5090 346 5148 duobus
368 5089 510 5162 exemplis.
525 5092 617 5149 Unum
631 5100 689 5163 est,
705 5096 769 5167 quia
783 5095 825 5152 lex
846 5102 938 5168 posta·
971 5097 1103 5154 lituum.
1118 5102 1146 5170 8,
1163 5098 1268 5155 scilicet
1281 5097 1315 5154 de
1335 5097 1469 5156 electione
1483 5101 1554 5158 iacta
1568 5104 1594 5158 in
1613 5105 1772 5179 concordia,

133 5180 186 5239 rior
199 5181 345 5252 imponens
358 5194 456 5236 coram
479 5195 594 5252 poenam
607 5197 662 5240 non
680 5191 811 5242 censetur
822 5199 855 5244 ec
874 5186 933 5257 ipso
972 5201 1043 5260 quae
1057 5188 1084 5243 in
1102 5187 1160 5244 iure
1175 5186 1246 5244 solet
1264 5186 1320 5244 dici
1337 5187 1419 5246 etiam
1433 5187 1467 5246 de
1485 5189 1549 5263 illa,
1569 5189 1595 5247 in
1610 5179 1665 5266 qua
1689 5196 1773 5258 maior

210 5287 540 5344 succendemini-Pus
548 5287 576 5334 u.
1430 5347 1435 5350 ,
1579 5299 1606 5346 ti
