4284 6246
859 367 965 418 ossus
978 369 1053 420 xrx.
1674 349 1734 414 tut

136 496 192 551 tius
209 492 327 566 probavi
344 491 391 550 lib.
408 497 435 551 ti.
453 491 486 550 ds
500 499 583 564 voto,
599 508 626 549 c.
646 495 675 553 ti
688 535 696 566 ,
710 491 757 550 nbi
774 491 943 550 sufficienter
978 509 1047 552 sam.
1064 491 1183 553 sednon
1200 449 1376 554 minns'beus
1388 534 1396 566 ,
1408 495 1463 551 imo
1478 494 1565 552 multo
1580 494 1679 568 magis,
1691 507 1775 566 quam

136 588 269 642 auctores
293 582 425 658 allegavi,
440 589 469 640 et
487 597 581 640 omnes
595 585 684 640 statim
703 582 835 656 allegandi
849 583 875 640 in
891 583 943 640 hoc
978 581 1114 640 humanus
1140 585 1283 657 princeps,
1306 584 1490 657 praesumitur
1510 585 1575 642 dure
1598 599 1677 640 snam
1698 589 1775 654 pote·

136 675 326 746 conveniunt,
354 681 382 731 et
401 671 460 730 ideo
480 688 534 729 non
552 678 596 730 est
608 687 722 730 necesse
737 673 764 728 io
777 673 831 730 boc
845 672 940 730 immo-
978 677 1079 728 statem
1093 672 1251 731 adstrictam
1266 673 1371 746 legibus
1385 675 1518 744 iustitias,
1532 680 1560 730 et
1573 673 1643 730 illius
1659 672 1775 729 turmam

136 765 202 821 rari.
979 760 1119 832 postulare
1135 769 1265 835 tanquam
1279 763 1453 820 essentialem
1467 763 1491 818 ln
1506 768 1572 820 actu
1584 761 1644 818 talis
1656 765 1776 834 potesta·

183 859 214 910 2.
230 851 326 910 Solum
341 856 450 924 oportet
462 849 619 924 advertere,
632 850 814 910 communiter
829 851 944 923 iurispe·
979 851 1033 921 tis,
1049 853 1114 924 quia
1127 867 1204 926 quoe
1217 868 1239 910 c
1252 856 1315 910 Deo
1328 857 1410 916 sunt.
1427 851 1570 910 ordinato
1584 857 1669 920 suom·
1685 849 1774 906 multo

136 931 206 1002 ¹ritus
219 942 345 1013 docere,
367 943 552 998 necessarium
573 957 634 999 esse
653 941 686 998 ud
702 941 821 998 sutorem
834 941 944 1013 dispen·
978 945 1052 996 carta
1068 943 1169 1014 magis,
1184 957 1268 1016 quam
1280 957 1333 1014 eu,
1349 957 1419 1014 quus
1433 949 1498 998 snut
1513 942 1547 998 ab
1567 940 1686 998 hnmano
1700 940 1776 1012 prin-

139 1033 256 1091 sationis
275 1033 310 1090 ab
335 1031 456 1088 interiori
473 1031 568 1105 datae,
583 1030 781 1104 uidispenset‚
797 1045 883 1088 consa
895 1046 942 1088 co·
980 1030 1057 1102 cipe3
1072 1036 1101 1086 et
1120 1030 1179 1088 iden
1200 1031 1300 1088 dicitnr
1321 1033 1392 1088 bens
1412 1046 1467 1087 non
1488 1029 1553 1087 dare
1571 1034 1733 1102 potestatem
1746 1029 1776 1084 in

139 1125 225 1198 gnita.
242 1121 296 1180 Sed
318 1122 375 1178 boc
397 1120 543 1193 dupliciter
563 1127 653 1193 potest
670 1121 791 1195 intelligi.
806 1122 897 1180 Primo
911 1119 944 1177 de
978 1118 1217 1190 destructionem,
1239 1120 1286 1176 sed
1306 1122 1334 1177 in
1355 1121 1585 1191 aedificationem,
1611 1123 1636 1177 t.
1651 1116 1774 1175 Corinth.

140 1213 298 1286 cognitione
315 1209 434 1268 iudiciali
447 1225 564 1282 causae,
581 1210 672 1278 idest,
685 1218 717 1268 nt
731 1208 884 1268 secundnm
900 1225 944 1265 or·
984 1213 1027 1266 10.
1043 1210 1116 1282 Ergo
1136 1207 1180 1266 illu
1194 1209 1375 1283 dispensatio,
1390 1226 1460 1284 quae
1476 1208 1615 1282 dissipatio
1635 1213 1692 1278 est,
1707 1213 1737 1264 st
1749 1208 1775 1262 in

140 1301 233 1359 dinem
249 1302 319 1358 iuris
336 1300 370 1357 de
389 1298 434 1356 illa
454 1299 624 1374 inquiretur,
639 1306 667 1357 et
680 1315 711 1358 ea
725 1299 866 1371 probetur.
884 1299 944 1355 Alio
979 1296 1211 1370 destructionem,
1233 1314 1287 1355 non
1307 1304 1350 1356 est
1370 1315 1385 1356 a
1399 1304 1534 1371 potestate
1552 1296 1615 1354 data
1629 1312 1646 1353 a
1658 1298 1729 1368 beo,
1743 1311 1776 1352 ac

142 1393 225 1456 modp
248 1397 339 1466 potest
357 1389 468 1464 intelligi
482 1390 515 1447 de
529 1391 685 1464 cognitione
699 1405 818 1461 causae,
832 1379 902 1464 quiae
918 1391 944 1446 io
981 1386 1096 1444 subinde
1109 1396 1152 1444 est
1165 1388 1250 1446 nulla.

142 1499 172 1540 re
187 1481 329 1540 sufficiens
348 1480 399 1551 sit,
414 1496 590 1554 quacumque
604 1482 664 1552 sin,
681 1495 729 1536 seu
745 1481 882 1553 diligentia
896 1479 944 1535 ad·
1019 1478 1123 1550 Tertio,
1140 1476 1183 1533 illa
1203 1477 1370 1550 dispensetis
1390 1477 1548 1535 non-reddit
1563 1484 1654 1535 tutum
1670 1475 1778 1547 dispen·

142 1572 239 1630 bibite.
261 1570 338 1640 Quod
365 1571 449 1644 igitur
470 1572 503 1627 ad
522 1572 612 1628 lorum
626 1571 811 1628 conscientiae
825 1577 944 1642 spectat,
980 1573 1086 1633 sutum,
1102 1569 1124 1622 si
1146 1567 1179 1623 de
1198 1566 1308 1624 deiectu
1327 1582 1427 1625 causus
1447 1568 1485 1625 illi
1499 1573 1625 1638 coostetp
1642 1581 1707 1638 ergo
1722 1580 1777 1622 non

143 1677 269 1732 censeo,
302 1661 372 1716 banc
388 1654 576 1731 'posteriorem
600 1662 781 1734 cognitionem
806 1661 944 1728 suilicere,
982 1663 1024 1713 est
1036 1656 1132 1712 salida.
1145 1657 1279 1715 Probatur
1291 1660 1486 1730 consequentia
1497 1699 1505 1731 ,
1516 1658 1579 1731 qnia
1594 1659 1616 1712 si
1628 1661 1701 1713 esset
1713 1655 1778 1711 ruli·

144 1753 209 1825 qnia
223 1767 258 1809 ex
271 1757 371 1808 natura
386 1753 425 1808 rel
441 1749 562 1820 sufficit,
577 1756 605 1808 et
622 1749 729 1806 nullum
743 1758 786 1807 est
798 1753 841 1808 ius
856 1750 947 1822 positi·
981 1747 1034 1818 da,
1050 1745 1159 1803 tolieret
1173 1746 1363 1821 obligationem
1379 1748 1443 1821 legis
1454 1789 1461 1819 ,
1472 1754 1501 1806 et
1516 1749 1556 1804 sic
1575 1747 1703 1804 redderet
1716 1745 1780 1801 sub·

146 1859 213 1899 sum
235 1840 379 1899 annullans
400 1839 630 1911 dispensationem
648 1831 756 1912 dutum,
771 1856 824 1897 oon
839 1846 947 1897 serrata
982 1835 1071 1894 ditum
1091 1843 1181 1894 tutum
1203 1839 1229 1893 in
1253 1838 1440 1909 conscientia,
1455 1839 1519 1910 qnia
1539 1853 1593 1894 nun
1617 1837 1731 1894 violaret
1743 1833 1782 1891 le-

144 1933 235 1990 lorme
255 1931 370 1989 inridica
398 1931 423 1986 in
444 1931 597 2003 cognitione
611 1947 723 1987 causae.
739 1931 823 1987 Cuius
837 1931 946 2002 signnm
981 1941 1053 1999 gem.
1069 1927 1205 1984 Probatur
1219 1933 1310 1984 erstem
1325 1927 1506 1994 antecedens,
1518 1929 1583 2001 quin
1601 1943 1656 1984 non
1671 1925 1781 1982 obstan·

145 2028 202 2092 est,
214 2024 284 2096 quin
298 2037 352 2078 non
370 2019 459 2077 solnm
473 2020 499 2076 in
512 2020 759 2094 dispensationibus
770 2020 944 2088 interiorum,
985 2022 1011 2072 ts
1026 2016 1071 2072 uti
1086 2015 1286 2087 disponsatione
1300 2024 1399 2097 peccat
1409 2018 1551 2090 subditus,
1571 2017 1673 2074 utendo
1683 2016 1739 2088 illa,
1751 2021 1783 2074 ut

145 2109 292 2168 sedetiam
306 2112 333 2166 in
351 2110 552 2183 disponsatione
566 2110 686 2181 supremi
698 2110 829 2182 principis
843 2107 946 2180 requiri
983 2103 1039 2161 iere
1054 2119 1147 2162 omnes
1162 2106 1297 2176 latentur3
1313 2122 1380 2179 ergo
1396 2115 1506 2164 nonest
1528 2114 1614 2164 tutus.
1626 2104 1783 2178 Respondet

145 2200 218 2258 solet
237 2201 359 2272 cognitio
383 2214 499 2272 causus,
516 2204 547 2255 nt
566 2206 641 2271 patet
662 2215 693 2256 sx
708 2199 863 2256 Tridentino
877 2213 946 2254 sess.
983 2195 1458 2269 Caietanns,peccareqnidem‚non
1476 2195 1783 2267 tamencontraobliga·

146 2295 200 2360 25,
211 2305 276 2361 cap.
290 2294 318 2361 83
331 2295 359 2345 et
376 2294 465 2345 tamen
475 2294 584 2346 constat
597 2288 669 2362 epod
683 2305 790 2360 omnes,
803 2289 830 2345 in
841 2288 949 2360 dispen·
984 2284 1082 2340 tionem
1099 2284 1166 2358 legis
1180 2288 1312 2358 positivae
1322 2329 1330 2358 ,
1342 2301 1412 2360 quas
1428 2303 1475 2359 per
1492 2285 1720 2359 dispensationem
1734 2284 1780 2342 ab·

145 2378 300 2436 sationibus
326 2378 470 2450 pontificiis
489 2393 542 2434 non
563 2379 664 2451 requiri
687 2377 759 2436 illam
773 2378 888 2434 lormam
902 2391 949 2433 co·
985 2372 1112 2442 lutainit,
1126 2373 1172 2431 sed
1185 2384 1282 2433 contra
1293 2375 1503 2449 legemnatnrae
1515 2377 1703 2448 praecipientis
1721 2376 1782 2430 nni-

145 2469 276 2544 gnitionis
300 2483 417 2538 causae,
440 2475 471 2526 nt
489 2467 593 2526 validas
614 2470 678 2525 sint.
694 2468 780 2538 Igitur
794 2464 884 2524 solnm
900 2481 948 2538 po·
986 2462 1150 2521 formitatem
1171 2466 1257 2537 partis
1276 2481 1340 2522 cum
1363 2473 1421 2524 toto
1442 2483 1572 2539 corpore.
1599 2465 1652 2524 Sed
1673 2472 1781 2523 contra:

147 2565 202 2618 test
214 2558 263 2615 illa
288 2559 376 2616 turma
395 2573 457 2616 esee
477 2559 648 2627 accesseris,
664 2564 697 2615 nt
709 2561 735 2614 in
749 2557 807 2614 loro
821 2554 949 2613 exteriori
984 2568 1048 2612 nam
1059 2553 1101 2610 lex
1111 2560 1226 2611 naturae
1236 2573 1290 2613 non
1301 2555 1403 2629 obligat
1413 2556 1446 2613 ad
1456 2557 1666 2613 uniformitatem
1682 2555 1707 2611 in
1719 2570 1784 2626 ope·

148 2654 297 2707 censeatur
315 2647 403 2705 valida
413 2647 595 2720 dispensatio,
609 2648 671 2721 spuria
684 2647 729 2704 ubi
745 2663 798 2702 non
812 2644 951 2718 praecedit
984 2661 1029 2715 re,
1047 2645 1073 2700 in
1093 2660 1148 2717 qno
1171 2661 1224 2702 non
1243 2652 1287 2703 est
1308 2646 1450 2703 noiiormis
1471 2647 1613 2720 obligatio,
1632 2645 1679 2703 sed
1693 2645 1783 2717 positu

149 2738 196 2795 illa
207 2752 311 2796 causae
328 2738 465 2811 cognitio,
477 2740 636 2811 surreptitia
647 2737 832 2810 praesumitur
842 2737 949 2809 dispen·
985 2733 1185 2806 dispensatione
1200 2735 1287 2792 salida
1302 2776 1309 2809 ,
1324 2737 1378 2792 iam
1393 2752 1445 2793 oon
1459 2745 1502 2792 ost
1518 2735 1659 2793 nuiiormis
1680 2735 1783 2807 oblige-

149 2829 240 2900 satio‚
256 2825 370 2884 ntidem
381 2827 565 2884 Tridentinum
576 2827 652 2884 dixit.
666 2827 723 2883 lmo
736 2827 872 2894 existimo,
886 2841 948 2897 pos·
975 2825 1024 2886 ,tiu
1038 2830 1168 2894 respectu
1182 2823 1244 2897 talis
1258 2826 1363 2898 operis3
1378 2840 1446 2898 ergo
1460 2842 1511 2882 nec
1525 2828 1568 2882 ins
1587 2816 1700 2882 natnr'ue
1716 2823 1784 2881 obli·

150 2933 179 2974 se
200 2919 273 2974 banc
295 2917 543 2991 praesumptionem
562 2917 623 2974 elidi
643 2919 670 2972 in
691 2917 751 2973 toro
763 2923 901 2997 externo,
925 2915 948 2972 si
984 2913 1061 2986 gabit
1070 2913 1105 2970 ad
1115 2914 1277 2970 servandam
1289 2915 1502 2973 uniformitatem
1513 2915 1537 2970 in
1549 2914 1610 2987 illo,
1627 2915 1668 2972 rel
1680 2915 1702 2970 si
1715 2913 1784 2970 obli·

150 3007 323 3064 snfficienter
337 3006 481 3078 probetur,
494 3021 606 3064 euersam
619 3007 765 3079 legitimam
776 3006 947 3078 interfuisse,
986 3008 1034 3076 gat
1047 3018 1101 3058 non
1117 2995 1240 3060 ob'stante
1253 3003 1297 3060 tuli
1308 3004 1526 3076 dispensatione,
1538 3006 1647 3077 signnm
1657 3009 1711 3074 est,
1728 3016 1782 3058 non

150 3101 215 3171 quia
229 3106 297 3154 tunc
313 3113 363 3168 per
376 3096 558 3154 sufficientem
574 3096 757 3168 probationem
771 3097 909 3153 constabit
922 3096 948 3150 in
985 3106 1045 3148 esse
1066 3092 1182 3149 validam
1204 3093 1277 3150 illam
1297 3091 1534 3165 dispensationem.
1551 3093 1653 3160 Quarto
1671 3093 1693 3148 si
1710 3091 1782 3164 prin·
1895 3095 1896 3100 ’

151 3191 210 3245 loro
237 3195 368 3257 externo,
389 3186 617 3258 dispensationem
637 3201 698 3244 esse
722 3185 857 3256 ualidam5
883 3201 950 3258 ergo
985 3196 1052 3253 ceps
1067 3189 1159 3253 posset
1172 3182 1259 3240 valide
1274 3183 1433 3255 dispensare
1446 3199 1510 3241 oum
1526 3183 1634 3240 subdito
1648 3183 1704 3239 sine
1717 3197 1784 3238 can-

150 3277 225 3335 nulla
239 3280 310 3335 retio
330 3285 473 3348 superest,
488 3291 541 3333 cur
554 3277 642 3348 possit
652 3275 728 3334 nulls
741 3277 891 3349 proesumi,
903 3280 952 3331 eut
987 3287 1032 3343 se,
1048 3279 1077 3328 st
1087 3287 1201 3344 prosna
1217 3273 1372 3345 voluntate;
1387 3287 1452 3345 ergo
1468 3273 1554 3330 multu
1571 3274 1656 3344 magis
1675 3287 1781 3344 secum,

151 3369 339 3440 pronuntiari,
356 3381 444 3439 neque
462 3365 543 3423 etiam
566 3381 618 3422 cnr
641 3365 726 3437 possit
747 3366 866 3435 irritari,
888 3364 952 3436 quia
985 3362 1050 3436 quia
1064 3364 1137 3418 sicut
1149 3362 1289 3419 volumtate
1304 3379 1354 3418 sna
1366 3363 1559 3434 positeeotlex
1571 3366 1700 3434 respectu
1718 3361 1784 3418 alio·

150 3458 258 3514 nullum
278 3463 328 3526 est,
346 3457 403 3525 ins,
419 3455 494 3528 quod
514 3455 566 3512 boc
588 3457 751 3528 praecipiat,
766 3455 807 3511 rel
822 3453 897 3528 qrrod
912 3461 952 3510 ta·
985 3467 1064 3522 rum,
1081 3451 1116 3506 ita
1135 3457 1163 3506 et
1183 3459 1311 3522 respectu
1333 3445 1391 3522 sui,
1406 3468 1473 3526 ergo
1487 3451 1580 3508 eadem
1596 3451 1721 3508 absoluta
1736 3466 1783 3506 ro·

152 3546 204 3602 lem
221 3561 335 3616 poenam
350 3547 481 3617 imponat.
985 3539 1090 3596 luntate
1104 3540 1235 3611 poterita
1255 3555 1284 3596 se
1298 3540 1487 3613 obligationem
1504 3540 1562 3597 tulis
1579 3541 1647 3613 legis
1662 3540 1781 3612 auterre,

190 3637 251 3691 Hoc
266 3649 333 3705 ergo
345 3633 503 3705 supposito,
515 3632 664 3689 dillicultes
675 3633 761 3690 estds
774 3630 951 3703 dispensatio·
986 3645 1041 3701 qua
1053 3634 1168 3699 potesta
1179 3629 1297 3686 subdito.
1313 3634 1346 3686 tlt
1356 3646 1527 3705 consequens
1539 3637 1581 3686 est
1595 3631 1704 3702 falsum,
1716 3630 1782 3687 alius

150 3739 184 3780 ne
205 3722 334 3794 principis
361 3725 388 3777 in
410 3721 468 3795 lege
483 3737 547 3792 sna,
563 3729 591 3778 et
604 3721 698 3778 eadem
713 3729 756 3778 est
769 3720 803 3778 de
817 3737 952 3794 quocum·
987 3735 1129 3794 nnnqrmm
1151 3720 1276 3792 princeps
1297 3720 1465 3793 obligaretur
1485 3720 1532 3777 llla
1547 3721 1621 3794 lege,
1637 3722 1701 3793 qnia
1716 3719 1783 3777 obli·

150 3827 205 3884 qne
223 3811 376 3882 legislatore
399 3813 426 3865 in
447 3827 497 3866 sua
513 3810 586 3883 lege,
601 3811 708 3866 etiamsi
723 3825 871 3882 supremus
887 3811 952 3866 sim·
986 3810 1075 3882 gatio,
1088 3825 1157 3881 quae
1170 3810 1225 3866 sine
1237 3824 1336 3882 consa,
1348 3815 1376 3866 st
1387 3809 1495 3881 propria
1506 3809 1646 3866 vobrntete
1665 3807 1723 3865 tolli
1734 3825 1784 3880 po·

150 3900 258 3971 pliciter
281 3916 336 3956 non
357 3901 411 3973 sit,
427 3899 628 3972 qniaeamdem
641 3901 845 3971 proportionem
860 3885 952 3958 servat
987 3905 1055 3970 test,
1071 3898 1144 3954 nulla
1158 3899 1281 3971 proiecto
1295 3905 1348 3974 ssi,
1363 3899 1405 3956 vel
1421 3899 1522 3957 nullius
1537 3899 1679 3972 momenti,
1691 3905 1723 3956 nt
1736 3915 1783 3955 su·

135 3989 184 4046 ·ad
204 3989 293 4063 legem
308 4004 396 4045 snum.
412 3989 527 4046 llidetur
541 4005 608 4062 ergo
623 3988 685 4045 tulis
699 3989 866 4060 dispensatio
879 4004 951 4046 sem·
986 4002 1035 4058 pra
1050 3986 1271 4060 argumentabor.

1 4127 2 4138 .
99 4067 104 4078 ”
149 4094 197 4152 per
217 4093 281 4136 esse
306 4077 591 4151 unlla.Primo,quie
610 4079 952 4150 sempsrestiniusts,nt
1016 4079 1138 4156 ‚Propter
1159 4076 1243 4149 haec,
1261 4075 1304 4133 vel
1324 4078 1420 4134 similia
1434 4084 1596 4152 argumenta
1612 4077 1696 4152 aliqui
1708 4076 1785 4134 dixe·

151 4185 236 4240 snpra
252 4168 396 4239 probotum
411 4173 472 4238 est3
488 4182 555 4241 ergo
571 4183 679 4239 semper
692 4174 735 4224 est
749 4167 833 4225 nulle.
849 4168 952 4226 Proba·
986 4173 1066 4242 runt,
1083 4167 1310 4238 dispensationem
1326 4167 1434 4238 datam,
1450 4169 1532 4225 etiam
1547 4184 1562 4223 u
1575 4169 1666 4240 Pupa,
1683 4168 1708 4223 in
1724 4167 1783 4240 lege

149 4267 196 4316 tur
215 4259 413 4331 consequentia
423 4299 430 4328 ,
442 4257 506 4331 quia
519 4256 561 4314 lea
576 4257 675 4314 iniusta
689 4274 743 4313 non
757 4264 800 4314 est
816 4259 867 4329 lex3
883 4275 949 4333 ergo
985 4257 1121 4313 canonica
1133 4272 1193 4312 esse
1207 4256 1331 4328 nnllam,
1348 4257 1510 4331 nullumque
1525 4257 1655 4316 ellectum
1671 4257 1781 4325 babere3

151 4365 202 4406 nec
217 4349 385 4419 dispensatio
397 4347 496 4403 iniusta
509 4353 552 4403 est
567 4347 836 4419 dispensatio,inrta
846 4348 950 4405 dictum
986 4361 1017 4402 ac
1032 4345 1148 4402 subinde
1163 4362 1249 4419 aeque
1265 4361 1381 4418 peccaro
1397 4346 1555 4420 subditum,
1571 4364 1623 4404 non
1648 4346 1783 4405 seruando

149 4437 283 4496 Bernardi
300 4437 346 4494 lib.
363 4442 390 4495 3.
406 4435 442 4492 de
457 4435 570 4493 consid.
585 4452 649 4508 cap.
664 4443 692 4496 t.
702 4439 735 4510 ln
750 4439 812 4507 tine,
829 4439 884 4508 nbi,
900 4455 951 4496 nn·
985 4434 1073 4508 legem
1085 4442 1148 4507 post
1161 4434 1235 4491 illam
1248 4435 1490 4508 dispensationem,
1503 4453 1536 4494 ac
1547 4437 1569 4494 si
1580 4437 1654 4494 illam
1668 4453 1722 4496 uon
1735 4435 1784 4493 ho·

150 4529 263 4587 meretis
279 4529 372 4584 causis
386 4528 474 4584 iustae
485 4527 709 4600 dispensationis,
722 4528 774 4585 ait:
790 4531 866 4587 Cum
876 4527 951 4587 nibil
985 4526 1077 4594 beret3
1093 4526 1157 4581 etsi
1172 4524 1213 4582 lex
1229 4525 1315 4581 irritet
1329 4532 1438 4600 uotum,
1451 4528 1532 4584 etiam
1547 4527 1606 4584 iuro
1621 4535 1708 4600 deque
1723 4521 1784 4583 irri-

149 4621 257 4676 berum
276 4623 335 4684 est,
357 4633 418 4674 oon
429 4611 526 4690 'plane
538 4615 733 4691 dispensatio,
756 4616 807 4674 sed
821 4618 950 4678 crudelis
987 4621 1046 4672 tum
1067 4622 1130 4688 post
1151 4615 1390 4687 dispensationem.
1407 4618 1446 4673 ltu
1460 4623 1535 4674 tenet
1549 4620 1662 4675 Fortun.
1678 4619 1740 4675 Gur.
1757 4617 1783 4671 in

150 4707 368 4782 dissipatioest.
388 4706 518 4764 &cundo
529 4706 589 4762 telis
600 4707 763 4779 dispensatio
776 4710 857 4764 etiam
869 4725 950 4766 euos·
986 4707 1004 4763 l.
1023 4705 1145 4773 Gallus,
1163 4709 1217 4780 get
1236 4704 1308 4780 quid
1329 4709 1356 4762 si
1375 4710 1509 4769 tontum.
1527 4707 1554 4763 ii.
1576 4705 1610 4764 ds
1631 4707 1676 4765 lib.
1692 4712 1720 4762 et
1734 4721 1784 4777 pn·

151 4799 189 4855 dit
206 4801 373 4870 potestatem
398 4794 598 4868 dispensantis3
620 4811 686 4869 ergo
708 4805 750 4853 est
770 4797 861 4870 nuile,
883 4815 949 4872 ergo
986 4797 1089 4855 stbum.
1112 4799 1237 4871 ssqottm
1257 4795 1378 4852 llsndoz.
1400 4797 1561 4870 depactis,
1584 4797 1629 4853 lib.
1655 4801 1685 4870 t,
1706 4811 1734 4870 q.
1754 4800 1783 4866 2,

152 4896 233 4948 octus
255 4889 313 4944 sine
335 4891 468 4959 potestate
488 4886 578 4942 lectus
598 4885 690 4942 nulius
710 4893 761 4942 est.
779 4890 950 4946 Antecedens
985 4904 1013 4944 n.
1032 4893 1083 4960 35,
1098 4893 1125 4944 et
1145 4888 1171 4942 in
1192 4886 1252 4944 iuro
1273 4887 1458 4944 conscientiae
1476 4887 1547 4943 idem
1561 4902 1622 4943 esse
1638 4884 1785 4943 dicendum

151 4986 226 5052 patet
236 4993 269 5035 ex
281 4993 366 5049 snpra
376 4976 548 5048 dictis,rpnia
560 4976 686 5047 superior
696 4975 855 5048 dispensans
867 4980 950 5034 etium
988 4981 1096 5034 censuit
1116 4979 1216 5034 Lonzes
1235 4977 1268 5034 dc
1289 4978 1408 5034 mutrim.
1431 4979 1501 5050 Reg.
1522 4977 1651 5050 angliae,
1667 4975 1733 5033 dub.
1754 4981 1783 5049 l,

151 5070 176 5125 in
189 5068 248 5140 lege
260 5070 530 5137 sno,nonoperatur
541 5072 573 5122 ut
584 5064 728 5136 dominus,
743 5065 789 5121 sed
802 5065 949 5139 ntdispen-
987 5085 1013 5125 n.
1033 5073 1082 5136 il,
1097 5073 1125 5124 et
1141 5071 1185 5137 15,
1201 5074 1229 5124 et
1248 5067 1357 5140 quondo
1379 5066 1544 5139 dispensatio
1560 5067 1637 5124 allsrt
1650 5065 1784 5139 praeindi-

40 5225 44 5234 ,
154 5165 231 5217 sator
251 5156 337 5213 fidelis
351 5161 380 5212 et
393 5154 529 5227 prndeos3
545 5169 611 5227 ergo
626 5161 756 5228 operatur
769 5171 817 5228 per
830 5162 949 5229 potesta·
985 5159 1059 5216 cium
1071 5158 1164 5215 tertio.
1177 5155 1250 5214 ldem
1262 5157 1369 5213 censuit
1379 5156 1476 5213 llinch.
1491 5156 1535 5213 lib.
1554 5160 1577 5215 l.
1592 5156 1782 5230 quaestionum

152 5255 204 5306 tem
226 5264 241 5304 a
261 5261 392 5319 supremo
409 5251 519 5302 rectore
540 5259 572 5300 uc
594 5244 748 5318 legislatore
763 5249 817 5304 beo
837 5262 950 5304 conces·
983 5250 1084 5307 illustr.
1102 5263 1164 5320 cop.
1177 5251 1232 5320 25,
1249 5264 1275 5303 n.
1297 5252 1340 5318 ts,
1356 5253 1383 5305 et
1396 5263 1459 5320 cop.
1475 5251 1528 5319 26,
1542 5262 1571 5304 n.
1588 5251 1640 5312 26.
1656 5247 1690 5305 de
1704 5247 1784 5305 onius
