4294 6238
913 323 1084 376 tummrm
1703 309 1766 376 dm

142 447 227 508 tudini
241 453 447 524 praescripta.
465 452 500 510 Et
513 450 573 508 ideo
587 467 641 508 uon
658 450 736 509 rideo
757 449 966 509 tundamentum
1003 467 1070 510 nans
1085 453 1227 512 scribitur.
1243 453 1279 511 Et
1292 451 1351 512 ideo
1364 455 1390 512 in
1404 452 1457 510 irae
1479 453 1572 540 torma
1585 467 1639 510 non
1654 451 1806 526 requiritur

140 543 213 599 iilius
229 543 364 616 regulae
380 542 525 618 generalis.
542 543 580 600 Eo
595 543 637 600 vel
653 543 778 614 maxime,
791 540 866 614 quod
878 541 967 598 omnia
1004 541 1131 614 specialis
1145 544 1345 617 promulgatio,
1365 545 1428 617 quia
1447 541 1619 601 consuetudo
1635 558 1688 600 usu
1703 544 1761 615 ipso
1776 557 1805 598 se

140 632 217 691 iura.
232 647 317 704 quae
331 649 352 688 a
365 631 446 690 dictis
458 633 620 690 auctoribus
632 633 801 704 allegantur,
814 631 968 705 loquuntur
1002 631 1112 704 publice
1123 634 1294 704 manifestat,
1306 639 1333 689 ει
1344 631 1510 706 promulgat.
1520 635 1617 690 Forma
1630 647 1695 689 vero
1707 633 1804 689 intrin-

139 721 172 778 de
186 724 429 794 praescriptione
445 722 572 795 propria,
584 729 612 779 et
625 739 680 778 non
695 721 728 778 de
743 723 803 778 iure
817 728 969 780 consuetu·
1002 735 1065 776 seca
1080 720 1162 778 huius
1176 721 1243 796 legis
1258 729 1301 778 est
1315 722 1406 796 aliqua
1419 722 1563 794 voluntas,
1578 737 1649 795 quae
1670 721 1721 778 alia
1736 737 1803 778 con·

30 819 31 848 ³
138 810 262 868 dinatio.
276 811 413 886 ideoque
431 812 598 885 ubicumque
612 813 794 870 lueritsermo
805 813 838 870 de
850 827 968 869 consue·
1002 809 1165 868 sideratione
1182 819 1225 870 est
1242 828 1329 870 causa
1347 813 1470 872 efficiens
1487 811 1659 883 obligationis
1673 827 1722 883 per
1736 827 1804 869 con·

140 901 239 958 tudine
256 902 402 960 absolute
413 945 420 974 ,
433 905 547 960 maxime
559 904 737 975 spectandum
752 920 852 962 ceuseo
864 903 899 961 ad
910 921 966 960 ma·
1003 902 1175 960 suetudinem
1190 903 1334 971 inductae,
1347 903 1445 976 deque
1460 903 1553 961 statim
1564 900 1698 958 dicemus.
1715 902 1743 958 si
1753 916 1803 957 au-

138 993 257 1064 teriam,
276 993 328 1048 uel
353 993 501 1064 effectum,
516 992 550 1049 de
570 1009 626 1066 quo
643 1000 788 1051 tractatur.
805 995 872 1050 Narn
888 993 909 1050 si
924 993 968 1051 ille
1002 998 1057 1048 tem
1071 991 1276 1050 consideremus
1291 993 1535 1063 consuetudinem,
1550 998 1581 1049 ut
1593 997 1636 1048 est
1647 991 1711 1066 quid
1723 990 1802 1062 lacti,

141 1082 201 1137 talis
216 1083 273 1154 sit,
288 1089 328 1139 ut
340 1099 395 1156 per
406 1083 491 1139 solam
506 1083 768 1155 praescriptionem,
781 1100 829 1141 seu
842 1099 889 1156 per
900 1100 967 1141 oon·
1003 1084 1132 1152 materia,
1147 1098 1180 1140 ex
1191 1099 1246 1157 qua
1258 1089 1381 1156 constat,
1393 1090 1458 1140 sunt
1472 1090 1551 1140 actus
1564 1081 1627 1154 ipsi,
1639 1083 1800 1155 inquorum

139 1173 332 1230 suetudinem
350 1174 553 1246 praescriptam
575 1172 742 1244 inducatur,
758 1176 856 1230 merito
871 1172 967 1231 inteili-
1002 1171 1156 1246 frequentia
1170 1174 1311 1243 consistit,
1327 1179 1355 1229 et
1368 1175 1433 1246 quia
1451 1169 1625 1230 consuetudo
1644 1170 1726 1228 debet
1739 1187 1799 1227 esse

139 1265 234 1334 gitur,
252 1264 448 1320 intentionem
467 1264 613 1320 scribentis
631 1280 692 1321 esse
713 1265 787 1337 loqui
801 1265 834 1322 de
849 1279 968 1322 consue·
1003 1262 1077 1318 utilis
1097 1269 1124 1318 et
1146 1262 1275 1334 honesta,
1292 1262 1352 1318 ideo
1374 1261 1445 1318 iilius
1466 1262 1544 1334 quasi
1560 1260 1647 1318 torma
1661 1262 1712 1316 erit
1730 1261 1804 1317 eius-

141 1354 239 1410 tudine
256 1357 462 1428 praescripta:
477 1355 498 1409 si
510 1361 602 1411 autem
615 1355 796 1411 materiahoc
807 1369 860 1410 uon
872 1362 966 1426 posta·
1002 1349 1064 1408 dem
1085 1351 1227 1423 honestas,
1242 1358 1270 1408 ει
1289 1352 1391 1409 utilitas
1412 1351 1438 1408 in
1460 1350 1571 1424 singuiis
1592 1351 1715 1436 actibus,
1732 1359 1760 1407 et
1774 1353 1801 1408 ln

141 1442 194 1512 lat,
217 1461 280 1500 non
306 1452 360 1502 est
379 1461 432 1502 our
452 1459 505 1500 xcx
525 1445 723 1517 restringatur,
739 1444 785 1500 sed
808 1443 966 1515 accipienda
1002 1457 1098 1498 eorum
1110 1443 1263 1516 frequentia
1276 1443 1398 1512 inventa,
1413 1442 1454 1498 rei
1466 1449 1541 1498 certe
1552 1443 1610 1514 ipsa
1621 1440 1801 1510 continuatio,

140 1536 210 1602 erit,
227 1535 277 1590 rel
301 1535 508 1602 indifferenter,
524 1533 567 1588 uel
587 1535 616 1589 in
636 1533 690 1593 aiis
704 1534 898 1607 signilioatione
914 1536 965 1605 rei,
1003 1531 1044 1587 vei
1065 1529 1219 1604 frequentia
1241 1533 1297 1587 sine
1319 1531 1518 1604 interruptione
1531 1537 1560 1588 et
1573 1531 1720 1588 sufficienti
1735 1537 1803 1588 tem·

141 1623 176 1680 de
189 1640 252 1697 qua
268 1627 394 1698 agitur,
407 1626 448 1681 rel
462 1623 522 1681 aliis
533 1623 641 1682 iuribus
652 1626 737 1695 magis
748 1623 965 1681 accommodata.
1002 1636 1069 1692 pore
1084 1619 1138 1676 dici
1153 1627 1244 1694 potest
1257 1621 1336 1694 quasi
1350 1621 1437 1679 iorma
1452 1620 1670 1679 consuetudinis.
1686 1621 1721 1676 Et
1734 1620 1802 1677 haec

140 1715 175 1770 Ει
189 1714 247 1770 boc
265 1714 392 1772 taudem
407 1718 435 1770 in
450 1716 550 1773 virtute
571 1714 670 1772 dicunt
683 1714 759 1770 citati
774 1718 903 1792 exactores
918 1729 967 1786 per
1002 1711 1091 1768 omnia
1112 1727 1141 1768 se
1163 1718 1254 1768 tenent
1273 1713 1363 1784 aliquo
1378 1713 1459 1768 modo
1472 1727 1506 1769 ex
1519 1716 1597 1783 parts
1611 1725 1711 1767 causae
1725 1710 1804 1767 sulli-

139 1802 354 1875 limitationes,
374 1820 444 1877 quas
468 1821 533 1861 suae
548 1803 659 1878 regulae
678 1802 850 1876 adiungunt,
871 1809 899 1860 ει
918 1818 967 1876 per
1002 1803 1156 1872 cientis,et
1166 1817 1231 1858 cum
1242 1801 1288 1859 ilia
1301 1803 1388 1875 magis
1399 1801 1623 1859 declarabuntur.
1637 1801 1724 1859 Causa
1737 1815 1802 1857 soro

141 1892 220 1962 iura,
237 1895 356 1966 quibus
370 1894 430 1951 illas
444 1895 616 1952 confirmant.
640 1911 644 1918 ·
1001 1890 1087 1946 linaiis
1099 1889 1194 1947 eadem
1208 1898 1250 1948 est
1263 1907 1329 1948 cum
1341 1891 1533 1964 proportione,
1546 1890 1653 1963 quaein
1666 1890 1804 1961 legescri·
1856 1913 1860 1924 ·

1001 1987 1067 2054 pta,
1088 1980 1194 2039 scilicet
1213 1981 1316 2039 utilitas
1336 1982 1461 2054 publica,
1481 1980 1523 2036 vel
1541 1981 1611 2037 ratio
1626 1978 1803 2036 causaretudi·

457 2085 596 2154 CAPUT
616 2084 674 2152 px·
1002 2086 1062 2127 nem
1078 2070 1242 2140 honestans,
1259 2088 1329 2146 quae
1348 2073 1481 2129 obiectire
1500 2075 1610 2142 sumpta
1628 2068 1711 2126 habet
1724 2071 1804 2127 ratio·

1001 2175 1064 2218 nem
1085 2161 1162 2233 linis,
1177 2168 1206 2219 ει
1218 2177 1251 2218 ex
1269 2169 1345 2234 parte
1360 2161 1490 2219 coincidit
1502 2176 1567 2218 cum
1581 2159 1725 2216 effectibus
1738 2174 1804 2216 con·

1001 2250 1171 2322 suetudinis,
1186 2267 1251 2309 curu
1271 2253 1371 2325 quibus
1392 2251 1476 2324 magis
1497 2249 1690 2323 explicabitur.
1707 2251 1802 2328 Solum

1001 2355 1067 2414 crgo
1082 2347 1209 2411 superest
1222 2341 1371 2399 dicendum
1386 2343 1419 2399 de
1434 2342 1570 2398 alliciente
1583 2355 1678 2396 causa.

1040 2437 1067 2491 2.
1084 2434 1237 2488 Possumus
1249 2439 1339 2489 autem
1352 2433 1397 2489 bic
1409 2431 1547 2506 duplicem
1559 2446 1672 2488 causam
1684 2429 1803 2488 cilicien-

1000 2527 1055 2578 tem
1076 2521 1268 2594 distinguere,
1287 2521 1392 2580 scilicet
1413 2523 1580 2594 proximam,
1600 2529 1628 2578 et
1648 2521 1802 2592 primariam

999 2611 1069 2667 iuter
1084 2626 1182 2667 causas
1198 2611 1347 2680 humanam
1362 2611 1396 2669 de
1414 2611 1455 2667 his
1468 2612 1540 2668 enirn
1555 2617 1717 2668 tractamus.
1735 2612 1801 2667 Pro-

1000 2700 1099 2757 ximam
1116 2717 1183 2757 roco
1197 2702 1273 2773 ipsos
1288 2700 1409 2758 homines
1424 2689 1655 2758 consuetudinem
1675 2698 1801 2757 introdu-

1000 2797 1106 2863 centem
1118 2791 1154 2847 illi
1168 2793 1239 2848 enim
1257 2791 1386 2848 inchoant
1398 2807 1497 2863 usum,
1510 2798 1536 2848 ει
1551 2791 1627 2848 iilum
1639 2791 1801 2847 continuant

148 2374 153 2384 .
226 2298 277 2352 De
295 2298 401 2352 causis
417 2293 652 2354 consuetudinis,
670 2299 697 2351 et
709 2297 889 2368 praesertim

311 2388 378 2458 quls
391 2382 479 2441 iilum
492 2383 678 2441 introducere
691 2382 802 2442 ualent.

445 2575 688 2641 Summamun

150 2764 174 2813 i.
192 2764 356 2829 Explicatur
373 2777 449 2816 causa
468 2764 671 2815 consuetudinis.
684 2792 716 2802 -
727 2764 752 2815 Ξ.
773 2766 870 2830 Duplex
888 2779 964 2816 causa

183 2835 305 2886 efficiens
317 2833 585 2886 consuetudinis—3·
599 2833 630 2884 Ut
641 2835 802 2885 consuetudo
816 2835 964 2900 inducatur,

184 2907 339 2968 requiritur
350 2905 518 2956 communitas
528 2903 724 2967 perlecta-i.
736 2906 898 2956 Consuetudo
912 2909 966 2970 pri·
999 2880 1155 2952 ⁰P⁰f¹¹¹¹d⁰r
1168 2897 1200 2937 ⁸⁰
1212 2881 1325 2938 Silbissdss
1336 2881 1491 2938 flffissiessdil·
1505 2881 1664 2938 Plimflfiim
1676 2895 1740 2936 ''01'0
1752 2895 1800 2950 ΒΡ·

186 2982 247 3025 rara
257 2977 362 3040 duplici
372 2975 446 3025 morlo
455 2981 559 3024 excusat
570 2986 583 3022 a
596 2975 651 3038 tego
661 2976 964 3040 communi—bique
999 2971 1069 3042 pello
1085 2973 1254 3043 superiorem
1270 2977 1452 3044 potestatem,
1466 2988 1513 3028 serr
1530 2972 1691 3043 prinoipem,
1708 2970 1729 3026 si
1744 2969 1800 3025 icr-

183 3048 377 3096 ⁴³⁰¹¹¹¹¹¹⁰⁰i¹³¹⁰
390 3043 547 3094 consuetudo
559 3044 690 3094 introduct
703 3047 792 3108 possit.
804 3047 874 3096 “³-
890 3045 965 3096 ⁰hle·
1000 3067 1026 3117 te
1045 3061 1165 3117 intluxus
1183 3062 1240 3117 eius
1260 3063 1433 3118 necessarius
1447 3070 1490 3119 est
1503 3061 1536 3118 ad
1554 3063 1605 3117 vim
1620 3058 1801 3117 cousuetudi-

184 3116 346 3166 oriones*-
358 3115 382 3164 7.
398 3113 536 3178 ilespousio
548 3113 577 3162 ad
592 3115 784 3177 primam—8.
796 3115 913 3166 obiectio
924 3129 965 3166 se·
1018 3152 1024 3164 .
1192 3153 1197 3164 .
1367 3145 1370 3152 ·
1552 3151 1557 3162 .
1764 3149 1769 3159 -

186 3186 285 3236 cunda.
297 3184 636 3247 -Responsior-Dupm
648 3185 776 3248 capacitas
790 3193 873 3250 mest
888 3186 964 3236 ime,
998 3167 1050 3206 urs.
1067 3150 1142 3208 Unde
1157 3166 1233 3222 prror
1247 3167 1332 3207 carisa
1351 3156 1466 3208 vocatur
1481 3167 1620 3223 proxima,
1637 3154 1798 3221 praesertum

187 3254 234 3316 ligi
259 3257 286 3305 in
307 3253 501 3306 communitate.
513 3254 583 3304 -9.
603 3254 743 3317 ilesponsio
762 3255 792 3306 ad
812 3257 915 3305 tertiam
932 3257 962 3306 ad
997 3239 1087 3313 qttuad
1102 3241 1329 3298 consuetudinem
1344 3241 1423 3318 iniq
1439 3242 1590 3297 camillam
1605 3254 1695 3312 perse
1711 3239 1798 3309 primu

184 3333 310 3385 «quartam
329 3331 355 3374 et
372 3323 404 3374 ἃᾶ
422 3325 539 3386 quintam
560 3324 740 3376 obtectionem.
751 3352 785 3362 -
798 3327 839 3376 1⁰·
854 3325 886 3376 Ul
903 3339 963 3375 <³⁰¹¹-
996 3337 1023 3385 et
1039 3329 1193 3386 immediate
1206 3337 1347 3400 operatur.
1362 3332 1493 3402 Princeps
1505 3346 1571 3386 vero
1585 3330 1638 3385 erit
1652 3327 1798 3399 praecipua

186 3396 301 3476 5¹¹i¹¹¹d⁰
312 3395 475 3474 indum?
487 3395 594 3473 mmm
605 3406 669 3456 ⁰⁹⁰⁵
679 3400 733 3456 ‘³⁸²’
746 3401 774 3445 ¹¹²
784 3396 875 3476 saitem
885 3407 899 3443 ²
910 3408 962 3444 ¹¹¹³·
996 3434 1083 3475 causa
1096 3421 1164 3477 iuris
1179 3418 1386 3476 consuetudinis
1420 3427 1447 3476 et
1461 3419 1514 3477 dici
1530 3419 1630 3491 poterit
1642 3415 1797 3474 immediata

186 3478 235 3512 rorr
251 3473 329 3528 parte
342 3468 531 3514 uomnruurtatrs
550 3463 712 3514 oirscrxetur.
724 3463 897 3515 -Obrect102
912 3465 962 3515 sol·
1395 3463 1402 3490 '

186 3535 366 3585 uitur-tt.
382 3532 511 3596 Quomodo
524 3533 693 3596 computanda
706 3534 741 3584 sp
753 3535 834 3585 maior
847 3547 906 3598 pars
918 3547 961 3599 1³⁰·
997 3509 1197 3566 immediatione
1216 3510 1340 3579 virtutis,
1361 3509 1427 3565 iicet
1448 3525 1500 3565 non
1516 3511 1551 3565 sit
1564 3509 1689 3581 proxima
1702 3507 1797 3562 imma·

187 3605 253 3666 liuli.
995 3599 1111 3656 diutione
1133 3599 1286 3671 suppositi,
1309 3605 1341 3655 ut
1360 3604 1479 3654 constat.
1496 3601 1525 3654 lu
1544 3613 1628 3654 carrea
1649 3611 1713 3652 rero
1733 3608 1796 3665 prc-

994 3691 1067 3745 xima
1090 3689 1138 3745 tria
1158 3695 1313 3746 occurrunt
1326 3687 1541 3759 consideranda,
1560 3687 1664 3743 scilicet
1678 3697 1795 3755 persona

194 3777 219 3832 t.
240 3774 433 3850 Explicuimus
448 3774 581 3832 rationem
600 3781 629 3830 et
642 3777 790 3832 essentiam
807 3783 960 3832 consuetu·
994 3795 1111 3851 operans
1122 3820 1129 3850 ,
1140 3779 1260 3835 exterior
1274 3780 1396 3849 operatio
1406 3820 1412 3848 ,
1424 3791 1473 3834 seu
1486 3776 1614 3849 operandi
1629 3774 1793 3847 frequentia,

153 3861 240 3935 dinis,
257 3872 320 3923 tum
340 3867 508 3938 generatim,
527 3871 585 3921 tum
600 3865 706 3936 species
724 3865 784 3922 eius
804 3865 958 3935 indicando,
993 3876 1021 3926 ει
1042 3869 1155 3925 interior
1175 3869 1319 3937 voluntas,
1336 3884 1385 3924 seu
1407 3882 1571 3923 cousensus.
1594 3865 1669 3932 Quae
1691 3862 1796 3919 notavit

155 3963 291 4024 quantum
306 3953 432 4028 expedire
446 3955 535 4010 risum
550 3959 606 4025 est,
621 3961 764 4026 superest,
778 3962 809 4011 ut
822 3971 921 4012 causas
932 3963 960 4013 et
993 3958 1094 4016 Baldus
1114 3961 1140 4014 in
1160 3959 1250 4029 capite
1269 3957 1380 4028 ultimo,
1396 3963 1424 4013 et
1438 3955 1513 4012 addit
1527 3961 1674 4030 quartum,
1690 3952 1795 4009 scilicet

153 4042 268 4102 effectus
291 4046 352 4101 eius
373 4043 552 4116 explicemus.
570 4045 604 4100 Et
625 4044 712 4115 primo
732 4045 823 4117 quoad
844 4061 956 4119 causas,
992 4055 1121 4120 tempusq
1139 4046 1186 4102 sed
1206 4047 1272 4103 illud
1294 4062 1348 4102 non
1367 4053 1408 4102 est
1423 4061 1527 4114 causa,
1543 4043 1589 4101 sed
1604 4042 1639 4100 ad
1654 4057 1793 4099 summurn

155 4145 218 4189 cum
233 4135 293 4192 iere
308 4149 401 4189 omues
415 4135 442 4189 in
457 4131 626 4204 explicandis
640 4132 793 4190 delinitione
807 4142 836 4192 et
848 4135 958 4191 divisio·
993 4137 1114 4196 conditio
1130 4138 1280 4210 requisita,
1292 4137 1325 4192 de
1339 4152 1395 4209 qua
1409 4135 1513 4192 dictum
1523 4142 1567 4192 εει
1577 4137 1605 4190 in
1617 4131 1793 4214 praecedenti

155 4221 233 4280 nibus
253 4222 465 4282 consuetudinis
484 4229 574 4279 tactae
594 4224 666 4292 sint,
687 4225 744 4281 sola
763 4224 885 4281 efficiens
901 4241 958 4281 arn·
992 4229 1097 4299 capite,
1110 4233 1138 4282 et
1152 4229 1178 4282 iu
1195 4227 1355 4298 particulari
1369 4226 1479 4283 dicetur
1492 4228 1518 4281 in
1534 4223 1723 4299 sequentibus.
1740 4223 1795 4295 lgi-

153 4311 224 4380 plius
239 4320 371 4385 superest
383 4310 561 4384 explicanda3
576 4328 637 4368 nam
651 4314 675 4369 io
688 4313 889 4372 consuetudine
902 4331 956 4374 non
992 4324 1038 4375 tur
1053 4317 1097 4373 iila
1113 4317 1164 4374 tria
1179 4316 1298 4372 breuiter
1311 4314 1472 4386 explicanda
1485 4321 1560 4372 srrnt.

155 4399 234 4460 datur
248 4403 362 4477 propris
379 4403 494 4458 materia
508 4410 536 4459 et
549 4401 653 4474 torma,
668 4419 701 4459 ex
716 4403 817 4477 quibus
833 4412 954 4464 constet.
1032 4412 1059 4464 3.
1076 4408 1154 4463 Circa
1169 4406 1286 4478 primum
1301 4412 1344 4460 εει
1358 4404 1488 4476 dubium,
1502 4405 1564 4477 quis
1579 4403 1793 4475 possitcousuc·

157 4492 206 4550 Sed
225 4500 365 4568 quatenus
385 4498 428 4549 est
447 4490 514 4564 quid
534 4491 619 4562 iuris,
636 4494 765 4565 materia,
780 4495 856 4551 circa
871 4513 955 4568 quam
993 4497 1114 4555 tudinem
1129 4496 1272 4552 inducere.
1286 4496 1315 4550 ln
1327 4509 1382 4568 quo
1398 4494 1424 4550 in
1439 4493 1532 4566 primis
1543 4498 1791 4565 asseruntcmnes,
1880 4543 1884 4552 .

157 4593 297 4662 versatur,
314 4590 358 4638 est
374 4580 486 4652 eadem,
502 4595 572 4654 quae
591 4584 705 4639 materia
725 4583 791 4658 legis
808 4585 953 4658 humanam
991 4602 1043 4642 non
1065 4584 1195 4642 sufficere
1216 4586 1348 4656 privatum
1371 4599 1530 4656 personam,
1548 4582 1594 4640 sed
1614 4583 1713 4641 debere
1732 4597 1792 4640 esse
1854 4625 1855 4631 .

156 4687 215 4731 narn
230 4676 277 4732 ius
294 4672 428 4743 scriptum
446 4677 474 4728 et
488 4687 541 4726 non
556 4673 691 4743 scriptum
706 4689 760 4728 raon
775 4673 906 4732 differunt
929 4677 955 4732 in
990 4678 1109 4751 aliquam
1125 4677 1349 4733 communitatem
1365 4661 1523 4748 perlectam.
1535 4675 1593 4732 lico
1605 4676 1671 4731 satis
1682 4680 1793 4732 constat

156 4766 285 4833 materia,
301 4765 377 4818 circa
390 4775 474 4834 quam
490 4769 654 4832 versantur,
671 4762 719 4819 sed
738 4765 765 4819 in
786 4767 882 4837 signo,
899 4783 955 4840 quo
990 4782 1024 4823 ex
1037 4764 1118 4823 dictis
1133 4766 1158 4821 iu
1175 4781 1237 4837 cap.
1252 4766 1286 4820 ll.
1301 4765 1377 4821 cirea
1391 4763 1541 4821 secundam
1556 4762 1729 4837 divisionem,
1746 4762 1791 4820 ubi

157 4855 377 4911 constituuntur.
390 4849 466 4908 Unde
481 4850 561 4907 etiam
576 4852 673 4908 iniure
685 4853 891 4910 consuetudinis
902 4871 954 4912 non
990 4857 1072 4913 etiam
1098 4855 1230 4912 rationem
1253 4853 1407 4925 reddimus,
1429 4859 1457 4910 ει
1474 4852 1632 4911 declaratur
1645 4853 1747 4924 optime
1765 4852 1790 4908 iu

158 4938 234 5000 datur
256 4939 381 5014 specialis
400 4939 487 4996 torma
507 4940 642 4997 sensibilis
664 4948 691 4998 et
710 4950 823 5001 externa
845 4953 956 5017 praeter
989 4946 1047 5020 lege
1062 4944 1098 5003 de
1115 4946 1232 5020 quibus,
1252 4945 1279 5001 u.
1296 4945 1329 5001 de
1343 4945 1459 5018 legibus.

158 5029 210 5103 ipsa
223 5047 326 5104 opera,
342 5044 414 5102 quae
429 5028 528 5086 debent
541 5044 603 5087 esse
621 5037 749 5104 externa,
764 5040 792 5090 et
806 5034 952 5108 sensibilia,
1028 5038 1120 5093 Potest
1132 5051 1197 5092 uero
1208 5034 1308 5105 obiici,
1319 5033 1382 5106 quia
1393 5031 1531 5090 interdum
1542 5033 1648 5105 privata
1660 5047 1788 5104 persona,

158 5128 184 5177 et
194 5129 333 5196 quatenus
347 5127 414 5178 stant
428 5121 506 5192 signa
521 5136 691 5195 consensus,
703 5123 756 5180 dici
767 5132 954 5197 possuntver·
989 5127 1031 5183 rei
1052 5127 1236 5183 communitas
1255 5123 1454 5182 consuetudine
1473 5125 1593 5197 acquirit
1607 5121 1788 5196 privilegium,

158 5209 188 5268 ba
200 5229 253 5270 non
274 5211 396 5283 scripta,
413 5210 513 5283 quibus
533 5210 584 5282 tale
604 5212 688 5268 ius-in
709 5215 847 5271 memoriis
867 5215 955 5273 borni-
990 5224 1022 5274 ut
1037 5217 1105 5274 libro
1120 5217 1245 5290 sequenti
1259 5214 1382 5286 dicetur3
1399 5214 1571 5288 privilegium
1585 5219 1676 5270 autam
1691 5219 1734 5270 est
1745 5215 1789 5270 ius
