4256 6224
876 369 1032 423 cnnurx.
1492 429 1495 434 ,
1669 360 1747 464 565.

132 491 248 564 dem,id
259 499 301 550 est
312 493 438 565 spiritum
449 493 583 565 fidei,non
594 492 716 551 excludit
725 493 813 566 legem
826 511 935 565 novam,
974 497 1048 555 sibila
1067 503 1110 556 est
1131 497 1245 572 obligari
1266 499 1311 556 illa
1331 499 1400 573 lege,
1421 501 1556 574 quianeo
1577 503 1681 559 suntin
1704 509 1776 560 terra

129 597 204 655 quae
219 584 289 640 solet
300 585 381 640 etiam
396 583 504 640 nomine
516 583 576 640 fidei
588 583 742 656 significari.
751 584 827 641 Unde
839 583 872 640 ad
884 586 938 642 ilo·
973 589 1170 660 promissionis,
1184 605 1235 646 nec
1253 588 1385 660 tempium
1396 589 1508 659 habent,
1521 597 1600 648 extra
1611 591 1685 665 quod
1697 607 1776 664 prac-

130 689 207 730 man.
218 677 243 730 ιιι
257 672 395 730 Exclusa
409 677 462 738 eet,
474 690 530 747 per
543 689 635 746 quum
647 673 939 746 depensisuctorum?
972 678 1052 750 cipqa
1066 679 1197 734 sacrificia
1209 687 1237 735 et
1250 685 1398 749 praecepta
1408 680 1520 750 impiere
1531 697 1583 736 non
1596 689 1731 754 poterant,
1744 688 1776 738 ut

131 767 211 825 Nou,
228 761 279 819 sed
288 778 345 837 per
358 761 452 835 legem
459 761 547 834 fidei.
565 763 638 820 idern
653 779 717 828 vero
731 763 939 839 Chrysostala·
972 767 1034 840 agni
1049 767 1187 839 paschalis
1199 768 1285 824 Exodi
1305 773 1351 837 12,
1363 773 1391 824 et
1405 768 1531 838 aliorum,
1545 770 1577 827 dc
1591 770 1690 843 quibus
1705 773 1775 828 lieu·

129 856 192 910 rius
203 843 445 924 erponitdeercta,
458 853 528 910 idest
535 859 707 928 praecepta,
724 869 795 926 quae
805 855 938 929 llicronp·
964 859 1080 913 ‘teramii
1099 860 1140 916 ta.
1159 860 1227 914 item
1241 874 1296 914 non
1312 857 1413 914 babent
1427 857 1595 929 sacerdotes,
1610 874 1661 916 nee
1677 859 1774 916 babere

131 941 351 1014 musdoqurata
360 941 640 1016 eoanqrttoaibidem
655 942 811 1014 appellavit.
825 947 856 1000 b.
869 943 938 999 Tho·
973 952 1103 1016 possunt,
1126 963 1190 1002 cum
1206 962 1261 1002 non
1280 945 1397 1004 habeant
1417 947 1539 1022 tribuum
1560 947 1772 1018 distinctionem

130 1032 283 1088 marotiam
295 1033 937 1105 praeceptaexposuit,etsequituribi,etbene
971 1049 1038 1107 ergo
1059 1050 1091 1092 ex
1113 1035 1268 1092 conditione
1290 1036 1351 1092 talis
1373 1043 1463 1093 status
1483 1037 1623 1109 sequitur,
1646 1037 1698 1094 iam
1719 1055 1774 1094 non

130 1122 256 1178 declarat
266 1121 361 1178 hdam.
371 1121 496 1178 Christus
511 1138 578 1195 ergo
593 1124 651 1181 suis
665 1123 819 1195 praeceptis
831 1137 938 1196 suaque
962 1122 1086 1197 ¹obligari
1108 1125 1153 1182 illa
1167 1126 1243 1200 lege,
1265 1127 1308 1182 vel
1327 1134 1401 1182 certe
1422 1143 1552 1200 magnum
1571 1127 1700 1184 indicium
1718 1135 1772 1198 est,

131 1211 192 1284 iege
208 1226 277 1268 nova
290 1217 410 1268 veterem
425 1211 578 1285 abrogavit.
973 1213 1097 1270 absolute
1112 1221 1140 1270 et
1154 1230 1203 1286 pro
1219 1221 1278 1272 tota
1292 1215 1337 1272 illa
1351 1222 1431 1288 gente
1445 1232 1583 1288 cessasse,
1595 1224 1628 1273 ιιι
1641 1224 1718 1274 recte
1731 1233 1776 1274 ar·

177 1305 221 1359 15.
232 1305 325 1374 Neque
338 1302 387 1358 luit
400 1305 555 1359 necessaria
568 1319 696 1375 expressa
712 1304 863 1374 revocatio,
873 1303 937 1374 quia
972 1309 1147 1376 gumentatur
1161 1305 1281 1362 lustinus
1292 1305 1318 1360 in
1330 1305 1404 1362 dicto
1419 1305 1528 1380 dialogo
1542 1323 1608 1363 cum
1617 1307 1774 1382 Tryphone.

69 1395 74 1402 '
132 1407 218 1462 opera
233 1390 341 1447 illarum
355 1391 462 1463 legum,
480 1392 542 1449 licet
557 1408 610 1448 non
631 1391 773 1449 videantur
788 1392 938 1448 formaliter
972 1395 1093 1466 lienique
1108 1393 1216 1464 iudaei,
1234 1395 1339 1450 etiarnsi
1358 1395 1492 1454 inereduli
1512 1399 1579 1468 sint,
1601 1397 1776 1454 nihilominus

134 1495 300 1553 repugnare,
310 1478 485 1536 nibilominus
501 1481 575 1553 leges
589 1481 663 1552 ipsae
677 1484 747 1538 inter
762 1496 791 1537 se
803 1486 935 1553 pugnant.
954 1482 1129 1556 obligantur
1145 1483 1203 1557 lege
1218 1484 1330 1554 Christi,
1343 1487 1549 1557 quiatenentur
1566 1487 1639 1544 illam
1654 1488 1777 1559 suscipe·

133 1573 241 1637 Primo,
257 1569 320 1643 quia
335 1568 377 1625 lex
395 1585 464 1626 nova
482 1571 630 1628 traditura
649 1571 773 1642 Christo,
797 1579 828 1627 ut
841 1587 889 1642 per
909 1586 938 1626 se
973 1587 1018 1642 re,
1039 1579 1066 1628 et
1079 1575 1105 1628 in
1127 1572 1267 1630 Christum
1281 1573 1410 1648 credere,
1432 1591 1497 1648 ergo
1512 1591 1544 1632 eo
1564 1579 1624 1648 ipso
1638 1593 1692 1632 non
1708 1577 1775 1633 obli-

133 1659 275 1716 sufficiens
297 1658 330 1715 ad
353 1659 514 1716 salutemet
535 1661 706 1730 necessaria,
725 1661 773 1716 cui
789 1665 936 1732 repugnat,
972 1668 1073 1734 gantur
1093 1663 1151 1735 iege
1173 1663 1293 1736 antiqua,
1313 1670 1341 1720 ct
1360 1667 1398 1721 ita
1417 1682 1473 1722 non
1493 1666 1619 1738 procedit
1639 1665 1777 1722 contraria

131 1749 235 1807 durare
254 1749 443 1806 necessitatem
459 1752 559 1821 prioris
580 1751 656 1823 legis.
674 1751 816 1822 Secundo,
830 1765 863 1806 ex
885 1749 937 1804 bne
972 1751 1144 1808 coniectura.
1161 1752 1226 1808 bico
1245 1759 1336 1809 autem
1352 1769 1402 1824 per
1415 1769 1443 1810 se
1464 1771 1518 1811 non
1533 1755 1657 1827 obligari,
1680 1771 1729 1811 seu
1742 1770 1776 1812 ιιι

131 1845 162 1896 et
183 1840 375 1911 significatione
398 1839 494 1896 talium
515 1847 644 1910 actuum,
665 1841 730 1913 quia
751 1838 937 1897 observantiae
973 1842 998 1896 vi
1013 1840 1096 1912 legis,
1112 1842 1176 1915 quia
1190 1858 1222 1899 ex
1241 1845 1413 1900 conscientia
1426 1859 1542 1902 erronea
1561 1850 1692 1916 poterunt
1710 1843 1776 1901 obli·

133 1930 263 2001 antiquae
277 1929 343 2000 iegis
358 1927 493 1984 dabantur
507 1928 541 1986 ad
560 1929 736 2002 significanda
750 1930 881 2005 mysteria
893 1928 936 1985 iu·
972 1930 1043 2002 gari3
1066 1931 1223 1988 existimant
1240 1933 1326 2002 enim,
1349 1932 1438 1990 adbuc
1461 1934 1549 2006 legem
1567 1935 1639 1990 iiiam
1661 1933 1776 1991 retinere

136 2026 200 2076 tura
218 2018 345 2076 ilessiae:
363 2027 535 2076 sacramenta
548 2028 641 2076 autern
661 2019 728 2092 legis
743 2034 844 2087 novae,
860 2033 938 2091 prae·
974 2036 1052 2076 suam
1069 2023 1145 2093 vim,
1171 2029 1198 2078 et
1222 2031 1425 2096 consequenter
1441 2025 1607 2097 opinantur,
1635 2040 1663 2080 se
1684 2040 1731 2096 per
1745 2023 1776 2079 il·

134 2109 231 2164 sertim
252 2108 408 2178 Baptismus
427 2114 455 2164 et
474 2109 658 2182 Eucharistia,
676 2110 738 2166 data
760 2109 875 2165 suntad
896 2124 939 2164 rc·
973 2111 1026 2166 iam
1040 2111 1170 2186 obligari,
1197 2118 1225 2168 et
1250 2111 1303 2169 boc
1319 2112 1399 2169 modo
1414 2113 1569 2186 obligantur
1582 2129 1614 2170 ex
1634 2114 1777 2170 eonscien-

133 2195 362 2269 praesentandam
374 2197 590 2269 redemptionem
601 2200 653 2256 iam
667 2199 781 2270 iactam,
793 2205 822 2256 et
838 2203 938 2272 myste-
973 2201 1012 2256 tia
1026 2215 1151 2257 erronea.
1169 2201 1208 2258 hd
1230 2202 1304 2258 hunc
1319 2203 1391 2258 enim
1413 2202 1525 2259 modurn
1539 2203 1606 2259 dixit
1620 2202 1721 2261 Paulus
1741 2201 1775 2258 ad

134 2287 174 2342 ria
188 2286 232 2342 illa
252 2288 304 2342 iam
323 2286 442 2357 impleta.
456 2288 558 2358 Tertio,
574 2291 638 2360 quia
659 2290 734 2360 prior
753 2289 795 2345 lex
815 2289 878 2344 data
897 2295 940 2342 est
972 2283 1059 2346 Galat.
1074 2293 1097 2347 l:
1117 2291 1268 2364 Testitieor
1280 2293 1483 2349 omnihomirrt
1497 2289 1771 2358 circumstrepere,

135 2379 182 2434 uni
199 2376 300 2447 populo
317 2375 350 2432 ad
366 2375 565 2434 distinctionem
581 2378 709 2448 aliorum;
725 2379 859 2450 posterior
874 2391 938 2432 vere
972 2379 1079 2435 seilicet
1093 2381 1148 2436 ritu
1162 2381 1283 2454 iudai'co,
1294 2385 1369 2454 quta
1381 2381 1494 2438 debitor
1508 2387 1550 2438 ιιι
1564 2385 1722 2439 rrntversue
1735 2379 1775 2438 le-

134 2467 185 2522 toti
200 2463 321 2538 mundo,
338 2474 369 2524 ut
381 2465 507 2523 Ecclesia
520 2466 621 2523 babens
635 2467 785 2538 perlectam
806 2469 938 2523 unitatem
970 2473 1016 2542 qis
1020 2468 1195 2540 faciendae,
1212 2473 1307 2544 utique
1320 2487 1353 2528 ιιι
1370 2474 1396 2528 ιι
1410 2473 1507 2544 prioris
1523 2472 1726 2528 existimationis
1741 2471 1775 2527 de

133 2571 169 2612 cr
185 2556 310 2612 omnibus
331 2555 485 2612 bominibus
500 2565 733 2630 congregaretur,
755 2555 787 2612 ad
802 2557 875 2628 quod
891 2570 938 2610 ne·
972 2559 1132 2632 obligatione
1148 2561 1384 2635 circumcisionis,
1401 2569 1483 2636 atque
1498 2561 1564 2620 adeo
1580 2577 1613 2618 ex
1631 2562 1775 2618 eonscien-

134 2647 289 2702 cessarium
301 2646 363 2718 luit,
376 2647 462 2718 signa,
475 2651 503 2702 et
516 2645 648 2717 speciales
660 2645 846 2702 observantias
858 2645 939 2701 unius
973 2652 1009 2708 ria
1022 2666 1153 2722 erronem
1171 2667 1233 2708 nam
1248 2651 1374 2710 absolute
1390 2652 1464 2709 „una
1481 2668 1554 2708 mmo
1568 2657 1611 2708 est
1633 2651 1692 2708 tang
1707 2650 1775 2707 obii.

133 2734 258 2806 populie
276 2734 364 2791 medio
378 2735 483 2792 toliere.
500 2737 535 2791 Et
550 2735 601 2791 boc
616 2741 673 2801 est,
691 2735 766 2807 quod
780 2735 879 2791 Paulus
899 2733 937 2790 di·
973 2744 1056 2815 gotio.
1074 2740 1149 2797 hddo
1164 2757 1244 2814 vero,
1267 2743 1330 2816 quia
1351 2743 1502 2816 ignorantia
1515 2743 1561 2800 iila
1581 2758 1635 2802 non
1655 2749 1697 2798 ιιι
1717 2744 1774 2800 stne

134 2824 173 2880 xit
188 2824 273 2881 citato
284 2824 346 2880 loco
361 2825 498 2897 Ephest,
511 2823 650 2881 Christum
661 2825 807 2882 abstulisse
819 2823 938 2881 medium
972 2833 1134 2905 gravissima
1153 2831 1251 2905 eulpa,
1270 2833 1323 2890 dici
1337 2849 1419 2906 posse
1434 2833 1441 2908 ι
1454 2841 1485 2890 ur
1505 2833 1588 2906 aliqui
1611 2832 1772 2906 loquuntur)

134 2915 265 2986 parietem
276 2917 419 2984 maceriae,
427 2921 456 2971 et
468 2914 622 2970 inimicitias
634 2914 745 2970 solvisse
754 2915 821 2970 inter
832 2921 938 2971 utrum·
973 2920 1049 2994 ligari
1063 2923 1171 2993 potius,
1191 2938 1274 2995 quam
1293 2922 1427 2995 obligari,
1447 2924 1512 2996 quia
1526 2925 1590 2978 sive.
1600 2923 1673 2979 illam
1687 2922 1773 2994 legem

133 3020 190 3076 quc
205 3003 462 3076 populumsaciens
475 3009 602 3078 utroque
615 3021 720 3060 uuum.
739 3007 806 3060 item
821 3020 853 3060 err
869 3007 893 3059 vi
909 3005 940 3060 il·
973 3011 1132 3075 observent,
1146 3011 1201 3068 sive
1216 3029 1280 3084 non,
1297 3014 1456 3086 gravissime
1471 3020 1594 3084 peceant:
1612 3029 1674 3069 nam
1690 3012 1711 3068 si
1726 3011 1775 3069 cb-

134 3095 188 3150 llus
204 3095 270 3168 legis
285 3095 505 3152 constituebatur
519 3095 644 3166 specialis
661 3101 748 3150 status
770 3094 938 3165 reipublicae
973 3108 1095 3173 servant,
1111 3102 1293 3172 superstitiosi
1308 3109 1389 3170 runt,
1406 3110 1434 3159 et
1447 3103 1581 3174 infidelem
1599 3102 1700 3158 sivero
1719 3117 1773 3157 non

134 3183 237 3241 habens
257 3200 420 3256 supremum
441 3185 630 3255 pontificatum
652 3201 750 3255 suum,
774 3183 938 3240 iurisdietio-
973 3191 1134 3259 observant,
1158 3197 1375 3266 transgressores
1395 3200 1461 3249 sunt
1474 3193 1558 3265 legis,
1581 3208 1637 3265 qua
1656 3191 1775 3248 credunt

134 3290 209 3342 nem,
222 3281 277 3330 etc.
291 3276 344 3330 Lex
357 3279 448 3330 autem
461 3290 533 3330 nova
543 3273 804 3330 introduxitnovum
819 3274 937 3345 speciale
973 3279 1085 3350 obligari
1099 3280 1195 3336 saltem
1210 3296 1243 3338 ex
1259 3295 1342 3352 prava
1354 3281 1580 3338 eonscientiahn
1596 3297 1659 3336 vero
1672 3281 1713 3338 lex
1727 3281 1774 3337 illa

134 3371 256 3430 statum,
271 3369 299 3419 ct
313 3365 500 3434 pontificatum
516 3363 654 3420 diversum
669 3378 733 3419 cum
752 3379 882 3434 suprema
895 3366 938 3420 ιιι·
972 3367 1052 3424 etiam
1066 3367 1160 3441 quoad
1173 3385 1281 3425 omnem
1298 3370 1457 3441 utilitatem,
1473 3386 1522 3441 pro
1539 3369 1580 3425 his
1593 3367 1696 3426 iudaeis
1712 3385 1772 3425 ces·

136 3452 440 3509 risdietioneintotum
455 3452 937 3525 mundum,acsubinderepngnan·
972 3456 1326 3524 raverit,dieaminlerius.
1655 3450 1660 3461 ’
1743 3455 1748 3460 ’

137 3551 190 3598 tem
207 3543 290 3614 priori
304 3525 398 3599 st’atui.
415 3543 621 3615 Consequenter
634 3557 700 3614 ergo
716 3541 784 3599 haee
798 3543 840 3598 lex
859 3557 937 3599 revo·
1014 3549 1058 3604 ll·
1075 3546 1114 3602 Ειι
1128 3545 1210 3624 dictis
1224 3547 1340 3618 denique
1354 3547 1430 3604 iaciie
1445 3548 1560 3604 solvitur
1580 3546 1772 3604 indaiaantiunr

136 3631 209 3687 cavit
228 3631 311 3687 itiam.
329 3633 362 3687 Et
378 3631 429 3688 boo
442 3639 495 3702 est,
510 3631 584 3705 quod
600 3632 702 3689 Paulus
713 3631 789 3700 dixit,
811 3632 892 3689 Hebr.
909 3635 933 3690 i:
972 3634 1195 3708 fundamentum,
1216 3644 1353 3709 quatenus
1368 3636 1400 3692 ad
1422 3637 1494 3709 ipsos
1510 3637 1621 3694 iudaeos
1637 3637 1773 3707 pertinere

141 3719 302 3776 Trou-alato
315 3718 489 3781 sacerdotio,
506 3736 622 3777 neccsse
635 3725 687 3788 est,
704 3718 825 3793 ratlegio
840 3725 937 3778 truns-
972 3732 1072 3797 potest,
1088 3727 1267 3799 quodsolum
1281 3726 1449 3784 laudabatur
1462 3729 1490 3784 in
1504 3727 1576 3800 boc,
1590 3729 1656 3798 quia
1669 3724 1712 3782 lex
1726 3727 1772 3783 illa

136 3810 210 3866 letto
217 3810 289 3882 fiat.
971 3814 1071 3871 dicitur
1084 3815 1146 3872 data
1162 3824 1193 3872 ut
1206 3824 1349 3888 perpetua,
1366 3833 1414 3873 scu
1429 3818 1453 3872 in
1469 3823 1610 3874 aeternum
1625 3815 1769 3874 duratura.

177 3903 220 3956 16.
236 3902 326 3973 Atque
340 3898 402 3955 bino
422 3899 500 3958 facile
515 3905 638 3970 constat,
654 3898 719 3972 quid
738 3897 883 3957 dicendum
903 3901 938 3958 sit
971 3906 1084 3962 Duobus
1095 3907 1167 3962 enirn
1180 3905 1264 3962 modis
1276 3905 1395 3965 sumitur
1407 3923 1458 3964 vox
1468 3911 1653 3981 perpetuum,
1669 3909 1711 3962 rel
1722 3923 1771 3963 ue·

133 3990 168 4047 de
183 3991 278 4046 rittima
296 3990 472 4062 quaestione,
495 4005 528 4046 an
544 3989 586 4045 illa
600 3990 643 4045 lex
657 3991 693 4045 ιιι
712 3991 791 4046 ctiam
808 3990 937 4064 abrogata
971 3999 1098 4060 ternum,
1112 3997 1139 4050 in
1153 4011 1232 4051 sacra
1247 3998 1401 4067 Scriptura.
1414 3998 1517 4066 Primo,
1532 4004 1562 4053 ut
1575 3994 1703 4053 excludat
1718 4002 1771 4054 ter·

134 4079 234 4152 probis
249 4078 362 4151 iudaeis,
375 4079 421 4152 qui
436 4079 607 4151 evangelium
621 4095 676 4134 non
691 4085 882 4151 susceperunt·
892 4081 937 4136 Vi·
970 4086 1075 4142 minum
1088 4085 1241 4143 durationis
1260 4086 1384 4142 absolute
1398 4093 1427 4143 ιι
1444 4086 1614 4158 simpliciter.
1631 4085 1768 4158 Secundo,

132 4169 191 4225 deri
212 4172 284 4227 enim
299 4176 405 4241 potest,
427 4185 482 4226 non
502 4184 562 4226 esse
583 4185 754 4241 congruum,
777 4185 824 4227 eos
838 4171 936 4226 liberos
970 4183 1002 4232 ut
1016 4174 1105 4231 solum
1120 4175 1254 4246 significet
1267 4176 1474 4246 perpetuitatem
1490 4182 1596 4232 tantum
1614 4174 1769 4232 secundum

133 4273 244 4315 manere
258 4259 290 4314 ab
306 4265 421 4331 utraque
434 4259 504 4333 lege,
517 4265 544 4316 et
557 4259 617 4316 iden
631 4259 729 4315 debera
745 4259 856 4331 antiqua
870 4260 936 4316 obli·
969 4265 1045 4338 quid,
1061 4280 1131 4337 quae
1144 4263 1227 4320 variis
1241 4263 1327 4320 modis
1343 4266 1486 4339 contingit.
1505 4267 1558 4322 Lea
1571 4281 1637 4338 ergo
1651 4264 1696 4321 illa
1715 4279 1770 4319 non

132 4349 202 4420 gari,
214 4347 281 4404 dum
293 4363 392 4404 novam
404 4363 458 4404 non
471 4349 631 4420 suscipient.
639 4349 791 4405 Dicendum
804 4364 867 4405 vero
879 4349 936 4407 sine
969 4360 1060 4426 potest
1072 4353 1127 4410 dici
1141 4362 1273 4426 perpetua
1288 4356 1314 4409 in
1328 4369 1358 4410 se
1373 4355 1458 4428 priori
1471 4354 1565 4424 modo3
1583 4369 1645 4410 nam
1659 4358 1771 4409 constat

132 4437 215 4494 dubio
236 4443 288 4508 est,
305 4438 387 4494 etiam
407 4453 457 4508 pro
474 4437 524 4492 illis
545 4437 703 4510 abrogatam
717 4453 778 4494 esse
798 4438 887 4510 legem
905 4438 935 4494 ii·
969 4459 1077 4520 o-mnem
1089 4444 1176 4516 legam
1188 4443 1270 4500 buius
1282 4446 1350 4501 vitae
1365 4443 1581 4517 aliquandacsse
1593 4445 1620 4500 in
1636 4459 1665 4498 se
1676 4442 1771 4498 linien-

133 4527 205 4598 lam,
222 4528 288 4600 quia
301 4527 461 4599 simpliciter
473 4534 503 4584 et
520 4529 547 4583 in
563 4543 591 4584 se
606 4528 712 4584 sublata
725 4527 758 4584 dc
779 4529 932 4599 mediaest,
968 4531 1030 4590 dam
1044 4533 1139 4590 saitem
1153 4535 1292 4604 cumipse
1307 4533 1418 4589 mundo.
1433 4536 1581 4606 Potestque
1592 4537 1685 4603 aperte
1700 4546 1770 4588 con·

133 4623 166 4672 ut
182 4618 298 4688 probant
313 4616 418 4690 omnia,
434 4632 505 4689 quae
520 4616 698 4689 adduximus,
714 4632 780 4689 ergo
799 4618 932 4675 neminem
968 4625 1050 4694 vinci,
1067 4639 1128 4680 nam
1144 4637 1208 4680 cum
1224 4622 1319 4678 niinari
1335 4625 1424 4695 rigore
1438 4620 1494 4700 dici
1508 4621 1578 4678 solet
1589 4627 1768 4693 perpetuum,

132 4707 192 4764 iam
206 4706 309 4779 obligat
322 4721 370 4778 per
385 4721 413 4762 se
427 4713 455 4762 et
469 4708 494 4762 vi
509 4708 644 4762 anahem
656 4705 697 4762 les
711 4705 756 4762 ilia
770 4723 824 4762 non
839 4706 934 4762 desinit
968 4712 1040 4784 quod
1056 4712 1187 4784 usquead
1199 4713 1278 4768 finem
1290 4711 1383 4768 mundi
1394 4700 1559 4768 duraturum
1570 4718 1624 4782 cst,
1636 4717 1765 4768 ettamen

131 4797 252 4870 obligare
267 4795 432 4853 christianos
445 4811 478 4852 ex
501 4794 632 4853 iudaismo
646 4811 808 4867 conversos,
831 4797 873 4852 vel
885 4798 933 4868 qui
968 4817 1056 4875 neque
1076 4801 1128 4857 hoc
1149 4799 1229 4858 modo
1254 4801 1328 4858 dicta
1347 4808 1390 4857 est
1408 4799 1453 4856 iiia
1476 4800 1518 4858 lex
1535 4809 1676 4874 perpetua.
1688 4801 1766 4868 Quod

131 4886 165 4942 ab
179 4887 234 4942 illis
255 4886 385 4958 originem
405 4885 529 4958 ducunt,
551 4885 614 4958 quin
628 4884 769 4943 christiani
783 4891 862 4958 sunt,
884 4886 932 4944 sed
966 4892 1100 4964 probatur
1114 4889 1189 4947 clare
1202 4906 1236 4948 ιιι
1250 4890 1346 4948 eodem
1360 4889 1420 4948 loco
1435 4891 1534 4947 Ceres.
1551 4893 1594 4961 li,
1608 4891 1654 4946 ubi
1668 4897 1696 4947 ιι
1710 4891 1767 4947 ioe-

130 4976 195 5046 quia
209 4975 316 5032 finitum
328 4982 372 5032 cst
384 4981 494 5046 tempus
508 4975 680 5048 obligationis
702 4975 774 5032 iliius
788 4976 864 5048 legis,
883 4978 937 5047 pro'
965 4981 1018 5038 dus
1033 4981 1080 5038 bei
1093 4979 1192 5037 dicitur
1206 4978 1264 5036 lore
1279 4979 1491 5051 sempiternum,
1507 4981 1618 5036 etheus
1634 4980 1690 5051 ipse
1704 4995 1767 5051 pre·

130 5081 188 5137 quo
203 5065 257 5120 lata
270 5071 329 5137 est,
351 5071 379 5124 ct
397 5065 459 5138 quia
474 5065 528 5121 iam
540 5053 675 5123 evacuata
688 5072 746 5138 est,
767 5081 834 5140 ergo
847 5067 930 5124 etiam
966 5071 1050 5127 mittit
1063 5069 1206 5139 hbrabae,
1222 5076 1251 5125 et
1268 5068 1363 5125 senrini
1377 5068 1437 5125 eins
1457 5074 1558 5125 terram
1578 5070 1766 5140 promissionis

128 5153 254 5224 iudaeos,
267 5171 320 5212 non
332 5154 494 5211 christianos
510 5170 556 5226 per
570 5171 599 5212 se
612 5172 667 5212 non
682 5155 793 5229 obligat.
806 5159 931 5215 Praeter·
967 5161 991 5217 in
1006 5159 1207 5234 possessionem
1219 5165 1369 5229 aeternam,
1381 5173 1447 5232 ergo
1462 5173 1515 5214 non
1526 5165 1569 5215 est
1580 5160 1666 5233 magis
1678 5164 1766 5226 aeter-

129 5258 162 5302 ea
175 5246 222 5304 isti
231 5244 322 5304 iudaei
336 5245 481 5308 constituti
496 5252 560 5304 sunt
574 5247 601 5304 in
616 5253 701 5320 statu,
715 5248 742 5305 in
756 5263 812 5324 quo
828 5249 930 5322 impos·
965 5265 1031 5308 num
1050 5248 1164 5321 foedus,
1180 5264 1264 5322 quarn
1278 5247 1432 5321 promissio:
1446 5253 1474 5306 at
1488 5253 1595 5307 constat
1608 5250 1765 5322 promissio·
