4232 6220
404 363 467 427 656
646 448 652 460 ¹
1128 377 1231 428 arana
1245 381 1282 430 x.

364 501 432 561 baec
443 503 486 562 lex
494 503 618 561 continet
629 501 732 561 multas
747 501 940 575 promissiones
951 502 1073 558 internae
1088 503 1168 559 insti·
1205 503 1297 559 lorum
1312 504 1477 562 sacramenti
1491 503 1755 577 poenitentiaesquia
1768 520 1822 562 non
1837 509 1927 577 potest
1937 505 1987 564 illul

363 596 417 651 tiae
427 601 455 650 et
467 596 620 650 sanctitatis
633 594 684 650 sub
695 592 850 649 conditione
862 591 977 648 alicuius
990 594 1090 665 operis,
1102 607 1167 664 ergo
1205 601 1412 651 sacramentnm
1427 595 1484 650 siue
1503 593 1554 652 bac
1574 601 1709 665 potestate
1728 594 1892 668 subsistere,
1907 603 1932 651 et
1943 595 1988 652 ideo

363 683 474 756 quando
486 683 604 739 conditio
614 682 759 754 impletur,
774 681 1031 752 iustificatio,quae
1047 681 1169 738 median·
1207 682 1230 738 in
1251 683 1323 739 illius
1344 684 1515 740 institutione
1536 683 1686 740 includitur
1707 683 1776 740 baec
1796 691 1931 755 potestas,
1950 699 1987 739 seu

365 777 391 827 te
407 771 453 827 tali
467 786 550 842 opere
565 778 760 841 comparatur,
776 778 851 827 reete
867 776 958 841 potest
977 769 1043 827 huic
1059 771 1111 843 legi
1128 781 1169 827 at·
1206 773 1353 843 promissio
1373 772 1432 828 eius
1452 774 1479 826 iu
1494 769 1613 843 generali
1629 779 1757 842 respectu
1772 772 1927 839 Ecclesiae,
1941 771 1990 828 licet

364 859 445 917 tribui
467 867 598 933 tanquam
613 863 793 932 promittenti.
815 862 1019 932 Consequentia
1040 868 1114 931 patet
1134 875 1167 916 ex
1206 860 1396 917 determinatio
1411 851 1460 917 'seu
1475 861 1619 932 applicatio
1632 859 1692 916 talis
1705 861 1849 931 potestatis
1861 860 1895 916 ad
1907 860 1988 916 basrel

363 947 493 1004 discursu
508 964 592 1020 supra
605 948 690 1005 lecto.
705 949 877 1006 antecedens
889 965 955 1005 vero
968 943 1059 1021 potest
1069 951 1096 1004 in
1113 951 1167 1020 pri·
1204 949 1262 1004 illas
1276 965 1406 1022 personas
1419 950 1500 1006 luerit
1513 949 1669 1020 dependens
1683 965 1717 1006 ex
1731 949 1844 1006 arbitrio
1858 949 1991 1018 Christi,et

362 1038 415 1094 mis
436 1038 567 1110 applicari
590 1037 623 1094 ad
644 1039 838 1109 promissiones
858 1039 963 1110 gratiae
991 1038 1168 1094 sacramentis
1206 1053 1239 1095 ea
1254 1038 1307 1095 alia
1321 1039 1451 1110 peculiari
1466 1040 1641 1095 institutione.
1654 1038 1848 1094 Verumtamen
1865 1037 1913 1095 illa
1924 1041 1990 1095 ctiam

363 1127 469 1198 lactas,
484 1142 555 1200 quae
575 1126 708 1183 dicuntur
728 1143 788 1184 esse
801 1127 834 1183 de
848 1126 1014 1183 conlsreuda
1029 1128 1117 1200 gratia
1133 1142 1166 1182 ex
1202 1125 1413 1198 determinatio,
1434 1133 1461 1183 el
1481 1129 1616 1183 institutio
1637 1126 1671 1183 ad
1685 1126 1771 1199 legem
1793 1143 1892 1184 novam
1910 1130 1932 1182 in
1946 1134 1990 1184 tota

364 1229 447 1287 opere
466 1223 596 1287 operato,
610 1223 637 1271 et
652 1223 716 1272 sunt
730 1217 854 1288 propriae
869 1215 935 1287 legis
950 1231 1045 1272 novae.
1065 1214 1166 1272 Deinde
1204 1232 1255 1272 sua
1270 1215 1447 1287 amplitudine
1460 1217 1594 1287 pertinet,
1605 1222 1634 1272 et
1644 1216 1703 1272 ideo
1715 1217 1768 1273 boc
1781 1219 1864 1274 etiam
1876 1217 1991 1272 titulata-

362 1303 445 1360 habet
460 1303 552 1361 locum
568 1304 594 1360 in
610 1293 837 1375 promissionibus
852 1304 1069 1376 lactisoperibus
1087 1303 1166 1359 meri·
1204 1305 1236 1360 lis
1258 1311 1378 1375 potestas
1399 1304 1469 1361 inter
1489 1303 1604 1360 ellectus
1625 1304 1707 1362 huius
1727 1305 1792 1378 legis
1812 1313 1989 1376 computatur.

363 1395 441 1450 toriis
451 1434 459 1464 ,
471 1409 542 1466 quae
557 1393 702 1465 inplentur
714 1395 739 1449 in
750 1395 937 1450 iustificatione
947 1410 980 1451 ea
993 1395 1104 1464 merito,
1117 1409 1166 1450 seu
1202 1393 1277 1451 Unde
1299 1403 1500 1466 consequenter
1520 1395 1564 1466 lit,
1581 1402 1613 1451 ut
1632 1401 1688 1452 tota
1701 1398 1783 1452 eliam
1797 1395 1942 1467 spiritualis
1954 1412 1991 1467 po-

362 1499 398 1540 ex
420 1499 501 1557 opere
522 1486 675 1556 operantis:
692 1500 754 1540 nam
771 1484 814 1541 illa
828 1483 982 1540 luctificatio
998 1489 1073 1539 recto
1091 1484 1167 1538 attri·
1201 1491 1286 1540 testas
1308 1484 1516 1547 iurisdictionis,
1538 1499 1609 1556 quae
1629 1491 1672 1540 ast
1686 1485 1712 1540 in
1727 1485 1852 1541 Ecclesia
1867 1485 1989 1556 pertinens

362 1573 458 1629 horitur
476 1572 529 1646 legi
542 1575 658 1646 gratiae,
670 1575 732 1646 quia
744 1581 880 1645 persuam
892 1572 1112 1629 observationem
1124 1573 1167 1627 iu·
1201 1574 1234 1630 ad
1260 1574 1320 1630 eius
1339 1580 1483 1630 externum
1503 1575 1641 1646 regimen,
1660 1580 1690 1630 et
1709 1578 1797 1630 status
1817 1573 1991 1630 hierarchicos

362 1664 479 1731 stillam,
495 1679 527 1720 ex
543 1664 568 1719 ri
583 1664 769 1734 promissionis
784 1663 808 1718 in
824 1661 871 1718 tali
884 1661 944 1734 lege
958 1662 1058 1718 iactae.
1072 1663 1166 1732 lleque
1200 1661 1321 1719 eiusdem
1330 1662 1472 1719 Ecclesiae
1484 1678 1549 1719 cum
1561 1661 1682 1733 perlecta
1693 1661 1930 1732 monarchia,dicl
1940 1678 1991 1733 pos·

364 1758 455 1825 potest
477 1753 528 1810 boc
551 1753 588 1810 ita
607 1753 718 1809 attribui
732 1754 785 1824 legi
799 1753 900 1808 veteri:
915 1767 978 1807 nam
993 1750 1058 1806 licet
1072 1751 1166 1806 obser·
1201 1759 1268 1809 sunt
1285 1753 1400 1809 ellectua
1419 1751 1502 1808 buius
1523 1751 1600 1824 legis.
1623 1753 1692 1819 Qarla
1712 1751 1780 1809 haec
1800 1753 1895 1809 omnia
1913 1761 1993 1808 sunta

360 1841 453 1898 rantis
475 1841 548 1899 illius
568 1841 641 1898 lacta
660 1857 693 1898 en
712 1841 809 1912 spiritu
823 1840 883 1897 fidei
896 1841 991 1910 virae,
1008 1839 1166 1896 iustificaret
1202 1841 1310 1899 cbristo
1325 1844 1462 1912 instituta,
1476 1847 1504 1897 et
1517 1841 1634 1913 quadam
1648 1841 1813 1899 immutabili
1829 1842 1891 1915 lege
1905 1841 1993 1897 stabili-

361 1945 411 2002 per
425 1937 601 2003 augmentum
623 1929 740 2001 gratiae3
763 1937 852 1985 tamen
870 1930 1015 2001 promissio
1037 1928 1108 1985 illius
1122 1929 1166 1983 iu·
1200 1938 1237 1988 ta.
1252 1932 1289 1988 Et
1303 1931 1362 1987 ideo
1377 1931 1445 1986 baec
1463 1935 1491 1985 ct
1509 1929 1608 1986 similia
1621 1931 1753 1987 dicuntur
1767 1946 1827 1988 esse
1843 1932 1879 1986 de
1894 1931 1949 1987 iure
1961 1929 1994 1984 di-

361 2021 451 2076 stitiae
474 2035 527 2076 non
547 2026 609 2076 erat
620 2035 651 2076 ea
668 2020 715 2076 tali
732 2018 806 2091 lege,
823 2033 910 2090 neque
924 2021 952 2074 in
968 2020 1025 2091 ipsa
1041 2018 1115 2091 lege,
1132 2022 1165 2072 ut
1199 2024 1261 2078 vino
1276 2020 1343 2092 legis
1358 2019 1479 2092 gratioe,
1495 2019 1619 2091 quamvis
1633 2035 1687 2075 uon
1707 2021 1800 2076 omnia
1815 2034 1904 2092 aeque
1916 2020 1994 2090 prima

355 2123 445 2180 supra
460 2107 512 2166 disi
524 2152 532 2179 ,
545 2108 593 2165 sed
606 2115 665 2165 crat
678 2125 712 2165 ea
727 2108 829 2164 meritis
843 2107 1077 2178 christiveoturi3
1090 2107 1164 2162 etita
1199 2116 1227 2167 et
1239 2107 1394 2164 immediate
1410 2109 1463 2164 sint
1475 2106 1509 2163 de
1523 2107 1582 2164 iure
1596 2107 1699 2179 divino,
1715 2115 1746 2165 ut
1759 2124 1791 2165 ex
1802 2109 1923 2180 propriis
1939 2107 1995 2162 locis

363 2199 444 2270 ortasi
463 2199 678 2270 participabatur
692 2213 707 2254 a
722 2198 780 2270 lege
794 2197 912 2271 gratiae,
924 2197 1029 2255 ratione
1040 2195 1164 2252 auctoris
1199 2203 1320 2255 constat.
1336 2199 1457 2270 benique
1469 2196 1521 2253 alla
1532 2199 1611 2253 etiam
1625 2197 1775 2268 spiritualia
1788 2199 1872 2268 bona,
1889 2211 1955 2270 quae
1967 2213 1995 2252 er

361 2287 437 2356 elus,
459 2286 533 2360 quod
545 2287 626 2345 babet
639 2288 731 2345 locum
743 2287 822 2343 ctiam
837 2289 865 2343 in
876 2293 950 2342 statu
963 2285 1027 2357 legis
1038 2291 1162 2357 naturae,
1199 2289 1224 2344 ri
1245 2287 1414 2360 generalium
1434 2287 1650 2358 promissionum
1670 2285 1794 2343 fidelibus
1809 2287 1995 2356 conteruntur,

361 2381 394 2432 ut
415 2391 499 2448 supra
515 2379 682 2434 notavimus.
698 2377 819 2448 benique
834 2375 928 2450 lquod
942 2375 1093 2432 notandum
1107 2375 1162 2448 est)
1198 2377 1270 2433 inter
1285 2369 1399 2432 ellectus
1414 2374 1495 2432 huius
1511 2373 1577 2446 legis
1592 2377 1747 2446 computari
1762 2382 1901 2448 possunt,
1917 2382 1947 2430 ut
1957 2389 1996 2428 en·

360 2481 427 2523 cum
448 2465 515 2522 baec
538 2466 580 2523 lex
601 2481 648 2538 per
669 2480 698 2521 se
712 2472 740 2520 et
752 2468 831 2538 quasi
845 2481 878 2522 ea
892 2467 1011 2537 propriis
1026 2465 1165 2535 promittat
1200 2465 1333 2538 plicatum
1347 2471 1400 2520 est.
1413 2463 1503 2536 Aliqui
1517 2467 1598 2520 etiam
1611 2463 1673 2520 huic
1685 2463 1735 2537 legi
1746 2464 1907 2521 attribuunt
1917 2463 1998 2520 omnia

362 2554 529 2628 spiritualem
547 2556 678 2612 iustitiam
690 2554 742 2611 sub
752 2553 908 2611 conditione
922 2553 1023 2626 operis,
1039 2568 1164 2609 necesso·
1199 2553 1340 2626 privilegia
1354 2554 1470 2626 gratiae,
1485 2551 1699 2610 extraordinaria
1713 2553 1825 2624 auxilia,
1840 2560 1872 2610 et
1888 2555 1998 2608 vocatio·

360 2647 403 2704 rio
416 2644 548 2715 includit,
567 2644 609 2702 vel
624 2646 758 2716 promittit
772 2643 928 2715 spirituales
939 2645 1011 2699 vires
1025 2649 1053 2698 st
1066 2641 1164 2699 auxilia
1199 2659 1264 2714 nes,
1279 2643 1359 2700 ctiam
1375 2641 1570 2710 miraculosus,
1587 2643 1696 2714 quaein
1711 2642 1763 2698 boc
1781 2648 1857 2698 statu
1875 2641 1956 2700 buius
1967 2641 1998 2696 le·

359 2735 678 2806 necessaria,utpossint
690 2734 811 2789 homines
822 2732 1024 2805 implereopera
1033 2731 1164 2804 illaqueer
1198 2734 1242 2804 gis
1256 2731 1416 2805 frequenter
1432 2732 1684 2789 communicantur.
1699 2731 1753 2788 Sed
1767 2731 1819 2788 boc
1831 2731 1902 2788 licet
1916 2733 1949 2787 sit
1961 2747 1999 2786 re-

361 2822 397 2878 ad
416 2824 496 2880 talem
516 2825 646 2879 iustitiam
668 2823 822 2879 necessaria
842 2828 922 2894 sunt,
944 2828 1002 2877 tum
1022 2821 1085 2892 quia
1099 2819 1163 2875 alias
1197 2837 1260 2877 rum
1284 2823 1387 2878 rotione
1406 2822 1530 2877 auctoris
1549 2819 1631 2877 buius
1650 2821 1733 2894 legis,
1748 2824 1815 2894 quia
1827 2821 1902 2878 haec
1916 2823 1999 2878 omnia

361 2913 506 2984 promissio
517 2912 569 2968 sub
580 2910 733 2967 conditione
746 2911 807 2968 talis
818 2912 905 2981 operis
914 2910 1053 2966 videretur
1064 2909 1125 2966 ficta
1135 2916 1164 2966 et
1199 2911 1432 2968 abundantissime
1447 2913 1558 2982 meruit,
1570 2918 1598 2967 et
1611 2911 1670 2968 idco
1683 2913 1764 2968 ctiam
1778 2911 1833 2966 sint
1847 2911 1929 2968 valde
1942 2926 1999 2966 coo-

360 3000 485 3069 inutilis3
504 3007 563 3056 tum
578 3001 669 3068 etiam,
684 3001 750 3072 quia
764 3006 862 3055 aarctor
878 2998 959 3055 buius
974 2999 1041 3070 legis
1057 3005 1163 3054 utrum·
1197 3007 1327 3057 sentanea
1348 3001 1433 3058 statui
1455 2999 1536 3056 huius
1558 2999 1638 3071 legis,
1660 3015 1714 3056 nou
1735 3008 1826 3056 tannen
1842 3003 1882 3057 ita
1897 3001 1999 3073 proprie

360 3103 416 3163 que
437 3089 496 3146 suis
517 3087 631 3145 subditis
652 3091 763 3145 meruit.
780 3089 866 3161 lgltur
886 3088 991 3144 ratione
1005 3089 1162 3160 promissio·
1197 3089 1357 3146 tribuuntur
1380 3089 1430 3161 legi
1449 3087 1603 3145 secuudum
1624 3089 1762 3160 propriam
1784 3088 1922 3146 rabonem
1936 3090 1998 3160 eius,

359 3193 427 3236 auur
442 3193 490 3250 per
503 3193 534 3234 se
547 3179 741 3250 pertinentium
756 3176 790 3232 ad
804 3177 874 3233 banc
887 3177 974 3249 legem
986 3177 1073 3234 omnis
1085 3177 1161 3234 iusti·
1201 3194 1265 3236 cum
1287 3180 1380 3251 potius
1401 3194 1502 3250 supra,
1518 3179 1560 3234 rel
1580 3179 1652 3235 ultra
1666 3179 1753 3253 legem
1765 3194 1828 3234 esse
1844 3179 1998 3235 rideantur.

358 3267 450 3326 ficatio
470 3274 527 3325 tam
547 3265 688 3340 secunda,
704 3282 787 3340 qrram
802 3268 904 3338 prima,
919 3275 946 3323 et
959 3268 1048 3338 ipsum
1065 3266 1160 3323 iustiti·
1198 3271 1310 3327 Praeter
1325 3268 1376 3325 bos
1390 3275 1481 3324 autem
1495 3267 1610 3324 effectus
1624 3284 1684 3323 non·
1698 3275 1857 3326 occurrunt
1878 3269 1946 3337 alii,·
1959 3270 2003 3340 qui

245 3353 248 3361 '
323 3409 329 3416 .
359 3356 474 3414 cationis
491 3355 600 3412 initium
614 3372 668 3413 non
683 3357 818 3412 immerito
832 3362 922 3427 potest
935 3357 998 3412 huic
1013 3354 1066 3428 legi
1081 3357 1160 3411 attri·
1197 3359 1304 3432 possint
1324 3357 1390 3414 buic
1411 3356 1461 3428 legi
1482 3359 1591 3429 proprie
1611 3356 1788 3429 tribui3quia
1808 3355 1882 3413 baec
1899 3357 2000 3413 lexuec

357 3445 415 3504 bui.
436 3447 472 3504 lit
491 3447 615 3519 quamvis
629 3445 662 3502 d.
678 3446 794 3501 Thomas
814 3459 868 3500 non
890 3446 928 3501 ita
947 3443 1073 3500 distincte
1094 3443 1160 3500 baec
1195 3449 1330 3519 promittit
1347 3447 1418 3502 bona
1439 3446 1612 3518 temporalia,
1629 3452 1660 3502 ut
1673 3445 1735 3502 talia
1749 3452 1833 3516 suut,
1849 3461 1906 3503 nec
1922 3447 2001 3503 etiam

358 3538 448 3594 omnia
467 3536 643 3608 explicuerit,
660 3533 723 3591 nibil
745 3541 835 3591 tamen
849 3533 949 3590 borum
964 3535 1080 3605 negavit.
1097 3533 1161 3588 Eni-
1194 3551 1243 3609 per
1256 3551 1285 3592 se
1301 3535 1383 3592 inlert
1396 3535 1624 3606 irregularitates,
1639 3549 1729 3607 neque
1743 3533 1809 3591 alias
1828 3551 1939 3606 poenas
1955 3535 2002 3590 bu·

357 3627 438 3682 elimo
453 3633 563 3698 autem,
579 3624 604 3679 in
621 3625 776 3696 praeceptis
792 3623 873 3678 buius
888 3622 955 3694 legis
969 3622 1160 3678 solumconsi·
1193 3628 1238 3683 ius
1258 3627 1343 3695 vitae,
1366 3639 1454 3696 neque
1474 3627 1556 3680 etiarn
1576 3623 1666 3680 irritat
1683 3629 1778 3696 actus,
1793 3641 1872 3698 quos
1894 3626 1938 3682 len
1951 3627 2005 3695 ipsa

355 3712 466 3771 derasse
481 3715 534 3770 vim
548 3712 702 3785 obligandi,
717 3718 745 3769 et
759 3714 785 3768 in
801 3711 976 3769 documentis
991 3712 1043 3767 viui
1059 3727 1161 3767 consu·
1194 3714 1325 3771 naturalis
1346 3729 1401 3770 noa
1419 3712 1523 3785 irritat,
1538 3719 1570 3770 ut
1582 3727 1616 3770 ea
1637 3711 1718 3769 dictis
1733 3715 1867 3784 incapite
1884 3715 1920 3770 ll.
1942 3715 2003 3769 satis

355 3804 444 3873 leudi,
467 3803 510 3861 rel
530 3802 691 3861 osmudendi
710 3803 857 3875 iustitiam,
871 3809 900 3858 et
919 3800 971 3857 sub
990 3800 1042 3857 bac
1057 3801 1159 3857 ratione
1192 3809 1313 3861 constat.

355 3893 472 3967 dixisse,
488 3894 576 3966 tegern
590 3894 659 3949 banc
670 3907 726 3949 non
737 3893 893 3950 iustificare.
903 3891 960 3949 Sub
970 3894 1158 3964 gratiaautem

355 3969 587 4057 comprehendere
607 3981 716 4040 ridetur
731 3982 820 4038 omnia
840 3981 962 4039 subsidia
980 3982 1098 4055 gratiae,
1117 3983 1158 4036 in·
1481 3991 1621 4062 CAPUT
1644 3990 1702 4062 Vp·

353 4079 398 4130 ter
411 4088 482 4146 quae
502 4071 658 4143 computari
677 4077 795 4143 possunt
813 4071 1010 4142 instrumenta,
1024 4084 1073 4142 per
1087 4085 1158 4142 quae

354 4162 513 4234 confertur,
530 4168 559 4218 et
579 4161 773 4234 promissiones
792 4161 863 4216 eius.
880 4161 1076 4217 Verumtamen
1090 4175 1157 4232 qua·
1249 4188 1299 4246 A,
1308 4187 1406 4260 pom,
1419 4183 1531 4258 aliqu„
1543 4188 1576 4242 ἐπ
1590 4182 1651 4258 ky,
1664 4199 1743 4240 w„
1756 4182 1956 4260 dammare·

353 4258 436 4309 mnus
449 4250 517 4307 baco
537 4251 618 4307 etiam
629 4248 663 4306 ad
674 4249 741 4323 legis
752 4249 877 4307 ollicium
888 4254 918 4305 et
928 4250 1083 4306 institutum
1095 4263 1157 4320 per·

352 4341 454 4414 tinent,
467 4348 499 4398 ut
516 4339 670 4412 declaravi,
683 4339 781 4396 merito
794 4340 877 4396 etiam
887 4339 939 4411 ipsi
949 4338 1002 4412 legi
1016 4353 1101 4395 norae
1112 4338 1157 4394 bic
1475 4363 1589 4426 §mm
1597 4363 1710 4427 mm

352 4430 469 4488 effectus
484 4430 510 4487 in
525 4444 576 4485 suo
589 4443 689 4502 genere
703 4428 844 4486 tribuitur.

392 4524 420 4577 tt.
436 4519 476 4575 Ex
491 4533 546 4592 quo
563 4517 672 4575 tandem
687 4516 787 4616 colligo
798 4558 806 4586 ,
817 4514 912 4589 plures
925 4515 1079 4591 spirituales
1093 4516 1156 4574 elle·
1191 4550 1216 4600 1,
1230 4550 1264 4601 De
1277 4550 1466 4624 desponsatione
1478 4549 1505 4599 in
1518 4551 1575 4612 rege
1587 4561 1662 4602 nova.
1674 4577 1707 4588 -
1716 4549 1816 4615 boptex
1829 4557 1963 4606 mutatio.
1975 4582 2006 4592 —

351 4614 416 4665 atus
430 4623 509 4679 posse
528 4607 594 4664 huic
609 4606 659 4681 legi
675 4606 795 4663 attribui.
811 4606 972 4664 Huiusmodi
984 4607 1086 4664 suntin
1101 4607 1155 4679 pri·
1222 4619 1288 4671 lteus
1305 4627 1388 4684 potest
1406 4621 1432 4670 ia
1446 4619 1502 4682 tege
1515 4631 1560 4670 sara
1573 4619 1732 4683 dispensare.
1745 4647 1778 4658 —
1789 4619 1816 4671 2.
1832 4622 2006 4688 bispenfflpp.

351 4700 405 4756 mis
419 4711 513 4754 omnes
530 4695 584 4768 illi,
597 4699 644 4769 qui
660 4703 726 4754 sunt
736 4697 849 4752 allectus
861 4703 1109 4767 sacramentorum,
1123 4703 1156 4753 ut
1222 4690 1282 4741 litas
1292 4691 1368 4740 brutis
1378 4689 1442 4752 ¹⁰8ss
1451 4701 1498 4752 l>er
1507 4689 1643 4740 nominem.
1652 4689 1782 4740 -Nullls
1793 4691 1930 4759 princeps
1942 4703 2006 4746 leffi-

351 4796 394 4846 est
404 4794 582 4859 peccatorum
596 4787 865 4856 remissio‚etomuis
876 4781 1082 4842 sacramentalis
1092 4801 1154 4858 gra·
1185 4811 1188 4821 ι
1222 4757 2007 4895 fflsEffi,1affffessgnffiffnffarssssdnsgerdgrege&

352 4878 401 4949 ²5³2
417 4877 474 4932 ⁵5¹¹ss
489 4875 649 4947 habituali&
665 4877 720 4931 'ive
735 4875 865 4947 80ωῑῑΙῙῧι
881 4882 908 4930 θῑ
922 4873 1097 4932 ⁰h⁰f³⁰¹⁰¹⁰⁸
1111 4891 1154 4934 ⁸³·
1220 4899 1352 4959 omuibus,
1366 4911 1432 4962 quae
1445 4903 1505 4948 sunt
1520 4899 1584 4947 luris
1596 4897 1691 4959 diuini,
1703 4900 1818 4961 exceptis
1834 4903 1971 4955 articulis
1983 4905 2007 4954 t·
2074 4955 2075 4968 ,

310 4999 314 5008 ·
351 4975 569 5037 crementorum,
587 4981 619 5022 ac
635 4964 749 5022 subinde
764 4971 884 5037 potestas
896 4965 1008 5036 ordinis,
1019 4981 1089 5039 quae
1104 4981 1152 5039 per
1220 4965 2008 5036 oen-arripiesloramentum-nuptosexemptum.-

351 5073 438 5116 uuum
459 5072 492 5112 en
514 5055 693 5112 sacramentis
711 5053 872 5126 confertur,
893 5070 956 5111 nam
976 5057 1067 5112 omnia
1085 5056 1161 5124 baec¹
1221 5037 1247 5088 ⁵·
1273 5037 1389 5088 Sssffid‘
1417 5037 1707 5118 ωΠῑΡΠῑῙἏχὛῙέΠΡΙθῑ
1735 5049 1922 5104 praeceptam
1946 5045 2008 5126 diri·
2074 5047 2075 5096 l

349 5145 451 5206 dantur
471 5160 505 5202 cx
526 5144 551 5200 ri
571 5145 749 5202 institutionis
767 5143 848 5202 buius
863 5145 941 5218 legis.
958 5144 1015 5202 lmo
1030 5160 1095 5202 cum
1108 5146 1151 5202 his
1219 5107 2010 5241 32¹3„gignepgffi‘ggssffiffifflssiffiffiffieeffafflss

349 5239 525 5294 connexaest
536 5234 619 5292 etiam
631 5239 750 5308 potestas
760 5232 954 5293 iurisdictionis
966 5235 1103 5306 pertinens
1114 5236 1149 5293 ad
1220 5248 1272 5298 tum
1289 5247 1376 5299 otnero
1388 5259 1402 5296 a
1416 5247 1507 5311 priona.
1518 5273 1553 5284 -
1564 5247 1590 5298 t.
1604 5247 1691 5298 Tertia
1703 5249 1842 5301 monentia
1857 5255 2009 5308 eommunis
