4190 6234
855 405 962 458 carun
975 407 1026 458 1x.
1329 401 1334 412 ·
1672 391 1714 454 le
1805 411 1810 420 ·
1904 371 1909 379 ⁴

116 537 156 594 ius
171 533 274 607 sebast,
288 531 360 593 dum
380 551 437 593 nen
452 532 593 593 iudicatur
609 529 743 606 inhabilis,
757 531 843 590 etita
856 531 915 589 iure
951 530 1077 590 servandi
1092 532 1234 602 iustitiam,
1248 539 1278 590 et
1290 532 1396 593 larendi
1411 533 1537 609 digniori,
1552 531 1653 605 poterit
1664 547 1752 591 excu-

118 643 164 686 ruo
176 625 260 684 utitur
274 624 391 684 terendo
402 625 582 699 suffragium,
596 639 660 697 ergo
671 639 726 681 non
737 627 846 694 peccat.
859 623 915 680 Nec
951 623 1005 678 sari
1013 622 1046 680 ab
1057 621 1375 696 obligetioueconfitendi
1383 641 1464 681 suum
1477 622 1747 692 lactumoccultum,

118 718 203 775 obstat
218 715 322 788 dicere,
335 715 412 790 quod
423 731 472 788 per
484 715 571 790 legem
582 715 665 772 luerit
675 713 840 785 prohibitus,
852 711 918 785 quia
953 714 1017 788 quia
1032 713 1074 770 lex
1088 714 1115 770 id
1130 715 1227 772 iubens
1241 714 1373 772 fundatur
1388 716 1412 771 in
1433 715 1665 787 praesumptione,
1680 729 1751 787 quae

121 808 163 865 alla
176 805 317 878 probibitio
332 820 388 862 non
403 805 505 878 obligat
520 804 596 861 illum
610 806 660 860 nisi
682 819 731 876 par
744 801 875 870 iudicem,
889 809 918 858 at
952 811 1018 862 ωηο
1034 811 1136 874 cessat,
1152 811 1180 862 et
1199 806 1310 863 intentio
1326 806 1392 877 legis
1412 812 1548 862 servatur.
1564 807 1637 864 llaec
1659 813 1751 861 tannen

121 900 160 954 ita
172 895 269 953 directe
282 895 397 952 instruit
411 894 604 964 iudicemnon
620 890 916 967 obligatreum,doueo
951 894 1085 966 posterior
1109 896 1249 959 excusatio
1274 896 1414 952 moraliter
1435 911 1489 952 uon
1514 900 1558 951 eet
1576 893 1751 964 admittenda,

122 986 412 1057 contemnetur-‚atque
422 985 458 1041 ita
468 993 630 1056 nonpeceat
641 985 716 1041 iuxta
726 982 798 1039 illum
809 985 918 1038 senten-
953 985 1016 1057 quia
1028 984 1072 1040 illa
1086 998 1141 1040 non
1152 991 1196 1042 est
1209 983 1252 1041 lex
1267 987 1375 1056 proprie
1389 984 1501 1041 lrrndata
1514 985 1539 1040 in
1555 985 1756 1056 praesumptio-

123 1079 268 1150 tiam3ergo
281 1081 460 1133 nectenetur
474 1073 641 1146 respondere
655 1072 790 1147 superiori
802 1072 919 1128 interro·
952 1089 997 1144 ne,
1018 1073 1066 1129 sed
1088 1071 1198 1130 lundata
1219 1073 1244 1130 in
1266 1073 1360 1130 morali
1383 1073 1515 1146 periculo,
1538 1072 1611 1145 quod
1634 1075 1755 1132 imminet

125 1169 193 1242 gxnti
211 1167 244 1222 ad
263 1170 382 1223 mentem
401 1164 480 1237 eiua,
502 1171 531 1220 et
551 1162 694 1220 occultum
713 1176 795 1219 suum
814 1160 918 1217 lactum
952 1160 1188 1231 reipulrlicae,seu
1200 1161 1399 1220 academiaeex
1411 1163 1567 1221 huiuamodi
1582 1163 1754 1221 subornatis·
1855 1232 1858 1238 1

126 1256 281 1330 aperiendo,
298 1256 349 1312 nisi
368 1254 487 1328 legitime
501 1252 697 1325 interrogetur,
712 1253 777 1325 quia
792 1264 920 1323 praeces·
953 1251 1033 1308 nibus
1045 1259 1073 1306 et
1084 1253 1364 1324 muneribus,quibus
1375 1250 1509 1309 electores
1522 1261 1752 1324 corrumpuntur,

127 1349 162 1403 sit
173 1346 272 1402 iniamia
293 1344 337 1400 rel
357 1343 506 1416 semiplena
520 1343 656 1416 probatio.
669 1341 807 1398 Probatur
821 1353 920 1396 conse·
954 1347 982 1398 et
994 1341 1079 1396 iustae
1090 1339 1238 1398 electiones
1253 1341 1448 1412 impediuntur:
1463 1342 1535 1415 qnod
1547 1343 1754 1400 fundamentum

127 1436 251 1510 quentia,
271 1435 337 1508 quia
360 1433 414 1489 iarn
428 1440 497 1490 tuuc
511 1430 555 1488 illa
568 1431 747 1502 interrogatio
762 1444 816 1485 non
832 1426 920 1484 tendit
953 1445 1009 1486 non
1028 1437 1071 1486 est
1083 1437 1302 1502 praesumptum,
1319 1428 1365 1486 sed
1381 1445 1486 1501 rerum,
1502 1438 1530 1488 et
1550 1433 1614 1488 licet
1628 1432 1654 1486 in
1670 1433 1755 1502 parti-

128 1526 161 1584 sd
173 1523 301 1582 sitandam
314 1521 427 1594 culpam
441 1522 484 1579 vel
505 1521 631 1580 iniuriam
645 1521 735 1592 tertii,
750 1519 813 1592 quia
826 1525 919 1575 osten·
952 1519 1041 1576 culari
1055 1526 1147 1576 cesset
1159 1520 1275 1577 effectus
1290 1519 1361 1587 eius,
1377 1537 1431 1576 uun
1448 1521 1506 1577 ideo
1527 1528 1618 1578 cessat
1630 1521 1755 1594 obligatio

127 1633 183 1674 suns
201 1621 251 1686 est,
271 1613 376 1671 nullam
390 1614 545 1684 committi,
564 1613 671 1669 etiamsi
691 1609 734 1666 ills
754 1609 917 1681 suffragium
952 1596 1158 1683 legis.ldeoqus
1173 1625 1226 1665 nun
1247 1617 1397 1666 excusatur
1411 1611 1523 1683 quisab
1537 1611 1697 1683 obligatione
1711 1597 1755 1669 re-

126 1709 199 1778 ierat,
213 1719 277 1778 erge
291 1701 380 1760 tendit
390 1702 423 1760 ad
436 1702 685 1776 punitionem3ergo
694 1699 777 1758 debet
788 1701 816 1755 in
830 1712 862 1756 ea
875 1699 920 1754 iu·
953 1698 1102 1771 spondendi
1117 1697 1335 1770 rerum,etiamsi
1346 1699 1521 1758 intentionem
1533 1700 1630 1758 babeat
1640 1701 1756 1759 faciendi
1786 1737 1790 1751 ι

128 1797 222 1854 ridicas
234 1795 300 1853 ordo
314 1793 431 1852 serrari.
952 1788 1092 1846 iustitiam.
1109 1790 1149 1844 Eo
1170 1787 1212 1845 rel
1235 1791 1361 1860 maxime,
1377 1790 1451 1862 quod
1472 1789 1549 1848 iacile
1567 1790 1592 1847 bi
1613 1791 1754 1864 decipiun-

162 1893 186 1944 8.
201 1885 391 1944 minutiem
411 1884 490 1954 Sele,
505 1888 534 1938 et
550 1879 677 1940 Ledesm.
693 1893 790 1951 supra,
804 1875 881 1952 quod
895 1877 919 1934 si
953 1888 1012 1950 tur,
1028 1885 1056 1936 et
1074 1879 1194 1936 formant
1207 1874 1403 1937 conscientiam
1418 1881 1494 1937 iuxta
1515 1897 1597 1938 suum
1611 1882 1752 1955 affectum,

126 1977 180 2050 quie
192 1975 303 2033 iuridiee
317 1973 517 2047 interrogetur,
533 1985 587 2028 non
602 1969 692 2028 solum
707 1974 813 2041 peccat,
829 1973 859 2025 et
877 1972 920 2022 est
953 1985 1036 2043 quaem
1057 1968 1157 2025 hebent
1170 1967 1204 2024 ad
1225 1969 1339 2026 alteram
1359 1979 1464 2041 partem
1485 1986 1662 2042 propensum.
1678 1972 1756 2029 Prior·

127 2067 244 2139 periurus
257 2061 386 2136 negando
405 2064 561 2132 veritatem,
581 2059 629 2117 sed
649 2060 733 2117 etiam
747 2063 857 2116 tenetur
876 2071 917 2113 re·
953 2062 1035 2116 etiam
1056 2060 1208 2130 excusatio,
1225 2059 1290 2115 licet
1304 2060 1328 2114 iu
1351 2061 1440 2133 rigore
1458 2059 1588 2131 sufficiat,
1604 2067 1632 2118 et
1651 2061 1760 2118 contin·

125 2156 230 2212 stituere
242 2153 355 2224 damna,
371 2166 444 2224 quae
457 2151 574 2208 lortasse
586 2151 623 2209 ob
640 2165 701 2207 eam
716 2162 832 2206 eausam
849 2148 918 2219 pati·
954 2165 1020 2223 gere
1033 2148 1133 2220 possit,
1145 2153 1236 2204 tamen
1250 2149 1390 2205 moraliter
1401 2148 1537 2221 loquendo
1550 2151 1689 2208 rarissima
1702 2158 1755 2225 eat,

124 2255 164 2302 tur
180 2260 230 2302 non
243 2244 365 2300 electus.
379 2239 433 2298 Sed
451 2241 506 2298 hoc
520 2239 675 2298 secundum
689 2238 768 2295 rslde
782 2238 918 2297 incertum
955 2247 1016 2296 tum
1029 2239 1093 2310 quia
1107 2237 1164 2294 iere
1186 2252 1295 2309 semper
1309 2246 1401 2310 potest
1420 2242 1483 2312 quis
1498 2255 1528 2297 se
1548 2241 1715 2314 subducere,
1731 2251 1760 2312 et

120 2343 168 2404 est,
182 2339 211 2391 et
226 2333 400 2390 conuentum
421 2331 538 2388 fumasse
559 2335 603 2387 est
621 2328 803 2402 probabilius,
819 2341 920 2400 suppo·
955 2344 1051 2386 coram
1065 2333 1175 2384 rectore
1193 2342 1247 2384 non
1273 2334 1493 2400 apparere31um
1514 2331 1610 2403 etiam,
1626 2333 1758 2405 quiapu-

120 2427 169 2482 site
181 2423 229 2481 ille
249 2422 399 2496 principio,
416 2419 491 2495 quod
511 2419 556 2478 ille
576 2434 630 2477 non
650 2426 695 2476 est
715 2418 841 2476 inhabilis
861 2418 920 2490 ipso
956 2421 1059 2476 testita
1078 2417 1215 2474 moderari
1230 2419 1447 2490 responsionem,
1464 2425 1495 2477 ut
1513 2418 1546 2475 ad
1561 2420 1756 2480 inhabilitatem

117 2515 198 2573 lacto.
211 2515 280 2571 Nam
300 2519 370 2570 tuuc
383 2510 429 2568 ille
449 2509 579 2584 negando
589 2511 733 2568 veritatem
747 2524 801 2566 non
822 2511 922 2580 peccat
956 2506 1139 2567 confitendam
1153 2506 1284 2578 sufficiat,
1300 2513 1328 2564 et
1341 2507 1479 2564 infamiam
1494 2524 1549 2568 uon
1564 2509 1688 2582 inducat,
1702 2528 1758 2585 qua

117 2611 212 2663 cantra
229 2604 365 2661 iustitiam
384 2604 614 2660 commutatiram
633 2605 764 2673 respectu
788 2597 916 2672 eligendi,
958 2597 1080 2665 sublata,
1093 2597 1145 2653 alia
1158 2595 1332 2654 incommoda
1345 2595 1417 2653 lesia
1430 2611 1491 2653 esse
1505 2597 1603 2654 solent.

118 2695 164 2753 sed
178 2701 279 2752 contre
299 2692 479 2750 obedientiam
492 2699 624 2764 respectu
638 2690 747 2764 iudicis,
763 2688 805 2746 sel
824 2693 921 2746 contra
999 2693 1042 2746 lo.
1059 2688 1178 2760 benique
1192 2687 1304 2744 sincere
1320 2691 1444 2758 spectato
1464 2692 1557 2745 terame
1578 2694 1757 2764 statutorum,

117 2785 248 2844 iustitiam
267 2783 383 2857 legalem
407 2787 537 2855 respectu
560 2780 740 2855 reipublicae,
759 2779 801 2836 rel
824 2785 921 2836 contra
955 2784 983 2836 et
997 2778 1102 2852 legum,
1117 2784 1146 2833 et
1164 2775 1406 2848 praecipuebuius
1425 2775 1591 2851 academiae,
1607 2781 1705 2852 sentio,
1719 2787 1760 2838 te·

117 2879 320 2944 iuramentum,
341 2878 371 2929 et
392 2854 560 2946 religionem.
581 2871 682 2945 Neque·
696 2871 779 2928 etiam
807 2865 919 2924 serendo
957 2869 1014 2924 neri
1029 2867 1179 2938 soboleres,
1195 2868 1242 2939 qui
1257 2865 1291 2923 ad
1312 2864 1442 2939 suffragia
1455 2863 1565 2924 ferenda
1579 2883 1609 2924 se
1627 2869 1758 2942 oderunt,

119 2967 278 3039 remigium
293 2969 356 3036 post
366 2969 494 3036 negatam
507 2963 648 3018 veritatem
660 2960 703 3018 ille
714 2964 812 3032 peccet
822 2955 922 3014 contra
957 2963 984 3014 et
995 2972 1089 3014 coram
1100 2964 1209 3012 rectore
1221 2963 1444 3028 praesentantur,
1456 2956 1595 3014 veritatem
1606 2959 1695 3030 lateri,
1703 2962 1758 3018 sire

120 3055 259 3129 iustitiam,
272 3055 338 3128 quia
355 3066 409 3109 non
424 3052 514 3109 amisit
527 3052 585 3124 ipso
597 3052 672 3109 lacto
685 3050 729 3107 ius
746 3047 851 3106 ierendi
866 3047 924 3104 sui·
955 3045 1103 3120 praecedat
1121 3046 1241 3114 infamia,
1258 3045 1314 3101 sira
1334 3060 1399 3101 non.
1414 3046 1482 3102 Tum
1497 3046 1562 3118 quia
1573 3047 1621 3104 illa
1643 3048 1758 3107 interro·

121 3146 250 3220 lrxgium,
264 3145 348 3200 etiam
369 3137 515 3214 postquam
534 3141 676 3197 veritatem
699 3137 817 3210 negarit,
831 3136 921 3194 donec
956 3136 1030 3209 gatio
1044 3151 1098 3191 non
1111 3141 1155 3192 est
1168 3134 1298 3206 primario
1309 3141 1423 3206 propter
1438 3135 1617 3208 punitionem,
1632 3138 1678 3195 ced
1694 3155 1759 3210 pro·

120 3239 219 3309 reipsa
237 3232 452 3303 condemnetur,
464 3233 529 3304 quia
542 3228 588 3288 illa
598 3235 643 3286 est
657 3242 743 3299 poena
757 3226 878 3297 terenda,
890 3233 923 3283 ut
956 3233 1017 3298 pter
1031 3225 1133 3283 morule
1147 3225 1250 3282 bonurn
1264 3238 1411 3281 commune
1428 3224 1606 3299 reipublicae,
1620 3232 1649 3285 et
1663 3226 1709 3302 (ut
1722 3230 1758 3286 ita

122 3325 295 3398 supponitur,
312 3323 373 3380 talis
386 3328 479 3382 atatem
494 3335 582 3393 poena
596 3333 648 3376 non
663 3317 743 3376 aliter
755 3317 919 3374 incurritur.
956 3331 1014 3373 rem
1029 3315 1176 3388 explicem)
1191 3329 1246 3371 non
1266 3313 1354 3371 oritur
1367 3329 1400 3371 ex
1419 3313 1520 3371 affectu
1539 3315 1655 3374 iustitiae
1674 3318 1760 3376 vindi·

121 3417 154 3474 Et
166 3416 226 3473 ideo
246 3429 325 3484 reus,
340 3413 388 3486 qui
407 3409 533 3484 negando
552 3409 646 3483 inique
666 3407 821 3480 veritatem,
835 3407 924 3463 evitat
956 3405 1073 3478 catirae,
1089 3405 1137 3462 sed
1154 3419 1188 3462 ex
1206 3403 1308 3462 affectu
1326 3404 1445 3461 iustitiae
1459 3403 1658 3478 distributivae,
1673 3414 1701 3465 et
1720 3409 1757 3466 lo·

123 3502 372 3562 condemnationem
387 3515 491 3574 poenae
507 3500 575 3557 alias
590 3497 730 3569 terendae,
741 3512 796 3553 ηοη
810 3502 922 3554 tenetur
957 3495 1133 3572 galis;etbuc
1146 3501 1190 3552 est
1200 3495 1317 3563 satis,ut
1328 3495 1506 3568 interrogatio
1516 3494 1552 3550 sit
1562 3495 1757 3567 iusta,etiamsi
1842 3489 1846 3494 ’

124 3595 193 3652 illam
216 3595 384 3662 resdtuere,
409 3592 484 3647 iusta
509 3586 723 3662 probabiliorem
747 3585 921 3656 sententiam,
957 3584 1755 3659 ininnaianonpraecedat.Quianonestnecesse,utsena·

126 3698 289 3756 quamnunc
304 3695 431 3753 suppono
443 3679 608 3736 exilararro
619 3678 645 3734 in
657 3677 921 3747 somniante,
957 3695 1007 3752 per
1018 3677 1197 3750 interrogatio
1209 3673 1299 3732 fiatad
1311 3673 1512 3746 impediendum
1523 3683 1669 3746 peccatum
1681 3677 1757 3736 iutu·
1854 3739 1855 3743 ,

128 3781 152 3828 et
163 3773 220 3829 aliis
236 3770 386 3828 modernis.
957 3784 1033 3839 rum,
1050 3763 1098 3824 sed
1113 3768 1180 3823 satis
1193 3771 1247 3836 eet,
1262 3771 1293 3822 ut
1308 3763 1354 3822 liat
1368 3772 1480 3838 propter
1495 3781 1668 3823 communem
1685 3769 1758 3826 utili·

163 3855 459 3919 calumniando
477 3853 848 3930 culparegultliiorverttm
868 3858 922 3925 etl,
957 3865 1052 3930 tatem,
1067 3864 1096 3914 et
1108 3857 1142 3914 ad
1157 3853 1303 3913 tollendam
1320 3855 1471 3926 materiam,
1486 3861 1516 3911 et
1530 3871 1693 3914 communes
1708 3875 1757 3915 oc·
1811 3915 1815 3922 ,

130 3953 264 4024 supposita
284 3947 498 4022 interrogatione
518 3945 654 4020 legitima,
674 3945 740 4018 quia
760 3960 815 4001 uon
834 3948 926 4015 potest
958 3948 1281 4018 casinusspecoatorum3
1296 3950 1327 4001 ut
1342 3943 1666 4003 benenotaritNavar.in
1681 3946 1756 4006 dicto
1851 3980 1853 3987 ·

130 4039 410 4099 daribsllumiustum
422 4043 585 4109 exutasque
599 4041 691 4108 parte,
703 4041 731 4091 et
744 4035 809 4107 quia
822 4032 925 4090 lex‘illa
958 4055 986 4096 ο.
995 4041 1077 4096 lutor
1086 4035 1186 4103 verba,
1199 4035 1291 4092 conci.
1301 4039 1328 4107 6,
1340 4039 1492 4106 numtbt,
1508 4040 1609 4109 tibet
1620 4040 1758 4096 265.Tum

130 4132 257 4201 iustsest,
268 4136 362 4186 etnon
376 4127 401 4183 in
416 4141 516 4184 renum
529 4123 597 4182 tales
608 4123 836 4197 interrogationes
846 4136 925 4194 prae·
958 4127 1123 4201 etiam,quie
1130 4125 1171 4183 lex
1180 4124 1223 4182 illa
1235 4124 1420 4182 indifferenter
1430 4124 1560 4197 praecipit
1569 4128 1675 4200 exigere
1686 4131 1760 4185 iura-

131 4221 201 4292 cipit·,
212 4234 279 4293 ergo
293 4217 408 4290 obligat,
420 4215 516 4272 saltem
529 4213 640 4287 quando
652 4212 767 4270 iuridice
780 4213 858 4269 fiunt.
867 4213 924 4269 Hoc
959 4223 1096 4286 mentum,
1110 4222 1139 4272 et
1152 4214 1204 4272 sub
1218 4214 1313 4271 eodem
1328 4221 1422 4272 tenore
1436 4214 1462 4271 iu
1483 4216 1609 4273 omuibus
1623 4217 1676 4273 illis
1697 4221 1760 4277 arti-

132 4317 214 4366 sutem
234 4306 343 4364 videtur
364 4302 568 4378 intelligendum
587 4317 637 4375 per
658 4317 705 4375 se;
720 4316 783 4358 narn
798 4317 831 4357 ex
851 4301 925 4358 acci·
962 4306 1044 4378 culis,
1060 4306 1116 4361 sire
1137 4305 1271 4377 pertineat
1285 4303 1318 4360 ad
1339 4303 1510 4372 conditiones
1532 4309 1611 4379 quasi
1632 4308 1760 4366 substan-

131 4397 197 4455 denti
210 4403 329 4470 possete
343 4393 428 4468 culpa
437 4395 573 4464 excusari,
586 4393 632 4467 qui
646 4407 700 4450 non
711 4398 801 4464 potest
811 4405 926 4463 respen-
959 4397 1037 4453 tiales
1051 4393 1085 4452 ad
1099 4395 1143 4451 ius
1159 4392 1280 4467 suffragii
1294 4392 1460 4465 babendum,
1475 4397 1532 4452 sire
1546 4395 1580 4452 ad
1595 4395 1672 4468 alias,
1688 4415 1760 4472 quae

131 4487 188 4544 dere
205 4503 304 4545 rerum
317 4488 376 4542 sinc
397 4497 496 4557 magno
513 4480 654 4554 scandale,
669 4480 711 4538 rel
732 4481 842 4538 inlumia
862 4496 925 4553 pro·
961 4486 1077 4545 tendunt
1091 4483 1124 4541 ad
1146 4483 1268 4540 cavenda
1288 4483 1369 4556 mala,
1384 4490 1413 4540 et
1432 4487 1595 4542 occasiones
1615 4487 1760 4546 iniustitias

132 4579 195 4649 pria,
209 4573 250 4634 rel
270 4573 421 4644 inimicitia,
438 4573 481 4629 rel
500 4571 553 4629 alia
567 4570 646 4627 simili
665 4571 742 4644 grari
761 4571 881 4642 iactura,
897 4575 926 4626 et
960 4575 1138 4649 publicae,ot
1148 4573 1312 4646 acceptionis
1328 4576 1564 4646 personarumsst
1574 4577 1695 4635 seminans
1709 4596 1757 4653 ρο.

131 4672 190 4723 ωηο
202 4667 267 4724 licet
278 4664 461 4736 interrogatio
472 4677 519 4734 per
530 4677 559 4718 se
572 4661 609 4718 sit
622 4659 820 4735 itrridica3quia
833 4666 925 4717 tamen
959 4673 1067 4723 nuntur
1081 4681 1132 4738 pro
1153 4664 1278 4721 omnibus
1299 4665 1433 4736 personis,
1450 4664 1526 4723 nulla
1546 4665 1635 4732 babila
1655 4670 1758 4727 ratione

129 4772 159 4814 ex
171 4755 303 4813 occidenti
318 4753 489 4826 respondens
503 4752 660 4824 impeditur,
672 4752 735 4809 licet
748 4752 924 4824 respondeat,
959 4757 1096 4822 infamiae,
1108 4769 1159 4812 nac
1175 4753 1286 4811 alterius
1297 4754 1400 4810 ordinis
1414 4754 1560 4824 iudicialis,
1573 4772 1639 4831 ergo
1656 4776 1759 4832 suppo·

130 4865 155 4904 se
173 4863 227 4905 nnn
247 4847 358 4916 iecisse,
375 4843 457 4901 babet
475 4842 569 4902 lucum
586 4841 776 4900 subintellecta
795 4843 927 4914 interpre-
961 4847 1001 4902 nit
1022 4844 1065 4901 illa
1085 4845 1140 4917 les,
1163 4843 1401 4916 interrogationem
1422 4844 1495 4901 illam
1516 4861 1576 4902 esse
1601 4847 1712 4920 iustam,
1732 4859 1760 4909 et

129 4939 198 4999 tstio,
219 4935 340 5007 scilicet,
356 4949 412 4991 non
434 4933 471 4990 ita
488 4931 551 5004 leci,
567 4939 600 4990 ut
618 4937 710 4988 tenear
729 4931 884 5006 propalare,
898 4939 927 4990 et
961 4951 1047 5008 aeque
1063 4949 1143 5006 posse
1157 4949 1251 4990 omnes
1265 4935 1331 4990 etin
1351 4933 1478 5004 omnibus
1494 4935 1604 4992 casibus
1624 4937 1755 5013 obligare,

129 5028 162 5084 iu
178 5033 361 5085 excusatura
381 5021 525 5080 mendacio
542 5029 571 5080 et
590 5022 718 5095 periurio.
734 5023 763 5077 ln
782 5020 826 5078 bis
845 5023 925 5080 etiam
961 5024 1025 5082 alias
1040 5024 1082 5080 les
1096 5027 1155 5095 ipsa
1169 5038 1221 5078 ηοη
1236 5027 1309 5078 esset
1322 5024 1405 5094 iusta,
1420 5023 1495 5095 quod
1515 5025 1570 5082 dici
1584 5041 1636 5082 non
1655 5035 1755 5103 potest,

126 5117 228 5191 legibus
241 5115 404 5188 contingere
419 5118 523 5186 potest,
538 5117 569 5169 ut
588 5112 613 5167 in
627 5113 848 5185 praesumptione
863 5111 924 5171 lun·
960 5129 1027 5188 argo
1042 5113 1115 5170 sieut
1134 5119 1263 5170 tenentur
1276 5128 1372 5169 omncs
1391 5113 1555 5186 respondere
1571 5117 1710 5175 veritatem
1730 5123 1759 5177 in

126 5207 234 5281 dentum
246 5212 274 5263 et
286 5203 348 5264 ideo
358 5206 437 5262 iuxta
448 5202 603 5260 doctrinam
615 5203 682 5258 satie
694 5208 845 5274 receptam,
858 5205 923 5276 siis,
960 5202 1173 5262 inhabilitatibue
1194 5203 1272 5274 iuris,
1288 5219 1337 5260 seu
1358 5203 1593 5280 substantialibus,
1608 5218 1757 5281 quantum·

124 5301 169 5374 qrri
183 5300 251 5357 alias
265 5313 327 5356 rere
347 5293 471 5354 babebat
483 5293 526 5349 ius
545 5291 677 5367 sulliegii,
693 5291 792 5350 babeat
804 5295 924 5352 animum
960 5295 1003 5352 ris
1017 5292 1144 5354 occultae
1157 5293 1220 5364 sint,
1232 5295 1270 5350 ita
1283 5293 1309 5351 in
1320 5293 1517 5368 reliquis.Turn
1532 5304 1681 5374 praeterea,
1694 5305 1759 5375 quia
