4256 6224
870 372 976 428 ruens
988 373 1028 424 ιι.
1652 353 1711 418 om

111 501 229 560 latorem
250 497 378 574 appellet.
393 500 474 562 Ratio
492 505 584 558 autem
598 496 682 558 huius
703 499 863 558 assertionis
875 514 939 556 ea-.
955 499 1001 572 qut
1015 513 1070 558 noa
1081 503 1136 558 tam
1150 495 1314 571 generaliter
1325 496 1490 569 innuuntur,
1503 503 1534 552 ut
1544 495 1598 552 iam
1610 493 1711 567 dieam3
1725 503 1755 554 et

113 592 258 664 demeat,
282 605 354 664 quoe
375 589 585 662 praecedentia,
605 591 783 662 proportione
802 596 921 661 servate,
957 585 1753 662 quirillolerappellaturlexlloysi,etipselloyseslegis·
1813 601 1818 614 ·

113 682 240 751 scilicet,
259 693 372 738 suarem
387 680 433 736 bei
448 677 644 750 providentiam
659 693 719 737 esse
734 677 858 736 homines
871 693 924 750 gu·
957 677 1028 734 lator
1041 691 1102 734 esse
1115 676 1226 734 dicitur.
1240 674 1293 734 Sed
1304 675 1371 734 baec
1387 675 1518 732 sententia
1533 674 1597 730 mibi
1610 689 1663 729 non
1681 673 1755 729 ride·

114 770 247 840 beroare,
268 768 365 827 saltem
381 775 412 824 ut
426 769 579 839 ministros,
594 767 721 841 quemvis
736 769 810 837 ipsos
827 781 923 839 supre·
957 774 1005 824 tur
1015 765 1164 839 probanda.
1174 764 1324 823 Dicendum
1337 765 1409 821 enim
1424 765 1534 820 omnino
1548 778 1659 834 censeo,
1670 765 1756 818 boum

114 876 180 920 urus
199 859 331 930 Princeps
345 873 394 930 per
408 857 521 932 angelos
535 855 682 916 illuminat.
957 854 1042 912 luisse
1048 859 1201 927 proximum
1211 863 1354 912 auctorem
1363 861 1392 912 at
1403 854 1583 926 legislatorem
1594 852 1664 908 illius
1675 853 1754 925 legis,

160 947 339 1014 li.b'ecuuda
352 963 416 1020 pars
428 946 587 1004 assertionis
598 945 708 1006 ridetur
722 945 801 1019 sequi
812 945 925 1003 maniis-
958 960 1011 1016 noa
1024 951 1129 1002 tantum
1141 944 1341 1002 immediatiooe
1349 945 1468 1012 virtutis,
1476 942 1523 1002 sed
1533 943 1613 1000 etiam
1628 943 1757 1015 supposi-

116 1046 161 1096 ste
174 1054 207 1095 cr
217 1039 391 1110 primallem
401 1037 423 1093 si
434 1039 508 1094 Deus
518 1035 569 1093 luit
579 1035 650 1094 illius
661 1035 727 1108 legis
738 1042 847 1107 auctor,
857 1049 923 1108 ergo
958 1033 987 1098 ti.
1003 1035 1039 1090 Et
1059 1033 1104 1106 lut
1117 1049 1170 1089 non
1190 1035 1224 1090 sit
1238 1033 1400 1106 ambiguitas
1423 1034 1450 1088 ia
1469 1031 1574 1105 serbis)
1590 1047 1688 1089 sensus
1701 1037 1755 1100 est,

117 1143 174 1186 non
198 1127 248 1184 init
267 1128 390 1202 lloyses:
417 1140 479 1182 nam
494 1140 548 1182 uaa
562 1123 606 1184 lex
621 1141 706 1186 rmum
722 1129 828 1182 tantum
842 1123 924 1184 babet
959 1127 1104 1194 praecepta
1117 1121 1189 1180 illius
1202 1121 1278 1196 legis,
1292 1125 1374 1179 etiam
1387 1120 1594 1180 caeremonialia
1605 1126 1633 1178 et
1644 1119 1760 1177 iudicia·

117 1219 273 1290 proximum
293 1216 532 1272 auctmentum
551 1213 573 1270 si
591 1216 696 1290 ttoyses
710 1213 762 1272 luit
781 1215 924 1284 prosimus
957 1211 1003 1283 lia,
1012 1210 1198 1270 habuissevim
1210 1211 1346 1284 obligandi
1356 1209 1682 1268 immediatearoluntate
1693 1209 1761 1266 divi-

119 1313 219 1367 auctor
232 1305 306 1362 illius
320 1303 437 1378 legis,ab
451 1302 524 1360 illius
533 1302 653 1360 bumana
663 1303 803 1362 volontate
815 1301 926 1358 babuis-
958 1300 1223 1378 ua,indepeadeoter
1235 1316 1249 1357 a
1259 1299 1675 1377 voluntatelloysi,etitslegem
1685 1299 1761 1356 illam

119 1404 163 1454 set
178 1395 328 1467 proximem
342 1395 397 1458 rim
410 1391 556 1465 obligandi,
573 1407 641 1465 ergo
657 1392 754 1450 luisset
767 1392 811 1450 lea
828 1391 925 1450 huma·
959 1390 1042 1447 luisse
1053 1390 1239 1463 propriissime
1253 1389 1383 1460 divinam,
1395 1405 1428 1447 ac
1443 1388 1558 1446 subinde
1567 1390 1594 1446 in
1607 1388 1662 1446 hoe
1677 1388 1759 1445 etiam

119 1501 174 1557 na,
190 1499 256 1556 ergo
271 1498 325 1568 non
339 1488 413 1542 esset
424 1481 529 1554 dirius,
544 1481 619 1555 quod
634 1486 708 1540 esset
720 1487 816 1540 contre
834 1497 924 1542 asser·
959 1495 1053 1549 sensu,
1068 1480 1187 1555 lloysem
1201 1494 1255 1536 aon
1269 1478 1353 1536 tuisse
1367 1485 1510 1536 auctorem
1524 1477 1596 1534 illios
1610 1477 1694 1550 legis,
1711 1473 1761 1532 sed

120 1577 224 1632 tionem
248 1571 379 1645 primam,
402 1572 444 1628 rel
462 1577 538 1630 esset
555 1570 635 1630 simul
655 1570 763 1644 divina,
781 1576 810 1628 et
830 1569 925 1630 buma-
959 1576 1065 1628 tantum
1081 1568 1324 1642 promulgatorem.
1337 1569 1412 1626 lianc
1425 1568 1498 1624 euim
1512 1568 1653 1623 veritatem
1664 1565 1690 1622 in
1707 1563 1762 1620 boc

120 1681 157 1722 ns
174 1679 185 1737 ς
205 1661 280 1736 quod
303 1661 382 1734 plane
405 1667 548 1735 repugnat.
572 1661 654 1718 Circa
676 1660 748 1717 boae
776 1674 840 1716 sero
864 1673 926 1731 par·
960 1675 1043 1716 sensu
1058 1659 1186 1732 probant,
1201 1673 1272 1731 quae
1286 1656 1384 1715 adduxi
1399 1659 1426 1714 in
1445 1656 1532 1728 prima
1548 1655 1709 1714 assertione.
1729 1655 1765 1712 Et

120 1759 177 1812 tem
200 1751 332 1812 nonnulla
344 1749 463 1811 nomada
477 1756 550 1807 suot.
564 1751 685 1808 Primum
698 1755 759 1821 est,
773 1747 925 1809 cavendum
960 1748 1128 1820 declarator,
1142 1750 1207 1821 quia
1220 1747 1326 1824 lioyses
1340 1747 1401 1805 tulit
1414 1745 1486 1802 illam
1501 1745 1587 1817 legem
1602 1759 1636 1802 cr
1652 1743 1764 1818 speciali

117 1860 181 1902 esse
208 1842 320 1908 modum
341 1838 469 1914 loquendi
482 1839 628 1913 Tiraquelli
647 1841 674 1902 in
695 1837 808 1912 praelat.
825 1837 858 1898 od
874 1839 926 1894 lle·
960 1837 1127 1896 revelatione
1147 1835 1251 1908 divina,
1275 1842 1306 1894 ut
1322 1835 1415 1893 dictus
1428 1838 1533 1892 auctor*
1547 1834 1665 1905 latetur,
1686 1840 1762 1890 etex

121 1938 206 1995 tract.
227 1948 256 1990 n.
275 1934 321 2001 to,
336 1930 382 1988 ubi
402 1928 530 1986 adductis
547 1927 744 2001 inexemplum
762 1925 925 2001 quibusdam
961 1928 1103 1999 Scriptura
1116 1941 1245 1998 expresse
1264 1931 1388 1998 ooastrt3
1405 1923 1541 1997 perillam
1555 1922 1764 1981 autemrevela·

118 2023 192 2080 illius
205 2021 271 2094 legis
283 2019 490 2092 praeceptia,ita
501 2017 650 2077 concludit:
659 2021 709 2078 Eoo
719 2017 824 2090 quibus
832 2015 926 2091 ploce
961 2019 1061 2076 tionem
1080 2015 1234 2076 immediate
1257 2015 1394 2082 iudicabat
1413 2017 1485 2072 Deus
1500 2013 1669 2084 voluntatem
1684 2027 1764 2070 suom

118 2109 267 2184 intelliges
279 2115 447 2184 praecepto
456 2105 566 2182 lenutio
576 2107 691 2182 Moneta
702 2104 868 2179 omasuisse
881 2109 927 2162 iu·
961 2108 1036 2165 cirea
1047 2121 1090 2174 ea,
1103 2121 1174 2180 quoe
1185 2105 1219 2162 ob
1232 2103 1277 2162 illo
1292 2104 1392 2177 populo
1407 2102 1578 2162 observanda
1593 2108 1683 2176 eraut,
1696 2117 1764 2175 ergo

118 2205 165 2260 ris
185 2199 298 2266 divort,-
317 2213 392 2258 ocos
410 2200 438 2254 si
451 2193 683 2278 toltosutsaent,
696 2199 845 2272 perpetuo
857 2211 927 2268 nuo
962 2198 997 2254 ab
1008 2194 1051 2254 illo
1065 2195 1207 2252 voluntate
1218 2193 1353 2252 hebebant
1361 2192 1408 2266 illa
1421 2199 1567 2266 praecepta
1578 2193 1633 2249 rim
1643 2191 1766 2264 obligas·

119 2306 180 2364 que
199 2295 227 2346 et
246 2285 452 2346 immutabilia
469 2289 719 2360 permansissent,
736 2301 791 2342 osee
807 2285 929 2342 crlmlort
963 2285 1008 2358 di,
1023 2291 1051 2342 et
1062 2284 1138 2342 illam
1150 2284 1305 2342 immediate
1319 2283 1494 2356 indicabant,
1508 2298 1574 2356 ergo
1588 2288 1669 2340 eraut
1681 2297 1697 2338 a
1709 2284 1766 2340 lieo

119 2386 212 2454 utque
230 2383 356 2452 peccato
371 2375 545 2450 fenestram
569 2379 767 2450 operuissent.
791 2374 928 2446 Loquitur
963 2372 1117 2432 immediate
1126 2373 1324 2431 immediatioae
1336 2374 1470 2446 suppositi
1481 2373 1636 2447 quoadvim
1647 2371 1769 2446 obligen-

120 2468 259 2530 summale
275 2467 428 2538 praeceptis
444 2464 687 2525 caeremonialibus
701 2470 729 2520 et
743 2461 927 2534 iudicialibus,
965 2464 1008 2534 di,
1030 2464 1092 2520 ticet
1106 2463 1198 2536 quood
1219 2463 1397 2521 ministerium
1411 2463 1548 2520 scribendi
1565 2463 1626 2536 illo,
1648 2463 1692 2520 val
1705 2477 1770 2534 pro·

120 2561 159 2618 de
174 2559 275 2632 quibus
289 2559 311 2613 si
325 2554 522 2627 intelligit,ooa
535 2568 597 2612 esse
610 2554 677 2610 ioris
688 2551 769 2609 divini
785 2550 927 2623 naturalis,
963 2551 1102 2625 mulgaadi
1128 2557 1220 2610 essent
1241 2551 1393 2610 immediate
1413 2569 1429 2610 a
1448 2555 1548 2628 ltoyse.
1572 2545 1767 2627 confirmator,

121 2663 220 2706 verum
236 2645 347 2720 quidem
358 2653 401 2702 est
411 2641 587 2710 dictum,sed
598 2649 687 2703 tamea
699 2641 930 2714 inutile,etertra
964 2644 1029 2716 quio
1043 2642 1108 2699 alias
1124 2641 1169 2698 illa
1183 2640 1227 2699 lea
1240 2640 1331 2714 quoad
1345 2642 1403 2698 illas
1418 2650 1510 2712 partes
1525 2658 1580 2699 non
1594 2646 1666 2699 esset
1681 2643 1768 2714 magis

122 2754 196 2807 rem,
211 2743 241 2794 et
252 2736 290 2794 ita
302 2733 457 2792 indistincte
468 2734 626 2805 probatum,
635 2730 742 2790 ersendi
753 2731 928 2788 occasionem
964 2733 1065 2804 divina,
1078 2747 1160 2806 quom
1172 2731 1214 2788 lex
1227 2731 1370 2803 canonica,
1384 2733 1425 2789 vel
1441 2748 1524 2806 quam
1536 2733 1648 2804 propria
1661 2736 1771 2803 aposto·

122 2826 251 2900 praebet:
271 2826 292 2881 si
304 2839 368 2881 vero
380 2822 502 2896 loquitur
513 2820 547 2878 de
557 2822 615 2878 iure
626 2820 715 2878 divino
727 2820 858 2891 positivo,
867 2834 931 2892 gra·
945 2859 947 2863 -
965 2822 1033 2894 lica,
1049 2821 1082 2879 de
1095 2837 1151 2894 qua
1166 2821 1233 2878 dicit
1246 2820 1366 2878 Paulus:
1382 2823 1457 2878 Dico
1472 2837 1524 2894 eno
1538 2837 1597 2876 noo
1610 2823 1768 2884 Dominum

123 2931 186 2974 vern
212 2929 335 2973 errorem
359 2912 480 2968 eontinet
502 2909 607 2968 dictum
626 2908 707 2979 illud,
729 2915 761 2968 ut
773 2917 884 2966 constat
897 2925 930 2966 ex
965 2926 1137 2985 consequens
1151 2915 1194 2967 est
1215 2909 1293 2982 plane
1307 2909 1425 2982 laisum,
1447 2918 1506 2967 tum
1526 2911 1591 2983 quia
1609 2916 1653 2967 est
1672 2913 1771 2965 contra

124 3005 255 3070 adductis
273 3003 298 3058 io
314 3003 465 3080 assertione
478 3003 577 3072 prima.
596 3001 630 3056 tto
644 3000 768 3073 probatio
782 3001 843 3056 eius
857 3000 932 3072 prior
966 3016 1127 3073 expressum
1141 2999 1254 3058 modum
1266 2998 1394 3072 loquendi
1406 3000 1575 3071 Scripturas,
1587 2999 1612 3056 io
1627 3014 1682 3073 qua
1696 3000 1769 3055 betis

124 3095 196 3154 mala
215 3091 378 3165 iniert,quia
390 3107 445 3146 aon
460 3096 667 3162 oportet,omne
681 3091 725 3146 ios
739 3088 861 3146 divinum
871 3103 931 3146 esse
966 3093 1024 3162 ipse
1039 3090 1139 3148 dicitur
1154 3087 1298 3146 tradidisse
1309 3089 1356 3146 illa
1370 3095 1524 3162 praecepta,
1537 3096 1566 3147 et
1577 3087 1685 3163 lioyses
1700 3103 1772 3144 sem-

125 3191 291 3257 perpetuum
309 3186 338 3237 et
354 3177 541 3250 immutabile,
557 3177 604 3235 sed
619 3178 681 3250 poni
697 3184 787 3250 potest
800 3193 850 3249 pro
864 3176 932 3234 divi·
967 3194 1015 3252 per
1029 3178 1111 3236 reiert
1132 3177 1176 3234 illo
1191 3182 1223 3234 ut
1243 3177 1358 3252 tradita,
1379 3186 1407 3235 et
1419 3177 1493 3235 dicto
1509 3176 1559 3233 sibi
1574 3193 1590 3234 e
1605 3180 1676 3249 ileo,
1697 3184 1726 3233 at
1740 3181 1773 3232 ut

125 3287 178 3333 nae
196 3270 349 3332 voluntatis
369 3267 495 3337 arbitrio,
509 3282 542 3324 oc
557 3266 690 3338 concilio,
706 3274 738 3324 ut
749 3282 783 3323 ex
797 3266 933 3340 senoeoti-
967 3267 1135 3325 ostendentia
1161 3266 1317 3336 immediate
1342 3267 1460 3324 divinam
1487 3267 1675 3325 voluntatem:
1710 3273 1771 3323 tum

125 3363 179 3420 bus
195 3359 345 3429 conualuit.
354 3357 447 3415 Altera
460 3367 525 3414 aero
539 3355 598 3414 eius
612 3356 737 3427 probetis
753 3355 852 3418 laisum
866 3371 933 3426 autt-
967 3357 1047 3414 etiam
1062 3357 1126 3430 qrria
1140 3363 1232 3428 potres
1246 3363 1275 3414 et
1288 3356 1407 3430 theologi
1421 3359 1607 3415 communiter
1619 3359 1657 3414 ita
1675 3357 1773 3414 intelli·

125 3453 222 3525 ponit3
240 3465 302 3507 nam
317 3448 361 3506 illa
375 3447 417 3506 lex
431 3461 486 3504 noa
501 3445 641 3517 aperiebat
654 3445 801 3503 fenestram
815 3443 863 3501 ulli
878 3445 933 3501 ori·
966 3452 1036 3524 gunt
1050 3448 1231 3518 scripturam,
1242 3451 1271 3503 et
1285 3445 1310 3502 in
1322 3446 1374 3503 boc
1390 3461 1473 3503 sensu
1488 3453 1588 3504 vocant
1598 3444 1668 3502 illam
1683 3447 1772 3519 legem

127 3541 210 3613 utini,
236 3545 268 3597 ot
287 3535 464 3598 ex.dioeadis
477 3533 625 3601 constabit,
640 3531 801 3606 explicando
816 3533 933 3606 promis·
969 3535 1103 3592 dirioom:
1121 3541 1179 3592 tum
1198 3534 1317 3609 denique
1331 3537 1399 3609 quia
1411 3535 1476 3592 alies
1490 3551 1544 3592 oon
1558 3535 1656 3592 luisset
1667 3533 1714 3592 illa
1728 3536 1772 3592 lex

127 3631 231 3688 sionem
245 3625 361 3699 repudii,
376 3625 403 3680 io
417 3638 472 3697 qua
486 3625 601 3690 menime
614 3621 658 3681 ille
672 3621 813 3680 tondatur.
968 3623 1144 3684 immutabilis
1158 3624 1192 3681 eb
1205 3623 1324 3694 bomine,
1341 3624 1390 3682 sed
1404 3627 1539 3698 potuisset
1551 3625 1658 3702 bioyses
1676 3639 1773 3682 omnes

171 3723 214 3776 12.
231 3716 358 3775 Securm
377 3712 578 3780 observandum
597 3718 655 3783 est,
676 3711 817 3770 Aliousum
831 3709 934 3770 Salmc·
968 3716 1027 3776 illas
1042 3714 1226 3772 caeremonias
1241 3715 1398 3787 immutare,
1410 3720 1437 3772 et
1448 3715 1518 3771 ¹alias
1531 3714 1594 3772 loco
1609 3711 1717 3772 illarum
1732 3713 1773 3770 ia·

127 3822 235 3878 ranem,
247 3807 316 3878 disp.
336 3809 384 3877 tr,
399 3812 428 3861 ct
442 3807 489 3873 et,
502 3804 527 3859 ia
540 3806 610 3860 dcto
624 3803 677 3861 late
690 3802 800 3872 docere,
813 3802 933 3878 lloysem
969 3803 1127 3886 trodocere3
1141 3801 1214 3876 quod
1229 3803 1307 3876 plane
1318 3802 1546 3862 absurdissimum
1558 3810 1611 3878 est,
1625 3811 1656 3860 ot
1670 3804 1774 3875 optime

127 3893 212 3958 tuisse
224 3895 333 3966 proprie
351 3892 418 3966 legis
433 3891 531 3950 veteris
546 3898 702 3965 auctorem,
712 3898 743 3949 et
755 3907 810 3950 oon
825 3898 933 3951 tentum
970 3893 1053 3950 docet
1066 3891 1221 3950 dibamas
1236 3891 1395 3966 quodlibt,
1411 3899 1463 3950 art.
1475 3896 1520 3968 ta,
1533 3894 1579 3951 ubi
1593 3901 1685 3966 operte
1700 3893 1773 3951 banc

127 3983 363 4056 promulgatorem
385 3981 478 4055 quoad
496 3985 643 4054 praecepta
656 3981 884 4052 caeremonialia,
906 3984 935 4036 et
969 3981 1052 4040 docet
1065 3983 1222 4056 veritatem,
1234 3980 1427 4040 constituendo
1441 3981 1587 4040 discrimen
1599 3982 1669 4039 inter
1685 3982 1775 4055 legem

128 4073 276 4144 iudicialia,
288 4074 478 4144 internoscat
490 4069 660 4142 Decalogum
671 4069 741 4126 banc
752 4068 934 4128 differentiam
969 4078 1089 4130 veterem
1103 4077 1131 4128 et
1145 4086 1259 4140 novam,
1271 4070 1347 4144 quod
1363 4073 1388 4128 ia
1403 4071 1448 4128 illa
1460 4071 1702 4130 determinationes
1712 4087 1775 4130 cae·

130 4163 286 4234 constituit,
306 4160 381 4234 quod
396 4160 523 4232 becalogi
533 4161 607 4238 Deus
620 4158 673 4216 istit
685 4165 782 4216 auctor
796 4157 935 4215 immedia·
968 4162 1155 4218 remooiarum
1170 4166 1199 4218 et
1211 4160 1399 4218 observantiae
1414 4168 1494 4219 erant
1508 4177 1540 4218 er
1555 4163 1613 4218 iore
1630 4160 1734 4232 divino,
1748 4163 1777 4218 in

130 4254 205 4309 tione
219 4250 352 4323 virtutis,
363 4255 392 4306 et
406 4249 559 4321 suppositt3
576 4255 736 4305 ceterorum
751 4254 843 4305 autem
856 4261 936 4320 prse·
969 4249 1022 4307 bac
1034 4265 1098 4306 vcro
1114 4249 1234 4320 minime,
1247 4248 1294 4306 sed
1305 4248 1339 4306 de
1353 4249 1412 4307 iure
1423 4250 1627 4324 ecclesiastico;
1640 4266 1711 4324 quae
1724 4249 1777 4308 dii·

130 4347 277 4412 ceptorum
290 4344 400 4398 tantum
411 4335 611 4394 immediatioae
621 4337 744 4394 virtutis:
761 4352 824 4393 nem
840 4338 935 4393 imme-
968 4339 1083 4396 ferentia
1095 4337 1171 4396 nulle
1184 4345 1269 4409 esset,
1284 4339 1336 4394 nisi
1351 4339 1385 4395 de
1399 4341 1587 4414 propriissime
1600 4345 1629 4396 et
1650 4341 1777 4412 rigoroso

129 4427 249 4489 dictione
267 4426 573 4504 suppositilloysesiuit
582 4443 615 4484 ea
625 4424 696 4484 illius
707 4427 851 4482 sententia.
861 4422 936 4482 Unde
970 4427 1029 4486 iure
1043 4427 1134 4486 divino
1148 4425 1354 4506 intelligeretur.
1368 4427 1464 4485 Dicere
1478 4442 1542 4485 vero
1555 4427 1653 4501 aliquis
1671 4435 1777 4500 posset,

132 4533 201 4578 cum
213 4521 242 4575 in
262 4516 333 4591 disp.
347 4519 395 4576 ct.
409 4517 464 4573 late
484 4515 636 4589 distinguat
653 4516 696 4572 ius
717 4512 839 4572 moinum
861 4514 936 4588 large
969 4515 1057 4590 legem
1078 4516 1188 4590 quidem
1206 4514 1278 4572 illam
1301 4515 1387 4573 luisse
1408 4516 1461 4573 hoc
1481 4516 1566 4574 modo
1586 4517 1776 4589 propriissime

35 4613 39 4621 ’
130 4613 275 4681 sumptum
292 4613 320 4664 et
340 4607 466 4679 proprie,
486 4605 595 4662 videtur
614 4603 693 4678 plane
713 4605 830 4676 sentire,
846 4605 935 4678 legem
969 4604 1532 4678 divinam,ethaboisseltcumproximum
1544 4606 1778 4664 auctorematiam

130 4697 207 4772 iliam
228 4697 319 4770 quoad
340 4694 550 4754 caeremonialia
567 4701 597 4752 et
617 4693 755 4751 iudicialis
773 4710 828 4752 non
847 4697 936 4752 conti-
971 4693 1169 4752 immediotione
1194 4696 1348 4766 suppositi,
1376 4694 1550 4752 nibilominus
1574 4703 1666 4755 tamea
1694 4696 1778 4754 etiam

130 4789 226 4846 nuisse
242 4789 287 4844 ios
299 4785 421 4844 divinum
435 4785 554 4857 proprie,
568 4781 617 4842 sed
630 4783 714 4860 large,
726 4790 811 4857 prout
824 4783 877 4844 dici
891 4800 936 4843 so·
969 4783 1091 4859 Mensem
1104 4783 1269 4842 auctoritem
1283 4800 1299 4841 a
1318 4787 1373 4841 tteo
1388 4791 1504 4856 accepta
1523 4783 1596 4842 illam
1611 4785 1721 4858 tulisse,
1744 4791 1776 4843 ut
1869 4831 1873 4844 .

131 4879 170 4940 let
188 4877 269 4934 etiam
290 4876 323 4934 de
345 4877 404 4933 iure
419 4874 581 4949 apostolico,
598 4877 625 4930 et
645 4873 678 4930 de
698 4874 843 4948 canonico,
862 4881 891 4932 et
909 4875 936 4930 ia
968 4874 1114 4946 proprium
1128 4871 1322 4945 legislatorem,
1338 4878 1367 4930 et
1380 4871 1416 4929 ita
1431 4872 1568 4946 obligasse
1581 4875 1664 4932 etiam
1683 4877 1780 4933 imme·

131 4969 293 5036 universum
311 4964 345 5024 de
359 4967 434 5023 omni
449 4963 512 5036 illo,
527 4961 602 5037 quod
615 4962 703 5020 ierlur
716 4963 750 5020 ab
765 4962 872 5020 bomine
887 4978 935 5035 per
969 4961 1042 5019 diate
1063 4977 1096 5020 ea
1113 4962 1140 5019 ri
1160 4961 1306 5020 voluntatis
1327 4961 1463 5019 humanae
1483 4963 1581 5038 bloysi,
1603 4971 1687 5037 atque
1708 4963 1777 5021 adeo

132 5055 371 5130 supernaturalem
384 5059 549 5127 potestatem
569 5050 700 5108 divinitus
715 5051 823 5124 domm,
838 5057 867 5118 et
886 5066 935 5124 per
969 5051 1135 5124 obligatione
1150 5049 1268 5108 humano
1281 5067 1335 5110 aon
1353 5050 1515 5109 excludente
1535 5051 1655 5110 divinam
1674 5054 1712 5111 illi
1729 5053 1777 5112 ad-

132 5147 253 5205 dirinam
270 5143 474 5216 inspirationem
487 5149 517 5199 et
537 5140 755 5199 illustrationem.
769 5141 855 5208 Quam
874 5155 935 5198 aeo-
968 5143 1073 5198 iuncta.
1098 5140 1277 5215 Respondeo,
1298 5143 1337 5198 sie
1355 5140 1519 5215 explicatam
1539 5144 1701 5202 sententiam
1720 5159 1776 5202 nou

133 5228 933 5316 tentiamsolumprobatquibusdomtestimoniispstrum,
971 5232 1113 5290 continere
1135 5245 1273 5304 errorem,
1295 5232 1361 5305 quia
1380 5247 1436 5290 noo
1456 5234 1778 5309 repugaatScriplorae,

212 5337 603 5404 susars,ttetegitoa-Psrrlt.
737 5321 743 5329 ’
963 5315 965 5320 “
1505 5342 1534 5388 oc
