4290 6222
900 376 1069 430 tummim
1674 369 1737 435 tus

137 500 294 576 dirigantur
315 500 350 560 ad
369 516 445 574 rem,
461 501 496 560 sit
516 499 605 573 reale,
621 499 663 559 vel
682 500 705 558 si
718 501 850 574 excedat,
866 500 941 574 quod
977 504 1050 575 iura,
1067 518 1118 562 nec
1132 503 1166 562 ad
1178 510 1297 562 mentem
1308 504 1419 572 Bartoli,
1432 520 1497 564 cum
1509 507 1568 578 ipse
1579 513 1673 580 aperte
1684 509 1781 582 loqua-

138 592 223 650 verba
245 591 400 665 dirigantur
421 591 454 648 ad
476 605 638 662 personam,
654 592 690 646 sit
705 590 859 663 personale.
875 591 942 648 Nam
977 600 1024 650 tur
1043 595 1070 652 in
1093 609 1162 652 casu
1180 593 1282 665 dubio,
1301 600 1330 652 et
1343 594 1427 652 addat
1440 610 1558 668 semper,
1575 598 1626 654 nisi
1640 613 1672 654 ax
1687 600 1777 657 verbis

137 683 172 740 de
187 683 239 740 boc
258 682 334 740 nulla
346 697 408 739 esse
422 687 529 753 potem
545 681 612 737 ratio
626 679 782 738 dubitandi.
801 681 858 736 lmo
873 686 942 735 tunc
977 681 1052 740 aliud
1067 689 1185 758 constet,
1203 683 1234 743 ut
1248 685 1299 742 late
1313 685 1452 758 expendit,
1465 692 1492 742 et
1506 688 1649 746 ooniirmat
1659 689 1779 748 Barbasa

137 789 194 828 non
216 772 326 830 videtur
346 785 428 844 posse
447 771 540 828 vocari
560 770 733 844 privilegium
749 769 878 841 dubium,
894 767 943 826 sed
977 787 1004 828 n.
1026 775 1071 842 tt,
1085 779 1113 831 et
1132 779 1174 834 ta.

136 869 216 920 certo
236 863 326 934 reale,
351 861 392 934 vel
414 867 493 918 certo
515 859 674 932 personale,
690 859 763 917 insta
779 860 941 932 exigentiam
1016 868 1043 922 u.
1067 864 1168 922 Deinde
1188 863 1337 923 dicendum
1361 871 1421 936 est,
1442 864 1616 938 privilegium
1638 865 1776 940 odiosum,

136 952 302 1022 verborum3
319 966 381 1008 nam
403 953 513 1024 signum
528 949 622 1008 datum
632 949 666 1006 de
678 949 768 1006 verbis
779 954 888 1006 certum
899 955 943 1005 est
977 951 1053 1026 qnod
1067 953 1104 1010 sit
1117 961 1215 1010 contra
1229 968 1377 1012 commune
1391 953 1450 1025 ius,
1465 952 1507 1011 rel
1522 953 1602 1012 cedat
1616 957 1643 1011 in
1660 957 1776 1013 aliorum

135 1047 167 1098 et
182 1040 343 1104 iuridicum,
363 1040 473 1114 quando
489 1038 562 1097 aliud
577 1055 610 1096 ex
624 1039 860 1104 coniecturisnon
875 1053 941 1095 con·
977 1040 1189 1112 praeiudicium,
1204 1043 1231 1098 in
1246 1041 1330 1099 dubio
1351 1041 1520 1100 censendum
1539 1058 1600 1100 esse
1620 1045 1776 1116 personale,

135 1135 207 1202 stat,
223 1135 252 1186 et
266 1135 466 1203 consequenter
481 1127 591 1200 quando
605 1127 655 1185 aba
671 1131 737 1186 subt
749 1128 840 1185 dubia.
854 1127 942 1194 Quae·
976 1131 1041 1203 quia
1055 1133 1183 1190 restricte
1196 1131 1414 1204 intelligendum3
1430 1139 1458 1189 et
1468 1132 1528 1189 ideo
1539 1134 1577 1189 ita
1587 1139 1630 1191 est
1644 1135 1777 1206 interpre-

135 1218 190 1274 stin
204 1233 271 1290 ergo
281 1219 391 1290 propria
402 1223 455 1289 est,
466 1217 577 1291 quando
588 1217 760 1290 privilegium
771 1224 814 1274 est
828 1216 940 1274 dubium
979 1218 1105 1291 tandum,
1117 1227 1149 1278 ut
1161 1220 1255 1293 potius
1269 1221 1417 1293 temporale
1428 1219 1559 1280 damnum
1571 1222 1680 1292 inierat,
1691 1239 1776 1297 quam

135 1306 265 1362 omnbus
283 1308 416 1379 pensatis,
431 1307 469 1363 ita
483 1313 514 1362 ut
527 1305 591 1363 licet
605 1307 689 1364 verba
703 1307 847 1364 videantur
864 1305 941 1378 dirigi
976 1317 1152 1381 perpetuum.
1173 1312 1208 1369 Et
1223 1310 1276 1367 boc
1290 1312 1372 1368 etiam
1387 1309 1469 1368 docet
1482 1311 1583 1368 Barim.
1602 1314 1686 1370 citata
1700 1312 1775 1384 loco,

136 1394 173 1452 ael
184 1410 339 1468 personam,
356 1395 422 1453 aliae
433 1394 609 1453 coniecturae
622 1394 752 1464 indicant,
764 1395 941 1452 intentionem
977 1403 1004 1455 et
1019 1397 1132 1457 videtur·
1139 1415 1200 1457 esse
1214 1401 1272 1456 sine
1286 1401 1485 1458 controversia.
1498 1401 1567 1468 Quin
1578 1416 1654 1474 vero,
1665 1401 1774 1478 utdixi,

135 1483 303 1557 legislatoris
328 1483 512 1556 principaliter
530 1484 683 1556 respexisse
709 1483 743 1540 ad
762 1498 821 1541 rem
842 1483 939 1556 ipsam,
976 1485 1030 1543 boo
1046 1486 1162 1546 dubium
1176 1490 1326 1562 positivam
1338 1496 1392 1560 est,
1408 1489 1470 1546 ideo
1484 1497 1593 1561 oportet
1606 1505 1772 1562 supponere,

136 1572 184 1629 rel
199 1589 214 1630 e
228 1574 379 1630 contrario:
401 1588 433 1629 ao
446 1571 564 1645 denique
578 1571 700 1645 quando,
715 1572 841 1629 omnibus
856 1586 942 1643 supra
977 1582 1124 1649 utramque
1139 1585 1245 1648 partem
1257 1576 1332 1637 dubii
1343 1592 1405 1634 esee
1417 1576 1595 1650 probabilem.
1608 1579 1676 1636 Nam
1688 1578 1710 1634 si
1721 1594 1775 1636 una

135 1661 223 1718 dietis
243 1663 314 1720 omni
334 1677 367 1720 en
385 1669 463 1734 parte
477 1663 613 1736 pensatis,
629 1678 674 1720 res
687 1669 731 1719 est
747 1661 875 1734 utrinque
889 1660 942 1718 du·
976 1666 1014 1722 sit
1035 1666 1199 1741 probabilis,
1213 1665 1340 1724 etaltera
1354 1665 1557 1738 improbabilis,
1574 1665 1619 1724 illa
1633 1667 1706 1741 prior
1718 1684 1774 1726 non

135 1751 190 1807 bia.
204 1752 281 1809 Tune
302 1754 374 1808 enim
388 1751 441 1808 dini
455 1766 509 1807 non
524 1756 624 1824 potest,
638 1751 824 1808 coniecturam
842 1751 941 1808 verbo·
975 1754 1069 1826 dubia,
1089 1755 1137 1814 sed
1151 1761 1228 1813 serta
1243 1755 1366 1814 habenda
1379 1763 1432 1814 est.
1450 1757 1479 1812 ln
1493 1755 1582 1828 gradu
1596 1771 1662 1828 erga
1675 1755 1775 1828 proba·

133 1855 199 1896 rum
221 1855 329 1912 semper
343 1854 404 1897 esse
422 1831 645 1912 praeterendum,
665 1841 731 1912 quia
747 1840 820 1897 nulla
837 1840 941 1897 ratione
972 1841 1087 1902 bttitatis
1104 1850 1269 1918 potestesse
1284 1844 1452 1918 aequalitas,
1468 1851 1496 1902 et
1509 1850 1577 1903 tuno
1591 1847 1614 1902 si
1629 1861 1775 1918 praesum·

134 1929 196 1985 boc
208 1929 352 2000 tundatur,
370 1945 434 1986 cum
449 1931 535 2001 possit
548 1943 608 1986 esse
621 1931 648 1984 in
660 1929 720 1985 aliis
736 1929 886 2002 aequalitas
898 1928 939 1986 vel
975 1935 1043 2008 ptio,
1059 1935 1136 2008 quod
1149 1935 1321 2009 privilegium
1336 1936 1373 1991 sit
1383 1933 1537 2006 mesenate,
1550 1935 1586 1990 sit
1596 1934 1775 2009 probabilior,

134 2032 278 2076 excessus.
299 2020 476 2090 Praesertim,
486 2018 607 2092 quiailla
621 2017 781 2075 coniectura
792 2018 938 2076 verborum
975 2039 991 2081 a
1004 2023 1110 2082 fortiori
1126 2024 1255 2096 procedit
1268 2023 1426 2095 simpliciter
1441 2021 1548 2096 regula.
1565 2024 1593 2080 Si
1607 2029 1697 2081 tamen
1709 2040 1774 2096 pro·

134 2122 191 2166 nou
205 2116 260 2166 mm
284 2125 317 2166 ea
337 2109 532 2182 significatione
546 2109 656 2180 propria
669 2107 789 2181 illorum,
808 2123 891 2182 quam
906 2124 940 2168 ex
975 2111 1092 2170 babillus
1103 2113 1229 2172 videatur
1239 2129 1300 2171 esse
1310 2114 1394 2185 reale,
1408 2119 1475 2170 tuno
1487 2119 1564 2170 certe
1576 2113 1774 2188 privilegiarius

134 2199 250 2270 ordine,
271 2197 313 2255 vel
333 2199 379 2256 tali
392 2199 586 2256 coniunctione
600 2197 770 2268 desumitur,
787 2211 859 2270 quae
873 2213 940 2255 con·
976 2203 1035 2275 ipse
1049 2209 1141 2274 potest
1155 2203 1181 2259 in
1197 2203 1255 2260 loro
1270 2203 1375 2260 animae
1389 2200 1589 2268 illudretinere
1604 2209 1635 2258 ut
1647 2202 1731 2276 reale,
1746 2208 1775 2260 et

132 2289 241 2346 iectura
264 2289 352 2361 magis
371 2289 476 2345 incerta
496 2293 553 2359 est,
573 2294 601 2343 et
620 2286 681 2344 ideo
701 2285 769 2344 dixit
788 2285 937 2344 Panormit.
974 2291 1047 2348 idem
1059 2307 1171 2364 censeo,
1183 2290 1774 2364 esseiudicandamintorensiiudicio;tum

134 2377 162 2434 in
176 2376 251 2433 dioto
266 2393 329 2450 cap.
346 2374 512 2440 Mondaia.
530 2375 595 2434 alias
610 2377 786 2434 coniecturas
799 2392 833 2435 er
845 2379 939 2436 causis
974 2380 1039 2452 quia
1060 2382 1147 2438 maior
1165 2379 1341 2452 probabilitas
1359 2387 1404 2438 est
1416 2379 1552 2452 quaedam
1565 2379 1678 2437 moralis
1692 2381 1774 2438 certi·

132 2471 162 2522 et
175 2468 288 2522 matema
303 2465 437 2539 privilegii
450 2479 511 2522 esse
525 2465 739 2538 anteponendas.
974 2468 1058 2539 tudo,
1079 2471 1102 2526 si
1123 2485 1255 2528 excessus
1269 2469 1469 2541 probabilitatis
1483 2474 1580 2526 certus
1594 2469 1646 2540 sit3
1661 2476 1721 2526 turn
1734 2475 1776 2526 et·

177 2557 222 2612 Sic
233 2553 475 2629 ergointelleetam
484 2556 671 2627 quaestionem
680 2553 869 2612 resolvendam
878 2569 938 2612 esse
973 2559 1045 2631 iam,
1063 2558 1128 2633 quia
1142 2560 1229 2616 maior
1243 2557 1419 2632 probabilitas
1434 2573 1485 2615 suo
1499 2555 1582 2616 modo
1596 2557 1703 2614 confert
1717 2574 1775 2616 ma·

132 2657 248 2715 censeo,
263 2643 364 2717 duplici
375 2643 551 2701 distinctione
563 2643 694 2716 privilegii
705 2643 864 2715 praemissa.
880 2646 939 2702 Una
973 2647 1016 2704 ius
1032 2649 1087 2718 ius,
1104 2646 1178 2721 quod
1193 2648 1219 2703 in
1230 2647 1366 2705 sententia
1377 2645 1487 2704 terenda
1498 2645 1707 2717 praeterendum
1718 2655 1773 2719 est,

130 2739 177 2788 est
189 2730 309 2804 vulgaris
332 2733 365 2789 de
384 2732 542 2805 privilegia,
561 2731 637 2806 quod
657 2738 699 2788 ast
716 2748 818 2804 purum
840 2733 939 2791 beneti-
973 2737 1038 2810 quia
1058 2737 1085 2792 in
1105 2751 1138 2793 ea
1151 2736 1255 2793 servari
1269 2734 1350 2793 debet
1363 2734 1537 2792 distributiva
1551 2735 1669 2808 insutis,
1682 2741 1714 2795 ut
1726 2736 1775 2794 do-

132 2821 225 2893 cium,
245 2827 275 2879 et
298 2821 371 2894 quod
385 2828 428 2878 est
442 2827 540 2878 contra
553 2823 597 2878 ius
610 2836 772 2896 commune,
786 2828 835 2880 aut
854 2824 936 2880 tertii.
973 2827 1034 2883 cuit
1049 2824 1258 2883 divus'lbomas
1274 2830 1302 2885 2.
1320 2831 1353 2896 2,
1369 2841 1397 2900 q.
1415 2827 1469 2896 63,
1485 2830 1537 2883 nrt.
1554 2831 1586 2898 t,
1607 2822 1641 2881 utl
1658 2828 1682 2883 t.
1698 2827 1773 2884 llaec

133 2911 192 2966 Alia
208 2916 251 2966 est
265 2912 332 2966 satis
345 2912 425 2968 ctiam
440 2911 518 2968 tertia
531 2908 565 2967 de
578 2910 682 2982 duplici
693 2909 786 2968 dubio:
801 2912 938 2986 negativo,
973 2920 1067 2970 autern
1084 2912 1257 2988 intelligenda
1270 2919 1336 2972 sunt
1350 2929 1399 2986 per
1413 2929 1442 2970 sa
1452 2911 1601 2986 loquendo,
1612 2920 1641 2971 et
1650 2914 1776 2973 conside·

130 2999 159 3055 in
175 3014 232 3072 qun
253 2997 385 3056 deliciunt
402 3001 522 3056 rationes
536 2999 749 3057 determinantes
767 2999 939 3058 intellectum
973 3003 1060 3061 rande
1072 3009 1200 3061 naturum
1210 3002 1353 3077 privilegii,
1365 3009 1395 3059 et
1406 3005 1537 3075 anginam
1547 3003 1774 3077 eius,antequam

130 3086 167 3145 ad
186 3086 350 3144 alterutram
369 3077 488 3160 partem,
503 3094 532 3146 et
546 3087 608 3144 ideo
622 3103 774 3162 suspensus
789 3095 895 3162 manet3
910 3097 940 3148 et
973 3092 1124 3165 possessio,
1143 3093 1186 3150 vel
1201 3109 1270 3149 usus
1284 3093 1344 3149 eius
1358 3093 1383 3148 ia
1398 3092 1561 3150 alterutram
1575 3099 1680 3165 purtem
1696 3094 1775 3151 incli-

130 3177 262 3248 positivo,
282 3176 308 3232 in
323 3191 378 3250 quo
390 3183 516 3249 suntprn
526 3184 644 3250 utraque
656 3183 732 3248 parte
744 3177 863 3235 rationes
875 3193 938 3250 pro·
973 3187 1036 3252 net,
1052 3175 1121 3237 tua'rc
1141 3182 1214 3238 enim
1235 3180 1363 3238 succedit
1381 3180 1432 3238 alia
1450 3181 1546 3255 regula
1560 3181 1642 3255 iuris,
1657 3181 1733 3256 quod
1747 3181 1775 3240 in

130 3265 235 3322 babilas
247 3304 255 3333 ,
272 3271 301 3322 et
313 3265 481 3323 sufficientes
496 3264 529 3321 ad
544 3264 684 3323 definitum
698 3280 842 3322 assensum
860 3282 939 3339 prae·
973 3269 1056 3327 dubio
1072 3271 1222 3327 meliorest
1235 3270 1358 3328 conditio
1373 3269 1556 3343 possidentis,
1572 3277 1599 3328 et
1612 3270 1672 3329 ideo
1684 3273 1707 3328 si
1718 3259 1779 3344 pri?

130 3352 280 3425 standum,
305 3353 371 3410 licet
390 3353 538 3411 incertum.
561 3354 683 3410 Primum
698 3369 787 3427 genus
801 3354 878 3412 dubii
894 3357 937 3412 via
971 3355 1124 3430 vilegiarius
1148 3357 1273 3431 possidet
1292 3357 1359 3416 illud
1373 3365 1405 3416 ut
1419 3358 1506 3432 reale,
1522 3356 1589 3417 lieet
1601 3361 1708 3417 oriatur
1721 3359 1773 3418 du·

131 3442 213 3500 babet
226 3443 319 3500 lacurn
344 3443 369 3499 in
384 3445 537 3514 proposito,
552 3443 618 3515 quia
631 3458 740 3515 semper
752 3443 938 3502 interveniunt
972 3445 1058 3516 bium,
1078 3446 1209 3520 quamdiu
1225 3447 1270 3504 illa
1284 3463 1348 3520 pars
1359 3453 1450 3504 manet
1460 3446 1617 3519 probabilis,
1629 3452 1719 3520 potest
1729 3449 1773 3506 ius

128 3533 308 3589 contaeturae
335 3533 508 3590 sufficientes
528 3531 563 3589 ad
583 3531 851 3607 terendum'aliquod
865 3533 938 3592 iudi·
973 3549 1056 3591 suum
1079 3537 1213 3609 retinere,
1229 3536 1318 3595 donec
1332 3534 1407 3593 aliud
1422 3551 1470 3610 per
1484 3534 1603 3595 iudicem
1617 3536 1774 3596 authentice

129 3623 220 3692 cium,
240 3627 273 3678 ut
287 3621 362 3677 ctare
376 3627 488 3679 constat
498 3635 531 3678 en
543 3622 656 3678 materia
667 3621 788 3679 subiecta
799 3630 828 3681 et
838 3640 872 3681 ex
883 3622 935 3697 bis,
972 3621 1141 3682 declaretur.

130 3724 202 3782 quae
231 3708 362 3767 diximus.
377 3711 415 3770 Et
427 3709 492 3768 licet
505 3710 624 3784 fingatur
637 3725 733 3782 casus,
748 3711 777 3768 ln
790 3727 847 3786 quo
861 3718 937 3770 tanta

130 3799 167 3856 sit
186 3800 338 3873 aequalitas
356 3802 428 3858 inter
451 3801 571 3857 rationes
588 3805 617 3857 et
635 3801 814 3857 coniecturas
835 3801 937 3858 utrius·
1203 3805 1206 3812 '
1265 3813 1405 3886 CAPUT
1427 3815 1486 3886 qv·

130 3903 188 3960 que
210 3889 317 3960 partis,
339 3895 372 3946 nt
391 3888 548 3946 intellectus
568 3887 676 3946 dubitat
694 3888 760 3962 quid
779 3904 875 3949 verum
890 3893 935 3962 sit,

129 3991 242 4050 semper
257 3984 350 4036 tamea
363 3983 454 4049 potest
467 3976 587 4034 iudicare
597 3993 684 4034 unum
698 3984 726 4035 et
740 3977 857 4036 alterum
876 3994 938 4037 esse

130 4064 289 4138 probabile3
309 4065 386 4140 quod
400 4067 467 4124 satis
480 4073 524 4124 est
536 4064 571 4124 ad
585 4064 718 4125 iudicium
732 4068 889 4140 practicam
902 4068 937 4127 de

129 4152 256 4228 agendis.

174 4246 243 4301 iiico
256 4259 323 4318 ergo
337 4243 363 4301 in
377 4245 484 4317 primis,
499 4244 525 4301 in
539 4259 719 4318 quocumque
731 4260 764 4303 ex
780 4246 821 4303 bis
834 4246 936 4322 dubiis,

128 4335 191 4390 sive
206 4334 362 4407 negativum
381 4335 510 4407 tingatur,
526 4335 581 4390 eive
595 4334 752 4406 positivum,
765 4335 937 4411 privilegium

128 4421 292 4494 favorabile,
312 4437 362 4480 seu
376 4421 451 4495 quod
464 4427 506 4480 est
517 4437 618 4526 purum
628 4421 801 4496 beneficium,
814 4424 936 4483 iudioaa·
972 4477 998 4529 ¹·
1006 4474 1726 4542 Quidprivilegiumgratiosumu-Qufflmmumiwm
1738 4510 1773 4522 -

127 4511 200 4570 dum
211 4525 272 4567 ⁰⁸⁸⁰
283 4510 355 4569 ‘⁸⁸¹⁰
366 4526 415 4582 W
425 4511 550 4585 'omnm
560 4527 638 4569 '¹¹⁰⁸‘
651 4515 750 4580 Dema
764 4529 937 4574 mmmm
1007 4541 1032 4596 2.
1048 4545 1122 4596 Multi
1140 4546 1294 4610 opinantur,
1307 4548 1472 4612 privilegium
1486 4549 1620 4601 fundatum
1633 4520 1773 4605 inmeritis

128 4619 153 4661 a
175 4603 311 4677 principe
338 4599 510 4672 beneficium
532 4601 594 4658 este
617 4616 814 4670 mansurum·
835 4611 864 4662 et
888 4620 937 4676 per
1005 4628 1063 4666 esse
1076 4617 1150 4680 qnasi
1164 4617 1304 4667 intrinsece
1317 4619 1461 4680 personale.
1476 4647 1510 4657 -
1524 4619 1774 4673 3.ltelutatunbaec

129 4693 214 4750 aliam
234 4691 372 4764 regulam,
388 4691 462 4764 quod
477 4690 530 4748 tale
544 4690 705 4748 beneficium
720 4689 802 4749 latabr
816 4692 937 4752 admittit
1004 4685 1101 4748 ῡβὶΰῑῡ·
1117 4712 1152 4722 -·
1162 4685 1190 4736 4-
1205 4685 1242 4735 ttd
1258 4687 1430 4738 0b10⁰²i0¹¹⁸¹¹¹
1444 4690 1585 4753 lestwsstlb
1600 4716 1635 4726 -
1649 4690 1675 4742 5.
1691 4691 1773 4742 Privi-

129 4780 395 4853 interpretatinnem,
413 4779 432 4836 l.
448 4779 536 4836 ultim.
552 4777 581 4836 il.
597 4779 630 4836 de
645 4782 760 4838 constit.
774 4783 893 4856 princip.
908 4789 937 4841 et
1006 4754 1435 4888 ffigffieffngfnffissssvssffffiffifg
1446 4759 1675 4881 ξὲιᾞθᾞὲῑηξωᾶ
1682 4762 1775 4880 effiiivni'

128 4875 170 4930 ita
183 4869 267 4928 d⁰0et
276 4868 353 4954 Blld·
366 4869 392 4925 itt
406 4868 425 4926 Ι·
439 4866 678 4939 ³2³·d000112fil·
692 4871 808 4944 princip.
822 4871 887 4929 ¹0⁰2·
904 4877 931 4947 le
1006 4893 1102 4956 legium
1116 4892 1311 4944 conventionale
1324 4900 1351 4944 et
1365 4907 1467 4958 purum.
1481 4923 1516 4932 -
1528 4897 1623 4948 baldau
1633 4905 1710 4961 negu
1721 4899 1773 4964 pri-

130 4977 162 5016 n.
183 4961 229 5032 ti,
244 4964 273 5016 et
288 4957 358 5015 idem
377 4959 460 5015 sentit
472 4959 546 5015 Bari.
561 4957 588 5013 in
603 4957 621 5014 l.
638 4958 729 5016 ultim.
746 4961 775 5016 il.
791 4959 824 5018 da
839 4963 933 5019 servit,
1005 4963 1126 5026 vilegium
1137 4963 1341 5025 conventionales,
1352 4964 1396 5014 sed
1407 4971 1447 5016 cst
1456 4966 1573 5029 quaestio
1582 4965 1615 5017 de
1624 4969 1773 5019 nomine.-

1004 4023 1050 4080 De
1061 4019 1216 4098 privilegio
1228 4026 1449 4082 remunerativo
1463 4023 1733 4095 senescentium,

1151 4128 1195 4171 nn
1207 4111 1291 4172 reale
1303 4115 1350 4175 sii,
1367 4111 1591 4190 supersessis.

1262 4291 1494 4356 snmuamnm

130 5049 217 5123 legat.
235 5063 264 5105 η.
280 5052 309 5107 t.
323 5048 409 5106 Cuius
422 5047 585 5104 sententiam
599 5047 682 5122 aliqui
694 5049 936 5110 extenduntetiam
1006 5033 1032 5082 7.
1046 5031 1213 5094 Pli'flessiuffl
1230 5033 1299 5082 '³³¹³
1315 5039 1355 5084 ⁶⁸²
1373 5046 1419 5097 W
1435 5046 1463 5084 ⁸²
1476 5033 1634 5099 indifferens,
1649 5044 1678 5086 ¹¹²
1692 5039 1772 5100 9⁰⁸⁸st

131 5139 169 5198 ad
190 5152 305 5208 casum,
325 5139 352 5194 in
372 5151 428 5211 quo
442 5137 524 5194 rerba
538 5136 612 5195 clare
626 5135 780 5210 dirigantur
793 5139 828 5196 ad
842 5153 936 5213 perso-
1005 5101 1722 5238 ffissssffiffimffim'fflssgffiffse’mffffisst'
1736 5133 1773 5226 {j

130 5243 210 5288 nam.
228 5226 281 5285 sed
295 5225 348 5285 boo
362 5241 414 5284 nec
429 5239 524 5284 verum
538 5233 591 5297 ssa,
603 5243 669 5286 oum
680 5235 835 5303 repugnent
845 5231 938 5291 omnia
1006 5237 1191 5304 haeredes‚sed
1203 5239 1365 5306 ponderanda
1374 5249 1435 5294 sunt
1446 5243 1524 5295 verba
1534 5243 1775 5310 privilegii—Pri.

213 5335 310 5388 wana.
323 5331 557 5392 ostentatu-ean
565 5333 593 5379 tr.
1324 5353 1329 5362 .
1523 5343 1551 5389 ,ὅ
