4190 6234
0 0 4 127 l

0 198 5 427 ι
834 310 941 362 carun
954 311 1031 362 vsu.
1659 297 1701 364 at

115 440 138 496 in
153 435 245 496 iudicio
259 443 396 512 esterno,
416 454 472 498 non
486 437 594 499 diceret
604 441 663 498 cist
676 437 808 497 dimissis
822 436 906 495 bece-
942 436 1087 508 dixerunt,
1109 453 1165 496 non
1185 436 1316 508 obstante
1331 438 1376 497 ilio
1389 439 1480 513 rigore
1495 432 1649 498 verborum
1657 452 1740 512 expe·

109 529 179 602 pelis
194 529 282 604 (quae
303 529 392 586 rerba
406 528 563 602 significant
574 529 756 588 voluntariam
770 527 906 586 dimissio·
940 527 1071 586 ctandarn
1085 523 1145 585 esse
1160 531 1323 587 sententiam
1334 529 1542 588 declaratoriam
1556 528 1687 588 criminis.
1702 531 1742 588 lta

115 620 205 690 nemi,
224 617 271 676 sed
291 617 397 676 diceret
414 621 477 676 cist
496 617 609 678 ablotis
629 618 790 692 beneficiis,
809 620 907 692 utique
941 619 1024 674 sentit
1038 618 1151 675 Gorarr.
1168 619 1193 674 in
1209 623 1238 692 i,
1253 625 1282 678 2.
1296 636 1323 692 p.
1339 627 1352 697 p
1367 626 1484 691 8,num.
1499 618 1607 690 attint.
1627 624 1654 676 3.
1670 621 1744 677 Fun·

119 727 162 784 per
172 708 302 780 iudicent,
317 723 334 765 a
347 724 406 783 quo
419 717 496 768 esset
508 710 645 768 absolutio
657 707 755 766 danda.
771 709 907 780 Praecipit
940 705 1035 779 datur,
1047 709 1111 782 quia
1124 708 1206 767 etiam
1221 716 1285 781 post
1298 711 1460 768 sententiam
1473 708 1741 784 condemnatoriam,

12 798 17 819 ¹
119 817 177 876 ergo
190 799 347 872 concilium,
359 805 391 856 ut
405 799 474 857 tales
488 815 543 857 non
557 799 735 857 absolvantur
749 811 905 856 sacramen·
940 796 1050 871 quando
1071 797 1147 871 leges
1162 798 1291 872 poenales
1307 799 1379 856 illam
1393 801 1550 872 requirunt,
1564 815 1617 856 non
1629 805 1740 858 tenetur

119 891 214 961 taliter,
233 890 282 945 nisi
300 887 421 946 dimissis
434 889 583 962 beneficiis,
599 905 667 962 ergo
681 887 784 960 obligat
803 886 863 944 illos
876 890 906 944 in
942 887 969 942 in
984 887 1154 946 conscientia
1167 903 1233 945 reus
1247 887 1447 946 condemnatus
1458 890 1566 961 privare
1581 903 1609 945 se
1624 889 1681 945 suis
1695 888 1744 946 bo·

122 979 274 1038 censebatis
293 978 329 1036 ad
349 977 511 1037 dimittenda
524 979 671 1051 beneficia,
693 979 756 1051 quia
769 976 835 1058 alias
848 992 904 1034 non
941 977 1001 1049 nis,
1025 981 1073 1034 aut
1097 976 1141 1033 illa
1165 976 1281 1036 reddere
1296 979 1375 1049 fisco,
1391 977 1439 1035 sed
1453 977 1535 1035 iudex
1549 977 1632 1035 debet
1644 979 1742 1052 exequi

23 1098 32 1149 '.
125 1077 206 1144 posset
221 1070 394 1142 praecipere,
410 1075 513 1141 utnon
528 1068 717 1142 absolvantur,
732 1071 797 1142 quia
811 1069 833 1125 si
848 1083 902 1125 non
941 1064 1075 1138 posnamj,
1097 1067 1142 1124 cui
1158 1082 1223 1125 reus
1234 1083 1293 1126 non
1307 1074 1398 1140 potest
1411 1069 1558 1140 resistere3
1574 1083 1642 1142 ergo
1656 1068 1744 1125 multo

124 1165 239 1218 tenentur
254 1159 388 1216 dimittere
401 1159 606 1231 beneficia,non
617 1165 735 1232 peccant
748 1175 802 1216 non
815 1158 907 1215 dimit·
942 1155 1032 1211 minus
1054 1155 1191 1229 obligatur
1212 1158 1238 1214 in
1259 1159 1428 1216 conscientia
1445 1159 1509 1232 quis
1528 1166 1640 1230 propter
1655 1157 1742 1215 solarn

43 1316 44 1325 ,
124 1248 212 1322 tendo,
230 1263 297 1323 ergo
317 1255 437 1320 possunt
455 1263 536 1321 agere
555 1248 749 1322 poenitentiam
769 1246 803 1304 de
823 1247 907 1320 priori
942 1244 1044 1320 legem,
1062 1247 1168 1304 etiamsi
1184 1247 1300 1304 maxime
1315 1244 1403 1321 dicat,
1419 1255 1482 1305 aute
1496 1263 1605 1305 omnem
1619 1247 1743 1305 declara·

40 1409 42 1422 ,
122 1340 225 1412 delicto,
238 1346 266 1396 et
279 1338 449 1395 sufficienter
463 1336 587 1411 disponi,
603 1345 633 1396 ut
647 1338 839 1409 absolvantur3
855 1352 908 1394 cur
942 1334 1058 1405 tionem,
1084 1332 1134 1394 sed
1154 1334 1188 1393 ad
1209 1353 1350 1395 summum
1369 1339 1396 1394 in
1414 1338 1474 1395 iuro
1494 1321 1630 1396 esunert‘
1642 1338 1744 1409 poterit

40 1423 41 1426 ’
119 1445 182 1502 ergo
194 1429 292 1501 poterit
304 1427 357 1484 illis
368 1428 463 1500 negari
477 1427 635 1485 absolutio?
646 1428 701 1485 Nec
713 1427 784 1484 enim
795 1425 849 1483 dici
860 1441 908 1498 po·
942 1425 1045 1498 puniri,
1057 1427 1121 1499 quia
1136 1425 1209 1484 illam
1224 1442 1276 1483 nno
1293 1435 1394 1485 servat.
1405 1430 1464 1486 lloc
1479 1428 1552 1485 enim
1565 1426 1692 1484 ultinium
1702 1434 1744 1484 et·

118 1527 185 1591 teat,
203 1519 272 1576 illam
293 1518 379 1575 luisse
397 1517 545 1591 quamdam
560 1518 773 1576 reservationem
789 1515 905 1589 peccati3
944 1515 995 1570 iam
1011 1514 1133 1572 insinuat
1145 1517 1243 1573 Covar.
1260 1516 1453 1590 respondendo
1468 1517 1502 1575 ad
1516 1517 1699 1592 sylvestrum,
1711 1516 1743 1573 li-

116 1611 179 1683 quia
195 1622 281 1682 neque
298 1607 335 1664 rbi
352 1615 396 1665 cst
409 1609 527 1666 verbum
541 1607 666 1665 indicans
679 1607 904 1676 reservationem,
944 1610 990 1663 cet
1002 1620 1057 1661 non
1077 1607 1143 1662 satis
1157 1613 1250 1678 aperte
1265 1607 1491 1681 loquatur.Unde
1505 1608 1584 1665 etiarn
1599 1606 1711 1672 indicat,
1723 1605 1746 1662 si

115 1713 165 1753 nec
186 1698 331 1754 mservatio
355 1697 412 1753 tieri
436 1696 507 1754 solat
524 1695 719 1771 piaecipiendo
745 1696 908 1768 simpliciter
945 1693 1045 1767 aliquid
1065 1702 1197 1768 operatur
1214 1697 1263 1754 illa
1277 1698 1412 1769 particula
1426 1702 1496 1755 onte
1515 1713 1633 1755 omnem
1645 1695 1746 1756 decio·

25 1782 29 1855 s·
113 1787 276 1861 negationem
298 1786 495 1858 absolutionis,
516 1801 567 1846 nec
585 1788 706 1845 conditio
721 1786 766 1843 iile
780 1785 902 1843 adhiberi
945 1787 1108 1852 rollonem,
1133 1801 1194 1843 esse
1209 1788 1234 1842 in
1250 1787 1344 1845 ordine
1359 1788 1394 1845 ad
1408 1788 1500 1847 iorum
1514 1795 1674 1860 externum,
1689 1803 1744 1844 non

20 1912 21 1920 ο
112 1878 183 1934 solet
193 1879 217 1934 in
231 1876 365 1934 similibus
380 1876 502 1950 legibus,
517 1876 566 1933 nisi
580 1877 643 1951 quia
657 1877 761 1950 absque
777 1875 822 1934 tali
837 1863 905 1932 con·
945 1873 1240 1948 quoadnbligationem
1251 1861 1545 1953 consolationemque
1557 1875 1627 1936 hano
1640 1880 1745 1950 opinio·

111 1953 208 2024 diuam
225 1966 308 2023 homo
325 1981 380 2024 non
394 1973 488 2040 potest
500 1967 567 2024 bene
585 1967 692 2040 disponi
707 1966 741 2024 ad
755 1965 906 2023 absolutio·
945 1978 1007 2020 nem
1021 1963 1147 2039 sequitur
1159 1966 1284 2041 vasquez
1298 1970 1323 2024 i.
1337 1972 1367 2039 2,
1379 1967 1449 2040 disp.
1464 1972 1598 2040 168,cap.
1611 1972 1638 2027 i.
1655 1983 1683 2023 n.
1701 1971 1745 2040 15,

110 2073 174 2114 nem
188 2061 299 2129 propter
319 2055 516 2130 obligationem
531 2056 557 2111 in
572 2057 751 2128 conscientia,
764 2071 848 2129 quam
860 2053 909 2112 ba·
946 2051 1036 2109 solum
1055 2055 1120 2126 quia
1139 2055 1233 2126 plures
1254 2056 1327 2130 leges
1343 2057 1443 2114 habent
1460 2057 1533 2115 illam
1550 2055 1679 2132 loquendi
1693 2056 1748 2112 ior·

110 2149 159 2204 bet
179 2146 211 2204 ad
236 2147 317 2204 talen
341 2145 527 2203 conditionem
549 2145 731 2219 implendam,
756 2145 826 2202 hanc
840 2161 908 2218 ergo
946 2157 1030 2214 mam,
1042 2152 1171 2219 essetque
1191 2146 1268 2202 nimis
1283 2163 1423 2221 asperum,
1436 2163 1531 2204 omnes
1545 2147 1604 2204 illas
1617 2148 1749 2204 itainter·

109 2237 296 2311 obligationem
322 2236 424 2294 babent
442 2237 644 2294 examinatores
664 2235 808 2295 simoniaci
829 2252 862 2294 ex
884 2235 911 2292 vi
947 2234 1058 2306 prelati.
1076 2234 1141 2303 Quis
1161 2250 1228 2293 vero
1249 2236 1283 2294 sit
1303 2237 1420 2294 allectus
1440 2236 1513 2295 illius
1533 2237 1698 2310 particulae,
1715 2250 1748 2292 ne

109 2329 183 2385 illius
205 2327 283 2400 legis,
304 2343 369 2384 narn
382 2324 492 2384 aliunde
506 2325 582 2384 illam
595 2326 695 2384 babere
710 2342 764 2384 non
778 2332 905 2399 possunt.
948 2324 1061 2380 inaniter
1079 2324 1105 2379 in
1120 2324 1179 2399 lege
1193 2320 1281 2409 posita
1293 2327 1429 2400 videatur,
1442 2327 1477 2383 ibi
1493 2343 1547 2385 non
1561 2327 1691 2400 explicat,
1702 2326 1750 2384 sed

110 2418 160 2475 iila
180 2433 245 2490 ergo
265 2417 356 2474 forma
375 2416 504 2489 puniendi
524 2417 604 2489 plane
624 2417 731 2475 inducit
751 2419 812 2490 ipso
837 2417 911 2474 iacto
946 2413 1147 2484 explicaturum
1171 2416 1320 2490 promittit,
1342 2424 1501 2476 nontamen
1516 2419 1625 2476 invenio
1641 2415 1748 2491 abipso

109 2509 181 2565 lianc
201 2507 411 2582 obligationem,
427 2519 460 2564 ut
474 2508 556 2564 sentit
568 2509 649 2564 etiam
669 2507 716 2564 lib.
739 2507 773 2564 de
788 2507 912 2583 simonia,
948 2500 1133 2576 declaratum,
1158 2503 1210 2560 nisi
1235 2505 1351 2564 sortasse
1371 2507 1398 2564 id
1417 2508 1541 2565 intendat
1562 2507 1590 2564 in
1603 2508 1665 2565 loco
1680 2507 1749 2564 inira

110 2615 173 2670 erp.
194 2603 239 2670 58,
255 2613 335 2656 num.
352 2602 380 2656 t.
395 2596 474 2657 Unde
487 2597 568 2654 etiam
584 2596 693 2656 videtur
712 2613 792 2670 posse
807 2597 913 2668 inierri,
949 2592 1069 2651 citando.
1323 2587 1328 2596 '

111 2689 245 2761 perillam
264 2689 354 2762 legem
368 2688 468 2760 privari
483 2687 672 2762 delinquentes
687 2687 826 2746 beneficiis
842 2690 913 2762 suis,
993 2685 1192 2742 recontrans
1206 2687 1339 2744 sententia
1353 2691 1578 2760 communisest;
1594 2703 1657 2746 nam
1669 2689 1750 2745 nior·

112 2779 175 2850 quir
195 2785 309 2850 possent
326 2776 397 2834 alias
416 2777 444 2833 in
466 2779 635 2836 conscientia
654 2779 740 2835 teneri
761 2779 795 2836 ad
810 2778 857 2836 ilia
871 2778 912 2834 di·
950 2773 1014 2830 tiori
1030 2772 1104 2831 illam
1120 2779 1194 2832 tenet
1207 2778 1362 2835 communis
1379 2780 1470 2850 opinio
1483 2779 1688 2835 canonistarum
1703 2794 1751 2835 su·

113 2867 256 2938 mittenda,
273 2883 326 2924 nec
343 2868 414 2924 actio
429 2867 580 2926 dimittendi
594 2867 758 2926 beneficium
770 2869 914 2940 proprium
950 2877 999 2934 pra
1019 2864 1120 2935 citata,
1143 2871 1172 2920 et
1190 2866 1305 2923 Navarr.
1322 2873 1351 2924 el
1368 2867 1450 2925 Gord.
1467 2873 1495 2924 et
1509 2869 1624 2927 maxime
1638 2869 1747 2940 Castr03

114 2959 182 3014 solet
202 2957 307 3015 directe
328 2957 466 3029 praecipi,
488 2958 535 3014 sed
555 2945 645 3015 'solnm
665 2963 803 3032 quatenus
817 2975 916 3016 eonse-
951 2953 1004 3009 imo
1018 2953 1099 3011 etiem
1113 2955 1179 3012 Solo
1192 2954 1268 3013 dicto
1282 2956 1344 3016 loco
1359 2959 1444 3025 citato
1459 2958 1494 3016 ad
1508 2965 1534 3017 8.
1551 2959 1664 3030 latetur,
1679 2957 1750 3017 banc

114 3049 208 3121 quitur
222 3055 259 3104 et
269 3047 421 3119 privatione
433 3047 504 3104 tituli
514 3055 542 3104 et
550 3049 676 3106 carentia
689 3048 822 3106 beneficii.
835 3049 914 3116 Quod
951 3057 1012 3098 ease
1025 3043 1079 3100 vim
1094 3043 1168 3101 illius
1183 3046 1334 3116 particulae
1348 3051 1417 3104 orate
1427 3047 1672 3126 declarationem·
1684 3064 1751 3107 con·

114 3137 277 3212 estquidam
296 3135 453 3208 probabile,
471 3136 520 3194 sed
533 3141 687 3209 incertum,
703 3139 766 3212 quic
781 3153 835 3194 non
851 3145 916 3194 sunt
952 3132 1023 3205 ittgit
1035 3139 1126 3190 tamen
1137 3133 1171 3192 ad
1184 3149 1286 3207 poenas
1296 3139 1529 3209 conventionales,
1540 3146 1568 3196 et
1580 3138 1688 3196 taudem
1700 3138 1751 3196 du·

113 3225 279 3299 ampliandae
297 3241 401 3299 poenae
411 3225 481 3283 adeo
490 3242 598 3300 graves:
612 3228 756 3302 minusque
767 3233 917 3284 onerosum
952 3222 1020 3278 bilai
1033 3222 1067 3281 de
1077 3239 1143 3296 usu,
1159 3230 1273 3297 propter
1284 3226 1402 3298 rigorem
1416 3226 1510 3285 talium
1521 3228 1622 3301 legutn.
1631 3229 1751 3302 Expres-

112 3325 163 3390 est,
180 3324 213 3374 ut
227 3317 291 3390 quis
307 3316 397 3372 solum
412 3315 550 3389 obligetur
565 3317 703 3375 dimittere
718 3333 803 3375 suum
817 3319 918 3375 beneti-
954 3312 1011 3369 sius
1030 3327 1113 3382 vero,
1130 3315 1271 3388 magisque
1286 3315 1312 3370 in
1327 3315 1488 3391 particulari
1508 3316 1579 3375 banc
1593 3317 1751 3390 opinionem

112 3409 198 3478 cium,
219 3421 306 3481 quam
322 3411 353 3462 ut
365 3405 424 3478 ipso
437 3406 510 3463 iacto
524 3405 569 3462 ilio
584 3406 726 3480 spolietur,
744 3413 917 3480 cogaturque
953 3401 1049 3461 docuit
1066 3403 1204 3479 sylvester
1218 3404 1301 3462 verbo
1316 3409 1481 3474 associasse,
1499 3410 1525 3466 in
1537 3408 1604 3479 line,
1626 3413 1655 3465 et
1666 3405 1751 3465 verbo

111 3496 180 3554 illud
195 3497 334 3554 dimittere
347 3499 479 3569 tanquam
496 3511 549 3552 non
565 3511 660 3566 suum,
670 3511 723 3553 nec
740 3503 835 3568 posset
849 3495 918 3554 illud
954 3493 1162 3568 emphyteusis.
1180 3495 1260 3552 Ratio
1281 3510 1346 3552 vero
1360 3503 1417 3570 est,
1429 3498 1502 3571 quia
1519 3497 1566 3556 illa
1580 3499 1664 3557 verba
1676 3515 1710 3556 ex
1724 3500 1752 3555 vi

111 3588 229 3644 retinere
244 3585 304 3641 sine
320 3600 391 3641 nora
401 3584 536 3642 oblatione
548 3592 577 3643 et
592 3583 688 3656 titulo,
707 3602 795 3661 neque
808 3587 918 3644 iructus
954 3582 1105 3653 particulae
1125 3587 1188 3659 ipso
1201 3583 1291 3657 secto
1311 3587 1450 3646 continent
1468 3589 1630 3646 sententiam
1648 3588 1750 3647 eande-

111 3678 192 3749 eius,
210 3677 233 3732 si
248 3675 321 3732 iorte
336 3674 396 3732 illos
410 3673 503 3747 aliquo
517 3681 640 3747 tempore
655 3677 788 3749 percepit.
804 3676 918 3735 Videtur
956 3673 1165 3743 mnatoriam‚et
1176 3673 1300 3731 addendo
1312 3675 1436 3746 alteram,
1449 3678 1555 3736 scilicet
1565 3678 1676 3752 absque
1685 3678 1753 3737 olto
1798 3661 1802 3668 ¹

110 3781 180 3841 ergo
193 3764 338 3824 limitanda
353 3765 397 3822 ilia
411 3779 496 3837 poena
506 3765 541 3823 ad
552 3766 606 3824 virn
619 3767 814 3840 verborum,et
826 3767 919 3842 quoad
955 3761 1166 3832 declaratione,
1180 3779 1308 3837 expresse
1322 3767 1476 3826 excludunt
1486 3770 1677 3848 necessitatem
1691 3785 1753 3828 sen·

111 3857 166 3914 boc
184 3863 279 3929 potest
292 3852 360 3911 iilud
373 3853 528 3926 exemplum
543 3856 696 3928 acceptari.
955 3852 1053 3909 tentiae
1065 3851 1273 3926 declaratoriae,
1288 3862 1316 3912 et
1330 3857 1369 3914 ita
1383 3855 1547 3931 relinquitur
1561 3859 1751 3918 condemnatio

149 3951 199 4024 it.
215 3944 374 4017 Septimum
393 3944 549 4016 exemplum
570 3947 642 4002 sumi
664 3951 757 4018 potest
775 3961 808 4003 er
822 3945 919 4004 ultimo
956 3942 1095 4016 absoluta,
1106 3951 1135 4000 et
1147 3943 1203 4001 sine
1219 3943 1273 4002 ulla
1287 3946 1505 4021 conditione,vel
1521 3963 1683 4024 mora3ergo
1696 3956 1751 4008 sta·

112 4035 233 4094 concilio
250 4034 370 4092 lateran.
384 4049 452 4089 sess.
462 4039 489 4092 5.
498 4034 550 4090 sub
560 4033 629 4092 iulio
641 4035 675 4120 ll,
688 4035 734 4092 ubi
748 4041 847 4092 contra
857 4051 919 4096 car·
956 4033 1004 4090 tim
1019 4039 1164 4104 operatur,
1182 4039 1211 4090 et
1223 4049 1272 4106 per
1285 4049 1315 4091 se
1328 4038 1474 4109 exequitur
1488 4037 1548 4094 talis
1564 4039 1606 4097 lex
1622 4055 1752 4113 poenam,-

112 4125 217 4182 dinales
232 4125 402 4181 simoniacos
417 4123 443 4180 lb
457 4123 588 4182 electione
601 4124 702 4181 summi
716 4125 854 4182 Pontificis
867 4124 921 4181 ier·
958 4138 1041 4196 quam
1057 4123 1181 4194 imponit.
1197 4125 1334 4181 Probatur
1348 4129 1557 4200 consequentia,
1568 4130 1634 4202 quia
1643 4145 1694 4190 neo
1707 4129 1755 4188 de·

113 4221 160 4274 tur
172 4229 264 4287 poena
284 4213 443 4285 privationis
461 4213 656 4271 beneficiorum
677 4215 730 4270 sub
749 4214 801 4271 bac
819 4214 916 4271 inama:
957 4220 1000 4270 est
1019 4220 1141 4286 potestas
1160 4215 1188 4270 in
1208 4213 1375 4289 legislatore,
1396 4223 1427 4274 ut
1441 4217 1683 4291 supraprobatnm
1696 4227 1751 4294 est,

113 4311 160 4364 Eo
178 4309 248 4381 ipso
267 4303 378 4378 absque
398 4301 463 4361 olio
475 4301 680 4360 &edormisse
697 4306 836 4378 privatos
856 4305 919 4361 esci·
956 4319 1008 4362 nec
1031 4303 1176 4376 voluntas,
1197 4319 1263 4361 oum
1284 4317 1333 4376 per
1352 4305 1396 4363 illa
1409 4306 1494 4365 verba
1508 4309 1574 4365 satia
1587 4308 1751 4383 explicetur,

116 4399 187 4452 stat.
199 4396 283 4453 Circa
296 4407 380 4467 quarn
395 4391 510 4449 sormam
523 4407 577 4450 uon
588 4400 632 4450 est
645 4407 719 4460 nunc
732 4392 918 4465 tractandum,
956 4401 986 4452 ut
1002 4399 1146 4452 ostensum
1160 4400 1213 4451 ast.

117 4499 150 4539 an
163 4484 209 4541 illa
223 4483 391 4542 constitutio
403 4480 501 4538 babeat
513 4496 588 4540 nunc
602 4483 657 4539 vim
670 4497 749 4538 suam
760 4483 784 4539 in
799 4480 845 4540 illo
858 4497 920 4555 par·
993 4484 1028 4541 Et
1040 4483 1199 4542 declaratur
1212 4486 1341 4558 amplius,
1356 4501 1389 4546 ae
1404 4487 1594 4561 confirmetur,
1609 4491 1674 4563 quic
1688 4488 1756 4549 alias

119 4575 226 4632 dculari
240 4590 323 4640 casu,
336 4573 379 4629 vel
394 4587 447 4629 usu
459 4579 589 4630 revocata
603 4573 638 4630 sit
653 4571 720 4645 (boc
733 4573 843 4630 enimin
854 4588 918 4646 pro·
956 4573 1040 4631 verba
1053 4574 1097 4631 iila
1110 4581 1203 4631 essent
1216 4577 1315 4648 inania,
1327 4591 1417 4650 neque
1430 4577 1571 4637 allicerent
1582 4579 1657 4655 quod
1673 4581 1754 4654 sigui·

121 4667 176 4737 prio
194 4667 258 4724 ioco
274 4671 371 4722 actum
385 4662 455 4736 esti,
471 4663 519 4720 sed
532 4664 633 4737 inquiri
651 4677 705 4720 non
719 4661 856 4720 immerito
870 4679 920 4736 po·
955 4664 1052 4736 fleant,
1066 4665 1121 4720 irno
1140 4680 1191 4722 nec
1212 4665 1340 4723 effectum
1362 4667 1479 4739 aliquem
1501 4669 1633 4727 moralem
1653 4669 1762 4728 babere

123 4764 192 4828 test,
211 4772 245 4813 ac
260 4753 360 4826 debet,
376 4768 411 4810 an
424 4751 514 4810 iorrna
528 4753 572 4810 illa
584 4751 689 4810 ferendi
703 4751 784 4810 telem
798 4767 915 4826 poenam
956 4759 1076 4828 possent.
1092 4755 1159 4811 llam
1175 4755 1248 4828 quod
1267 4757 1378 4813 covarr.
1394 4756 1561 4830 respondere
1579 4757 1698 4832 videtur,
1714 4761 1756 4816 ni·

122 4846 231 4903 sufficiat
243 4843 279 4902 ad
294 4841 474 4918 obligandum
487 4842 678 4900 beneficiatum
693 4841 727 4899 ad
741 4843 916 4915 spoliandum
939 4845 1058 4902 mirum
1069 4844 1095 4900 in
1109 4843 1170 4900 loro
1182 4845 1365 4902 conscientiae
1376 4860 1429 4903 oon
1444 4845 1545 4904 babere
1555 4848 1696 4921 ellectum,
1707 4848 1757 4907 be·

125 4952 150 4992 sc
162 4935 307 5007 beneflcio,
330 4932 401 4991 illud
416 4931 603 4989 renuntiando
618 4938 681 4990 ante
695 4948 805 5010 omnem
820 4932 917 4990 iudicis
956 4933 1022 4991 bere
1034 4941 1123 4990 tamen
1134 4948 1216 5005 posse
1226 4934 1252 4990 in
1264 4933 1360 4991 ordine
1371 4935 1405 4992 ad
1415 4934 1508 4993 iorum
1518 4942 1675 5010 externump
1686 4939 1752 5013 boc,

126 5028 293 5096 sententiam,
305 5031 336 5082 et
350 5028 566 5094 consequenter,
578 5037 612 5079 an
626 5022 707 5080 iaciat
718 5021 828 5079 tructus
842 5039 919 5095 suos,
957 5025 1079 5099 inquam,
1094 5038 1147 5080 non
1161 5023 1251 5092 video,
1266 5023 1405 5097 quomodo
1419 5025 1568 5084 subsistere
1583 5027 1678 5100 possit.
1687 5029 1755 5097 Quia

127 5119 145 5173 si
158 5116 218 5175 iilud
230 5117 364 5183 retineat,
378 5111 425 5169 vel
442 5117 569 5168 teneatur
586 5113 646 5171 illos
661 5114 806 5171 restituere
817 5114 922 5194 incon·
957 5115 1044 5174 molto
1062 5116 1154 5171 minus
1174 5119 1265 5186 potest
1277 5114 1338 5188 quis
1357 5115 1501 5173 incurrere
1516 5132 1630 5189 poenam
1644 5117 1672 5174 in
1693 5117 1753 5176 loro

126 5209 230 5266 seientia
238 5205 372 5266 similiter
379 5207 445 5260 ante
453 5216 558 5260 ornnem
572 5205 742 5262 sententiam.
751 5202 922 5278 dliquienim
957 5204 1084 5264 exteriori
1098 5209 1160 5262 ants
1173 5201 1400 5278 declarationem,
1411 5221 1494 5279 quam
1506 5208 1533 5264 in
1544 5208 1680 5280 interiori,
1691 5208 1758 5282 quia
