4190 6234
450 305 494 408 Ἰ’10
529 417 534 426 ,
699 441 702 447 Γ
1152 359 1251 408 omna
1265 360 1299 408 v.

413 495 475 546 ceta
489 496 554 547 sunt
573 488 725 546 necessaria
739 488 774 546 ad
794 489 935 546 honestam
949 487 1076 561 principis
1096 495 1203 544 susten·
1237 493 1265 543 et
1278 486 1347 544 baec
1362 493 1405 545 est
1418 491 1562 561 proportio
1573 487 1744 548 distributiva
1757 491 1931 551 iustitiae.iit
1942 493 1982 550 ita
1995 492 2039 553 do·

414 581 555 639 tationem.
572 578 648 649 Quod
669 581 750 637 etiam
764 579 852 652 attigit
865 580 965 638 llerliua
980 595 1079 651 supra3
1093 583 1121 635 et
1140 594 1205 650 pro·
1237 578 1359 637 claratur
1370 579 1437 636 baec
1452 580 1572 639 conditio
1584 597 1600 637 a
1614 581 1642 638 d.
1653 583 1756 640 Thema
1770 588 1835 646 22,
1847 601 1878 658 q.
1888 589 1939 655 aa,
1951 591 2037 644 arti.

411 677 471 745 pter
485 671 537 729 boo
555 672 651 728 Castro
671 685 764 742 supra,
778 670 802 726 in
825 669 865 726 bis
886 670 991 726 tributis
1012 669 1131 742 antiquis
1150 685 1204 726 non
1237 671 1286 728 Est
1299 679 1391 728 autem
1406 672 1466 729 talis
1477 675 1618 745 proportio
1631 677 1797 747 necessaria,
1812 683 1869 732 uta
1884 675 1964 732 nullo
1978 677 2040 733 sub·

412 764 527 836 requirit
542 762 591 818 bas
605 761 781 834 conditiones,
797 762 844 818 sed
858 777 908 834 pro
922 761 975 818 illie
995 761 1062 818 dicit
1076 759 1203 818 sufficere
1236 762 1292 820 dito
1304 763 1365 834 plus
1377 764 1513 838 exigatur,
1532 779 1614 839 quam
1629 766 1699 823 iuste
1711 768 1808 838 possit,
1826 774 1852 824 et
1862 765 1966 824 debeat
1976 783 2041 824 con-

411 854 630 912 immemorialem
644 851 972 910 consuetudinemiitita
985 850 1049 908 milri
1065 851 1203 924 probabile
1238 855 1369 928 tribucre,
1388 860 1414 911 et
1435 853 1526 928 quoad
1541 855 1594 913 boc
1613 856 1730 914 resultat
1744 856 1896 930 aequalitas
1916 873 2041 914 eommu-

409 953 462 1016 est,
477 945 511 1002 ad
526 946 595 1002 hano
614 943 852 1014 cousuetudinem,
867 959 937 1015 quae
954 942 1078 1015 suppleat
1091 957 1203 999 causam
1237 946 1334 1003 lativae
1346 946 1475 1003 iustitiae.
1486 949 1579 1019 litque
1587 946 1651 1003 bino
1663 947 1741 1004 etlam
1753 957 1796 1006 est
1807 950 1970 1005 necessaris
1981 966 2040 1020 pro·

410 1039 521 1107 iustam,
542 1052 593 1092 non
614 1035 742 1092 sullioere
756 1040 861 1090 certum
877 1041 985 1105 tempus
1002 1034 1081 1089 etiam
1097 1031 1202 1090 diutur·
1236 1037 1323 1107 portio
1338 1035 1439 1107 adres,
1456 1053 1538 1109 super
1552 1053 1619 1110 quas
1634 1038 1785 1109 imponitur
1800 1037 1956 1108 tributum,
1972 1055 2040 1111 quas

409 1145 488 1199 num,
500 1127 547 1184 sed
563 1133 700 1200 oportere,
713 1131 744 1182 ut
754 1124 868 1182 excedat
881 1123 1021 1180 bominum
1033 1125 1201 1195 memoriam,
1237 1143 1370 1184 vocamus
1385 1128 1523 1184 materiam
1540 1129 1643 1184 tributi.
1658 1130 1723 1186 Nam
1739 1130 1761 1185 si
1778 1132 1942 1201 imponatur
1956 1149 2038 1203 super

409 1224 573 1292 argumento
590 1217 656 1274 dicti
676 1217 773 1287 capitis
786 1218 879 1290 Super
898 1213 1086 1287 quibusdam,
1103 1217 1203 1285 apari-
1238 1232 1296 1273 rem
1320 1217 1494 1286 immobilem,
1520 1234 1572 1274 non
1599 1216 1682 1274 debat
1704 1219 1835 1276 excedere
1856 1221 2041 1292 quantitatem

407 1315 463 1367 tate
478 1309 600 1380 rationls;
612 1315 639 1365 et
652 1309 715 1382 quia
728 1306 860 1364 tributum
877 1321 1017 1378 nunquam
1030 1312 1121 1378 potest
1133 1306 1201 1363 iuste
1238 1306 1416 1377 moderatam,
1427 1307 1604 1364 consideratis
1615 1307 1752 1364 fructibus
1762 1309 1873 1379 eiua,et
1885 1310 2037 1384 laboribus,

408 1401 492 1476 erigi,
505 1401 555 1456 nisi
566 1416 613 1473 per
628 1405 785 1472 respectum
797 1397 830 1454 ad
841 1413 953 1455 oausam
964 1397 1077 1466 iustam,
1090 1413 1140 1453 nee
1155 1398 1202 1453 ali·
1236 1413 1268 1454 ao
1283 1399 1426 1468 expensis,
1442 1413 1511 1470 quae
1533 1399 1608 1454 circa
1628 1397 1700 1454 illam
1713 1400 1795 1470 liunt,
1811 1416 1874 1457 narn
1897 1403 1968 1456 siin
1990 1403 2039 1458 boc

408 1500 450 1550 ter
465 1498 557 1564 potest
577 1489 737 1564 praescribi,
752 1490 816 1562 qula
829 1487 873 1544 bic
895 1494 1037 1558 respectus
1056 1487 1201 1544 intrinsece
1238 1488 1372 1544 tributum
1393 1490 1428 1544 sit
1448 1490 1525 1545 nimis
1547 1503 1704 1558 onerosum,
1720 1488 1799 1561 plene
1818 1491 1871 1548 erit
1892 1491 2036 1550 iniustum.

408 1583 560 1641 includitur
575 1583 600 1638 in
621 1585 680 1653 ipsa
699 1579 908 1647 constratudine,
926 1586 957 1635 ut
976 1579 1047 1635 iusta
1067 1584 1095 1634 et
1115 1577 1201 1634 bonae
1238 1579 1265 1635 Si
1285 1585 1376 1635 autem
1399 1581 1553 1650 imponatur
1574 1595 1658 1650 super
1672 1595 1716 1635 res
1735 1579 1860 1652 mobiles,
1878 1598 1955 1655 quae
1978 1599 2039 1639 ren·

407 1675 466 1732 fldei
481 1690 541 1731 esse
556 1675 653 1746 possit,
670 1688 735 1745 ergo
750 1678 867 1744 oportet,
879 1678 911 1727 ut
924 1685 1007 1726 eausa
1022 1670 1065 1724 illa
1077 1669 1111 1726 sit
1124 1677 1198 1739 nota,
1235 1669 1351 1742 duntur,
1366 1677 1396 1726 et
1416 1676 1561 1740 emuntur,
1577 1669 1618 1727 vel
1634 1677 1693 1727 arte
1707 1670 1784 1744 lirini,
1799 1670 1947 1730 obseruari
1962 1673 2038 1731 debet

407 1766 447 1824 rel
462 1771 648 1836 praesumpta,
672 1763 717 1821 ubi
731 1769 822 1818 autem
836 1761 984 1834 ignoratur,
997 1777 1057 1816 non·
1065 1767 1155 1832 potest
1166 1761 1202 1817 ita
1235 1776 1269 1817 na
1283 1760 1351 1816 tales
1365 1760 1420 1815 sint
1434 1757 1590 1816 huiusmodi
1604 1776 1659 1830 res,
1676 1761 1718 1818 vel
1737 1769 1845 1820 tantum
1859 1769 1890 1820 et
1910 1771 1969 1820 tana
1983 1781 2038 1820 ma-

409 1855 557 1928 praeslrmi,
570 1854 618 1910 nisi
636 1851 808 1911 consuetudo
823 1849 936 1908 excedat
950 1850 1088 1908 bominum
1099 1867 1201 1908 memo·
1235 1866 1319 1923 gnum
1334 1849 1481 1919 tributum,
1498 1855 1527 1906 ut
1542 1849 1676 1907 redundet
1690 1853 1715 1906 in
1736 1853 1821 1908 maius
1836 1869 1912 1909 onus
1934 1869 2034 1926 paupe-

372 1995 375 2002 .
407 1947 491 2017 riam,
505 1959 570 2018 ergo
585 1944 644 2001 talia
664 1941 836 2001 consuetudo
851 1942 1060 1999 neeessariaesl
1078 1941 1199 2002 adhunc
1235 1957 1296 1997 rum
1318 1946 1346 1996 et
1366 1940 1514 2011 artificum,
1536 1946 1585 1996 aut
1604 1948 1799 2010 mercatorum,
1821 1958 1909 2015 quarn
1931 1947 2035 2016 possint

406 2037 545 2104 ellectum:
561 2044 589 2095 et
605 2038 643 2093 ita
657 2036 740 2093 etiam
755 2036 836 2102 sentit
849 2031 952 2090 lledina
967 2049 1061 2106 supra.
1234 2031 1371 2087 sustinere
1399 2029 1543 2087 commode
1564 2029 1598 2087 ad
1627 2033 1709 2088 vitam
1729 2038 1758 2089 et
1777 2032 1909 2091 familiam
1932 2040 2037 2091 susten·

1234 2122 1354 2178 tandam.

689 2250 828 2320 CAPUT
849 2249 928 2319 XVI
1272 2216 1299 2270 2.
1319 2213 1408 2283 Atque
1423 2226 1455 2267 ex
1478 2210 1528 2267 bac
1544 2211 1697 2269 conditione
1718 2213 1837 2270 inierunt
1857 2215 1952 2284 multi,
1968 2215 2034 2272 iniu-

931 2303 939 2320 '
1234 2307 1276 2359 sta
1296 2318 1356 2360 esse
1381 2301 1533 2374 vectigalia,
1548 2318 1618 2376 quae
1638 2319 1688 2376 pro
1709 2305 1803 2376 rebus,
1819 2320 1893 2378 quae
1915 2304 1950 2362 ad
1975 2322 2034 2378 pro·

1233 2396 1324 2466 prium
1340 2410 1420 2450 usunr
1442 2399 1536 2463 portan
1544 2401 1600 2465 tur,
1616 2394 1802 2466 imponuntur;
1820 2395 1973 2469 solumque
1988 2399 2033 2452 int-

1232 2485 1382 2555 po'aiposse
1394 2483 1418 2539 in
1431 2484 1602 2556 rebus,quae
1614 2499 1698 2540 causa
1710 2485 1899 2558 negotiationis
1907 2484 2032 2542 deserun-

1233 2579 1290 2638 tur,
1308 2574 1379 2630 sicut
1393 2581 1525 2630 statutum
1541 2581 1584 2630 est
1594 2574 1620 2630 in
1635 2573 1653 2629 l.
1664 2576 1800 2642 uniuersi,
1815 2583 1843 2632 et
1858 2574 2026 2642 labiniam,

1231 2665 1261 2720 C.
1273 2664 1306 2720 de
1320 2664 1481 2736 vectigalet
1493 2664 1562 2721 idern
1575 2663 1690 2724 babetur
1701 2667 1727 2720 iu
1743 2666 1761 2721 l.
1771 2671 1797 2735 5,
1808 2667 1848 2722 ut.
1860 2669 1888 2737 7,
1903 2667 1995 2739 partit.
2004 2671 2027 2722 5.
2065 2653 2066 2658 ¹

1230 2756 1270 2811 lta
1285 2763 1359 2811 tenet
1372 2754 1517 2811 Caietanue
1533 2754 1616 2811 verbo
1630 2754 1796 2828 uectipallo,
1815 2763 1842 2813 et
1856 2757 1912 2814 bac
1928 2759 2028 2814 ratione

494 2912 500 2924 ι
548 2910 575 2924 ..
658 2908 664 2920 ,
717 2907 722 2919 ,
784 2859 809 2910 ,“
858 2906 862 2917 ,
942 2905 954 2955 l
1231 2845 1303 2902 addit
1318 2845 1387 2903 duas
1408 2845 1582 2902 conditiones
1599 2848 1767 2902 necessarias
1781 2847 1814 2902 ad
1830 2847 1968 2904 iustitiam
1986 2847 2029 2902 tri·

404 2911 428 2962 ¹·
439 2910 480 3032 ἐξ
493 2909 1196 3036 Ῐξῗὲῌ’ῗξῖϋᾞξξξιθῖθξῇξὲᾞὲξῖξᾛξυῦξξξξζὶ
1230 2937 1302 3008 buti,
1319 2936 1438 3006 scilicet,
1455 2945 1486 2993 ut
1500 2937 1611 3036 materia
1626 2937 1662 2992 sit
1675 2943 1738 3038 apta
1753 2936 1786 2992 ad
1801 2936 1966 3038 illudpbaec
1983 2954 2027 2994 au·

438 3052 532 3102 iniusta
548 3061 604 3100 esse
622 3047 768 3110 uectigalia,
783 3046 897 3110 imposita
913 3059 958 3109 pro
977 3047 1063 3108 rebus,
1078 3059 1143 3110 quae
1163 3045 1195 3096 ad
1230 3035 1283 3084 tim
1300 3043 1352 3083 ⁰⁰¹¹
1367 3034 1409 3083 0⁵¹
1423 3032 1485 3098 ⁸9¹³
1501 3032 1623 3082 “¹³10ssss-
1636 3028 1715 3082 3⁸⁰⁰
1735 3033 1788 3095 0⁸²2
1803 3041 1869 3098 qul&
1885 3045 1911 3083 ¹¹¹
1931 3044 1962 3086 0⁸
1976 3044 2025 3084 ⁰⁰¹¹

437 3122 568 3187 proprium
593 3132 664 3169 usum
691 3123 835 3181 portantur.
847 3115 917 3164 -3·
935 3117 1028 3166 contra
1047 3119 1125 3166 sentit
1150 3129 1195 3166 tu-
1231 3125 1358 3174 servalur
1369 3117 1455 3173 lorma
1470 3116 1557 3172 debita
1572 3125 1600 3172 et
1613 3115 1683 3172 iusta
1697 3115 1848 3173 distributio
1866 3121 1960 3175 oneris
1980 3121 2026 3174 im·

436 3191 576 3274 ⁰¹⁰f·‘⁴·
590 3187 721 3248 ⁰⁰¹¹di¹i⁰t
735 3199 800 3268 “3¹³²
814 3186 955 3266 requiritur
967 3185 997 3234 Μ
1012 3187 1135 3268 ¹⁰5¹⁵¹3³¹¹¹
1149 3187 1195 3236 ‘fi‘
1229 3207 1308 3279 positi
1323 3223 1371 3278 per
1386 3206 1533 3275 tributum,
1550 3221 1611 3262 nam
1627 3207 1649 3262 si
1667 3205 1820 3277 imponatur
1834 3208 1860 3262 in
1880 3209 1968 3265 rebus
1982 3225 2024 3265 ua·

435 3265 502 3322 butt,
517 3273 605 3324 nempe
625 3264 654 3308 ut
672 3264 801 3320 quantitas
819 3269 904 3305 oneris
922 3268 1002 3318 aeque
1020 3254 1192 3306 distribuatur

434 3335 504 3383 iuxta
523 3331 647 3392 cuiusque
667 3328 744 3386 sires,
764 3325 894 3376 moraliter
913 3330 953 3375 est
970 3325 1194 3388 intelligenda-
1230 3297 1359 3354 masiis
1374 3296 1407 3352 ad
1423 3299 1563 3368 l'fflllfiflm
1580 3312 1672 3366 “Sumo
1687 3312 1821 3367 mulieres
1835 3300 1898 3370 9¹⁰⁸
1916 3316 2025 3372 sssfflfl·

436 3405 462 3454 5.
476 3401 603 3466 Optimum
616 3397 758 3450 eonsilium.
1228 3392 1285 3452 tur,
1303 3402 1383 3458 quam
1399 3385 1506 3443 divites.
1520 3390 1601 3461 (loric
1614 3385 1707 3443 rodis
1721 3404 1803 3452 arses,
1819 3388 1855 3444 ait
1868 3390 2023 3462 caietanus,

1227 3480 1269 3531 erl
1289 3474 1466 3548 temperatim
1489 3481 1517 3531 et
1536 3480 1580 3532 ita
1599 3479 1649 3548 qui
1668 3481 1764 3548 mopis
1783 3477 1910 3551 indipat,
1929 3485 2022 3554 nappis

440 3583 465 3638 t.
480 3576 567 3632 Tertia
587 3570 705 3629 conditio
724 3569 759 3627 ed
779 3568 909 3627 iustitiam
927 3569 1020 3626 tributi
1040 3571 1192 3626 necessaria
1227 3568 1332 3621 ulltror.
1349 3569 1387 3622 El
1404 3581 1531 3639 pauper,
1550 3569 1600 3638 qui
1612 3571 1655 3622 est
1674 3567 1911 3640 oneratoofila'is,
1930 3570 2020 3646 plara.

398 3676 441 3728 est
454 3670 550 3736 lorma,
566 3671 597 3722 ut
617 3665 761 3721 caietanus
776 3659 908 3733 loquitur,
924 3675 971 3716 seu
992 3661 1141 3732 proportio,
1160 3667 1192 3717 ut
1227 3656 1279 3712 bos
1296 3655 1384 3713 rebus
1398 3655 1524 3728 irrolr'pea
1541 3661 1570 3712 et
1582 3660 1626 3713 tto
1637 3655 1705 3730 plus
1720 3657 1807 3714 soluit
1820 3675 1858 3715 aa
1871 3661 2020 3735 oecttpoli·

397 3761 518 3833 loquitur
531 3757 642 3825 castro,
655 3753 722 3809 baec
737 3751 806 3807 euim
821 3750 876 3807 duo
891 3751 915 3806 iu
931 3748 1000 3805 idem
1015 3749 1186 3822 coincidunt,
1226 3746 1289 3802 bus.
1303 3747 1338 3803 Et
1360 3745 1426 3803 haec
1449 3745 1558 3803 videtur
1573 3747 1657 3803 luisse
1677 3749 1850 3820 antiquorum
1872 3754 1978 3823 opinio,
1993 3759 2022 3810 ut

400 3846 599 3922 ulsignibcavit
615 3841 729 3908 bledina,
742 3842 805 3912 quia
820 3839 864 3896 illa
878 3839 963 3894 lorma
975 3838 1039 3894 nibil
1053 3839 1124 3895 aliud
1136 3845 1188 3913 est,
1225 3835 1330 3907 Glossa,
1347 3843 1374 3892 et
1394 3837 1529 3892 Hostiens.
1546 3837 1571 3892 iu
1592 3853 1655 3909 cap.
1668 3839 1766 3912 Super
1784 3839 1975 3911 quibusdam,
1995 3849 2020 3898 et

399 3953 480 4015 quam
492 3935 629 4008 proportio
644 3929 776 3988 servanda
787 3931 856 3984 inter
872 3929 1002 3985 tributum
1014 3932 1041 3984 et
1055 3927 1188 4002 subditos,
1225 3927 1350 3998 sequitur
1360 3927 1474 3984 Summa
1486 3927 1575 3983 Pisan.
1588 3935 1615 3984 et
1629 3929 1705 3984 Sum.
1715 3929 1868 3986 Conlessor.
1879 3939 1908 3988 et
1925 3933 2019 3990 briado

398 4029 497 4105 quibus
518 4024 676 4098 imponitur.
693 4023 759 4078 Nam
781 4025 887 4090 praeter
901 4019 1100 4091 proportionem
1122 4021 1190 4076 inter
1224 4016 1271 4072 lib.
1282 4021 1309 4073 2.
1323 4014 1359 4072 de
1374 4014 1469 4073 libert.
1486 4018 1595 4074 Cbrist.
1609 4033 1670 4090 cap.
1687 4023 1713 4075 5.
1725 4019 1775 4085 Qui
1790 4019 1875 4090 addit,
1892 4021 1962 4081 baec
1976 4024 2019 4079 tri·

397 4121 574 4195 quantitatem
592 4115 674 4170 totius
690 4111 793 4177 tribuli,
804 4117 832 4166 et
845 4125 955 4167 causam
967 4109 1035 4178 eius,
1048 4125 1117 4181 quae
1128 4127 1190 4182 per-
1223 4105 1289 4163 buta
1305 4122 1364 4163 esse
1385 4107 1519 4179 probibita
1532 4107 1589 4163 iure
1608 4107 1680 4164 civili
1693 4115 1721 4165 et
1738 4112 1883 4168 canonico.
1899 4115 2018 4170 Priorem

397 4211 464 4269 tinet
477 4207 509 4264 ad
530 4204 721 4277 aequalitatem
736 4202 773 4256 rei
788 4199 821 4256 ud
836 4215 904 4270 rem,
921 4216 970 4256 seu
983 4200 1098 4256 iustiliae
1113 4216 1189 4256 corn·
1223 4205 1327 4269 partem
1349 4196 1448 4270 probat
1469 4215 1500 4254 ex
1523 4197 1540 4251 l.
1565 4198 1693 4271 allegata,
1708 4201 1887 4272 posteriorem
1910 4220 2017 4262 vcroen
2065 4205 2066 4208 ’

397 4300 554 4363 mulalivae,
567 4295 600 4352 de
615 4309 669 4367 qua
680 4293 732 4348 iarn
747 4290 914 4360 dictumest,
929 4287 1060 4345 servanda
1070 4296 1113 4345 est
1126 4305 1189 4360 pro·
1224 4287 1301 4344 Rulla
1314 4289 1430 4352 Coenos,
1446 4289 1473 4342 io
1492 4302 1546 4360 qua
1560 4290 1833 4348 excommunicantur
1848 4291 2016 4365 imponentes

396 4391 484 4465 portio
495 4387 586 4445 tributi
598 4384 635 4440 ad'
647 4396 787 4455 personas,
800 4381 898 4454 quibus
913 4381 1070 4452 imponitur,
1083 4378 1187 4437 ethaeo
1225 4377 1367 4450 vectigalia
1381 4376 1527 4449 prohibita,
1540 4383 1567 4433 et
1582 4379 1617 4433 ita
1632 4381 1713 4435 sentit
1726 4381 1867 4439 incurrere
1879 4385 1904 4438 in
1921 4401 2016 4442 censu·

395 4481 533 4556 proportio
544 4482 660 4533 vocatur
673 4474 757 4530 lorma
769 4470 873 4542 tributi,
886 4471 1054 4542 pertinetque
1069 4470 1101 4526 arl
1113 4472 1188 4527 iusti·
1223 4483 1280 4523 ram
1302 4469 1393 4525 Rullae
1409 4471 1514 4525 Coenae
1534 4468 1672 4540 exigentes
1688 4469 1753 4528 hacc
1777 4474 1928 4546 vectigalia3
1946 4473 2014 4549 quod

397 4573 462 4628 tiam
485 4567 686 4626 distributivam
701 4567 828 4634 respectu
849 4559 1061 4630 communitatis,
1076 4558 1125 4616 sed
1146 4576 1188 4617 re·
1223 4565 1317 4630 aperte
1336 4557 1418 4615 tradit
1432 4559 1512 4614 etiam
1526 4557 1636 4615 Toletus
1655 4559 1716 4616 libr.
1732 4566 1757 4618 5.
1771 4561 1907 4628 Suurmae,
1929 4581 1957 4621 c.
1970 4568 2015 4636 la,

395 4660 500 4720 dundat
524 4659 550 4713 in
578 4655 828 4712 communitativam
849 4657 976 4723 respectu
1004 4651 1185 4724 singulorum.
1223 4665 1251 4705 n.
1266 4648 1363 4722 l,licet
1377 4652 1547 4721 posterni.
1560 4651 1720 4707 sententiam
1735 4651 1840 4707 limitat,
1849 4654 1878 4709 ιη
1892 4655 2012 4712 eamdem

376 4777 379 4785 ’
395 4755 455 4811 Non
469 4754 511 4807 est
530 4746 602 4803 enim
617 4747 732 4810 iustrrm,
747 4749 779 4798 ut
798 4757 891 4798 omnes
906 4739 1051 4812 aequaliter
1069 4741 1185 4814 solvant,
1223 4739 1383 4795 sententiam
1399 4738 1508 4794 inclinat
1518 4739 1582 4794 Soto
1598 4739 1643 4795 lib.
1653 4744 1679 4796 3.
1691 4739 1726 4795 de
1739 4743 1832 4798 tostii.
1845 4760 1872 4816 q.
1883 4749 1911 4817 6,
1925 4755 1976 4803 art.
1987 4750 2009 4816 l,
2065 4743 2066 4746 ’

396 4835 531 4898 sed'iuuta
545 4835 701 4894 facultatem
722 4837 748 4888 et
762 4831 940 4888 conditionem
955 4831 1183 4904 uniuscuiusque,
1223 4829 1267 4886 ubi
1283 4832 1358 4901 prius
1378 4829 1515 4901 explicans
1531 4828 1594 4902 quid
1610 4829 1644 4885 sit
1661 4831 1788 4904 vectigal,
1803 4838 1968 4908 portorium,
1984 4843 2009 4894 et

464 2446 622 2522 Deforme
634 2453 662 2505 et
674 2449 804 2504 mamito
816 2449 849 2503 in
863 2444 1018 2504 servandis
1031 2446 1140 2524 lapibus

715 2537 902 2594 tributorum.

690 2717 919 2780 summarium

396 4931 457 5004 plus
470 4930 541 4985 euim
556 4943 571 4983 a
586 4925 685 4995 divite,
701 4938 783 4997 quarn
799 4937 813 4978 a
827 4936 944 4993 paupere
958 4922 1119 4993 exigendum
1133 4929 1184 4993 est,
1221 4918 1377 4992 pedagium,
1392 4918 1482 4974 solum
1503 4921 1577 4989 ponit
1596 4936 1644 4992 pro
1665 4923 1777 4979 materia
1791 4926 1849 4980 eius
1870 4941 1928 4999 res,
1945 4941 2010 5002 quae

395 5021 493 5080 ceteris
518 5016 636 5090 paribus.
653 5013 728 5072 Unde
752 5014 797 5084 dt,
820 5019 850 5069 ut
874 5013 946 5068 iuxta
971 5013 1185 5084 proportionem,
1221 5010 1359 5066 rabuntur
1381 5010 1570 5084 negotiationis
1591 5013 1687 5083 gratim
1704 5021 1732 5088 et
1749 5021 1842 5085 postea
1860 5015 1939 5090 dicit,
1954 5033 2009 5075 esse

395 5129 476 5187 quam
491 5121 623 5183 personae
643 5107 714 5162 inter
728 5119 757 5160 se
778 5110 889 5159 serrant
906 5102 996 5176 quoad
1015 5103 1184 5174 facultatem,
1221 5105 1320 5160 iniusta
1335 5102 1438 5158 tributa
1452 5101 1584 5173 prohibita
1595 5101 1620 5156 in
1631 5101 1704 5159 diota
1716 5103 1734 5159 l.
1745 5107 1882 5172 universi,
1897 5109 2007 5180 scilieet,

355 5185 359 5199 ⁸
397 5221 444 5262 sou
466 5199 632 5260 conditiones
653 5195 718 5252 alias
739 5194 886 5267 requisitas
906 5193 940 5249 ad
961 5193 1110 5264 tributum,
1130 5209 1186 5250 ser·
1221 5208 1290 5266 quae
1304 5209 1354 5265 pro
1370 5191 1412 5248 bis
1426 5191 1519 5261 rebus,
1535 5206 1604 5264 quae
1619 5190 1651 5247 ad
1672 5196 1810 5265 proprium
1827 5212 1908 5253 usum
1929 5201 2009 5271 perti-

395 5293 481 5352 raoda
495 5294 530 5348 sit
549 5287 688 5362 proportio
701 5286 770 5342 iuter
787 5299 834 5341 eas
847 5285 875 5341 in
895 5283 1064 5358 impositione
1077 5283 1181 5357 tributi,
1221 5289 1296 5355 nent,
1311 5284 1469 5356 exiguntur.
1482 5281 1516 5338 Et
1529 5281 1589 5338 iude
1603 5281 1711 5339 ridetur
1724 5282 1853 5344 damnare
1866 5287 2007 5348 iniustitiae
