4256 6224
352 263 355 272 Ι
397 315 460 380 558
1096 329 1263 379 nrbnarx.

359 473 421 516 rum
442 457 604 515 institutioni
626 460 682 516 sint
696 458 915 516 accommodata.
930 458 970 515 lta
985 469 1050 530 ergo
1066 470 1095 510 se
1109 453 1158 510 ba·
1192 453 1316 511 effective
1331 458 1454 527 buturo,
1476 455 1524 513 sed
1537 457 1615 530 quasi
1634 455 1800 529 formaliter,
1823 458 1890 530 quia
1907 456 1943 514 ab
1956 456 2002 514 iile

358 549 417 606 buil
430 547 474 605 ills
489 546 530 604 lex
545 555 674 620 respectu
685 548 797 604 bornuni
809 549 926 620 generis,
939 545 1013 620 qnod
1026 553 1091 602 tuno
1102 559 1156 600 non
1193 543 1345 602 immediate
1365 545 1467 616 occipit
1479 544 1533 603 rim
1554 545 1700 619 obligandi,
1717 561 1765 618 per
1786 561 1872 618 quem
1886 548 1915 604 ln
1942 561 2003 603 esse

358 643 417 694 erat
438 651 523 708 capax
541 637 648 692 maioris
670 637 858 708 perfectionis,
877 635 941 710 quin
959 635 1052 692 multis
1068 642 1157 690 trans·
1194 633 1260 706 legis
1275 633 1468 706 constituitur3
1490 651 1557 708 ergo
1571 637 1755 692 necessarium
1770 634 1896 708 videtur,
1925 643 1957 694 ul
1970 639 2005 693 sil

357 726 543 798 gressionibus
559 724 713 781 subiectum
727 734 797 794 erat,
819 734 847 782 et
865 725 984 782 nondum
996 726 1062 780 salis
1073 739 1157 796 agno·
1192 738 1280 796 aeque
1293 723 1480 792 immutabilis,
1495 740 1528 781 ac
1544 725 1601 798 ipsa
1615 726 1741 782 voluntas
1755 726 1813 782 bei.

358 822 433 870 xerat
445 813 658 872 imbecillitatem
673 831 751 872 suam
768 823 796 872 et
814 815 987 890 indigentiam
1000 813 1156 870 mediatoris
1231 816 1296 872 2.ln
1311 813 1363 870 boc
1380 822 1483 887 puncto
1497 815 1614 872 breviter
1627 815 1775 872 dicendum
1789 821 1844 882 ast,
1863 815 1953 888 primo
1969 814 2005 871 le·

357 911 384 962 el
403 905 509 977 gratioe
531 905 606 975 eius,
623 920 765 976 perquam
782 905 920 976 possetnd
935 903 1157 961 excellentiorem
1192 918 1256 978 gem
1277 909 1396 960 veterem
1421 903 1597 961 nullomodo
1618 905 1718 961 mutari
1740 905 1865 975 potuisse
1889 903 1925 960 ab
1939 904 2004 974 alio,
2115 911 2116 952 1

357 1001 461 1052 statum
477 983 635 1061 ascendere,
651 1001 679 1051 et
692 995 752 1051 ideo
767 1011 817 1066 pro
833 1003 899 1051 tunc
915 1009 968 1050 uon
983 1002 1043 1049 eret
1055 991 1156 1060 debita,
1192 1006 1275 1064 quam
1294 993 1395 1062 alteo,
1412 992 1454 1047 vel
1469 993 1542 1050 iuxta
1557 995 1702 1050 decretum
1717 994 1801 1062 ipsius
1821 993 1880 1050 bei.
1901 993 2007 1049 Proba·

356 1099 408 1140 nec
427 1081 638 1140 accommodata
653 1083 690 1140 illi
703 1084 753 1156 legi
767 1085 852 1139 nlaior
864 1084 1007 1155 perfectio.
1019 1080 1096 1149 Quod
1108 1096 1157 1136 ou·
1192 1086 1237 1136 tur
1251 1081 1355 1137 ratione
1368 1081 1451 1151 lacta,
1461 1082 1525 1154 quia
1539 1083 1591 1140 luit
1605 1084 1713 1154 proprie
1727 1083 1770 1139 lex
1783 1081 1886 1148 divina,
1901 1087 1932 1138 et
1947 1097 2008 1138 om·

357 1180 410 1230 lem
433 1173 474 1228 lex
501 1171 545 1229 illa
566 1173 694 1230 babuerit
714 1189 821 1230 omnem
843 1173 1053 1245 perfectionem,
1074 1185 1157 1242 quam
1193 1171 1233 1226 nis
1248 1170 1289 1226 lex
1304 1173 1412 1242 proprie
1425 1170 1514 1228 divina
1530 1172 1581 1228 boc
1594 1171 1674 1230 modo
1685 1172 1864 1228 immutabilis
1884 1177 1941 1240 est,
1955 1171 2008 1228 uti·

356 1269 446 1319 statue
467 1261 511 1318 iile
532 1261 701 1333 postulabat,
719 1264 783 1320 salis
797 1270 874 1335 putet
887 1279 920 1319 ex
933 1261 1012 1318 dictis
1026 1261 1060 1317 de
1075 1267 1158 1330 male,-
1192 1274 1246 1332 que
1259 1260 1293 1314 ab
1307 1260 1370 1332 alio,
1383 1267 1466 1331 quum
1480 1275 1496 1316 o
1511 1263 1576 1330 beo,
1590 1267 1622 1318 ut
1635 1267 1710 1318 recte
1720 1261 1804 1318 docet
1824 1261 1943 1317 Bermin
1959 1259 2005 1316 lib.

355 1352 395 1409 ria
414 1350 485 1408 illius
510 1350 594 1424 legis,
615 1368 676 1409 nem
696 1355 835 1425 praecepit
848 1353 938 1408 omnis
952 1351 1108 1408 necessaria
1124 1349 1158 1406 ad
1193 1348 1225 1405 de
1242 1337 1407 1420 praecepet
1420 1347 1562 1421 dispcup.
1576 1357 1604 1420 5,
1621 1351 1743 1424 satisque
1757 1350 1849 1424 colligi
1867 1356 1961 1420 potest
1974 1364 2008 1406 ex

356 1442 541 1514 cognitionem
565 1448 594 1498 et
607 1443 766 1516 religionem
781 1442 835 1498 veri
851 1441 895 1500 bei
916 1447 944 1497 et
959 1439 1069 1506 Christi,
1082 1445 1110 1494 et
1125 1435 1158 1493 ad
1193 1436 1246 1504 bis,
1262 1453 1333 1510 quae
1349 1454 1432 1509 supro
1445 1438 1480 1495 de
1494 1439 1561 1512 legis
1577 1440 1708 1497 naturalis
1730 1439 2007 1510 indispensabilitete,

356 1529 545 1588 rectitudinem
569 1531 638 1588 vitae
659 1542 713 1586 tam
733 1531 858 1600 morulis,
873 1547 956 1604 quem
972 1530 1117 1596 humanae,
1132 1532 1160 1583 et
1194 1542 1242 1582 seu
1259 1527 1480 1585 immutabilitate
1494 1529 1622 1602 diximus,
1638 1534 1666 1585 et
1689 1530 1772 1586 tredit
1785 1531 1899 1586 helan.
1914 1527 1962 1586 lib.
1977 1533 2004 1586 li.

355 1619 500 1691 politicae,
526 1634 592 1691 ergo
613 1619 676 1676 nibil
698 1620 734 1676 illi
754 1620 841 1678 deluit
854 1620 886 1677 ad
902 1619 1094 1693 perlectionem
1106 1617 1159 1673 sibi
1194 1616 1281 1672 instit.
1297 1622 1362 1674 c.8.
1376 1619 1442 1672 ltem
1461 1632 1494 1673 ex
1517 1617 1569 1686 bis,
1590 1633 1661 1690 quae
1682 1616 1800 1674 diximus
1813 1618 1848 1674 de
1869 1617 1932 1690 iege
1953 1617 2006 1674 bu·

355 1708 484 1766 debitam.
513 1711 569 1766 Neo
591 1713 673 1767 eliam
695 1710 773 1782 plura
788 1711 936 1783 praecepit,
952 1724 1035 1782 quam
1049 1705 1159 1778 expedi·
1194 1721 1271 1761 mane
1288 1721 1303 1760 a
1319 1706 1453 1777 superiori
1469 1706 1532 1778 lata,
1548 1715 1685 1781 quatenus
1706 1708 1739 1764 ab
1753 1709 1872 1766 interiori
1887 1710 2004 1778 mutari,

356 1805 414 1865 ret,
433 1799 497 1870 quia
517 1797 635 1871 populus
650 1799 693 1855 ille
708 1799 793 1856 durae
809 1800 923 1856 cervicis
938 1798 1078 1871 indigebat
1094 1802 1159 1852 tunc
1194 1801 1243 1852 eut
1266 1793 1417 1865 dispensari
1439 1811 1493 1851 non
1515 1803 1617 1868 potest.
1634 1797 1712 1854 llotio
1732 1798 1803 1853 enim
1831 1795 1928 1854 eadem
1950 1803 2005 1866 est,

355 1887 400 1943 ille
413 1887 522 1944 sarcion
544 1898 768 1960 praeceptorum,
785 1897 816 1946 ut
830 1888 1000 1945 deciaratum
1011 1893 1064 1944 est.
1076 1886 1112 1942 Et
1122 1886 1159 1941 ita
1193 1885 1257 1956 qnia
1278 1883 1404 1940 voluntas
1419 1885 1463 1940 bei
1479 1901 1609 1956 suprema
1623 1892 1675 1958 est,
1690 1891 1718 1942 et
1732 1886 1821 1942 omnis
1841 1887 1893 1943 alie
1909 1893 1953 1942 est
1967 1886 2006 1940 in·

357 1975 527 2033 satisfactum
554 1984 597 2034 est
616 1979 787 2051 argumentis
804 1979 830 2034 in
850 1981 1114 2050 utramquepartem
1130 1973 1156 2028 in
1194 1973 1276 2028 serior
1288 1980 1316 2029 et
1334 1972 1457 2044 subdiu,
1479 1989 1546 2046 ergo
1561 1974 1602 2030 lex
1625 1989 1673 2045 per
1690 1973 1808 2031 divinum
1831 1974 2003 2032 voluntatem

357 2064 487 2136 principio
507 2065 614 2136 positis.
1194 2063 1356 2133 constitute,
1374 2065 1479 2120 etiamsi
1495 2063 1611 2134 positive
1625 2064 1670 2134 sit,
1679 2077 1726 2134 per
1742 2063 1844 2120 nullom
1859 2065 1940 2121 aliurn
1955 2079 2004 2119 ru·

1196 2151 1327 2208 luntnlem
1340 2153 1438 2208 muteri
1451 2159 1551 2224 potest,
1565 2167 1629 2224 ergo
1640 2159 1684 2209 est
1698 2153 1875 2210 immutabilis
1889 2153 1923 2210 ab
1936 2152 2000 2222 alio,

649 2253 870 2324 nxnurxx.
1195 2243 1389 2311 succubo·

1234 2333 1261 2386 3.
1277 2331 1367 2402 Atque
1385 2329 1447 2386 binc
1466 2329 1591 2402 sequitur
1610 2330 1716 2402 primo,
1740 2332 1828 2403 legem
1844 2337 1968 2389 veterem
1988 2346 2006 2387 a

500 2454 545 2505 An
567 2446 616 2506 lex
635 2453 715 2506 „ems
728 2445 826 2522 suem
844 2448 1000 2507 mmuh
1195 2417 1270 2474 nullo
1285 2417 1348 2489 alio,
1360 2435 1444 2491 quam
1456 2435 1471 2475 a
1484 2421 1552 2489 beo,
1564 2435 1623 2489 seu,
1636 2420 1712 2492 quod
1726 2419 1797 2477 idem
1808 2427 1864 2493 est,
1882 2437 1936 2477 non
1953 2421 2004 2476 nisi

521 2543 549 2594 et
562 2537 707 2612 quomodo
722 2554 839 2595 cessare
849 2541 989 2614 potum-t·
1005 2493 1009 2512 '
1193 2509 1270 2564 iuxta
1286 2509 1489 2579 praescriptum
1503 2495 1609 2567 diuinae
1624 2510 1907 2580 voluntatispotuisse
1924 2511 2006 2567 ebro·

1195 2598 1273 2668 gari,
1295 2598 1352 2652 sire
1366 2599 1393 2653 iu
1412 2604 1517 2668 totum,
1539 2598 1636 2655 sivein
1659 2607 1746 2671 parte.
1759 2599 1897 2656 Probatur
1911 2598 2001 2668 tacite,

626 2705 713 2767 gum
724 2721 749 2766 m
761 2722 777 2768 a
788 2721 804 2766 ι.
815 2703 826 2766 i
837 2720 857 2766 u
869 2721 894 2766 m
1195 2688 1259 2758 quia
1274 2687 1340 2760 legis
1357 2686 1497 2761 ebrogalio
1512 2688 1646 2761 quaedem
1660 2690 1721 2744 eius
1742 2689 1857 2744 mutatio
1870 2696 1930 2760 est,
1954 2689 2002 2745 sed

1195 2792 1248 2830 non
1266 2777 1356 2847 potuit
1369 2775 1414 2832 illu
1429 2775 1471 2832 lex
1486 2777 1519 2833 ab
1533 2778 1596 2848 aiio,
1608 2793 1691 2850 quem
1705 2795 1720 2834 a
1736 2781 1791 2834 lieo
1806 2781 1920 2849 mutari;
1934 2795 2001 2852 ergo

361 2893 385 2944 ¹·
400 2892 435 2944 De
452 2893 594 2942 mmm„
612 2892 677 2954 tegis
692 2891 796 2942 ,em
809 2918 840 2926 ,
852 2891 972 2942 Dum„⁸
985 2890 1055 2941 „2
1070 2889 1090 2939 Α
1104 2890 1160 2940 ,010
1194 2881 1246 2922 nec
1262 2867 1397 2936 abrogari.
1414 2865 1489 2924 Unde
1505 2867 1530 2922 in
1546 2866 1692 2924 boeotiam
1707 2867 1802 2924 eadem
1823 2870 1894 2925 rolin
1907 2875 1951 2925 est
1969 2868 2002 2924 de

393 2962 445 3012 beo
461 2963 555 3011 mutari
569 2960 869 3024 potest-exormiston
879 2961 935 3010 etus
945 2959 975 3009 ed
986 2961 1068 3011 solum
1078 2960 1157 3009 ileum
1194 2954 1316 3027 qualibet
1327 2961 1404 3024 parte
1419 2954 1495 3026 legis,
1510 2971 1581 3028 quoe
1594 2955 1628 3012 de
1644 2962 1701 3013 tota
1715 2958 1788 3031 lege,
1798 2958 1863 3029 quin
1881 2973 1935 3014 non
1953 2959 2003 3014 mi-

393 3032 606 3095 spectabat—el.
622 3030 771 3080 30¹1¹⁸⁰⁰¹¹⁵
782 3036 865 3094 potest
876 3030 1160 3092 i¹¹³¹¹il<¹i⁵lb³¹¹⁵³¹'⁰·-
1194 3058 1246 3099 nus
1261 3042 1360 3114 pendet
1374 3043 1510 3116 quaelibet
1524 3061 1586 3117 pers
1601 3045 1662 3103 talis
1678 3046 1743 3120 legis
1758 3062 1776 3103 a
1794 3045 1884 3103 dirinn
1901 3047 2000 3104 volun·

393 3099 562 3233 f’fflreggssi'
577 3099 815 3232 'ffissssmflsffi
829 3100 920 3219 {hffi
931 3098 1159 3218 ἐζᾏζιῖξροξοίἑωῃξ
1195 3141 1262 3203 tate,
1277 3148 1360 3204 quam
1377 3140 1443 3190 tota.
1457 3135 1536 3190 Siout
1549 3150 1616 3207 ergo
1631 3150 1683 3191 non
1700 3138 1790 3207 potnit
1803 3143 1862 3194 tota
1877 3137 1932 3204 les,
1950 3138 2000 3192 nisi

395 3239 420 3290 l.
431 3239 551 3289 Dubium.
567 3267 602 3276 —
615 3240 717 3302 Triplex
731 3239 820 3288 modus
830 3238 1017 3302 interpretandi
1031 3239 1159 3300 legem.-
1193 3239 1207 3278 fl
1221 3224 1277 3278 110⁰
1297 3221 1435 3294 &brogilis
1452 3222 1488 3278 iii
1503 3237 1552 3278 nec
1569 3239 1632 3294 [tati
1646 3225 1716 3281 eius.

393 3309 418 3358 8.
434 3309 561 3359 Probatur
583 3309 709 3367 ulterius,
731 3310 813 3370 legem
832 3315 944 3357 reterem
960 3315 975 3356 a
993 3309 1043 3358 beo
1061 3313 1159 3357 tentum
1232 3316 1259 3369 4,
1281 3315 1371 3385 Atque
1398 3312 1461 3368 bitte
1486 3311 1600 3369 ulterius
1625 3315 1768 3385 ,equum
1791 3330 1845 3370 110„
1873 3316 1996 3386 potuisse

391 3377 1158 3510 131ῑὲΓξθῖᾓῗῇὶᾳῶἔθιζῖἰζοᾞξὶξᾞῗῃῶοζξδῑζξθὲὲῃ
1194 3402 1350 3473 quempiam
1364 3407 1471 3472 praeter
1483 3403 1567 3456 Deum
1584 3402 1673 3472 ipsum
1685 3403 1713 3458 in
1729 3402 1787 3476 lege
1798 3403 1843 3458 ille
1855 3403 2001 3475 dispensa·

392 3515 492 3568 cundns
504 3523 531 3566 et
549 3518 643 3567 tertius
654 3515 880 3567 modus-llilld
890 3516 1013 3567 rationem
1023 3512 1159 3566 dubitandi
1194 3505 1234 3545 Γθ·
1248 3489 1326 3546 ΜΟ
1342 3495 1384 3546 ⁰⁵²
1397 3487 1504 3558 ⁰fld0¹¹¹i
1520 3490 1584 3562 (1⁰5³
1597 3489 1763 3562 di⁵P0¹¹⁸⁸fi⁰
1779 3491 1846 3565 1θὸῗῦ
1861 3494 1997 3566 ‘infledflffl

391 3587 417 3636 tn
430 3585 557 3650 principio
576 3587 684 3650 positam
698 3584 877 3650 respondetur.
1193 3580 1253 3634 eius
1274 3579 1394 3650 portialis
1415 3582 1530 3636 mulatio
1545 3589 1598 3637 est.
1615 3578 1683 3636 item
1702 3581 1766 3654 quia
1786 3597 1835 3652 par
1854 3584 1883 3638 in
1906 3599 2000 3655 putem

397 3711 405 3724 .
1193 3683 1246 3723 aon
1262 3667 1343 3724 babet
1357 3674 1535 3740 potestatem,
1562 3669 1663 3725 nedum
1682 3669 1802 3727 interior.
1819 3677 1911 3742 atque
1930 3672 2000 3728 bane

400 3763 426 3816 i.
439 3755 581 3827 Explicuit
592 3761 650 3812 tota
664 3757 767 3812 ratione
779 3756 877 3811 veteris
892 3755 969 3827 legis,
982 3755 1084 3823 causis,
1095 3753 1159 3809 elie·
1194 3757 1334 3814 veritatem
1350 3757 1504 3825 specialiter
1514 3773 1547 3814 ae
1561 3759 1619 3814 inse
1636 3757 1716 3814 trudit
1728 3759 1843 3814 salmer.
1853 3767 1938 3816 tract.
1953 3764 1998 3818 ct.

355 3844 447 3902 clibus
474 3860 506 3900 ac
522 3844 734 3915 proprietatibus
748 3847 819 3908 eius,
835 3850 963 3914 superest
977 3843 1010 3899 de
1025 3842 1097 3898 illius
1111 3842 1157 3898 ab·
1193 3846 1315 3914 inacta,
1331 3847 1374 3901 ubi
1389 3846 1462 3903 iliam
1475 3847 1620 3903 confirmat
1630 3846 1718 3902 verbis
1731 3847 1919 3903 Christhort
1935 3853 2003 3905 uerri

355 3935 497 4005 rogatione
508 3931 665 4003 dicendum,
678 3932 753 4005 quod
766 3932 848 3988 buius
865 3933 922 3988 libri
938 3943 1071 4003 punctum
1082 3946 1158 4003 proe-
1192 3933 1300 3991 soluere
1315 3933 1421 4006 tepent,
1440 3933 1491 3991 sed
1509 3934 1684 4010 adimplere.
1696 3942 1792 3992 Amen
1805 3939 1916 4011 quippe
1934 3933 2002 3994 dico

355 4022 469 4093 oipuum
484 4028 535 4076 est.
549 4022 628 4076 Prius
643 4036 727 4091 vero,
743 4035 826 4093 quam
842 4021 876 4077 ed
896 4021 962 4077 illud
978 4021 1155 4093 accedemus,
1192 4023 1280 4090 saone,
1297 4021 1390 4079 donee
1401 4028 1538 4080 transeat
1549 4023 1662 4080 coeittnt
1672 4028 1701 4080 et
1714 4029 1805 4089 terra,
1821 4027 1889 4082 iota
1904 4043 2002 4084 unum

355 4125 452 4181 operite
468 4111 585 4181 pretium
599 4112 653 4165 erit
671 4125 822 4181 exponere,
837 4125 871 4164 an
887 4108 958 4166 modi
973 4109 1015 4166 alii
1030 4111 1158 4166 morelio·
1192 4120 1246 4170 ortt
1269 4129 1345 4169 unus
1368 4128 1447 4187 aper
1473 4130 1534 4169 cort
1556 4114 1734 4188 praeteribit
1755 4131 1778 4172 ο
1804 4113 1882 4187 leqe,
1906 4116 2001 4174 donee

355 4215 440 4268 uum,
457 4214 527 4271 quos
541 4201 567 4253 in
587 4199 646 4272 lege
664 4199 777 4270 positiva
792 4199 910 4256 bumana
923 4199 1115 4271 explicuimus,
1131 4199 1157 4254 in
1192 4202 1395 4273 obsolefieri,
1410 4203 1483 4260 bialt.
1494 4210 1521 4271 ir,
1533 4209 1561 4260 et
1575 4205 1633 4260 aliis
1644 4206 1804 4277 Scripturas
1820 4207 1997 4276 testimoniis,

356 4289 414 4362 lege
428 4288 471 4344 illo
484 4289 577 4343 iocum
593 4287 746 4358 habuerint,
757 4295 785 4345 et
798 4289 824 4344 iu
837 4290 1006 4357 universum,
1018 4286 1157 4360 quomodo
1192 4292 1291 4364 quibus
1313 4291 1402 4348 divina
1423 4293 1534 4360 veritas,
1552 4297 1579 4348 et
1599 4292 1712 4349 verbum
1732 4295 1779 4350 bei
1800 4295 1825 4349 iu
1851 4300 1997 4352 aeternum

355 4379 398 4435 lex
413 4377 457 4434 illa
476 4377 628 4446 ululabilis,
645 4377 687 4432 vel
704 4379 878 4435 immutabilis
900 4379 989 4436 luerit.
1006 4378 1086 4436 Ratio
1107 4393 1158 4433 au·
1193 4396 1301 4438 manere
1314 4381 1428 4450 dicitur,
1444 4380 1512 4451 psal.
1527 4382 1672 4448 lliiQuae
1688 4382 1841 4438 testimonia
1857 4383 1998 4453 potissime

355 4476 409 4525 tem
429 4466 570 4522 dubitandi
584 4477 654 4522 esse'
667 4473 774 4538 potest,
796 4469 861 4540 quin
876 4467 918 4524 lex
940 4469 984 4524 illo
999 4467 1061 4524 nibil
1083 4466 1156 4524 aliud
1192 4470 1346 4544 loquuntur
1357 4471 1391 4528 de
1406 4470 1489 4528 verbo
1500 4472 1545 4527 bei
1559 4470 1660 4543 aliquid
1675 4471 1844 4544 affirmantis,
1861 4472 1904 4528 vel
1921 4489 2000 4544 prue-

354 4565 406 4629 eet,
423 4573 506 4630 quum
520 4556 610 4612 divina
626 4555 768 4627 volontas,
785 4555 833 4612 sed
848 4557 975 4614 voluntas
989 4558 1035 4614 bei
1050 4563 1094 4614 est
1108 4559 1157 4614 im·
1190 4559 1321 4630 dicentis3
1339 4563 1379 4616 sio
1398 4562 1469 4618 enim
1490 4561 1553 4617 nibil
1574 4560 1702 4633 impedire
1721 4567 1829 4633 potest,
1846 4564 1998 4635 quominus

354 4646 501 4718 mutabilis,
518 4660 583 4719 ergo
597 4653 626 4702 et
638 4645 684 4702 illa
698 4645 750 4702 lex.
764 4647 963 4720 Consequentia
977 4646 1084 4703 ridetur
1099 4646 1153 4702 clu·
1190 4652 1357 4708 verituseius
1373 4651 1516 4720 subsistat,
1529 4656 1558 4706 et
1568 4650 1724 4722 impleatur.
1735 4654 1765 4708 ln
1779 4667 1835 4725 quo
1852 4667 1937 4708 sensu
1949 4667 1999 4708 nec

276 4735 283 4742 “
353 4752 394 4793 re.
410 4737 492 4793 linior
506 4743 597 4792 autem
613 4741 704 4806 patet,
718 4735 783 4809 quie
798 4736 838 4792 lex
854 4737 899 4793 ille
912 4735 1098 4807 propriissime
1112 4735 1151 4791 di·
1189 4742 1262 4796 Deus
1276 4739 1332 4812 ipse
1345 4739 1435 4796 lacere
1450 4746 1552 4810 potest,
1569 4747 1601 4796 ut
1615 4741 1730 4797 uerbum
1745 4756 1827 4798 suum
1842 4742 1871 4796 in
1886 4757 1920 4798 eo
1936 4757 1998 4798 sen·

354 4827 415 4882 rina
429 4826 490 4896 luit,
506 4831 536 4881 ut
550 4825 731 4892 ostendimus;
745 4825 787 4881 lex
801 4833 892 4882 antem
906 4825 995 4882 divina
1005 4827 1031 4881 in
1048 4828 1101 4882 beo
1116 4827 1155 4882 ni·
1190 4845 1234 4900 su,
1251 4829 1277 4884 in
1290 4843 1345 4901 quo
1359 4828 1465 4885 dictum
1479 4834 1531 4900 est,
1546 4827 1671 4900 deliciet,
1688 4845 1737 4886 seu
1752 4845 1807 4885 non
1822 4831 1932 4898 veniat,
1947 4847 1998 4888 scu

354 4915 390 4973 bil
402 4914 475 4972 eliud
485 4921 627 4988 est,quam
641 4914 767 4972 volontas
777 4917 848 4985 eius,
858 4923 888 4973 ut
898 4932 930 4974 ex
941 4915 1023 4973 dictis
1034 4913 1061 4971 in
1073 4915 1117 4973 lib.
1131 4919 1153 4974 1.
1191 4935 1286 4976 rerum
1300 4934 1354 4974 non
1376 4918 1420 4974 sit.
1437 4918 1613 4977 Nihilominus
1628 4933 1694 4976 cum
1714 4921 1891 4991 proportione
1913 4921 1995 4977 etiam

355 5011 483 5062 constare
499 5012 599 5076 potest3
615 5019 690 5078 ergo.
704 5004 781 5063 Unda
796 5004 864 5062 haec
879 5007 946 5064 rolin
960 5004 995 5062 de
1009 5008 1080 5062 omni
1094 5007 1153 5079 lege
1191 5010 1307 5082 probant
1320 5006 1365 5065 illa
1380 5009 1537 5066 testimonia
1550 5008 1584 5065 de
1599 5010 1683 5066 verbo
1697 5011 1745 5068 bei
1763 5011 1957 5084 praecipientis
1969 5020 1998 5070 ot

353 5093 443 5150 divion
454 5101 591 5167 quotenus
603 5093 663 5151 telis
674 5102 727 5164 est,
742 5109 828 5167 aeque
839 5093 974 5168 procedit,
989 5097 1052 5169 quia
1067 5097 1154 5153 omnis
1189 5099 1346 5172 obligantis.
1357 5099 1441 5156 Nemo
1451 5097 1523 5155 enim
1535 5097 1625 5156 iecere
1637 5105 1738 5171 potest,
1748 5104 1778 5156 ut
1788 5099 1906 5158 uerbum
1919 5117 1996 5174 pree-

354 5185 445 5242 disina
458 5183 499 5241 lex
517 5184 671 5244 immediate
685 5199 701 5241 a
716 5183 805 5244 divine
820 5184 958 5244 voluntate
972 5185 1086 5262 pendet,
1101 5202 1153 5246 uon
1190 5190 1328 5262 ceplixum
1341 5189 1389 5247 bei
1408 5203 1462 5245 nou
1477 5189 1579 5264 obliget
1592 5203 1642 5262 pro
1660 5203 1694 5247 eo
1718 5195 1844 5264 ternpore
1862 5198 1891 5250 et
1904 5191 1997 5262 modo,
