4278 6242
411 379 474 444 tro
903 417 905 422 -
1111 388 1213 438 ereren
1227 390 1261 438 v.

368 519 456 591 illum,
472 520 535 594 quia
551 519 689 577 vinculum
704 534 877 592 permaneus,
892 534 940 575 seu
955 515 1159 574 matrimonium
1203 521 1234 571 ut
1254 518 1319 574 satis
1340 524 1448 577 constet
1469 516 1502 575 de
1524 515 1605 574 modo
1625 523 1653 574 et
1671 517 1776 574 ratione
1797 515 1997 588 prohibitionis:

368 612 397 668 in
411 610 484 667 iacto
497 625 574 684 esse,
589 625 641 666 non
658 616 700 666 εει
719 610 755 667 ιιε
768 615 864 666 contra
878 607 1054 665 interdictum
1068 604 1168 662 Eccle·
1203 621 1266 662 uam
1281 607 1307 662 in
1328 607 1412 665 dubio
1427 622 1535 678 semper
1549 609 1734 678 praesumitur
1747 623 1798 679 pro
1818 613 1901 662 actus
1916 606 2005 663 validi·

369 700 436 768 siae,
449 698 522 755 sicut
535 699 561 755 in
576 698 706 755 herides
721 714 787 755 vero
802 697 948 768 prohibens
963 694 1167 753 matrimonium
1202 702 1267 752 tate.
1281 698 1316 753 Et
1330 697 1399 754 hanc
1410 705 1516 768 partem
1527 695 1625 753 suadet
1636 695 1715 753 etiarn
1730 696 1905 752 confirmatio
1917 698 2002 766 prima

371 785 440 844 iuter
456 794 591 860 cognatos
610 803 643 844 ex
664 786 722 845 solo
738 786 907 844 catechismo
921 785 1046 858 prohibet
1061 789 1165 852 actum,
1201 790 1406 860 supraposita,
1429 789 1475 844 cui
1496 794 1644 860 propterea
1666 785 1744 843 aliter
1764 785 1935 858 respondere
1955 801 2004 840 uon

305 863 308 870 ¹
368 883 395 934 et
409 893 463 934 non
479 875 589 949 impedit
602 877 748 944 ellectum,
771 877 877 934 etiamsi
891 875 935 931 ille
951 873 1049 930 modus
1063 886 1165 945 cogna·
1202 881 1245 933 est
1258 891 1383 934 neeesse.

368 969 451 1025 tionis
467 981 575 1040 semper
588 966 671 1022 duret
683 968 755 1024 inter
768 964 982 1038 coniuges3quia
994 960 1167 1020 lexhumana
1240 965 1318 1022 Circa
1342 963 1492 1022 secundam
1521 971 1614 1022 autern
1636 963 1873 1022 confirmationem
1899 970 2007 1035 oportet

368 1055 460 1114 solum
474 1055 612 1129 reputavit
625 1055 713 1128 illam,
730 1062 761 1112 ut
773 1054 918 1128 aliqualem
932 1052 1115 1110 indecentiam
1130 1046 1165 1106 ad
1202 1054 1352 1125 advertere,
1364 1053 1436 1111 aliud
1446 1069 1509 1110 esse
1518 1062 1612 1112 actum
1623 1070 1684 1112 esse
1695 1053 1923 1124 iniustum,alind
1937 1069 2001 1109 vero

368 1143 586 1202 contrabendum
600 1143 633 1200 de
647 1160 734 1216 novo,
750 1161 805 1201 non
820 1158 886 1201 vero
900 1141 934 1200 ad
948 1138 1164 1215 permanendum
1201 1159 1262 1202 εεεε
1285 1143 1408 1217 nullum3
1431 1160 1492 1202 nem
1517 1145 1638 1203 venditio
1664 1145 1735 1202 ultra
1758 1145 1863 1201 iustum
1889 1144 2006 1214 pretium

367 1236 395 1292 ln
409 1234 580 1293 matrimonio
595 1233 678 1292 semel
691 1240 848 1292 contracto.
1200 1234 1300 1290 iniusta
1319 1239 1371 1304 est,
1388 1240 1415 1291 et
1437 1240 1526 1291 tamea
1549 1250 1602 1290 noa
1621 1240 1664 1290 est
1683 1233 1770 1303 nulla,
1792 1234 1875 1289 etiarn
1896 1231 2007 1305 quando

409 1331 436 1383 ts.
450 1325 518 1381 ilinc
532 1339 597 1382 vero
611 1323 776 1396 colligimus,
787 1323 832 1381 ubi
844 1323 1008 1394 constiterit,
1020 1321 1108 1396 legem
1120 1338 1167 1394 po·
1200 1337 1330 1380 excessus
1340 1330 1384 1380 εει
1395 1322 1466 1380 ειιιε
1478 1322 1626 1395 dimidiam,
1639 1323 1771 1379 nonsatis
1787 1328 1829 1378 εει
1839 1320 2004 1393 ergo,quod

369 1414 476 1472 sitirem
491 1413 636 1486 prohibere
653 1430 707 1470 aon
722 1412 812 1470 solum
827 1411 990 1483 acturu,sed
1003 1412 1086 1468 etiam
1101 1411 1167 1468 obli·
1201 1413 1242 1469 len
1264 1411 1405 1484 prohibeat
1419 1419 1511 1470 actum
1531 1413 1630 1469 intuitu
1651 1413 1785 1482 iustitiae,
1802 1417 1833 1466 ut
1852 1411 1931 1468 illum
1946 1412 2008 1466 irri-

367 1504 503 1578 gationem
518 1509 546 1560 ει
563 1502 705 1560 vinculum
719 1518 752 1559 cu
772 1502 817 1559 illo
832 1503 983 1571 resultans,
1000 1500 1099 1557 babere
1113 1501 1165 1558 viru
1200 1509 1249 1560 tet.
1266 1502 1300 1558 tta
1314 1502 1383 1558 ratio
1397 1508 1458 1573 εει,
1475 1503 1538 1576 ειιιε
1552 1517 1606 1558 aon
1628 1500 1753 1558 obstante
1767 1499 1896 1555 iniustitia
1915 1505 2010 1570 potest

368 1591 491 1649 irritandi
513 1599 625 1666 aetram,
647 1591 711 1665 quia
730 1597 797 1649 tunc
819 1607 873 1647 uon
894 1591 982 1647 solum
1003 1596 1102 1660 actus,
1118 1589 1166 1647 s'ed
1201 1599 1281 1650 actus
1293 1591 1348 1648 lreri
1363 1607 1429 1650 cum
1441 1589 1587 1648 sufficienti
1602 1590 1741 1647 voluntate
1752 1589 1786 1646 ad
1801 1589 1922 1646 valorem
1934 1591 2007 1661 eius,

368 1681 449 1738 etiam
469 1680 597 1754 obligatio
618 1682 671 1737 erit
684 1669 773 1752 mula,
794 1681 858 1754 quia
873 1678 1023 1753 prohibita,
1041 1679 1165 1752 obligatio
1199 1689 1227 1739 ει
1237 1689 1333 1754 postea
1347 1669 1505 1738 conservari
1520 1685 1611 1752 potest
1625 1679 1789 1736 removendo
1802 1678 1942 1750 iniuriam,
1956 1694 2007 1735 seu

368 1776 460 1827 autern
477 1785 562 1843 prava
578 1786 627 1828 seu
641 1770 728 1842 turpis
743 1785 803 1826 csse
818 1785 871 1826 aon
887 1774 975 1842 petest
988 1768 1086 1841 valida,
1102 1771 1166 1840 quis
1200 1769 1372 1828 resarciendo
1387 1770 1542 1827 iniustitiam
1556 1768 1668 1838 tactam,
1683 1775 1711 1825 ει
1725 1767 1784 1824 ideo
1799 1767 1857 1823 sola
1871 1767 2005 1824 iniustitia

367 1864 441 1916 εεεει
458 1858 600 1916 vinculum
619 1859 783 1932 iniquitatis3
799 1875 863 1916 nam
879 1859 936 1930 lex,
953 1874 1024 1932 quac
1038 1858 1167 1931 probibet
1201 1867 1296 1917 contra
1305 1860 1393 1933 legem
1406 1859 1595 1931 prohibentem
1603 1873 1656 1915 non
1668 1856 1771 1914 sullicit
1781 1857 1887 1912 irritare
1898 1863 2007 1928 actum,

367 1946 575 2021 obligationem,
604 1947 730 2020 prohibet
744 1948 831 2005 marito
846 1950 934 2021 magis
949 1947 990 2004 vel
1005 1955 1115 2018 actum,
1132 1946 1165 2004 ad
1200 1950 1265 2008 licet
1278 1950 1412 2006 sutticere
1422 1948 1508 2020 possit
1521 1947 1582 2004 talis
1597 1946 1639 2004 lex
1654 1947 1689 2003 ad
1703 1944 1887 2002 inducendam
1902 1944 2008 2017 obliga·

367 2051 450 2110 quern
465 2044 507 2095 εει
522 2037 665 2110 obligatio,
681 2036 833 2096 vel'saltem
849 2036 988 2109 probibet,
1004 2052 1038 2093 ne
1051 2053 1084 2094 ex
1098 2036 1167 2094 obli·
1202 2039 1301 2096 tionerll
1316 2037 1349 2094 ad
1365 2039 1483 2110 aliquam
1497 2037 1701 2094 restitutionem
1715 2033 1880 2091 taciendam.
1897 2035 1944 2089 Sic
1964 2033 2008 2090 lex

365 2127 471 2198 gatione
491 2127 546 2183 liat.
562 2127 640 2184 Tunc
655 2141 720 2199 ergo
736 2128 827 2184 locum
842 2126 922 2184 habet
935 2129 1023 2198 prima
1038 2129 1164 2199 exceptio
1201 2134 1295 2184 taxans
1310 2129 1429 2200 pretium
1443 2142 1547 2192 rerum,
1559 2126 1625 2182 licet
1638 2124 1781 2198 probibeat
1795 2115 1889 2180 carius
1905 2124 2009 2180 vende-

367 2215 393 2270 ιε
408 2217 557 2274 assertione
572 2215 723 2287 insinuata,
738 2216 761 2272 si
775 2223 865 2273 tamen
880 2215 925 2272 illa
940 2215 1055 2274 dicenda
1070 2218 1106 2273 ειι
1118 2233 1165 2275 err·
1200 2234 1246 2291 rc,
1263 2234 1316 2274 nou
1331 2223 1423 2290 potest
1435 2217 1487 2273 diei
1502 2216 1612 2272 irritans
1627 2221 1720 2272 actum
1736 2214 1839 2270 lactum
1858 2219 1961 2269 contra
1976 2215 2009 2270 il·

367 2299 474 2376 oeplio,
501 2319 565 2361 cum
590 2304 652 2361 talis
674 2304 718 2363 lex
742 2307 796 2361 iam
815 2321 869 2362 non
883 2306 918 2361 sit
931 2321 1000 2377 pure
1015 2307 1161 2378 prohibeas
1202 2307 1256 2364 lam
1277 2305 1577 2379 prohibitionemque
1598 2310 1629 2360 ut
1648 2302 1701 2360 dlxi
1716 2303 1833 2360 venditio
1853 2301 1946 2358 valida
1965 2310 2010 2359 εει

351 2389 527 2466 'ectum,sed
542 2392 614 2450 ultra
628 2392 807 2466 progrediens
818 2392 852 2451 ad
866 2393 995 2452 ellectum
1006 2397 1066 2452 eius
1081 2396 1165 2467 impe·
1201 2411 1265 2453 curn
1279 2396 1442 2469 obligatione
1460 2394 1624 2452 restituendi
1635 2408 1791 2450 excessum.
1808 2391 1904 2449 Solum
1920 2391 2008 2448 videri

364 2480 503 2540 dieudum.
523 2484 558 2540 Et
579 2481 637 2539 idco
659 2499 770 2540 necesse
794 2490 855 2554 εει,
878 2492 910 2541 ut
929 2469 1123 2543 ta'lisextensio
1140 2486 1165 2542 in
1201 2493 1293 2559 posset
1307 2485 1458 2559 probabile,
1472 2492 1538 2541 tunc
1553 2484 1640 2557 legem
1651 2483 1840 2555 prohibentem
1851 2483 1955 2552 intuitu
1966 2483 2010 2538 iu·

366 2571 425 2645 lege
440 2571 610 2629 sullicieuter
625 2571 791 2629 declaretur.
806 2576 900 2631 Potest
913 2581 1015 2644 autern,
1031 2582 1165 2650 quantum
1201 2575 1288 2632 stillae
1303 2575 1411 2632 irritare
1421 2579 1518 2631 aetum
1534 2573 1677 2644 iniustum,
1690 2571 1799 2644 quando
1812 2571 1945 2629 iniustitia
1959 2572 2009 2629 ali·

365 2676 440 2718 nunc
456 2661 589 2731 occurrit,
602 2661 711 2718 duobus
722 2661 810 2720 modis
823 2662 973 2720 declarari:
985 2680 1057 2720 unus
1067 2672 1109 2721 est
1119 2680 1167 2738 per
1201 2670 1242 2721 ter
1256 2665 1383 2722 resarciri
1395 2681 1448 2721 non
1460 2670 1562 2736 potest,
1575 2664 1625 2719 nisi
1636 2663 1800 2719 annullando
1812 2669 1921 2735 actum3
1937 2671 2007 2721 tunc

369 2751 451 2809 verba
466 2767 611 2826 expressa,
626 2758 653 2809 ct
666 2751 726 2809 talis
740 2752 838 2810 modus
851 2758 894 2809 est
907 2753 964 2809 sine
979 2753 1165 2827 ambiguitate,
1200 2755 1272 2810 enim
1291 2754 1366 2810 valor
1388 2761 1468 2810 actus
1486 2759 1560 2809 esset
1577 2751 1718 2809 vinculum
1737 2753 1906 2824 iniquitatis,
1928 2753 2009 2812 daret

366 2847 415 2898 aut
434 2841 582 2914 scrupul03
605 2841 648 2898 illa
669 2849 761 2900 tamen
782 2841 864 2922 verba
884 2840 1045 2914 regulariter
1064 2841 1168 2898 coinci-
1201 2846 1273 2900 enim
1288 2843 1423 2900 licentiam
1443 2839 1617 2914 permanendi
1636 2843 1661 2898 in
1682 2843 1826 2913 iniustitia,
1842 2846 1871 2898 ει
1889 2841 1951 2899 ideo
1966 2847 2008 2900 vi·

366 2931 437 2988 dunt
451 2947 515 2988 cum
530 2931 583 2988 illis
596 2973 603 3002 ,
618 2928 822 3004 qutbqssotent
834 2930 934 2987 irritari
949 2936 1111 2987 contractus
1124 2929 1166 2988 vel
1201 2932 1282 2990 detur
1292 2947 1407 3005 prorsus
1425 2929 1621 3004 impediri.Sed
1635 2931 1784 3004 usquehuc
1800 2937 1892 3003 potest
1903 2932 1929 2988 in
1946 2936 2010 2989 uni·

365 3019 525 3092 formaliter,
540 3019 582 3076 vel
603 3018 813 3093 aequivalenter,
834 3024 862 3076 el
881 3026 949 3076 tnnc
967 3019 1028 3076 talis
1050 3019 1092 3076 lex
1112 3036 1167 3078 non
1201 3037 1312 3078 versum
1330 3020 1476 3089 affirmaris
1492 3020 1556 3094 quia
1575 3021 1598 3075 si
1619 3021 1683 3093 quis
1702 3019 1781 3078 duxit
1801 3035 1883 3078 unam
1904 3028 2009 3078 contra

366 3117 457 3182 potest
471 3109 524 3167 dici
543 3109 688 3182 prohibens
703 3113 824 3180 tantum,
839 3108 888 3165 sed
907 3107 1031 3167 absolute
1046 3110 1164 3167 irritans.
1202 3111 1375 3184 sponsionem
1385 3109 1463 3166 altori
1477 3110 1588 3180 iactam,
1604 3111 1728 3168 iniuriam
1744 3111 1829 3182 priori
1843 3112 1921 3186 lucit,
1935 3128 2007 3185 quae

366 3199 444 3255 Alius
458 3198 556 3256 rnodus
571 3199 635 3269 crit,
647 3197 756 3270 quando
768 3198 836 3253 ratio
850 3196 918 3271 legis
933 3197 1098 3270 prohibentis
1111 3215 1167 3256 ma·
1201 3201 1328 3257 resarciri
1339 3215 1393 3255 non
1404 3204 1504 3272 potest,
1516 3199 1537 3254 si
1551 3201 1756 3256 matrimonium
1767 3197 1943 3273 subsequens
1958 3219 2007 3258 va·

367 3289 419 3361 gis,
437 3295 487 3344 aut
501 3302 588 3360 aeque
602 3289 716 3360 respicit
729 3286 859 3344 ellectum
874 3294 965 3361 actus,
980 3303 1063 3362 quoru
1078 3289 1166 3360 ipsum
1201 3289 1286 3348 lidum
1302 3289 1346 3358 sit,
1359 3297 1388 3346 et
1402 3296 1492 3346 tamea
1504 3303 1557 3345 non
1572 3294 1716 3360 propterea
1727 3287 1769 3344 lert
1783 3288 1935 3361 prohibens
1953 3291 2007 3347 tale

301 3403 305 3416 ·
367 3385 473 3450 aetum,
488 3377 698 3460 quinnimirum
717 3386 796 3434 actus
817 3375 977 3448 prohibetur
991 3378 1083 3435 solum
1103 3395 1167 3450 pro·
1201 3381 1423 3452 matrimonium,
1439 3379 1528 3435 irritat
1541 3375 1617 3434 illud.
1635 3376 1708 3434 ldeur
1724 3378 1856 3451 contingit
1870 3377 1896 3434 ia
1912 3379 2008 3436 rendi·

366 3475 428 3542 pter
441 3466 581 3525 vitandum
592 3465 672 3524 talem
687 3465 826 3540 ellectum,
839 3482 901 3524 narn
913 3474 979 3527 tunc
995 3467 1102 3542 signum
1111 3473 1166 3542 εει,
1200 3472 1274 3527 tione
1287 3475 1315 3526 et
1333 3467 1474 3525 traditione
1490 3469 1529 3524 rei
1547 3467 1623 3540 prius
1638 3467 1804 3540 promissae,
1819 3467 1862 3524 vel
1878 3469 2006 3527 venditae

367 3559 456 3631 tnagis
473 3557 613 3629 prohiberi
631 3556 720 3628 ipsum
734 3555 881 3634 ellectum,
897 3557 973 3612 iusto
991 3556 1057 3613 illud
1070 3578 1077 3614 ι
1091 3559 1167 3617 Pro·
1202 3558 1278 3614 alteri
1294 3559 1351 3614 sine
1365 3555 1519 3628 traditione,
1535 3571 1596 3612 nam
1612 3556 1746 3628 posterior
1760 3562 1921 3614 contractus
1937 3560 2006 3617 vali·

363 3653 431 3724 pter
439 3644 516 3721 quod
525 3643 824 3720 unumquodquetale‚
834 3650 863 3702 et
870 3643 949 3703 diod
955 3649 1166 3720 magisllxem·
1201 3647 1255 3704 dus
1269 3653 1323 3718 εει,
1339 3646 1403 3703 Ιιεει
1417 3647 1449 3702 ειι
1463 3645 1629 3718 prohibitus,
1643 3652 1671 3702 et
1685 3646 1817 3717 laiustus,
1832 3649 1889 3702 sive
1903 3648 2008 3708 iniuria

366 3736 444 3809 plum
458 3749 518 3791 esse
538 3740 628 3806 potest
646 3735 672 3790 in
694 3734 752 3809 lege
767 3734 926 3806 prohibente
947 3751 1083 3807 apponere
1102 3755 1168 3811 poe·
1203 3738 1290 3810 possit
1303 3735 1382 3794 aliter
1400 3735 1548 3808 resarciri,
1564 3735 1620 3791 sive
1641 3751 1705 3792 non.
1722 3736 1757 3792 Et
1777 3737 1848 3793 ratio
1862 3743 1920 3804 εει,
1941 3741 2008 3810 ειιιε

367 3839 430 3881 nam
448 3822 638 3896 sponsalibus3
655 3823 722 3879 ratio
736 3826 808 3879 enim
826 3822 897 3879 illius
912 3823 1098 3896 prohibitionis
1112 3834 1166 3900 εει,
1203 3828 1338 3900 posterior
1361 3830 1522 3882 contractus
1547 3839 1611 3882 cum
1636 3823 1780 3882 traditione
1800 3832 1844 3882 est
1868 3828 2008 3897 posterior

366 3919 400 3971 ut
412 3911 582 3970 matrimonia
597 3912 651 3968 sim
666 3911 759 3982 libera,
772 3929 834 3984 cap.
847 3915 981 3980 Gemma,
996 3914 1030 3971 de
1044 3918 1165 3988 sponsal.
1202 3915 1299 3988 priori,
1310 3921 1336 3970 et
1346 3913 1468 3971 dissolvit
1479 3911 1565 3986 illum3
1577 3918 1605 3969 ει
1618 3913 1655 3968 lta
1667 3913 1731 3970 licet
1741 3913 1766 3969 iu
1780 3913 1838 3986 ipso
1849 3923 1914 3973 actu
1928 3932 2007 3973 corn·

367 4008 396 4060 ει
410 4000 469 4058 ideo
481 3999 524 4058 lex
539 3999 688 4072 prohibens
701 4002 900 4072 appositionem
918 4000 978 4057 talis
994 4018 1096 4074 poenae
1113 4022 1167 4063 non
1202 4005 1327 4060 mittatur
1341 4002 1480 4074 iniustitia,
1492 4000 1666 4058 nihilominus
1680 4017 1733 4059 non
1749 4003 1941 4076 continuatur,
1956 4007 2006 4064 sed

366 4091 456 4149 solum
470 4097 552 4164 negat
569 4091 704 4146 actionem
718 4089 823 4146 civilem
838 4089 872 4146 ad
889 4089 972 4147 talem
986 4106 1101 4162 poenam
1120 4102 1166 4152 ex·
1202 4093 1347 4149 cessatlit
1359 4090 1413 4161 illa,
1430 4106 1500 4163 quae
1514 4090 1597 4146 semel
1611 4088 1683 4147 iacta
1695 4090 1757 4158 init,
1772 4093 1944 4150 restituenda
1962 4103 2006 4151 est

366 4179 568 4254 torquendam,
591 4177 638 4235 sed
659 4179 740 4235 etiam
762 4179 875 4250 impedit
895 4179 1034 4255 absolute,
1056 4199 1090 4240 ne
1112 4185 1167 4242 ulla
1201 4197 1234 4240 eo
1249 4180 1340 4250 modu,
1356 4195 1410 4254 quc
1425 4181 1481 4236 lieri
1495 4179 1606 4251 poterit,
1622 4178 1696 4251 quod
1711 4181 1733 4235 sl
1748 4196 1801 4236 non
1817 4183 1950 4254 potuerit,
1962 4191 2006 4240 εει

367 4270 493 4344 obligetio
510 4267 542 4325 ad
558 4283 672 4342 poenam
687 4282 719 4325 ex
735 4268 781 4324 tali
795 4275 941 4326 contractu
954 4275 1166 4346 nascatur,quia
1202 4287 1249 4344 per
1270 4269 1409 4342 accidens,
1431 4285 1481 4325 nec
1503 4269 1607 4325 sullicit
1627 4269 1660 4325 ad
1681 4269 1875 4328 annullandum
1896 4280 2006 4330 actum.

366 4374 473 4431 semper
493 4358 562 4415 talis·
572 4357 699 4431 obligatio
714 4356 834 4413 obstaret
855 4356 970 4416 libertati
992 4363 1164 4419 matrimonii.
1201 4361 1289 4434 igitur
1302 4377 1335 4417 ex
1351 4359 1453 4416 ratione
1468 4358 1604 4430 iustitiae,
1618 4358 1662 4415 vel
1675 4359 1823 4417 iniustitiae
1837 4377 1885 4433 per
1900 4377 1930 4418 se
1946 4370 2006 4419 tsn-

292 4509 303 4522 ,
365 4444 865 4520 hliudexemplumcstdelegecivili
879 4447 1166 4522 probibentepromls·
1201 4457 1260 4508 tum
1285 4455 1409 4522 spectata
1433 4463 1487 4504 non
1515 4453 1606 4520 potest
1629 4446 1731 4521 colligi,
1753 4464 1787 4504 an
1811 4447 1853 4506 lex
1878 4451 2004 4509 annullet

366 4540 469 4595 sionem
484 4537 628 4594 revocandi
641 4537 892 4608 testamentum,vel
905 4537 1061 4595 instituendi
1072 4539 1166 4598 haere·
1200 4548 1306 4610 actum,
1318 4538 1366 4596 sed
1380 4535 1561 4610 spectandum
1572 4543 1613 4594 εει
1628 4529 1746 4610 semper,
1759 4553 1793 4595 an
1808 4541 1901 4612 verba,
1913 4547 1942 4598 et
1962 4555 2007 4599 ra-

367 4627 440 4699 dem3
455 4641 525 4700 quae
539 4626 582 4683 lex
596 4630 725 4682 censetur
738 4623 850 4681 irritans
864 4640 896 4682 εε
911 4626 935 4681 vi
949 4627 1061 4684 rationis
1075 4629 1164 4701 probi·
1199 4631 1235 4688 tio
1249 4629 1318 4703 legis
1332 4627 1359 4684 id
1373 4627 1521 4700 requirant.
1537 4627 1612 4684 hliae
1627 4642 1691 4684 vero
1705 4626 1790 4702 leges,
1805 4628 1839 4686 de
1854 4631 1959 4704 quibus
1978 4633 2005 4687 in

366 4715 456 4788 bendi,
468 4729 539 4787 quae
552 4721 609 4786 εει,
625 4713 691 4788 quia
704 4719 865 4770 testamenta
878 4713 977 4773 debeat
990 4731 1050 4775 esse
1066 4718 1163 4793 libera,
1202 4719 1296 4778 ultima
1316 4717 1522 4775 confirmatione
1542 4716 1572 4773 lit
1592 4716 1708 4791 mentio,
1730 4719 1866 4790 pertinent
1886 4719 1920 4777 ad
1942 4721 2006 4779 ulti·

366 4805 442 4862 iuxta
454 4803 574 4876 l.t,G.de
588 4818 693 4860 sacros.
703 4802 810 4860 Eccles.
819 4809 848 4860 et
861 4805 899 4860 ita
913 4805 1073 4879 intelligitur
1088 4822 1162 4865 cona·
1199 4825 1273 4867 mam
1287 4815 1392 4881 partam
1408 4805 1575 4875 assertionis,
1592 4819 1663 4879 quae
1676 4807 1702 4864 iu
1716 4808 1841 4881 sequenti
1856 4809 1946 4882 capite
1959 4825 2005 4866 εε-

367 4895 485 4951 maniter
497 4893 539 4950 lex
550 4891 707 4966 stipulatio
716 4893 772 4949 lroc
781 4890 912 4962 moduli.
921 4892 954 4950 de
966 4895 1042 4952 verb.
1051 4895 1161 4970 obligat.
1198 4897 1324 4972 plicando
1336 4902 1388 4954 εει.

366 4984 402 5040 Et
415 4983 511 5040 similia
529 4981 655 5055 exempla
669 4981 750 5038 videri
764 4989 880 5055 possunt
893 4984 920 5040 ia
939 4987 1011 5042 Bort.
1024 4993 1053 5043 ει
1066 4986 1123 5044 ειιιε
1138 4989 1164 5045 iu

366 5072 419 5130 l.sl
433 5075 500 5145 quis
508 5088 564 5148 pro
577 5085 619 5137 eo,
635 5069 703 5128 lide
714 5069 821 5129 fideius.
831 5074 965 5131 etCovar.
974 5075 999 5131 in
1010 5089 1038 5132 c.
1050 5078 1164 5151 Quem-

364 5165 408 5220 els
420 5165 628 5238 pectem,2.p.
641 5161 667 5216 lu
681 5161 844 5232 priuc.n.2,
856 5168 884 5219 ει
898 5167 925 5221 ³.
939 5165 989 5222 Est
1001 5179 1067 5238 ergo
1082 5180 1163 5224 verus

366 5253 448 5312 etiam
462 5251 507 5310 lric
527 5250 648 5309 irritandi
666 5248 780 5314 modus:
796 5255 980 5311 necessarium
998 5260 1089 5312 aartern
1108 5261 1160 5329 est,
