4284 6246
873 332 1070 394 carnrxrrr.
1688 315 1750 380 193

148 467 280 536 gumento
294 459 315 516 Ι.
330 462 365 528 l,
383 463 396 534 5
413 458 488 528 t‚tl.
505 456 538 514 de
553 456 646 516 damn.
662 457 756 514 inient.
777 457 853 530 quod
873 457 953 514 sentit
989 463 1148 531 supponunt
1167 456 1310 529 doctores,
1333 455 1379 529 qui
1399 455 1518 524 docent,
1543 454 1716 528 privilegium
1738 471 1785 529 per

146 551 269 609 llendos.
291 548 325 605 de
346 550 482 622 signatur.
504 554 576 619 grat.
598 549 643 604 tit.
659 545 692 603 de
706 546 854 616 dispensat.
870 554 897 603 ct
911 561 954 602 se·
988 547 1187 605 mandatarium
1210 546 1352 604 obtentum
1378 547 1470 603 statim
1493 561 1554 602 essa
1576 547 1712 618 validum,
1733 563 1787 604 non

148 643 244 715 quitur
255 638 387 696 lioderic.
403 643 425 694 t.
441 641 466 708 l,
482 653 509 710 q.
527 642 574 705 22,
591 643 643 693 art.
658 642 685 694 3.
700 639 757 692 lmo
771 635 848 693 multi
861 637 953 693 existi·
988 651 1053 693 vero
1075 638 1096 692 si
1111 637 1215 709 absque
1230 633 1357 692 mandato
1372 635 1538 708 obtineatur,
1557 639 1583 693 in
1598 653 1654 710 quo
1670 635 1740 693 idem
1753 635 1787 692 de

148 735 240 798 arsat,
262 727 295 785 ad
319 726 441 783 valorem
455 725 661 798 dispensationis
675 726 863 782 necessarium
878 739 950 796 esse,
987 724 1190 797 dispensatione
1206 725 1336 790 indicant,
1353 731 1383 780 ut
1396 724 1466 781 inira
1476 724 1522 782 lib.
1535 726 1603 783 Vlll.
1617 725 1788 782 sufficienter

146 825 176 874 ut
189 817 234 874 rel
249 816 284 874 ab
299 817 357 889 ipso
372 814 507 889 indigente
523 820 643 885 petatur,
660 815 702 872 rel
716 831 750 870 ex
764 817 824 871 eius
839 812 952 871 manda·
987 814 1149 873 videbimus.
1165 815 1285 888 benique
1300 813 1473 871 consuetudo
1485 816 1579 872 curiae
1592 815 1662 873 hauc
1679 822 1785 887 {nartem

147 917 190 982 to;
211 924 246 964 ac
270 904 388 962 subinde
402 920 463 960 esse
477 903 592 974 nullam,
608 905 629 958 si
645 904 679 960 ab
693 904 785 976 aliquo
799 903 879 960 tertio
894 904 950 959 sine
987 903 1157 961 sullicienter
1168 905 1322 976 confirmat,
1335 909 1366 959 ut
1376 904 1496 960 sumitur
1506 921 1538 960 ex
1549 905 1656 962 llebuii.
1668 908 1693 961 in
1704 907 1786 962 Praxi

148 997 277 1052 mandato
294 996 468 1066 impetretur.
483 993 522 1049 lta
537 993 684 1050 Panormit.
699 1008 747 1063 per
759 991 834 1048 illum
847 998 950 1049 textum
986 993 1028 1050 tit.
1042 992 1075 1049 dc
1087 992 1207 1066 dispens.
1221 1009 1297 1049 nurn.
1311 997 1360 1064 23,
1372 994 1466 1049 iuncto
1479 994 1518 1049 tit.
1532 993 1565 1050 de
1576 994 1732 1051 differentiis
1743 997 1784 1050 in-

147 1087 171 1142 in
187 1102 250 1157 cap.
268 1086 414 1150 Inuoluit,
432 1082 464 1139 de
478 1082 559 1139 elect.
576 1099 652 1138 num.
673 1085 722 1152 10,
739 1080 808 1138 idem
823 1081 950 1153 incapite
987 1088 1027 1149 ter
1040 1086 1207 1155 rescriptum
1222 1083 1324 1156 gradec
1338 1089 1367 1138 et
1381 1083 1509 1154 iustitiae,
1524 1092 1553 1141 et
1568 1084 1667 1157 optime
1681 1087 1784 1143 blarar·

145 1172 307 1242 nonnette,
326 1174 422 1240 lauat
440 1171 550 1236 etalii,
570 1171 602 1228 de
617 1173 745 1243 rescript.
763 1170 810 1228 ubi
826 1171 896 1227 idem
912 1177 950 1226 te·
986 1187 1035 1228 rus
1049 1187 1124 1229 cons.
1142 1178 1171 1243 2,
1187 1172 1220 1230 de
1235 1189 1322 1230 resur.
1338 1178 1366 1229 et
1379 1188 1458 1230 cons.
1474 1176 1501 1244 l,
1518 1178 1595 1232 num.
1612 1180 1639 1234 l.

146 1271 191 1322 net
203 1265 345 1320 llostiens.
358 1261 576 1320 Fundamentum
592 1263 710 1319 sumitur
723 1276 754 1317 ex
771 1260 845 1316 dicto
861 1261 950 1331 capite
1025 1267 1051 1320 6.
1067 1262 1167 1319 Deinde
1190 1278 1301 1333 assero,
1323 1262 1426 1320 nullam
1447 1263 1603 1335 petitionem
1621 1264 1662 1321 vel
1683 1265 1785 1336 suppli-

147 1356 300 1415 innotuit.
325 1353 370 1409 ubi
391 1358 507 1425 negatur
521 1350 702 1434 dispensatio,
723 1352 785 1423 quia
800 1350 853 1406 luit
866 1350 949 1422 petita
985 1353 1123 1408 cabonem
1144 1355 1328 1409 necessariam
1349 1369 1409 1409 esse
1431 1354 1456 1409 in
1476 1354 1566 1427 rigore
1580 1355 1614 1411 ad
1629 1355 1743 1411 sormam
1757 1361 1784 1412 et

148 1444 203 1501 sine
217 1444 362 1500 mandato.
985 1443 1107 1498 valorem
1132 1442 1358 1514 dispensationis,
1374 1443 1422 1500 sed
1437 1455 1548 1515 possea
1566 1445 1686 1517 praelato
1708 1453 1785 1503 motu

138 1533 144 1544 “
185 1541 211 1591 5.
228 1535 387 1604 Utrumque
408 1537 500 1588 autem
523 1545 623 1586 censeo
643 1544 705 1585 esse
720 1529 831 1586 laisum.
847 1531 948 1585 Assaro
984 1533 1094 1602 proprio
1109 1531 1234 1589 concedi.
1250 1533 1307 1588 lloc
1320 1532 1447 1612 sequitur
1457 1549 1489 1589 ex
1502 1535 1691 1608 praecedenti,
1705 1541 1734 1592 et
1747 1537 1784 1591 ita

147 1623 238 1695 itaque
254 1623 281 1677 in
297 1621 404 1694 primis,
420 1619 650 1692 dispensationem
664 1620 838 1690 impetratam
854 1616 888 1674 ad
903 1634 949 1690 pe·
984 1629 1076 1693 potest
1089 1621 1192 1679 eisdem
1206 1621 1367 1679 doctoribus
1383 1622 1503 1679 attribui.
1520 1625 1587 1680 liam
1599 1627 1620 1682 si
1631 1626 1712 1682 tertia
1723 1640 1795 1696 pcr·,

149 1711 270 1768 titionem
288 1711 380 1775 amici,
395 1711 451 1764 sine
466 1707 593 1764 mandato
610 1705 903 1780 partisdispensandae
915 1723 949 1763 ex
985 1727 1053 1768 sorra
1071 1713 1130 1769 sine
1144 1710 1274 1769 mandato
1288 1717 1377 1784 potest
1391 1713 1478 1769 amico
1493 1713 1719 1785 dispensationem
1734 1714 1785 1770 im·

102 1849 104 1852 .
146 1798 307 1856 senalidam
325 1815 398 1869 esse,
414 1807 442 1854 et
457 1798 565 1869 operari
579 1812 671 1870 posse,
688 1797 709 1852 si
724 1797 812 1868 abeo,
825 1798 871 1853 cui
882 1813 946 1853 con·
983 1806 1103 1874 patrare,
1118 1817 1171 1859 cur
1185 1818 1240 1859 non
1257 1803 1358 1873 poterit
1374 1801 1638 1875 praetatusproprto
1651 1809 1737 1872 motu,
1750 1819 1784 1860 ex
1865 1837 1868 1843 ·

145 1905 222 1946 cessa
238 1897 295 1968 est,
307 1895 476 1960 acceptetur.
489 1887 632 1960 Ratioest,
645 1889 710 1960 quia
722 1886 946 1957 nullumestius,
983 1906 1033 1946 sua
1054 1896 1160 1948 tantum
1182 1890 1355 1964 providentia
1380 1891 1454 1950 illam
1474 1892 1602 1966 indigenti
1622 1894 1783 1968 indulgere?

145 1979 217 2053 quod
240 1996 294 2052 pro
314 1979 403 2034 iorma
421 1977 524 2035 validae
539 1977 750 2049 dispensationis
764 1976 836 2032 illam
851 1976 947 2033 condi·
981 1979 1084 2046 Deinde
1103 1981 1173 2037 ratio
1192 1982 1266 2038 iacta
1287 1981 1330 2037 bic
1352 1981 1433 2037 etiam
1452 1982 1592 2053 procedit,
1614 1986 1679 2056 quia
1694 1999 1782 2056 nequa

145 2070 245 2125 mirem
266 2069 404 2141 requirat;
420 2070 478 2124 sine
492 2069 552 2124 iure
567 2073 659 2124 autem
673 2067 780 2123 nullum
795 2073 838 2123 est
851 2066 948 2123 lunda·
982 2077 1083 2127 natura
1099 2088 1147 2128 sua
1163 2071 1215 2128 boc
1230 2071 1333 2129 malum
1348 2077 1400 2141 est,
1413 2087 1501 2143 neque
1515 2072 1571 2130 ullo
1586 2073 1645 2130 iure
1659 2073 1784 2144 probibe-

146 2165 269 2215 mentum
284 2157 318 2216 ad
332 2157 358 2214 id
373 2157 562 2227 asserendum,
579 2157 644 2230 quia
654 2171 687 2214 ex
699 2162 799 2213 natura
813 2157 851 2212 rei
861 2154 949 2228 quod·
983 2165 1040 2231 tur,
1057 2176 1111 2216 non
1125 2160 1216 2217 solum
1231 2161 1370 2235 Pontifici,
1385 2169 1434 2218 aut
1450 2162 1576 2234 principi,
1593 2169 1624 2219 ut
1637 2170 1679 2219 est
1692 2178 1740 2235 per
1754 2179 1783 2220 se

146 2247 209 2306 libet
229 2249 356 2322 donum,
377 2246 418 2304 vel
437 2247 625 2322 eleemosyna,
641 2245 683 2303 vel
698 2247 784 2318 gratia
798 2251 888 2318 potest
901 2261 947 2302 ra·
985 2255 1092 2320 uotum,
1109 2266 1206 2308 verum
1221 2252 1302 2308 etiam
1315 2266 1366 2307 neo
1377 2241 1516 2324 episcopo,
1529 2257 1578 2308 aut
1588 2255 1719 2324 praetori.
1731 2256 1784 2312 Ne·

146 2336 197 2394 lide
215 2353 271 2410 per
285 2339 406 2395 amicum
420 2337 560 2408 impetrari
574 2337 609 2408 ei,
624 2336 672 2409 qui
686 2335 752 2392 nibil
768 2334 945 2408 procurabat.
983 2353 1037 2411 que
1057 2339 1101 2395 lex
1123 2339 1169 2396 illa
1184 2344 1212 2398 l.
1228 2339 1261 2396 ad
1276 2355 1389 2397 causam
1403 2339 1478 2410 iacit,
1494 2341 1624 2413 quianon
1639 2341 1672 2398 de
1684 2344 1782 2416 gratia,

146 2428 348 2500 Consequentia
366 2433 409 2482 est
427 2426 547 2482 evidens.
563 2424 734 2483 antecedens
748 2430 840 2481 autem
856 2429 943 2496 patet,
983 2426 1026 2483 vel
1044 2427 1247 2500 dispensatione
1269 2429 1405 2501 loquitur,
1427 2428 1475 2485 sed
1495 2429 1529 2486 de
1550 2431 1670 2488 iustitiae
1683 2447 1786 2489 execu-

146 2517 208 2589 quia
222 2517 249 2572 iu
267 2517 328 2572 iure
343 2514 412 2572 cirili
425 2515 488 2571 nibil
503 2522 556 2586 est,
572 2513 645 2587 quod
659 2515 760 2584 obstet,
775 2520 803 2570 ei
817 2514 907 2585 potius
922 2513 947 2570 in
984 2520 1057 2577 tione
1077 2521 1145 2576 inter
1167 2525 1259 2591 partes
1280 2517 1504 2590 constituendae,
1527 2520 1628 2592 quibus
1646 2537 1698 2577 non
1714 2521 1784 2578 solet

146 2606 164 2665 l·
180 2609 347 2673 ultimis,
371 2607 402 2662 C·
426 2599 606 2680 de‘precibu's
628 2605 786 2676 imperatori
804 2603 948 2660 offerendis
983 2609 1125 2680 prouidere
1145 2608 1241 2679 iudex,
1262 2608 1311 2663 nisi
1332 2608 1417 2664 altera
1431 2607 1597 2679 postulante.
1612 2612 1782 2684 Quamquam

147 2695 263 2768 dicitur,
286 2697 450 2768 rescriptum
471 2711 520 2767 per
540 2709 746 2767 quemcumque
767 2695 947 2765 impetratum
984 2697 1120 2755 interdum
1143 2713 1176 2754 ex
1196 2697 1287 2752 ollicio
1303 2699 1389 2769 possit
1403 2695 1484 2754 iudex
1498 2698 1658 2772 subvenire,
1673 2701 1783 2772 quando

147 2789 251 2855 valere,
278 2802 345 2858 ergo
357 2787 470 2842 etiamsi
491 2785 650 2856 impetrator
664 2799 718 2839 non
733 2783 770 2839 sit
783 2789 947 2854 procurator
984 2787 1083 2861 aliquis
1099 2787 1227 2844 damnum
1243 2789 1357 2859 patitur,
1373 2793 1401 2843 et
1415 2787 1573 2862 impeditur,
1587 2802 1620 2844 na
1635 2791 1721 2860 possit
1735 2806 1781 2861 po·

147 2879 334 2948 constitutus,
353 2876 454 2933 valebit
473 2891 505 2932 es
521 2875 545 2930 vi
559 2873 634 2930 illius
648 2873 732 2947 legis,
748 2874 811 2945 quia
825 2872 948 2930 absolute
984 2877 1097 2950 stulare,
1113 2883 1144 2934 ut
1158 2879 1185 2932 in
1199 2874 1348 2932 eodemtit.
1361 2875 1395 2932 dc
1408 2875 1611 2934 damnainleot.
1624 2878 1642 2934 Ι.
1655 2879 1785 2936 bocum·

147 2973 174 3023 et
193 2968 252 3022 siue
272 2965 328 3022 talla
341 2966 511 3030 restrictione
527 2964 660 3036 loquitur.
677 2963 706 3018 la
721 2963 779 3018 iure
793 2968 885 3019 autem
900 2977 947 3018 oa·
979 2965 1074 3041 plius,
1095 2971 1129 3037 9,
1152 2965 1265 3022 dicitur.
1286 2964 1370 3022 llulto
1391 2973 1483 3023 autem
1501 2965 1609 3024 lucillus
1624 2975 1715 3040 potest
1728 2969 1781 3026 lroc

147 3057 242 3113 nonico
257 3055 364 3112 dictum
376 3070 438 3126 cap.
455 3057 588 3110 Inuoluit
606 3051 673 3109 nihil
684 3051 800 3124 probat,
813 3061 873 3108 turn
884 3053 948 3124 quia
982 3056 1074 3113 lacera
1090 3056 1218 3128 princeps
1233 3061 1282 3112 aut
1296 3055 1433 3126 praelatus
1447 3057 1473 3112 in
1489 3059 1665 3114 concessione
1675 3057 1783 3131 dispen-

146 3145 180 3202 ibi
198 3162 256 3202 non
272 3145 390 3214 dicitur,
405 3143 632 3216 dispensationem
647 3141 770 3198 laturam
784 3141 870 3198 luisse
886 3141 948 3196 nul·
984 3145 1108 3216 sationis,
1124 3160 1195 3218 quae
1209 3152 1252 3202 est
1265 3145 1399 3218 quaedam
1415 3147 1502 3218 gratia
1515 3187 1523 3218 ,
1537 3162 1619 3218 quam
1631 3154 1720 3218 potest
1735 3163 1785 3206 sua

147 3236 209 3309 lana,
225 3238 251 3292 si
270 3239 373 3308 absque
388 3233 514 3290 mandato
528 3233 625 3289 luisset
639 3247 783 3303 concessa,
797 3231 843 3287 sed
855 3230 946 3286 solum
983 3242 1081 3307 sponte
1093 3234 1194 3291 iacere.
1203 3235 1258 3290 Nec
1270 3234 1371 3307 obstat,
1383 3235 1457 3308 quod
1470 3235 1628 3292 relationem
1640 3237 1706 3291 iuris
1717 3252 1784 3293 con·

147 3325 264 3393 dicitur,
290 3325 447 3382 Pontiiicem
468 3322 503 3379 ob
523 3337 583 3378 eam
602 3336 715 3377 causam
735 3321 856 3377 noluisse
874 3319 948 3376 illam
983 3325 1081 3397 tineat3
1104 3340 1166 3380 nam
1186 3325 1266 3380 etiam
1282 3323 1452 3397 privilegium
1468 3323 1540 3380 illam
1556 3327 1688 3396 conduct,
1704 3332 1733 3382 et
1746 3325 1787 3382 ni·

148 3415 316 3486 concedere,
339 3413 414 3486 quod
433 3411 512 3484 longe
530 3409 670 3468 diversum
690 3418 747 3467 est:
774 3416 832 3466 tum
852 3410 945 3482 etiam,
984 3413 1134 3471 bilominus
1149 3428 1228 3484 saepe
1242 3413 1405 3470 conceditur
1420 3418 1497 3471 motu
1512 3414 1633 3484 proprio.
1645 3415 1714 3470 ltem
1728 3416 1785 3487 ipsa

147 3505 208 3576 quia
223 3504 262 3560 ibi
274 3519 327 3559 non
339 3509 454 3574 negatur
464 3501 643 3573 dispensatio,
658 3502 724 3573 quia
735 3500 879 3573 petebatur
890 3501 948 3555 sine
983 3505 1116 3562 relaxatio
1132 3508 1221 3575 potest
1236 3517 1296 3558 esse
1310 3504 1337 3558 in
1352 3517 1420 3558 casu
1435 3503 1590 3558 necessaria
1605 3502 1646 3558 vel
1660 3503 1693 3560 ad
1709 3520 1786 3561 com·

148 3595 276 3654 mandato
294 3607 426 3666 personae
439 3589 649 3663 dispensandae,
665 3591 713 3648 sed
727 3591 792 3665 quia
805 3589 949 3661 petebatur
983 3609 1065 3650 mune
1077 3593 1191 3664 bouum,
1210 3589 1296 3648 relad
1308 3591 1442 3662 privatum
1454 3591 1629 3663 particularis
1642 3609 1785 3667 personae,

149 3685 201 3740 sine
226 3681 359 3742 mandato
374 3681 504 3753 capituli,
525 3678 599 3753 quod
614 3695 758 3751 personam
773 3679 846 3735 illam
859 3678 949 3752 clege·
985 3683 1032 3742 cui
1052 3689 1143 3754 potest
1164 3679 1289 3752 superior
1309 3694 1342 3736 ex
1360 3679 1452 3736 officio
1467 3679 1624 3752 providere,
1642 3682 1664 3737 si
1678 3682 1735 3754 ipsa
1751 3685 1787 3742 sit

148 3780 190 3830 rat
203 3775 230 3828 in
251 3772 425 3844 episcopum,
440 3777 468 3826 et
481 3770 726 3841 confirmationem,
739 3785 792 3824 non
808 3768 948 3840 dispensa·
987 3771 1121 3844 indigens.
1133 3771 1192 3826 lmo
1201 3784 1254 3825 non
1266 3767 1355 3824 solum
1367 3767 1633 3841 potestdlspeusare,
1642 3770 1690 3827 sed
1703 3772 1785 3828 etiam
1855 3836 1864 3848 ,

148 3863 249 3919 tionem
268 3861 392 3934 petebat,
406 3867 435 3916 et
447 3859 507 3916 ideo
522 3864 641 3932 utraque
654 3859 679 3914 ei
692 3857 853 3930 denegatur.
871 3857 949 3916 Unde
985 3859 1144 3932 praecipere
1155 3857 1275 3930 subdita,
1288 3863 1319 3915 ut
1328 3855 1531 3929 dispensatione
1542 3864 1649 3932 erutus,
1662 3864 1693 3918 ut
1703 3859 1785 3932 paulo

148 3953 237 4024 patius
252 3951 428 4023 supponitur,
443 3949 564 4020 potuisse
579 3948 633 4020 peti
644 3963 658 4003 a
670 3946 790 4018 capitulo
801 3949 858 4003 sine
872 3962 949 4015 man·
984 3954 1062 4007 antea
1076 3947 1141 4005 dixi.

149 4041 210 4098 dato
222 4041 286 4098 eius
298 4084 305 4111 ,
315 4054 371 4122 pro
387 4053 441 4112 quo
455 4037 614 4110 petebatur,
632 4043 659 4094 et
672 4044 739 4094 tunc
753 4037 837 4094 iuiasc
850 4052 950 4095 conce-
1025 4041 1051 4097 7.
1067 4040 1108 4096 Ex
1122 4038 1164 4094 lais
1178 4051 1245 4110 ergo
1259 4037 1345 4094 notari
1359 4041 1451 4109 potest
1464 4035 1579 4109 quicto,
1598 4036 1717 4110 aliquam
1731 4038 1787 4097 dis·

150 4131 280 4202 dandam,
295 4137 324 4186 et
338 4129 461 4186 iuturam
474 4128 559 4184 luisse
574 4127 701 4185 relidam.
984 4130 1171 4202 pensationem
1184 4141 1343 4199 expressam
1354 4129 1509 4206 necessario
1522 4127 1662 4198 postulare
1675 4143 1787 4201 expres·

184 4223 283 4294 Neque
296 4220 379 4276 etiam
393 4218 484 4275 obstat
498 4231 560 4290 cap.
576 4215 730 4278 Norrrrulii,
744 4220 756 4288 p
769 4215 842 4273 unic.
857 4215 891 4273 de
905 4230 948 4271 re·
984 4232 1015 4275 sa
1036 4218 1119 4274 rerba
1138 4215 1303 4289 superioris,
1320 4222 1352 4273 ut
1372 4214 1480 4287 quando
1499 4214 1570 4272 illam
1585 4218 1694 4288 proprio
1709 4227 1786 4275 motu

150 4315 233 4384 scrip.
257 4309 304 4367 ubi
330 4308 487 4366 annullatur
506 4307 672 4379 rescriptum
692 4308 872 4378 impetratum
892 4305 949 4362 sine
984 4306 1123 4380 concedit,
1135 4307 1211 4363 iuxta
1225 4319 1287 4377 cap.
1302 4307 1337 4363 Si
1350 4309 1455 4372 neotus,
1473 4304 1507 4362 de
1520 4305 1647 4376 praeben.
1661 4307 1688 4361 in
1701 4309 1729 4380 e,
1740 4306 1788 4362 ali-

149 4401 290 4474 mandato,
299 4406 328 4456 et
337 4400 484 4471 impetrans
494 4397 696 4469 punitur.Nam
705 4412 767 4468 cap.
781 4395 846 4453 illud
855 4402 948 4468 aperte
984 4414 1066 4472 quam
1080 4412 1145 4454 vero
1156 4409 1217 4452 esse
1233 4410 1314 4467 posse
1331 4409 1487 4466 expressam
1498 4396 1582 4451 etiam
1600 4395 1656 4451 sine
1676 4396 1786 4468 proprio

149 4491 271 4566 loquitur
286 4490 320 4547 de
338 4489 478 4561 rescriptis
498 4487 616 4544 iustitiae
635 4502 685 4544 seu
704 4485 739 4542 ad
754 4485 831 4558 lites,
847 4502 902 4543 non
915 4484 949 4542 de
985 4487 1068 4544 verbo
1088 4485 1253 4560 superioris,
1270 4490 1299 4540 ut
1315 4490 1358 4540 ast
1375 4483 1435 4556 illa,
1452 4498 1522 4557 quae
1535 4484 1564 4540 fit
1581 4484 1788 4557 adpetitionem
1857 4509 1860 4514 ·

150 4582 291 4655 rescriptis
306 4578 341 4637 ad
355 4579 455 4652 gratias
470 4593 519 4634 seu
533 4576 673 4633 beneficia.
691 4577 759 4632 Nam
772 4581 801 4634 et
815 4576 897 4634 rerba
910 4582 952 4632 te·
985 4576 1111 4634 alicuius.
1133 4577 1208 4632 llanc
1227 4575 1297 4631 enim
1316 4589 1423 4646 semper
1443 4589 1504 4631 esse
1525 4589 1685 4646 expressam
1706 4577 1790 4632 sentit
1854 4589 1859 4594 ·

151 4679 213 4728 xtus
226 4679 257 4726 et
270 4669 340 4726 ratio
353 4668 411 4724 eius
426 4667 459 4724 ad
474 4667 563 4738 priora
578 4671 683 4723 tantum
695 4653 951 4737 rescripta'accam·
985 4665 1084 4724 liebui.
1107 4664 1136 4720 d.
1152 4667 1193 4721 tit.
1210 4662 1243 4720 de
1258 4663 1363 4736 disper.
1380 4679 1409 4718 n.
1428 4668 1477 4737 ¹93
1492 4672 1520 4721 et
1534 4665 1597 4721 licet
1610 4663 1643 4720 de
1659 4663 1788 4739 illaquae

152 4761 309 4829 modaatur,
325 4764 358 4814 ut
371 4757 406 4813 ibi
420 4763 499 4813 notat
512 4755 605 4811 Glossa
620 4753 724 4826 penult.
742 4755 766 4810 in
782 4755 844 4824 bne,
859 4761 886 4810 et
901 4755 952 4810 Fe·
985 4763 1029 4812 est
1039 4761 1133 4836 aperte
1144 4752 1297 4825 postulata,
1314 4768 1357 4808 res
1372 4752 1407 4808 sit
1422 4753 1531 4825 clarior,
1549 4760 1638 4810 tamen
1654 4753 1723 4810 idam
1734 4760 1790 4825 est,

153 4849 221 4908 linus
237 4851 273 4906 ibi
292 4865 370 4906 num.
390 4851 433 4906 lb.
451 4845 571 4902 reterens
585 4844 663 4900 alios.
679 4844 729 4911 Qui
743 4845 823 4900 etiam
839 4843 891 4901 boo
905 4861 952 4902 ex·
987 4847 1009 4900 si
1020 4851 1131 4917 petatur
1142 4861 1159 4900 a
1169 4857 1347 4916 quocumque
1360 4842 1411 4897 alio
1423 4841 1615 4914 intercessore,
1631 4858 1680 4900 seu
1696 4848 1791 4916 postu·

154 4939 236 4997 tendit
256 4938 292 4996 ad
305 4939 522 5011 impetrationem
538 4935 742 5007 privilegiorum
757 4940 785 4990 et
796 4935 957 5005 immunita<
988 4933 1085 4990 latore.
1101 4935 1169 4990 Nam
1182 4948 1244 5004 cap.
1260 4933 1405 4994 lraraotuit.
1425 4930 1498 5003 quod
1514 4931 1626 5005 allegat,
1643 4935 1736 5005 potius
1750 4933 1789 4991 ln·

153 5034 220 5102 tum3
236 5028 314 5102 quod
326 5045 360 5086 cx
374 5027 485 5101 glossis,
500 5032 529 5082 et
542 5023 714 5096 doctoribus,
730 5031 801 5081 etex
812 5024 952 5085 identitate
987 5026 1082 5097 quitur
1096 5022 1129 5080 de
1144 5020 1327 5095 postulatione
1345 5019 1417 5076 lacta
1432 5036 1448 5076 a
1462 5021 1560 5096 tertio,
1575 5029 1607 5078 ut
1620 5029 1792 5094 supranota-

154 5121 265 5176 rationis
280 5119 434 5189 confirmat,
449 5131 522 5190 quae
536 5117 593 5171 aine
608 5113 690 5171 dubio
704 5113 800 5171 eadem
815 5121 868 5188 est,
881 5132 952 5190 quae
987 5114 1023 5171 ri.
1048 5113 1127 5171 Ratio
1148 5120 1240 5169 autem
1261 5116 1317 5182 est,
1338 5110 1480 5183 quiscum
1502 5112 1646 5184 postulatio
1660 5128 1791 5186 expressa

47 5261 53 5270 .
155 5208 181 5266 in
201 5206 458 5282 dispensationibus.
481 5208 626 5263 Praeterea
646 5209 752 5276 partem
773 5203 843 5276 banc
858 5214 952 5276 aperte
988 5201 1198 5278 dispensationis
1221 5199 1374 5274 praeeedit,
1402 5201 1558 5259 necessario
1582 5206 1728 5260 concessio
1753 5202 1792 5262 illi

230 5307 612 5367 squammarum-Parati.
1516 5311 1543 5356 25
