<?xml version="1.0" encoding="UTF-8"?>
<!DOCTYPE html PUBLIC "-//W3C//DTD XHTML 1.0 Transitional//EN"
    "http://www.w3.org/TR/xhtml1/DTD/xhtml1-transitional.dtd">
<html xmlns="http://www.w3.org/1999/xhtml" xml:lang="en" lang="en">
 <head>
  <title>
</title>
<meta http-equiv="Content-Type" content="text/html;charset=utf-8" />
  <meta name='ocr-system' content='tesseract 3.04.00' />
  <meta name='ocr-capabilities' content='ocr_page ocr_carea ocr_par ocr_line ocrx_word'/>
</head>
<body>
  <div class='ocr_page' id='page_1' title='image "./tractatusdelegi00sugoog_0094.png"; bbox 0 0 4190 6234; ppageno 0'>
   <div class='ocr_carea' id='block_1_1' title="bbox 804 411 1440 615">
    <p class='ocr_par' dir='ltr' id='par_1_1' title="bbox 804 411 1440 615">
     <span class='ocr_line' id='line_1_1' title="bbox 804 411 998 466; baseline 0 -2"><span class='ocrx_word' id='word_1_1' title='bbox 804 411 909 466; x_wconf 75' lang='lat' dir='ltr'>CAPUT</span> <span class='ocrx_word' id='word_1_2' title='bbox 923 415 998 466; x_wconf 74' lang='lat' dir='ltr'><strong>xlx.</strong></span> 
     </span>
     <span class='ocr_line' id='line_1_2' title="bbox 972 514 1440 615; baseline 0.009 -4"><span class='ocrx_word' id='word_1_3' title='bbox 972 514 983 537; x_wconf 87' lang='lat'>&#39;</span> <span class='ocrx_word' id='word_1_4' title='bbox 1081 539 1085 546; x_wconf 85' lang='lat'><em>·</em></span> <span class='ocrx_word' id='word_1_5' title='bbox 1185 539 1326 615; x_wconf 82' lang='lat' dir='ltr'><strong>ennon</strong></span> <span class='ocrx_word' id='word_1_6' title='bbox 1348 541 1440 615; x_wconf 82' lang='lat' dir='ltr'><strong>xix.</strong></span> 
     </span>
    </p>
   </div>
   <div class='ocr_carea' id='block_1_2' title="bbox 89 539 882 2322">
    <p class='ocr_par' dir='ltr' id='par_1_2' title="bbox 89 539 882 1068">
     <span class='ocr_line' id='line_1_3' title="bbox 91 539 881 620; baseline -0.004 -19"><span class='ocrx_word' id='word_1_7' title='bbox 91 557 217 620; x_wconf 73' lang='lat' dir='ltr'><strong>potamon</strong></span> <span class='ocrx_word' id='word_1_8' title='bbox 237 541 424 600; x_wconf 88' lang='lat' dir='ltr'><strong>tributorum.</strong></span> <span class='ocrx_word' id='word_1_9' title='bbox 440 541 582 600; x_wconf 82' lang='lat' dir='ltr'><strong>Nomento</strong></span> <span class='ocrx_word' id='word_1_10' title='bbox 602 539 693 617; x_wconf 87' lang='lat' dir='ltr'><strong>aliqua</strong></span> <span class='ocrx_word' id='word_1_11' title='bbox 706 546 799 600; x_wconf 87' lang='lat' dir='ltr'><strong>essent</strong></span> <span class='ocrx_word' id='word_1_12' title='bbox 812 539 881 598; x_wconf 84' lang='lat' dir='ltr'><strong>iniu-</strong></span> 
     </span>
     <span class='ocr_line' id='line_1_4' title="bbox 90 633 876 707; baseline -0.005 -15"><span class='ocrx_word' id='word_1_13' title='bbox 90 643 132 704; x_wconf 88' lang='lat' dir='ltr'><strong>sta,</strong></span> <span class='ocrx_word' id='word_1_14' title='bbox 142 635 188 690; x_wconf 90' lang='lat' dir='ltr'><strong>alla</strong></span> <span class='ocrx_word' id='word_1_15' title='bbox 202 640 285 690; x_wconf 89' lang='lat' dir='ltr'><strong>erunt</strong></span> <span class='ocrx_word' id='word_1_16' title='bbox 299 634 385 702; x_wconf 89' lang='lat' dir='ltr'><strong>iusta,</strong></span> <span class='ocrx_word' id='word_1_17' title='bbox 396 640 424 691; x_wconf 90' lang='lat' dir='ltr'><strong>et</strong></span> <span class='ocrx_word' id='word_1_18' title='bbox 437 633 535 690; x_wconf 89' lang='lat' dir='ltr'><strong>saltem</strong></span> <span class='ocrx_word' id='word_1_19' title='bbox 549 633 664 707; x_wconf 85' lang='lat' dir='ltr'><strong>antiqua</strong></span> <span class='ocrx_word' id='word_1_20' title='bbox 676 648 784 706; x_wconf 78' lang='lat' dir='ltr'><strong>semper</strong></span> <span class='ocrx_word' id='word_1_21' title='bbox 797 647 876 705; x_wconf 89' lang='lat' dir='ltr'><strong>proo-</strong></span> 
     </span>
     <span class='ocr_line' id='line_1_5' title="bbox 89 723 882 796; baseline -0.008 -12"><span class='ocrx_word' id='word_1_22' title='bbox 89 730 219 784; x_wconf 85' lang='lat' dir='ltr'><strong>sumuntnr</strong></span> <span class='ocrx_word' id='word_1_23' title='bbox 237 725 323 794; x_wconf 84' lang='lat' dir='ltr'><strong>iusta,</strong></span> <span class='ocrx_word' id='word_1_24' title='bbox 335 731 365 780; x_wconf 93' lang='lat' dir='ltr'><strong>et</strong></span> <span class='ocrx_word' id='word_1_25' title='bbox 377 724 404 780; x_wconf 91' lang='lat' dir='ltr'><strong>in</strong></span> <span class='ocrx_word' id='word_1_26' title='bbox 416 723 531 781; x_wconf 90' lang='lat' dir='ltr'><strong>cumulo</strong></span> <span class='ocrx_word' id='word_1_27' title='bbox 544 724 707 780; x_wconf 91' lang='lat' dir='ltr'><strong>tributorum</strong></span> <span class='ocrx_word' id='word_1_28' title='bbox 719 738 828 796; x_wconf 88' lang='lat' dir='ltr'><strong>semper</strong></span> <span class='ocrx_word' id='word_1_29' title='bbox 840 723 882 779; x_wconf 90' lang='lat' dir='ltr'><strong>in·</strong></span> 
     </span>
     <span class='ocr_line' id='line_1_6' title="bbox 89 811 877 885; baseline -0.003 -13"><span class='ocrx_word' id='word_1_30' title='bbox 89 815 194 872; x_wconf 84' lang='lat' dir='ltr'><strong>cluditur</strong></span> <span class='ocrx_word' id='word_1_31' title='bbox 205 811 248 869; x_wconf 90' lang='lat' dir='ltr'><strong>illa</strong></span> <span class='ocrx_word' id='word_1_32' title='bbox 262 813 401 885; x_wconf 79' lang='lat' dir='ltr'><strong>generdls</strong></span> <span class='ocrx_word' id='word_1_33' title='bbox 420 813 490 870; x_wconf 91' lang='lat' dir='ltr'><strong>ratio</strong></span> <span class='ocrx_word' id='word_1_34' title='bbox 505 812 697 870; x_wconf 90' lang='lat' dir='ltr'><strong>contribuendi</strong></span> <span class='ocrx_word' id='word_1_35' title='bbox 708 812 742 869; x_wconf 94' lang='lat' dir='ltr'><strong>ad</strong></span> <span class='ocrx_word' id='word_1_36' title='bbox 756 812 877 870; x_wconf 90' lang='lat' dir='ltr'><strong>dandum</strong></span> 
     </span>
     <span class='ocr_line' id='line_1_7' title="bbox 90 901 880 979; baseline -0.004 -18"><span class='ocrx_word' id='word_1_37' title='bbox 90 905 187 979; x_wconf 79' lang='lat' dir='ltr'><strong>principi</strong></span> <span class='ocrx_word' id='word_1_38' title='bbox 204 905 309 960; x_wconf 88' lang='lat' dir='ltr'><strong>iustum</strong></span> <span class='ocrx_word' id='word_1_39' title='bbox 326 902 495 974; x_wconf 79' lang='lat' dir='ltr'><strong>stipendium</strong></span> <span class='ocrx_word' id='word_1_40' title='bbox 507 911 536 961; x_wconf 89' lang='lat' dir='ltr'><strong>ot</strong></span> <span class='ocrx_word' id='word_1_41' title='bbox 554 903 688 961; x_wconf 88' lang='lat' dir='ltr'><strong>auxilium</strong></span> <span class='ocrx_word' id='word_1_42' title='bbox 702 902 737 960; x_wconf 89' lang='lat' dir='ltr'><strong>ad</strong></span> <span class='ocrx_word' id='word_1_43' title='bbox 755 901 880 974; x_wconf 87' lang='lat' dir='ltr'><strong>publicas</strong></span> 
     </span>
     <span class='ocr_line' id='line_1_8' title="bbox 91 993 414 1068; baseline -0.012 -16"><span class='ocrx_word' id='word_1_44' title='bbox 91 1009 203 1068; x_wconf 83' lang='lat' dir='ltr'><strong>expensas</strong></span> <span class='ocrx_word' id='word_1_45' title='bbox 221 993 264 1050; x_wconf 90' lang='lat' dir='ltr'><strong>sui</strong></span> <span class='ocrx_word' id='word_1_46' title='bbox 278 993 414 1050; x_wconf 90' lang='lat' dir='ltr'><strong>muneris.</strong></span> 
     </span>
    </p>

    <p class='ocr_par' dir='ltr' id='par_1_3' title="bbox 90 1079 881 2322">
     <span class='ocr_line' id='line_1_9' title="bbox 118 1079 876 1154; baseline 0 -16"><span class='ocrx_word' id='word_1_47' title='bbox 118 1084 177 1152; x_wconf 83' lang='lat' dir='ltr'><strong>Quia</strong></span> <span class='ocrx_word' id='word_1_48' title='bbox 189 1098 252 1138; x_wconf 85' lang='lat' dir='ltr'><strong>nero</strong></span> <span class='ocrx_word' id='word_1_49' title='bbox 272 1081 344 1139; x_wconf 90' lang='lat' dir='ltr'><strong>baec</strong></span> <span class='ocrx_word' id='word_1_50' title='bbox 365 1082 534 1139; x_wconf 81' lang='lat' dir='ltr'><strong>contributio</strong></span> <span class='ocrx_word' id='word_1_51' title='bbox 548 1079 629 1139; x_wconf 91' lang='lat' dir='ltr'><strong>debet</strong></span> <span class='ocrx_word' id='word_1_52' title='bbox 642 1097 703 1138; x_wconf 89' lang='lat' dir='ltr'><strong>esse</strong></span> <span class='ocrx_word' id='word_1_53' title='bbox 720 1081 876 1154; x_wconf 91' lang='lat' dir='ltr'><strong>proportio·</strong></span> 
     </span>
     <span class='ocr_line' id='line_1_10' title="bbox 91 1171 878 1246; baseline 0 -16"><span class='ocrx_word' id='word_1_54' title='bbox 91 1183 143 1230; x_wconf 88' lang='lat' dir='ltr'><strong>nata</strong></span> <span class='ocrx_word' id='word_1_55' title='bbox 159 1173 297 1244; x_wconf 90' lang='lat' dir='ltr'><strong>personis,</strong></span> <span class='ocrx_word' id='word_1_56' title='bbox 317 1179 348 1228; x_wconf 88' lang='lat' dir='ltr'><strong>et</strong></span> <span class='ocrx_word' id='word_1_57' title='bbox 359 1188 415 1228; x_wconf 94' lang='lat' dir='ltr'><strong>non</strong></span> <span class='ocrx_word' id='word_1_58' title='bbox 429 1180 471 1229; x_wconf 87' lang='lat' dir='ltr'><strong>est</strong></span> <span class='ocrx_word' id='word_1_59' title='bbox 490 1171 584 1228; x_wconf 87' lang='lat' dir='ltr'><strong>eedem</strong></span> <span class='ocrx_word' id='word_1_60' title='bbox 599 1172 735 1246; x_wconf 89' lang='lat' dir='ltr'><strong>quantitas</strong></span> <span class='ocrx_word' id='word_1_61' title='bbox 750 1171 878 1230; x_wconf 84' lang='lat' dir='ltr'><strong>absolute</strong></span> 
     </span>
     <span class='ocr_line' id='line_1_11' title="bbox 90 1259 877 1334; baseline -0.005 -13"><span class='ocrx_word' id='word_1_62' title='bbox 90 1268 149 1321; x_wconf 88' lang='lat' dir='ltr'><strong>iusta</strong></span> <span class='ocrx_word' id='word_1_63' title='bbox 167 1268 292 1332; x_wconf 88' lang='lat' dir='ltr'><strong>respectu</strong></span> <span class='ocrx_word' id='word_1_64' title='bbox 313 1264 457 1334; x_wconf 80' lang='lat' dir='ltr'><strong>omnium3</strong></span> <span class='ocrx_word' id='word_1_65' title='bbox 475 1261 534 1317; x_wconf 91' lang='lat' dir='ltr'><strong>ideo</strong></span> <span class='ocrx_word' id='word_1_66' title='bbox 549 1263 571 1318; x_wconf 90' lang='lat' dir='ltr'><strong>si</strong></span> <span class='ocrx_word' id='word_1_67' title='bbox 592 1261 617 1317; x_wconf 91' lang='lat' dir='ltr'><strong>ln</strong></span> <span class='ocrx_word' id='word_1_68' title='bbox 632 1259 791 1333; x_wconf 78' lang='lat' dir='ltr'><strong>particulari</strong></span> <span class='ocrx_word' id='word_1_69' title='bbox 810 1277 877 1319; x_wconf 92' lang='lat' dir='ltr'><strong>con·</strong></span> 
     </span>
     <span class='ocr_line' id='line_1_12' title="bbox 91 1350 880 1428; baseline -0.003 -18"><span class='ocrx_word' id='word_1_70' title='bbox 91 1359 133 1410; x_wconf 87' lang='lat' dir='ltr'><strong>stet</strong></span> <span class='ocrx_word' id='word_1_71' title='bbox 142 1358 261 1423; x_wconf 85' lang='lat' dir='ltr'><strong>respectu</strong></span> <span class='ocrx_word' id='word_1_72' title='bbox 276 1350 362 1408; x_wconf 87' lang='lat' dir='ltr'><strong>buius</strong></span> <span class='ocrx_word' id='word_1_73' title='bbox 373 1367 433 1408; x_wconf 88' lang='lat' dir='ltr'><strong>esse</strong></span> <span class='ocrx_word' id='word_1_74' title='bbox 445 1351 637 1423; x_wconf 83' lang='lat' dir='ltr'><strong>nlmisgravem</strong></span> <span class='ocrx_word' id='word_1_75' title='bbox 648 1356 676 1406; x_wconf 92' lang='lat' dir='ltr'><strong>et</strong></span> <span class='ocrx_word' id='word_1_76' title='bbox 687 1351 880 1428; x_wconf 82' lang='lat' dir='ltr'><strong>improportio-</strong></span> 
     </span>
     <span class='ocr_line' id='line_1_13' title="bbox 91 1439 881 1514; baseline -0.001 -16"><span class='ocrx_word' id='word_1_77' title='bbox 91 1451 177 1510; x_wconf 86' lang='lat' dir='ltr'><strong>aatam,</strong></span> <span class='ocrx_word' id='word_1_78' title='bbox 190 1443 373 1498; x_wconf 76' lang='lat' dir='ltr'><strong>excusabitur</strong></span> <span class='ocrx_word' id='word_1_79' title='bbox 387 1441 448 1514; x_wconf 90' lang='lat' dir='ltr'><strong>quis</strong></span> <span class='ocrx_word' id='word_1_80' title='bbox 463 1457 478 1497; x_wconf 89' lang='lat' dir='ltr'><strong>a</strong></span> <span class='ocrx_word' id='word_1_81' title='bbox 492 1447 579 1512; x_wconf 89' lang='lat' dir='ltr'><strong>tanto,</strong></span> <span class='ocrx_word' id='word_1_82' title='bbox 592 1439 658 1496; x_wconf 90' lang='lat' dir='ltr'><strong>licet</strong></span> <span class='ocrx_word' id='word_1_83' title='bbox 672 1454 725 1495; x_wconf 93' lang='lat' dir='ltr'><strong>non</strong></span> <span class='ocrx_word' id='word_1_84' title='bbox 740 1457 755 1496; x_wconf 87' lang='lat' dir='ltr'><strong>a</strong></span> <span class='ocrx_word' id='word_1_85' title='bbox 770 1445 839 1509; x_wconf 63' lang='lat' dir='ltr'><strong>loica</strong></span> <span class='ocrx_word' id='word_1_86' title='bbox 852 1447 881 1497; x_wconf 92' lang='lat' dir='ltr'><strong>et</strong></span> 
     </span>
     <span class='ocr_line' id='line_1_14' title="bbox 91 1529 880 1604; baseline -0.005 -14"><span class='ocrx_word' id='word_1_87' title='bbox 91 1536 118 1590; x_wconf 89' lang='lat' dir='ltr'><strong>ita</strong></span> <span class='ocrx_word' id='word_1_88' title='bbox 130 1531 233 1604; x_wconf 87' lang='lat' dir='ltr'><strong>poterit,</strong></span> <span class='ocrx_word' id='word_1_89' title='bbox 252 1531 296 1588; x_wconf 86' lang='lat' dir='ltr'><strong>rel</strong></span> <span class='ocrx_word' id='word_1_90' title='bbox 316 1537 427 1588; x_wconf 90' lang='lat' dir='ltr'><strong>tanturn</strong></span> <span class='ocrx_word' id='word_1_91' title='bbox 443 1530 548 1586; x_wconf 84' lang='lat' dir='ltr'><strong>solvere</strong></span> <span class='ocrx_word' id='word_1_92' title='bbox 562 1545 594 1586; x_wconf 88' lang='lat' dir='ltr'><strong>eo</strong></span> <span class='ocrx_word' id='word_1_93' title='bbox 613 1529 729 1600; x_wconf 84' lang='lat' dir='ltr'><strong>tributa,</strong></span> <span class='ocrx_word' id='word_1_94' title='bbox 744 1545 815 1602; x_wconf 87' lang='lat' dir='ltr'><strong>quae</strong></span> <span class='ocrx_word' id='word_1_95' title='bbox 834 1545 880 1601; x_wconf 91' lang='lat' dir='ltr'><strong>pe·</strong></span> 
     </span>
     <span class='ocr_line' id='line_1_15' title="bbox 90 1618 880 1690; baseline -0.004 -11"><span class='ocrx_word' id='word_1_96' title='bbox 90 1631 180 1690; x_wconf 87' lang='lat' dir='ltr'><strong>tuctur,</strong></span> <span class='ocrx_word' id='word_1_97' title='bbox 200 1623 221 1677; x_wconf 89' lang='lat' dir='ltr'><strong>si</strong></span> <span class='ocrx_word' id='word_1_98' title='bbox 241 1620 389 1678; x_wconf 83' lang='lat' dir='ltr'><strong>moraliter</strong></span> <span class='ocrx_word' id='word_1_99' title='bbox 408 1621 565 1690; x_wconf 86' lang='lat' dir='ltr'><strong>iudicatur,</strong></span> <span class='ocrx_word' id='word_1_100' title='bbox 588 1619 632 1676; x_wconf 90' lang='lat' dir='ltr'><strong>illa</strong></span> <span class='ocrx_word' id='word_1_101' title='bbox 653 1618 782 1674; x_wconf 85' lang='lat' dir='ltr'><strong>sufficere</strong></span> <span class='ocrx_word' id='word_1_102' title='bbox 803 1621 880 1676; x_wconf 87' lang='lat' dir='ltr'><strong>iuxta</strong></span> 
     </span>
     <span class='ocr_line' id='line_1_16' title="bbox 91 1707 879 1785; baseline -0.003 -16"><span class='ocrx_word' id='word_1_103' title='bbox 91 1711 273 1785; x_wconf 88' lang='lat' dir='ltr'><strong>proportionem</strong></span> <span class='ocrx_word' id='word_1_104' title='bbox 292 1710 433 1780; x_wconf 76' lang='lat' dir='ltr'><strong>debitam,</strong></span> <span class='ocrx_word' id='word_1_105' title='bbox 449 1711 490 1766; x_wconf 82' lang='lat' dir='ltr'><strong>rel</strong></span> <span class='ocrx_word' id='word_1_106' title='bbox 505 1711 607 1781; x_wconf 92' lang='lat' dir='ltr'><strong>poterit</strong></span> <span class='ocrx_word' id='word_1_107' title='bbox 621 1707 728 1766; x_wconf 85' lang='lat' dir='ltr'><strong>solvere</strong></span> <span class='ocrx_word' id='word_1_108' title='bbox 742 1725 791 1780; x_wconf 88' lang='lat' dir='ltr'><strong>ea,</strong></span> <span class='ocrx_word' id='word_1_109' title='bbox 808 1726 879 1784; x_wconf 90' lang='lat' dir='ltr'><strong>quae</strong></span> 
     </span>
     <span class='ocr_line' id='line_1_17' title="bbox 90 1798 879 1872; baseline 0.003 -17"><span class='ocrx_word' id='word_1_110' title='bbox 90 1804 134 1856; x_wconf 80' lang='lat' dir='ltr'><strong>sine</strong></span> <span class='ocrx_word' id='word_1_111' title='bbox 143 1802 306 1858; x_wconf 87' lang='lat' dir='ltr'><strong>dubitatione</strong></span> <span class='ocrx_word' id='word_1_112' title='bbox 327 1807 395 1857; x_wconf 87' lang='lat' dir='ltr'><strong>sunt</strong></span> <span class='ocrx_word' id='word_1_113' title='bbox 406 1802 491 1871; x_wconf 88' lang='lat' dir='ltr'><strong>iusta,</strong></span> <span class='ocrx_word' id='word_1_114' title='bbox 503 1806 531 1856; x_wconf 94' lang='lat' dir='ltr'><strong>et</strong></span> <span class='ocrx_word' id='word_1_115' title='bbox 541 1798 593 1856; x_wconf 89' lang='lat' dir='ltr'><strong>alia</strong></span> <span class='ocrx_word' id='word_1_116' title='bbox 607 1800 691 1856; x_wconf 84' lang='lat' dir='ltr'><strong>vitare</strong></span> <span class='ocrx_word' id='word_1_117' title='bbox 702 1815 755 1856; x_wconf 93' lang='lat' dir='ltr'><strong>non</strong></span> <span class='ocrx_word' id='word_1_118' title='bbox 767 1806 879 1872; x_wconf 90' lang='lat' dir='ltr'><strong>propter</strong></span> 
     </span>
     <span class='ocr_line' id='line_1_18' title="bbox 90 1889 878 1962; baseline 0 -16"><span class='ocrx_word' id='word_1_119' title='bbox 90 1893 160 1949; x_wconf 81' lang='lat' dir='ltr'><strong>solani</strong></span> <span class='ocrx_word' id='word_1_120' title='bbox 183 1890 386 1948; x_wconf 77' lang='lat' dir='ltr'><strong>dubitationem</strong></span> <span class='ocrx_word' id='word_1_121' title='bbox 411 1890 445 1947; x_wconf 91' lang='lat' dir='ltr'><strong>de</strong></span> <span class='ocrx_word' id='word_1_122' title='bbox 469 1889 581 1947; x_wconf 90' lang='lat' dir='ltr'><strong>illorum</strong></span> <span class='ocrx_word' id='word_1_123' title='bbox 602 1889 720 1958; x_wconf 85' lang='lat' dir='ltr'><strong>iustitia,</strong></span> <span class='ocrx_word' id='word_1_124' title='bbox 743 1889 790 1946; x_wconf 91' lang='lat' dir='ltr'><strong>sed</strong></span> <span class='ocrx_word' id='word_1_125' title='bbox 814 1890 878 1962; x_wconf 89' lang='lat' dir='ltr'><strong>quia</strong></span> 
     </span>
     <span class='ocr_line' id='line_1_19' title="bbox 90 1980 877 2054; baseline -0.005 -15"><span class='ocrx_word' id='word_1_126' title='bbox 90 1985 164 2039; x_wconf 85' lang='lat' dir='ltr'><strong>omnis</strong></span> <span class='ocrx_word' id='word_1_127' title='bbox 177 1981 255 2039; x_wconf 88' lang='lat' dir='ltr'><strong>sinrul</strong></span> <span class='ocrx_word' id='word_1_128' title='bbox 271 1982 451 2038; x_wconf 91' lang='lat' dir='ltr'><strong>continerent</strong></span> <span class='ocrx_word' id='word_1_129' title='bbox 464 1980 721 2052; x_wconf 88' lang='lat' dir='ltr'><strong>improportionem,</strong></span> <span class='ocrx_word' id='word_1_130' title='bbox 735 1995 806 2054; x_wconf 88' lang='lat' dir='ltr'><strong>quoe</strong></span> <span class='ocrx_word' id='word_1_131' title='bbox 821 1995 877 2036; x_wconf 90' lang='lat' dir='ltr'><strong>me·</strong></span> 
     </span>
     <span class='ocr_line' id='line_1_20' title="bbox 91 2069 875 2143; baseline -0.005 -15"><span class='ocrx_word' id='word_1_132' title='bbox 91 2073 133 2128; x_wconf 91' lang='lat' dir='ltr'><strong>rito</strong></span> <span class='ocrx_word' id='word_1_133' title='bbox 147 2073 241 2127; x_wconf 85' lang='lat' dir='ltr'><strong>ritatm</strong></span> <span class='ocrx_word' id='word_1_134' title='bbox 252 2087 309 2127; x_wconf 93' lang='lat' dir='ltr'><strong>non</strong></span> <span class='ocrx_word' id='word_1_135' title='bbox 325 2069 459 2128; x_wconf 82' lang='lat' dir='ltr'><strong>solvendo</strong></span> <span class='ocrx_word' id='word_1_136' title='bbox 471 2085 513 2142; x_wconf 90' lang='lat' dir='ltr'><strong>ea,</strong></span> <span class='ocrx_word' id='word_1_137' title='bbox 526 2085 597 2143; x_wconf 91' lang='lat' dir='ltr'><strong>quae</strong></span> <span class='ocrx_word' id='word_1_138' title='bbox 609 2071 701 2126; x_wconf 90' lang='lat' dir='ltr'><strong>minus</strong></span> <span class='ocrx_word' id='word_1_139' title='bbox 713 2075 875 2126; x_wconf 76' lang='lat' dir='ltr'><strong>certarunt.</strong></span> 
     </span>
     <span class='ocr_line' id='line_1_21' title="bbox 90 2158 875 2231; baseline 0 -16"><span class='ocrx_word' id='word_1_140' title='bbox 90 2161 198 2227; x_wconf 78' lang='lat' dir='ltr'><strong>Quamvis</strong></span> <span class='ocrx_word' id='word_1_141' title='bbox 210 2163 232 2216; x_wconf 90' lang='lat' dir='ltr'><strong>si</strong></span> <span class='ocrx_word' id='word_1_142' title='bbox 246 2159 317 2217; x_wconf 91' lang='lat' dir='ltr'><strong>ordo</strong></span> <span class='ocrx_word' id='word_1_143' title='bbox 332 2162 385 2218; x_wconf 89' lang='lat' dir='ltr'><strong>iste</strong></span> <span class='ocrx_word' id='word_1_144' title='bbox 400 2158 545 2218; x_wconf 90' lang='lat' dir='ltr'><strong>commode</strong></span> <span class='ocrx_word' id='word_1_145' title='bbox 558 2159 662 2216; x_wconf 88' lang='lat' dir='ltr'><strong>serrari</strong></span> <span class='ocrx_word' id='word_1_146' title='bbox 675 2174 730 2214; x_wconf 92' lang='lat' dir='ltr'><strong>non</strong></span> <span class='ocrx_word' id='word_1_147' title='bbox 745 2158 875 2231; x_wconf 86' lang='lat' dir='ltr'><strong>potuerit,</strong></span> 
     </span>
     <span class='ocr_line' id='line_1_22' title="bbox 91 2248 875 2322; baseline 0.001 -18"><span class='ocrx_word' id='word_1_148' title='bbox 91 2255 112 2304; x_wconf 86' lang='lat' dir='ltr'><strong>rt</strong></span> <span class='ocrx_word' id='word_1_149' title='bbox 127 2249 222 2305; x_wconf 89' lang='lat' dir='ltr'><strong>iacilius</strong></span> <span class='ocrx_word' id='word_1_150' title='bbox 236 2251 272 2306; x_wconf 89' lang='lat' dir='ltr'><strong>sit</strong></span> <span class='ocrx_word' id='word_1_151' title='bbox 292 2248 442 2306; x_wconf 88' lang='lat' dir='ltr'><strong>occultare</strong></span> <span class='ocrx_word' id='word_1_152' title='bbox 457 2248 508 2304; x_wconf 89' lang='lat' dir='ltr'><strong>alia</strong></span> <span class='ocrx_word' id='word_1_153' title='bbox 528 2248 642 2319; x_wconf 80' lang='lat' dir='ltr'><strong>tributo,</strong></span> <span class='ocrx_word' id='word_1_154' title='bbox 658 2254 686 2305; x_wconf 90' lang='lat' dir='ltr'><strong>et</strong></span> <span class='ocrx_word' id='word_1_155' title='bbox 705 2264 737 2305; x_wconf 91' lang='lat' dir='ltr'><strong>ea</strong></span> <span class='ocrx_word' id='word_1_156' title='bbox 757 2249 875 2322; x_wconf 82' lang='lat' dir='ltr'><strong>solvere,</strong></span> 
     </span>
    </p>
   </div>
   <div class='ocr_carea' id='block_1_3' title="bbox 951 749 1690 920">
    <p class='ocr_par' dir='ltr' id='par_1_4' title="bbox 951 749 1690 920">
     <span class='ocr_line' id='line_1_23' title="bbox 951 749 1690 828; baseline 0.008 -17"><span class='ocrx_word' id='word_1_157' title='bbox 951 752 1060 811; x_wconf 81' lang='lat' dir='ltr'><strong>Utrum</strong></span> <span class='ocrx_word' id='word_1_158' title='bbox 1073 749 1153 828; x_wconf 74' lang='lat' dir='ltr'><strong>loyes</strong></span> <span class='ocrx_word' id='word_1_159' title='bbox 1167 753 1319 812; x_wconf 81' lang='lat' dir='ltr'><strong>lantonae</strong></span> <span class='ocrx_word' id='word_1_160' title='bbox 1333 756 1488 814; x_wconf 82' lang='lat' dir='ltr'><strong>irritantes</strong></span> <span class='ocrx_word' id='word_1_161' title='bbox 1502 760 1690 817; x_wconf 78' lang='lat' dir='ltr'><strong>contractum</strong></span> 
     </span>
     <span class='ocr_line' id='line_1_24' title="bbox 1094 842 1540 920; baseline 0.007 -20"><span class='ocrx_word' id='word_1_162' title='bbox 1094 842 1242 920; x_wconf 85' lang='lat' dir='ltr'><strong>poerrales.</strong></span> <span class='ocrx_word' id='word_1_163' title='bbox 1258 842 1303 902; x_wconf 84' lang='lat' dir='ltr'><strong>ecl</strong></span> <span class='ocrx_word' id='word_1_164' title='bbox 1317 861 1457 904; x_wconf 80' lang='lat' dir='ltr'><strong>onerosos</strong></span> <span class='ocrx_word' id='word_1_165' title='bbox 1471 850 1540 906; x_wconf 83' lang='lat' dir='ltr'><strong>strat.</strong></span> 
     </span>
    </p>
   </div>
   <div class='ocr_carea' id='block_1_4' title="bbox 1186 1036 1455 1102">
    <p class='ocr_par' dir='ltr' id='par_1_5' title="bbox 1186 1036 1455 1102">
     <span class='ocr_line' id='line_1_25' title="bbox 1186 1036 1455 1102; baseline 0.007 -3"><span class='ocrx_word' id='word_1_166' title='bbox 1186 1036 1455 1102; x_wconf 83' lang='lat' dir='ltr'><strong>summarium</strong></span> 
     </span>
    </p>
   </div>
   <div class='ocr_carea' id='block_1_5' title="bbox 915 1223 1717 1293">
    <p class='ocr_par' dir='ltr' id='par_1_6' title="bbox 915 1223 1717 1293">
     <span class='ocr_line' id='line_1_26' title="bbox 915 1223 1717 1293; baseline 0.012 -21"><span class='ocrx_word' id='word_1_167' title='bbox 915 1223 940 1272; x_wconf 92' lang='lat' dir='ltr'><strong>l.</strong></span> <span class='ocrx_word' id='word_1_168' title='bbox 955 1224 1006 1273; x_wconf 88' lang='lat' dir='ltr'><strong>Lex</strong></span> <span class='ocrx_word' id='word_1_169' title='bbox 1018 1223 1126 1274; x_wconf 90' lang='lat' dir='ltr'><strong>bumana</strong></span> <span class='ocrx_word' id='word_1_170' title='bbox 1139 1225 1227 1276; x_wconf 90' lang='lat' dir='ltr'><strong>irritat</strong></span> <span class='ocrx_word' id='word_1_171' title='bbox 1240 1231 1406 1286; x_wconf 88' lang='lat' dir='ltr'><strong>contractus,</strong></span> <span class='ocrx_word' id='word_1_172' title='bbox 1419 1228 1480 1290; x_wconf 90' lang='lat' dir='ltr'><strong>quia</strong></span> <span class='ocrx_word' id='word_1_173' title='bbox 1493 1225 1541 1278; x_wconf 90' lang='lat' dir='ltr'><strong>hoo</strong></span> <span class='ocrx_word' id='word_1_174' title='bbox 1554 1229 1658 1293; x_wconf 86' lang='lat' dir='ltr'><strong>expedit</strong></span> <span class='ocrx_word' id='word_1_175' title='bbox 1670 1231 1717 1282; x_wconf 90' lang='lat' dir='ltr'><strong>ali·</strong></span> 
     </span>
    </p>
   </div>
   <div class='ocr_carea' id='block_1_6' title="bbox 948 1294 1786 1712">
    <p class='ocr_par' dir='ltr' id='par_1_7' title="bbox 948 1294 1786 1712">
     <span class='ocr_line' id='line_1_27' title="bbox 950 1294 1719 1364; baseline 0.01 -21"><span class='ocrx_word' id='word_1_176' title='bbox 950 1294 1052 1356; x_wconf 83' lang='lat' dir='ltr'><strong>quande</strong></span> <span class='ocrx_word' id='word_1_177' title='bbox 1063 1296 1191 1345; x_wconf 91' lang='lat' dir='ltr'><strong>communi</strong></span> <span class='ocrx_word' id='word_1_178' title='bbox 1211 1296 1285 1346; x_wconf 89' lang='lat' dir='ltr'><strong>bono.</strong></span> <span class='ocrx_word' id='word_1_179' title='bbox 1296 1296 1367 1346; x_wconf 69' lang='lat'><strong>-2</strong></span> <span class='ocrx_word' id='word_1_180' title='bbox 1382 1296 1456 1346; x_wconf 83' lang='lat' dir='ltr'><strong>idulti</strong></span> <span class='ocrx_word' id='word_1_181' title='bbox 1475 1297 1628 1360; x_wconf 86' lang='lat' dir='ltr'><strong>opinantur,</strong></span> <span class='ocrx_word' id='word_1_182' title='bbox 1649 1301 1719 1364; x_wconf 80' lang='lat' dir='ltr'><strong>leges</strong></span> 
     </span>
     <span class='ocr_line' id='line_1_28' title="bbox 951 1364 1719 1430; baseline 0.012 -18"><span class='ocrx_word' id='word_1_183' title='bbox 951 1364 1083 1414; x_wconf 87' lang='lat' dir='ltr'><strong>irritantes</strong></span> <span class='ocrx_word' id='word_1_184' title='bbox 1095 1377 1152 1415; x_wconf 88' lang='lat' dir='ltr'><strong>esse</strong></span> <span class='ocrx_word' id='word_1_185' title='bbox 1164 1365 1293 1428; x_wconf 82' lang='lat' dir='ltr'><strong>poenales.</strong></span> <span class='ocrx_word' id='word_1_186' title='bbox 1307 1367 1367 1430; x_wconf 89' lang='lat' dir='ltr'><strong>quia</strong></span> <span class='ocrx_word' id='word_1_187' title='bbox 1379 1373 1440 1417; x_wconf 89' lang='lat' dir='ltr'><strong>srrnt</strong></span> <span class='ocrx_word' id='word_1_188' title='bbox 1453 1367 1564 1418; x_wconf 90' lang='lat' dir='ltr'><strong>subditis</strong></span> <span class='ocrx_word' id='word_1_189' title='bbox 1576 1372 1719 1430; x_wconf 75' lang='lat' dir='ltr'><strong>gravamini</strong></span> 
     </span>
     <span class='ocr_line' id='line_1_29' title="bbox 948 1436 1718 1504; baseline 0.013 -22"><span class='ocrx_word' id='word_1_190' title='bbox 948 1440 975 1483; x_wconf 89' lang='lat' dir='ltr'><strong>et</strong></span> <span class='ocrx_word' id='word_1_191' title='bbox 989 1440 1151 1484; x_wconf 86' lang='lat' dir='ltr'><strong>nocumento.</strong></span> <span class='ocrx_word' id='word_1_192' title='bbox 1164 1462 1198 1472; x_wconf 93' lang='lat'><em>-</em></span> <span class='ocrx_word' id='word_1_193' title='bbox 1207 1436 1233 1486; x_wconf 82' lang='lat'><strong>3.</strong></span> <span class='ocrx_word' id='word_1_194' title='bbox 1248 1436 1300 1486; x_wconf 80' lang='lat' dir='ltr'><strong>atti</strong></span> <span class='ocrx_word' id='word_1_195' title='bbox 1312 1437 1439 1498; x_wconf 90' lang='lat' dir='ltr'><strong>sentiunt,</strong></span> <span class='ocrx_word' id='word_1_196' title='bbox 1451 1449 1500 1486; x_wconf 93' lang='lat' dir='ltr'><strong>non</strong></span> <span class='ocrx_word' id='word_1_197' title='bbox 1514 1450 1571 1488; x_wconf 90' lang='lat' dir='ltr'><strong>esse</strong></span> <span class='ocrx_word' id='word_1_198' title='bbox 1585 1441 1718 1504; x_wconf 83' lang='lat' dir='ltr'><strong>poenales,</strong></span> 
     </span>
     <span class='ocr_line' id='line_1_30' title="bbox 948 1502 1717 1572; baseline 0.012 -20"><span class='ocrx_word' id='word_1_199' title='bbox 948 1502 992 1552; x_wconf 88' lang='lat' dir='ltr'><strong>sed</strong></span> <span class='ocrx_word' id='word_1_200' title='bbox 1006 1502 1331 1568; x_wconf 72' lang='lat' dir='ltr'><strong>dimetiens—Probatur,</strong></span> <span class='ocrx_word' id='word_1_201' title='bbox 1342 1507 1402 1570; x_wconf 88' lang='lat' dir='ltr'><strong>quia</strong></span> <span class='ocrx_word' id='word_1_202' title='bbox 1415 1519 1465 1556; x_wconf 93' lang='lat' dir='ltr'><strong>nou</strong></span> <span class='ocrx_word' id='word_1_203' title='bbox 1477 1505 1554 1556; x_wconf 89' lang='lat' dir='ltr'><strong>datur</strong></span> <span class='ocrx_word' id='word_1_204' title='bbox 1566 1521 1646 1572; x_wconf 84' lang='lat' dir='ltr'><strong>poena</strong></span> <span class='ocrx_word' id='word_1_205' title='bbox 1659 1511 1717 1562; x_wconf 89' lang='lat' dir='ltr'><strong>abs·</strong></span> 
     </span>
     <span class='ocr_line' id='line_1_31' title="bbox 949 1574 1716 1644; baseline 0.012 -22"><span class='ocrx_word' id='word_1_206' title='bbox 949 1585 999 1636; x_wconf 89' lang='lat' dir='ltr'><strong>que</strong></span> <span class='ocrx_word' id='word_1_207' title='bbox 1011 1574 1096 1637; x_wconf 89' lang='lat' dir='ltr'><strong>culpa.</strong></span> <span class='ocrx_word' id='word_1_208' title='bbox 1118 1601 1153 1610; x_wconf 89' lang='lat'>—</span> <span class='ocrx_word' id='word_1_209' title='bbox 1164 1575 1190 1625; x_wconf 79' lang='lat' dir='ltr'><strong>t.</strong></span> <span class='ocrx_word' id='word_1_210' title='bbox 1206 1575 1319 1626; x_wconf 90' lang='lat' dir='ltr'><strong>irritatio</strong></span> <span class='ocrx_word' id='word_1_211' title='bbox 1336 1583 1410 1626; x_wconf 87' lang='lat' dir='ltr'><strong>actus</strong></span> <span class='ocrx_word' id='word_1_212' title='bbox 1422 1576 1448 1625; x_wconf 91' lang='lat' dir='ltr'><strong>in</strong></span> <span class='ocrx_word' id='word_1_213' title='bbox 1466 1578 1571 1640; x_wconf 89' lang='lat' dir='ltr'><strong>proprio</strong></span> <span class='ocrx_word' id='word_1_214' title='bbox 1589 1587 1716 1644; x_wconf 88' lang='lat' dir='ltr'><strong>conceptu</strong></span> 
     </span>
     <span class='ocr_line' id='line_1_32' title="bbox 949 1643 1786 1712; baseline 0.011 -21"><span class='ocrx_word' id='word_1_215' title='bbox 949 1656 999 1692; x_wconf 92' lang='lat' dir='ltr'><strong>non</strong></span> <span class='ocrx_word' id='word_1_216' title='bbox 1018 1643 1138 1706; x_wconf 87' lang='lat' dir='ltr'><strong>includit,</strong></span> <span class='ocrx_word' id='word_1_217' title='bbox 1149 1645 1217 1708; x_wconf 88' lang='lat' dir='ltr'><strong>quod</strong></span> <span class='ocrx_word' id='word_1_218' title='bbox 1230 1647 1264 1696; x_wconf 92' lang='lat' dir='ltr'><strong>sit</strong></span> <span class='ocrx_word' id='word_1_219' title='bbox 1283 1657 1373 1709; x_wconf 87' lang='lat' dir='ltr'><strong>poena;</strong></span> <span class='ocrx_word' id='word_1_220' title='bbox 1386 1647 1487 1710; x_wconf 91' lang='lat' dir='ltr'><strong>saepius</strong></span> <span class='ocrx_word' id='word_1_221' title='bbox 1506 1653 1607 1698; x_wconf 91' lang='lat' dir='ltr'><strong>nonest</strong></span> <span class='ocrx_word' id='word_1_222' title='bbox 1626 1661 1717 1712; x_wconf 88' lang='lat' dir='ltr'><strong>poena,</strong></span> <span class='ocrx_word' id='word_1_223' title='bbox 1782 1647 1786 1656; x_wconf 91' lang='lat'><em>&#39;</em></span> 
     </span>
    </p>
   </div>
   <div class='ocr_carea' id='block_1_7' title="bbox 949 1711 1812 1770">
    <p class='ocr_par' dir='ltr' id='par_1_8' title="bbox 949 1711 1812 1770">
     <span class='ocr_line' id='line_1_33' title="bbox 949 1711 1812 1770; baseline 0.012 -9"><span class='ocrx_word' id='word_1_224' title='bbox 949 1711 1079 1763; x_wconf 87' lang='lat' dir='ltr'><strong>interdum</strong></span> <span class='ocrx_word' id='word_1_225' title='bbox 1098 1726 1160 1765; x_wconf 87' lang='lat' dir='ltr'><strong>vero</strong></span> <span class='ocrx_word' id='word_1_226' title='bbox 1178 1717 1225 1766; x_wconf 91' lang='lat' dir='ltr'><strong>sic.</strong></span> <span class='ocrx_word' id='word_1_227' title='bbox 1237 1715 1308 1765; x_wconf 77' lang='grc'><strong>-5,</strong></span> <span class='ocrx_word' id='word_1_228' title='bbox 1327 1714 1410 1766; x_wconf 84' lang='lat' dir='ltr'><strong>Prima</strong></span> <span class='ocrx_word' id='word_1_229' title='bbox 1429 1716 1569 1768; x_wconf 86' lang='lat' dir='ltr'><strong>conclusio.</strong></span> <span class='ocrx_word' id='word_1_230' title='bbox 1582 1719 1651 1768; x_wconf 86' lang='lat' dir='ltr'><strong>—ll.</strong></span> <span class='ocrx_word' id='word_1_231' title='bbox 1671 1719 1715 1770; x_wconf 90' lang='lat' dir='ltr'><strong>Se·</strong></span> <span class='ocrx_word' id='word_1_232' title='bbox 1808 1747 1812 1755; x_wconf 87' lang='lat'><strong>·</strong></span> 
     </span>
    </p>
   </div>
   <div class='ocr_carea' id='block_1_8' title="bbox 946 1782 1716 2115">
    <p class='ocr_par' dir='ltr' id='par_1_9' title="bbox 946 1782 1716 2115">
     <span class='ocr_line' id='line_1_34' title="bbox 947 1782 1715 1839; baseline 0.01 -8"><span class='ocrx_word' id='word_1_233' title='bbox 947 1782 1030 1832; x_wconf 90' lang='lat' dir='ltr'><strong>cunda</strong></span> <span class='ocrx_word' id='word_1_234' title='bbox 1043 1785 1185 1835; x_wconf 86' lang='lat' dir='ltr'><strong>conclusio.</strong></span> <span class='ocrx_word' id='word_1_235' title='bbox 1196 1813 1231 1822; x_wconf 93' lang='lat'>—</span> <span class='ocrx_word' id='word_1_236' title='bbox 1242 1787 1267 1835; x_wconf 86' lang='grc'><strong>7.</strong></span> <span class='ocrx_word' id='word_1_237' title='bbox 1281 1785 1368 1835; x_wconf 83' lang='lat' dir='ltr'><strong>Tertia</strong></span> <span class='ocrx_word' id='word_1_238' title='bbox 1386 1787 1525 1836; x_wconf 89' lang='lat' dir='ltr'><strong>conclusio.</strong></span> <span class='ocrx_word' id='word_1_239' title='bbox 1537 1813 1571 1824; x_wconf 91' lang='lat'>-</span> <span class='ocrx_word' id='word_1_240' title='bbox 1582 1787 1608 1837; x_wconf 88' lang='lat'><strong>8.</strong></span> <span class='ocrx_word' id='word_1_241' title='bbox 1620 1787 1715 1839; x_wconf 84' lang='lat' dir='ltr'><strong>Proba-</strong></span> 
     </span>
     <span class='ocr_line' id='line_1_35' title="bbox 948 1853 1715 1912; baseline 0.012 -11"><span class='ocrx_word' id='word_1_242' title='bbox 948 1857 992 1902; x_wconf 91' lang='lat' dir='ltr'><strong>tur</strong></span> <span class='ocrx_word' id='word_1_243' title='bbox 1006 1853 1068 1904; x_wconf 89' lang='lat' dir='ltr'><strong>baec</strong></span> <span class='ocrx_word' id='word_1_244' title='bbox 1082 1855 1160 1904; x_wconf 89' lang='lat' dir='ltr'><strong>tertia</strong></span> <span class='ocrx_word' id='word_1_245' title='bbox 1173 1855 1305 1912; x_wconf 80' lang='lat' dir='ltr'><strong>conclusio</strong></span> <span class='ocrx_word' id='word_1_246' title='bbox 1317 1855 1549 1906; x_wconf 81' lang='lat' dir='ltr'><strong>inductione-9.</strong></span> <span class='ocrx_word' id='word_1_247' title='bbox 1563 1857 1715 1910; x_wconf 83' lang='lat' dir='ltr'><strong>conciliatio</strong></span> 
     </span>
     <span class='ocr_line' id='line_1_36' title="bbox 946 1922 1716 1988; baseline 0.013 -19"><span class='ocrx_word' id='word_1_248' title='bbox 946 1922 1102 1984; x_wconf 89' lang='lat' dir='ltr'><strong>opinionum.</strong></span> <span class='ocrx_word' id='word_1_249' title='bbox 1113 1951 1148 1960; x_wconf 91' lang='lat'><em>-</em></span> <span class='ocrx_word' id='word_1_250' title='bbox 1159 1926 1201 1976; x_wconf 84' lang='lat' dir='ltr'><strong>to.</strong></span> <span class='ocrx_word' id='word_1_251' title='bbox 1214 1925 1242 1974; x_wconf 92' lang='lat' dir='ltr'><strong>ln</strong></span> <span class='ocrx_word' id='word_1_252' title='bbox 1254 1924 1342 1974; x_wconf 89' lang='lat' dir='ltr'><strong>eadem</strong></span> <span class='ocrx_word' id='word_1_253' title='bbox 1356 1925 1413 1987; x_wconf 80' lang='lat' dir='ltr'><strong>lege</strong></span> <span class='ocrx_word' id='word_1_254' title='bbox 1426 1931 1511 1988; x_wconf 89' lang='lat' dir='ltr'><strong>potest</strong></span> <span class='ocrx_word' id='word_1_255' title='bbox 1524 1925 1588 1976; x_wconf 88' lang='lat' dir='ltr'><strong>terri</strong></span> <span class='ocrx_word' id='word_1_256' title='bbox 1601 1927 1716 1980; x_wconf 83' lang='lat' dir='ltr'><strong>irritatio</strong></span> 
     </span>
     <span class='ocr_line' id='line_1_37' title="bbox 946 1994 1715 2060; baseline 0.01 -20"><span class='ocrx_word' id='word_1_257' title='bbox 946 1999 1019 2042; x_wconf 90' lang='lat' dir='ltr'><strong>actus</strong></span> <span class='ocrx_word' id='word_1_258' title='bbox 1030 2005 1075 2056; x_wconf 88' lang='lat' dir='ltr'><strong>per</strong></span> <span class='ocrx_word' id='word_1_259' title='bbox 1084 2007 1113 2044; x_wconf 88' lang='lat' dir='ltr'><strong>ss</strong></span> <span class='ocrx_word' id='word_1_260' title='bbox 1123 1994 1148 2043; x_wconf 92' lang='lat' dir='ltr'><strong>in</strong></span> <span class='ocrx_word' id='word_1_261' title='bbox 1159 1995 1254 2045; x_wconf 89' lang='lat' dir='ltr'><strong>bonum</strong></span> <span class='ocrx_word' id='word_1_262' title='bbox 1262 2006 1395 2046; x_wconf 89' lang='lat' dir='ltr'><strong>commone</strong></span> <span class='ocrx_word' id='word_1_263' title='bbox 1401 2001 1427 2045; x_wconf 93' lang='lat' dir='ltr'><strong>et</strong></span> <span class='ocrx_word' id='word_1_264' title='bbox 1437 1995 1514 2047; x_wconf 89' lang='lat' dir='ltr'><strong>simul</strong></span> <span class='ocrx_word' id='word_1_265' title='bbox 1524 1997 1551 2046; x_wconf 91' lang='lat' dir='ltr'><strong>in</strong></span> <span class='ocrx_word' id='word_1_266' title='bbox 1561 2009 1715 2060; x_wconf 84' lang='lat' dir='ltr'><strong>poenam.-</strong></span> 
     </span>
     <span class='ocr_line' id='line_1_38' title="bbox 948 2060 1237 2115; baseline 0.01 -3"><span class='ocrx_word' id='word_1_267' title='bbox 948 2060 1074 2113; x_wconf 81' lang='lat' dir='ltr'><strong>unitatur</strong></span> <span class='ocrx_word' id='word_1_268' title='bbox 1087 2064 1237 2115; x_wconf 88' lang='lat' dir='ltr'><strong>obiectioni.</strong></span> 
     </span>
    </p>
   </div>
   <div class='ocr_carea' id='block_1_9' title="bbox 952 2247 1713 2323">
    <p class='ocr_par' dir='ltr' id='par_1_10' title="bbox 952 2247 1713 2323">
     <span class='ocr_line' id='line_1_39' title="bbox 952 2247 1713 2323; baseline 0.007 -17"><span class='ocrx_word' id='word_1_269' title='bbox 952 2251 976 2306; x_wconf 91' lang='lat' dir='ltr'><strong>t.</strong></span> <span class='ocrx_word' id='word_1_270' title='bbox 993 2247 1070 2306; x_wconf 89' lang='lat' dir='ltr'><strong>Unus</strong></span> <span class='ocrx_word' id='word_1_271' title='bbox 1084 2264 1117 2306; x_wconf 84' lang='lat' dir='ltr'><strong>ex</strong></span> <span class='ocrx_word' id='word_1_272' title='bbox 1136 2247 1279 2306; x_wconf 80' lang='lat' dir='ltr'><strong>effectibus</strong></span> <span class='ocrx_word' id='word_1_273' title='bbox 1299 2248 1367 2323; x_wconf 80' lang='lat' dir='ltr'><strong>legis</strong></span> <span class='ocrx_word' id='word_1_274' title='bbox 1388 2248 1524 2307; x_wconf 86' lang='lat' dir='ltr'><strong>humanae</strong></span> <span class='ocrx_word' id='word_1_275' title='bbox 1543 2259 1586 2308; x_wconf 88' lang='lat' dir='ltr'><strong>est</strong></span> <span class='ocrx_word' id='word_1_276' title='bbox 1605 2253 1713 2311; x_wconf 88' lang='lat' dir='ltr'><strong>irritare</strong></span> 
     </span>
    </p>
   </div>
   <div class='ocr_carea' id='block_1_10' title="bbox 90 2337 1715 5378">
    <p class='ocr_par' dir='ltr' id='par_1_11' title="bbox 90 2337 1715 4654">
     <span class='ocr_line' id='line_1_40' title="bbox 90 2337 1715 2416; baseline 0.003 -22"><span class='ocrx_word' id='word_1_277' title='bbox 90 2355 146 2410; x_wconf 90' lang='lat' dir='ltr'><strong>quae</strong></span> <span class='ocrx_word' id='word_1_278' title='bbox 162 2339 245 2396; x_wconf 91' lang='lat' dir='ltr'><strong>minus</strong></span> <span class='ocrx_word' id='word_1_279' title='bbox 258 2346 340 2397; x_wconf 88' lang='lat' dir='ltr'><strong>certa</strong></span> <span class='ocrx_word' id='word_1_280' title='bbox 356 2345 432 2411; x_wconf 87' lang='lat' dir='ltr'><strong>sunt,</strong></span> <span class='ocrx_word' id='word_1_281' title='bbox 449 2339 598 2396; x_wconf 88' lang='lat' dir='ltr'><strong>satislacist</strong></span> <span class='ocrx_word' id='word_1_282' title='bbox 613 2339 676 2411; x_wconf 90' lang='lat' dir='ltr'><strong>quis</strong></span> <span class='ocrx_word' id='word_1_283' title='bbox 692 2353 758 2394; x_wconf 89' lang='lat' dir='ltr'><strong>snae</strong></span> <span class='ocrx_word' id='word_1_284' title='bbox 773 2339 875 2412; x_wconf 78' lang='lat' dir='ltr'><strong>obliga·</strong></span> <span class='ocrx_word' id='word_1_285' title='bbox 910 2342 1084 2407; x_wconf 86' lang='lat' dir='ltr'><strong>contractus,</strong></span> <span class='ocrx_word' id='word_1_286' title='bbox 1097 2345 1130 2395; x_wconf 94' lang='lat' dir='ltr'><strong>ut</strong></span> <span class='ocrx_word' id='word_1_287' title='bbox 1141 2339 1168 2393; x_wconf 92' lang='lat' dir='ltr'><strong>in</strong></span> <span class='ocrx_word' id='word_1_288' title='bbox 1183 2338 1371 2411; x_wconf 88' lang='lat' dir='ltr'><strong>superioribus</strong></span> <span class='ocrx_word' id='word_1_289' title='bbox 1383 2337 1513 2411; x_wconf 87' lang='lat' dir='ltr'><strong>diximus,</strong></span> <span class='ocrx_word' id='word_1_290' title='bbox 1525 2345 1636 2397; x_wconf 89' lang='lat' dir='ltr'><strong>etnunc</strong></span> <span class='ocrx_word' id='word_1_291' title='bbox 1649 2359 1715 2416; x_wconf 90' lang='lat' dir='ltr'><strong>sup·</strong></span> 
     </span>
     <span class='ocr_line' id='line_1_41' title="bbox 90 2427 1715 2503; baseline 0.002 -19"><span class='ocrx_word' id='word_1_292' title='bbox 90 2430 153 2500; x_wconf 80' lang='lat' dir='ltr'><strong>ttoni,</strong></span> <span class='ocrx_word' id='word_1_293' title='bbox 166 2428 207 2484; x_wconf 90' lang='lat' dir='ltr'><strong>illa</strong></span> <span class='ocrx_word' id='word_1_294' title='bbox 221 2429 368 2500; x_wconf 81' lang='lat' dir='ltr'><strong>solvendo,</strong></span> <span class='ocrx_word' id='word_1_295' title='bbox 383 2429 533 2486; x_wconf 87' lang='lat' dir='ltr'><strong>dummodo</strong></span> <span class='ocrx_word' id='word_1_296' title='bbox 547 2433 622 2486; x_wconf 88' lang='lat' dir='ltr'><strong>iusta</strong></span> <span class='ocrx_word' id='word_1_297' title='bbox 635 2431 772 2502; x_wconf 86' lang='lat' dir='ltr'><strong>quantitas</strong></span> <span class='ocrx_word' id='word_1_298' title='bbox 788 2428 875 2486; x_wconf 91' lang='lat' dir='ltr'><strong>tribu·</strong></span> <span class='ocrx_word' id='word_1_299' title='bbox 909 2428 1035 2498; x_wconf 89' lang='lat' dir='ltr'><strong>ponimus</strong></span> <span class='ocrx_word' id='word_1_300' title='bbox 1051 2433 1182 2500; x_wconf 85' lang='lat' dir='ltr'><strong>tanquam</strong></span> <span class='ocrx_word' id='word_1_301' title='bbox 1193 2427 1366 2485; x_wconf 75' lang='lat' dir='ltr'><strong>manifestum</strong></span> <span class='ocrx_word' id='word_1_302' title='bbox 1378 2444 1411 2485; x_wconf 87' lang='lat' dir='ltr'><strong>ex</strong></span> <span class='ocrx_word' id='word_1_303' title='bbox 1422 2445 1476 2485; x_wconf 90' lang='lat' dir='ltr'><strong>usu</strong></span> <span class='ocrx_word' id='word_1_304' title='bbox 1487 2430 1633 2503; x_wconf 91' lang='lat' dir='ltr'><strong>utriusque</strong></span> <span class='ocrx_word' id='word_1_305' title='bbox 1646 2431 1715 2490; x_wconf 89' lang='lat' dir='ltr'><strong>iuris</strong></span> 
     </span>
     <span class='ocr_line' id='line_1_42' title="bbox 90 2515 1712 2591; baseline 0.003 -18"><span class='ocrx_word' id='word_1_306' title='bbox 90 2525 164 2574; x_wconf 91' lang='lat' dir='ltr'><strong>torum</strong></span> <span class='ocrx_word' id='word_1_307' title='bbox 181 2519 372 2590; x_wconf 79' lang='lat' dir='ltr'><strong>persolvatur3</strong></span> <span class='ocrx_word' id='word_1_308' title='bbox 387 2535 450 2574; x_wconf 91' lang='lat' dir='ltr'><strong>nam</strong></span> <span class='ocrx_word' id='word_1_309' title='bbox 465 2519 500 2574; x_wconf 90' lang='lat' dir='ltr'><strong>ibi</strong></span> <span class='ocrx_word' id='word_1_310' title='bbox 516 2517 652 2591; x_wconf 87' lang='lat' dir='ltr'><strong>quaedam</strong></span> <span class='ocrx_word' id='word_1_311' title='bbox 667 2518 749 2574; x_wconf 90' lang='lat' dir='ltr'><strong>tacita</strong></span> <span class='ocrx_word' id='word_1_312' title='bbox 763 2533 872 2574; x_wconf 92' lang='lat' dir='ltr'><strong>recom-</strong></span> <span class='ocrx_word' id='word_1_313' title='bbox 908 2515 995 2572; x_wconf 84' lang='lat' dir='ltr'><strong>civilis</strong></span> <span class='ocrx_word' id='word_1_314' title='bbox 1010 2523 1039 2574; x_wconf 91' lang='lat' dir='ltr'><strong>et</strong></span> <span class='ocrx_word' id='word_1_315' title='bbox 1052 2517 1242 2574; x_wconf 90' lang='lat' dir='ltr'><strong>canonici.Sic</strong></span> <span class='ocrx_word' id='word_1_316' title='bbox 1256 2519 1365 2574; x_wconf 90' lang='lat' dir='ltr'><strong>enimin</strong></span> <span class='ocrx_word' id='word_1_317' title='bbox 1378 2519 1552 2576; x_wconf 80' lang='lat' dir='ltr'><strong>conficiendis</strong></span> <span class='ocrx_word' id='word_1_318' title='bbox 1565 2527 1712 2580; x_wconf 87' lang='lat' dir='ltr'><strong>testamen·</strong></span> 
     </span>
     <span class='ocr_line' id='line_1_43' title="bbox 91 2606 1713 2683; baseline 0.004 -20"><span class='ocrx_word' id='word_1_319' title='bbox 91 2611 192 2678; x_wconf 86' lang='lat' dir='ltr'><strong>pensatio</strong></span> <span class='ocrx_word' id='word_1_320' title='bbox 208 2610 368 2665; x_wconf 82' lang='lat' dir='ltr'><strong>intervenit.</strong></span> <span class='ocrx_word' id='word_1_321' title='bbox 383 2608 435 2666; x_wconf 89' lang='lat' dir='ltr'><strong>llbi</strong></span> <span class='ocrx_word' id='word_1_322' title='bbox 449 2615 542 2665; x_wconf 89' lang='lat' dir='ltr'><strong>auteur</strong></span> <span class='ocrx_word' id='word_1_323' title='bbox 560 2625 592 2664; x_wconf 86' lang='lat' dir='ltr'><strong>ex</strong></span> <span class='ocrx_word' id='word_1_324' title='bbox 608 2608 823 2680; x_wconf 90' lang='lat' dir='ltr'><strong>improportiono</strong></span> <span class='ocrx_word' id='word_1_325' title='bbox 838 2607 872 2664; x_wconf 90' lang='lat' dir='ltr'><strong>od</strong></span> <span class='ocrx_word' id='word_1_326' title='bbox 908 2606 955 2678; x_wconf 89' lang='lat' dir='ltr'><strong>tis,</strong></span> <span class='ocrx_word' id='word_1_327' title='bbox 973 2613 1000 2663; x_wconf 92' lang='lat' dir='ltr'><strong>et</strong></span> <span class='ocrx_word' id='word_1_328' title='bbox 1017 2608 1043 2662; x_wconf 90' lang='lat' dir='ltr'><strong>in</strong></span> <span class='ocrx_word' id='word_1_329' title='bbox 1059 2607 1248 2664; x_wconf 84' lang='lat' dir='ltr'><strong>contractibus</strong></span> <span class='ocrx_word' id='word_1_330' title='bbox 1261 2607 1413 2680; x_wconf 89' lang='lat' dir='ltr'><strong>minorum,</strong></span> <span class='ocrx_word' id='word_1_331' title='bbox 1429 2615 1457 2665; x_wconf 94' lang='lat' dir='ltr'><strong>et</strong></span> <span class='ocrx_word' id='word_1_332' title='bbox 1470 2608 1627 2683; x_wconf 91' lang='lat' dir='ltr'><strong>mulierum,</strong></span> <span class='ocrx_word' id='word_1_333' title='bbox 1643 2618 1671 2668; x_wconf 91' lang='lat' dir='ltr'><strong>et</strong></span> <span class='ocrx_word' id='word_1_334' title='bbox 1685 2614 1713 2670; x_wconf 90' lang='lat' dir='ltr'><strong>ln</strong></span> 
     </span>
     <span class='ocr_line' id='line_1_44' title="bbox 92 2686 1711 2772; baseline 0.003 -18"><span class='ocrx_word' id='word_1_335' title='bbox 92 2715 213 2768; x_wconf 85' lang='lat' dir='ltr'><strong>personam</strong></span> <span class='ocrx_word' id='word_1_336' title='bbox 236 2716 291 2756; x_wconf 91' lang='lat' dir='ltr'><strong>non</strong></span> <span class='ocrx_word' id='word_1_337' title='bbox 308 2705 427 2772; x_wconf 88' lang='lat' dir='ltr'><strong>apparet</strong></span> <span class='ocrx_word' id='word_1_338' title='bbox 436 2715 579 2770; x_wconf 88' lang='lat' dir='ltr'><strong>excessus,</strong></span> <span class='ocrx_word' id='word_1_339' title='bbox 591 2705 618 2755; x_wconf 94' lang='lat' dir='ltr'><strong>et</strong></span> <span class='ocrx_word' id='word_1_340' title='bbox 632 2699 722 2755; x_wconf 87' lang='lat' dir='ltr'><strong>solum</strong></span> <span class='ocrx_word' id='word_1_341' title='bbox 734 2700 826 2771; x_wconf 78' lang='lat' dir='ltr'><strong>agitur</strong></span> <span class='ocrx_word' id='word_1_342' title='bbox 840 2696 874 2755; x_wconf 91' lang='lat' dir='ltr'><strong>de</strong></span> <span class='ocrx_word' id='word_1_343' title='bbox 908 2697 985 2753; x_wconf 90' lang='lat' dir='ltr'><strong>bonis</strong></span> <span class='ocrx_word' id='word_1_344' title='bbox 1004 2686 1211 2770; x_wconf 87' lang='lat' dir='ltr'><strong>ecclesiasticis,</strong></span> <span class='ocrx_word' id='word_1_345' title='bbox 1222 2702 1251 2754; x_wconf 92' lang='lat' dir='ltr'><strong>et</strong></span> <span class='ocrx_word' id='word_1_346' title='bbox 1264 2697 1290 2752; x_wconf 92' lang='lat' dir='ltr'><strong>in</strong></span> <span class='ocrx_word' id='word_1_347' title='bbox 1304 2699 1363 2769; x_wconf 90' lang='lat' dir='ltr'><strong>ipso</strong></span> <span class='ocrx_word' id='word_1_348' title='bbox 1373 2699 1453 2755; x_wconf 88' lang='lat' dir='ltr'><strong>etiam</strong></span> <span class='ocrx_word' id='word_1_349' title='bbox 1469 2707 1642 2758; x_wconf 88' lang='lat' dir='ltr'><strong>sacramento</strong></span> <span class='ocrx_word' id='word_1_350' title='bbox 1654 2717 1711 2759; x_wconf 86' lang='lat' dir='ltr'><strong>ma·</strong></span> 
     </span>
     <span class='ocr_line' id='line_1_45' title="bbox 91 2787 1715 2864; baseline 0.005 -24"><span class='ocrx_word' id='word_1_351' title='bbox 91 2788 172 2842; x_wconf 84' lang='lat' dir='ltr'><strong>iustitia</strong></span> <span class='ocrx_word' id='word_1_352' title='bbox 188 2787 227 2844; x_wconf 86' lang='lat' dir='ltr'><strong>rel</strong></span> <span class='ocrx_word' id='word_1_353' title='bbox 245 2787 380 2846; x_wconf 90' lang='lat' dir='ltr'><strong>iniustitia</strong></span> <span class='ocrx_word' id='word_1_354' title='bbox 395 2789 503 2857; x_wconf 89' lang='lat' dir='ltr'><strong>tributi,</strong></span> <span class='ocrx_word' id='word_1_355' title='bbox 518 2787 630 2860; x_wconf 79' lang='lat' dir='ltr'><strong>legulae</strong></span> <span class='ocrx_word' id='word_1_356' title='bbox 645 2789 802 2860; x_wconf 82' lang='lat' dir='ltr'><strong>assignatae</strong></span> <span class='ocrx_word' id='word_1_357' title='bbox 817 2802 874 2844; x_wconf 90' lang='lat' dir='ltr'><strong>scr·</strong></span> <span class='ocrx_word' id='word_1_358' title='bbox 908 2787 1026 2845; x_wconf 91' lang='lat' dir='ltr'><strong>trimonii</strong></span> <span class='ocrx_word' id='word_1_359' title='bbox 1046 2787 1152 2860; x_wconf 88' lang='lat' dir='ltr'><strong>aliquae</strong></span> <span class='ocrx_word' id='word_1_360' title='bbox 1163 2787 1332 2862; x_wconf 85' lang='lat' dir='ltr'><strong>conditiones</strong></span> <span class='ocrx_word' id='word_1_361' title='bbox 1344 2795 1410 2844; x_wconf 86' lang='lat' dir='ltr'><strong>sunt</strong></span> <span class='ocrx_word' id='word_1_362' title='bbox 1420 2789 1479 2845; x_wconf 91' lang='lat' dir='ltr'><strong>iure</strong></span> <span class='ocrx_word' id='word_1_363' title='bbox 1490 2789 1610 2846; x_wconf 88' lang='lat' dir='ltr'><strong>humano</strong></span> <span class='ocrx_word' id='word_1_364' title='bbox 1621 2791 1715 2864; x_wconf 92' lang='lat' dir='ltr'><strong>requi·</strong></span> 
     </span>
     <span class='ocr_line' id='line_1_46' title="bbox 92 2876 1715 2951; baseline 0.006 -21"><span class='ocrx_word' id='word_1_365' title='bbox 92 2876 175 2933; x_wconf 80' lang='lat' dir='ltr'><strong>candae</strong></span> <span class='ocrx_word' id='word_1_366' title='bbox 196 2884 269 2935; x_wconf 87' lang='lat' dir='ltr'><strong>sunt.</strong></span> <span class='ocrx_word' id='word_1_367' title='bbox 287 2879 388 2951; x_wconf 81' lang='lat' dir='ltr'><strong>Neque</strong></span> <span class='ocrx_word' id='word_1_368' title='bbox 402 2877 520 2933; x_wconf 87' lang='lat' dir='ltr'><strong>obstabit</strong></span> <span class='ocrx_word' id='word_1_369' title='bbox 536 2877 602 2933; x_wconf 92' lang='lat' dir='ltr'><strong>buic</strong></span> <span class='ocrx_word' id='word_1_370' title='bbox 615 2879 704 2934; x_wconf 84' lang='lat' dir='ltr'><strong>iustae</strong></span> <span class='ocrx_word' id='word_1_371' title='bbox 717 2876 875 2934; x_wconf 87' lang='lat' dir='ltr'><strong>considera·</strong></span> <span class='ocrx_word' id='word_1_372' title='bbox 908 2879 986 2949; x_wconf 90' lang='lat' dir='ltr'><strong>sitae,</strong></span> <span class='ocrx_word' id='word_1_373' title='bbox 1009 2878 1065 2934; x_wconf 92' lang='lat' dir='ltr'><strong>sine</strong></span> <span class='ocrx_word' id='word_1_374' title='bbox 1080 2877 1180 2950; x_wconf 91' lang='lat' dir='ltr'><strong>quibus</strong></span> <span class='ocrx_word' id='word_1_375' title='bbox 1202 2884 1362 2935; x_wconf 90' lang='lat' dir='ltr'><strong>contractus</strong></span> <span class='ocrx_word' id='word_1_376' title='bbox 1382 2884 1494 2936; x_wconf 91' lang='lat' dir='ltr'><strong>nonest</strong></span> <span class='ocrx_word' id='word_1_377' title='bbox 1513 2878 1619 2936; x_wconf 83' lang='lat' dir='ltr'><strong>validus</strong></span> <span class='ocrx_word' id='word_1_378' title='bbox 1636 2897 1670 2938; x_wconf 84' lang='lat' dir='ltr'><strong>ox</strong></span> <span class='ocrx_word' id='word_1_379' title='bbox 1687 2884 1715 2940; x_wconf 82' lang='lat' dir='ltr'><strong>ri</strong></span> 
     </span>
     <span class='ocr_line' id='line_1_47' title="bbox 90 2965 1712 3044; baseline 0.007 -27"><span class='ocrx_word' id='word_1_380' title='bbox 90 2965 141 3020; x_wconf 89' lang='lat' dir='ltr'><strong>tioni</strong></span> <span class='ocrx_word' id='word_1_381' title='bbox 154 2975 180 3022; x_wconf 88' lang='lat' dir='ltr'><strong>et</strong></span> <span class='ocrx_word' id='word_1_382' title='bbox 189 2968 316 3037; x_wconf 91' lang='lat' dir='ltr'><strong>prudenti</strong></span> <span class='ocrx_word' id='word_1_383' title='bbox 330 2965 444 3036; x_wconf 89' lang='lat' dir='ltr'><strong>iudicio,</strong></span> <span class='ocrx_word' id='word_1_384' title='bbox 456 2966 531 3038; x_wconf 93' lang='lat' dir='ltr'><strong>quod</strong></span> <span class='ocrx_word' id='word_1_385' title='bbox 543 2967 645 3022; x_wconf 90' lang='lat' dir='ltr'><strong>tributa</strong></span> <span class='ocrx_word' id='word_1_386' title='bbox 656 2965 811 3037; x_wconf 89' lang='lat' dir='ltr'><strong>pendantur</strong></span> <span class='ocrx_word' id='word_1_387' title='bbox 822 2983 872 3038; x_wconf 90' lang='lat' dir='ltr'><strong>prr·</strong></span> <span class='ocrx_word' id='word_1_388' title='bbox 907 2965 1031 3024; x_wconf 89' lang='lat' dir='ltr'><strong>eiusdem</strong></span> <span class='ocrx_word' id='word_1_389' title='bbox 1056 2967 1121 3023; x_wconf 91' lang='lat' dir='ltr'><strong>iuris</strong></span> <span class='ocrx_word' id='word_1_390' title='bbox 1141 2967 1263 3023; x_wconf 89' lang='lat' dir='ltr'><strong>humani.</strong></span> <span class='ocrx_word' id='word_1_391' title='bbox 1279 2967 1356 3024; x_wconf 86' lang='lat' dir='ltr'><strong>Ratio</strong></span> <span class='ocrx_word' id='word_1_392' title='bbox 1378 2977 1470 3025; x_wconf 87' lang='lat' dir='ltr'><strong>autem</strong></span> <span class='ocrx_word' id='word_1_393' title='bbox 1484 2985 1536 3026; x_wconf 91' lang='lat' dir='ltr'><strong>cur</strong></span> <span class='ocrx_word' id='word_1_394' title='bbox 1557 2969 1609 3027; x_wconf 92' lang='lat' dir='ltr'><strong>hoc</strong></span> <span class='ocrx_word' id='word_1_395' title='bbox 1624 2973 1712 3044; x_wconf 88' lang='lat' dir='ltr'><strong>possit</strong></span> 
     </span>
     <span class='ocr_line' id='line_1_48' title="bbox 90 3054 1713 3134; baseline 0.007 -25"><span class='ocrx_word' id='word_1_396' title='bbox 90 3054 187 3127; x_wconf 90' lang='lat' dir='ltr'><strong>blicano,</strong></span> <span class='ocrx_word' id='word_1_397' title='bbox 206 3059 251 3130; x_wconf 88' lang='lat' dir='ltr'><strong>qui</strong></span> <span class='ocrx_word' id='word_1_398' title='bbox 272 3057 320 3112; x_wconf 91' lang='lat' dir='ltr'><strong>illa</strong></span> <span class='ocrx_word' id='word_1_399' title='bbox 342 3057 486 3129; x_wconf 85' lang='lat' dir='ltr'><strong>conduxit,</strong></span> <span class='ocrx_word' id='word_1_400' title='bbox 509 3072 558 3113; x_wconf 90' lang='lat' dir='ltr'><strong>seu</strong></span> <span class='ocrx_word' id='word_1_401' title='bbox 579 3056 655 3128; x_wconf 90' lang='lat' dir='ltr'><strong>emit,</strong></span> <span class='ocrx_word' id='word_1_402' title='bbox 675 3059 741 3128; x_wconf 92' lang='lat' dir='ltr'><strong>quia</strong></span> <span class='ocrx_word' id='word_1_403' title='bbox 761 3063 874 3128; x_wconf 90' lang='lat' dir='ltr'><strong>propter</strong></span> <span class='ocrx_word' id='word_1_404' title='bbox 908 3056 999 3114; x_wconf 90' lang='lat' dir='ltr'><strong>lacere</strong></span> <span class='ocrx_word' id='word_1_405' title='bbox 1014 3056 1057 3114; x_wconf 85' lang='lat' dir='ltr'><strong>lex</strong></span> <span class='ocrx_word' id='word_1_406' title='bbox 1078 3056 1208 3130; x_wconf 91' lang='lat' dir='ltr'><strong>humano,</strong></span> <span class='ocrx_word' id='word_1_407' title='bbox 1225 3062 1282 3128; x_wconf 91' lang='lat' dir='ltr'><strong>est,</strong></span> <span class='ocrx_word' id='word_1_408' title='bbox 1298 3057 1360 3130; x_wconf 86' lang='lat' dir='ltr'><strong>quia</strong></span> <span class='ocrx_word' id='word_1_409' title='bbox 1374 3074 1428 3114; x_wconf 90' lang='lat' dir='ltr'><strong>non</strong></span> <span class='ocrx_word' id='word_1_410' title='bbox 1443 3068 1581 3134; x_wconf 86' lang='lat' dir='ltr'><strong>repugnat</strong></span> <span class='ocrx_word' id='word_1_411' title='bbox 1594 3060 1645 3134; x_wconf 80' lang='lat' dir='ltr'><strong>legi</strong></span> <span class='ocrx_word' id='word_1_412' title='bbox 1664 3077 1713 3122; x_wconf 87' lang='lat' dir='ltr'><strong>na·</strong></span> 
     </span>
     <span class='ocr_line' id='line_1_49' title="bbox 91 3145 1713 3226; baseline 0.009 -28"><span class='ocrx_word' id='word_1_413' title='bbox 91 3153 240 3202; x_wconf 89' lang='lat' dir='ltr'><strong>contractum</strong></span> <span class='ocrx_word' id='word_1_414' title='bbox 258 3145 399 3216; x_wconf 92' lang='lat' dir='ltr'><strong>publicani</strong></span> <span class='ocrx_word' id='word_1_415' title='bbox 413 3161 479 3202; x_wconf 92' lang='lat' dir='ltr'><strong>cum</strong></span> <span class='ocrx_word' id='word_1_416' title='bbox 495 3160 577 3218; x_wconf 80' lang='lat' dir='ltr'><strong>rege,</strong></span> <span class='ocrx_word' id='word_1_417' title='bbox 593 3161 646 3202; x_wconf 93' lang='lat' dir='ltr'><strong>non</strong></span> <span class='ocrx_word' id='word_1_418' title='bbox 667 3152 785 3218; x_wconf 80' lang='lat' dir='ltr'><strong>augetur</strong></span> <span class='ocrx_word' id='word_1_419' title='bbox 799 3147 874 3202; x_wconf 90' lang='lat' dir='ltr'><strong>debi·</strong></span> <span class='ocrx_word' id='word_1_420' title='bbox 908 3147 999 3219; x_wconf 89' lang='lat' dir='ltr'><strong>turali,</strong></span> <span class='ocrx_word' id='word_1_421' title='bbox 1019 3155 1047 3204; x_wconf 92' lang='lat' dir='ltr'><strong>et</strong></span> <span class='ocrx_word' id='word_1_422' title='bbox 1061 3145 1162 3219; x_wconf 89' lang='lat' dir='ltr'><strong>alloqui</strong></span> <span class='ocrx_word' id='word_1_423' title='bbox 1176 3147 1283 3218; x_wconf 87' lang='lat' dir='ltr'><strong>expedit</strong></span> <span class='ocrx_word' id='word_1_424' title='bbox 1297 3147 1330 3203; x_wconf 90' lang='lat' dir='ltr'><strong>ad</strong></span> <span class='ocrx_word' id='word_1_425' title='bbox 1345 3163 1491 3206; x_wconf 89' lang='lat' dir='ltr'><strong>commune</strong></span> <span class='ocrx_word' id='word_1_426' title='bbox 1502 3150 1604 3206; x_wconf 90' lang='lat' dir='ltr'><strong>bonum</strong></span> <span class='ocrx_word' id='word_1_427' title='bbox 1619 3155 1713 3226; x_wconf 90' lang='lat' dir='ltr'><strong>reipu-</strong></span> 
     </span>
     <span class='ocr_line' id='line_1_50' title="bbox 93 3234 1709 3312; baseline 0.008 -24"><span class='ocrx_word' id='word_1_428' title='bbox 93 3243 137 3289; x_wconf 89' lang='lat' dir='ltr'><strong>tum</strong></span> <span class='ocrx_word' id='word_1_429' title='bbox 151 3235 330 3300; x_wconf 89' lang='lat' dir='ltr'><strong>subditorum,</strong></span> <span class='ocrx_word' id='word_1_430' title='bbox 346 3241 374 3291; x_wconf 88' lang='lat' dir='ltr'><strong>et</strong></span> <span class='ocrx_word' id='word_1_431' title='bbox 388 3234 551 3308; x_wconf 90' lang='lat' dir='ltr'><strong>publicanus</strong></span> <span class='ocrx_word' id='word_1_432' title='bbox 567 3234 736 3308; x_wconf 79' lang='lat' dir='ltr'><strong>subrogatur</strong></span> <span class='ocrx_word' id='word_1_433' title='bbox 751 3235 813 3293; x_wconf 92' lang='lat' dir='ltr'><strong>loco</strong></span> <span class='ocrx_word' id='word_1_434' title='bbox 827 3251 871 3292; x_wconf 91' lang='lat' dir='ltr'><strong>re·</strong></span> <span class='ocrx_word' id='word_1_435' title='bbox 906 3236 1008 3309; x_wconf 91' lang='lat' dir='ltr'><strong>blicae,</strong></span> <span class='ocrx_word' id='word_1_436' title='bbox 1031 3243 1064 3293; x_wconf 92' lang='lat' dir='ltr'><strong>ut</strong></span> <span class='ocrx_word' id='word_1_437' title='bbox 1084 3235 1144 3292; x_wconf 89' lang='lat' dir='ltr'><strong>talis</strong></span> <span class='ocrx_word' id='word_1_438' title='bbox 1163 3241 1284 3307; x_wconf 88' lang='lat' dir='ltr'><strong>potestas</strong></span> <span class='ocrx_word' id='word_1_439' title='bbox 1305 3235 1388 3294; x_wconf 89' lang='lat' dir='ltr'><strong>sitin</strong></span> <span class='ocrx_word' id='word_1_440' title='bbox 1408 3237 1559 3312; x_wconf 85' lang='lat' dir='ltr'><strong>republica,</strong></span> <span class='ocrx_word' id='word_1_441' title='bbox 1580 3255 1628 3297; x_wconf 91' lang='lat' dir='ltr'><strong>seu</strong></span> <span class='ocrx_word' id='word_1_442' title='bbox 1648 3245 1709 3300; x_wconf 88' lang='lat' dir='ltr'><strong>eius</strong></span> 
     </span>
     <span class='ocr_line' id='line_1_51' title="bbox 91 3325 1710 3400; baseline 0.009 -24"><span class='ocrx_word' id='word_1_443' title='bbox 91 3325 134 3394; x_wconf 79' lang='lat' dir='ltr'><strong>gis:</strong></span> <span class='ocrx_word' id='word_1_444' title='bbox 147 3325 241 3381; x_wconf 86' lang='lat' dir='ltr'><strong>ntideo</strong></span> <span class='ocrx_word' id='word_1_445' title='bbox 254 3343 288 3383; x_wconf 88' lang='lat' dir='ltr'><strong>eo</strong></span> <span class='ocrx_word' id='word_1_446' title='bbox 304 3325 406 3396; x_wconf 90' lang='lat' dir='ltr'><strong>modo,</strong></span> <span class='ocrx_word' id='word_1_447' title='bbox 422 3333 449 3380; x_wconf 93' lang='lat' dir='ltr'><strong>et</strong></span> <span class='ocrx_word' id='word_1_448' title='bbox 462 3341 528 3382; x_wconf 88' lang='lat' dir='ltr'><strong>curn</strong></span> <span class='ocrx_word' id='word_1_449' title='bbox 544 3325 595 3381; x_wconf 90' lang='lat' dir='ltr'><strong>illis</strong></span> <span class='ocrx_word' id='word_1_450' title='bbox 611 3325 815 3382; x_wconf 89' lang='lat' dir='ltr'><strong>limitationibus</strong></span> <span class='ocrx_word' id='word_1_451' title='bbox 830 3327 874 3384; x_wconf 84' lang='lat' dir='ltr'><strong>nel</strong></span> <span class='ocrx_word' id='word_1_452' title='bbox 908 3329 1040 3400; x_wconf 87' lang='lat' dir='ltr'><strong>principe.</strong></span> <span class='ocrx_word' id='word_1_453' title='bbox 1050 3325 1129 3383; x_wconf 88' lang='lat' dir='ltr'><strong>Prior</strong></span> <span class='ocrx_word' id='word_1_454' title='bbox 1144 3339 1207 3398; x_wconf 87' lang='lat' dir='ltr'><strong>pars</strong></span> <span class='ocrx_word' id='word_1_455' title='bbox 1223 3332 1342 3394; x_wconf 88' lang='lat' dir='ltr'><strong>constat,</strong></span> <span class='ocrx_word' id='word_1_456' title='bbox 1355 3329 1419 3400; x_wconf 88' lang='lat' dir='ltr'><strong>quia</strong></span> <span class='ocrx_word' id='word_1_457' title='bbox 1434 3326 1499 3384; x_wconf 89' lang='lat' dir='ltr'><strong>licet</strong></span> <span class='ocrx_word' id='word_1_458' title='bbox 1511 3336 1633 3400; x_wconf 89' lang='lat' dir='ltr'><strong>potestas</strong></span> <span class='ocrx_word' id='word_1_459' title='bbox 1644 3348 1710 3390; x_wconf 91' lang='lat' dir='ltr'><strong>con·</strong></span> 
     </span>
     <span class='ocr_line' id='line_1_52' title="bbox 92 3411 1713 3490; baseline 0.009 -24"><span class='ocrx_word' id='word_1_460' title='bbox 92 3411 299 3471; x_wconf 85' lang='lat' dir='ltr'><strong>moderationibus</strong></span> <span class='ocrx_word' id='word_1_461' title='bbox 318 3415 354 3470; x_wconf 88' lang='lat' dir='ltr'><strong>od</strong></span> <span class='ocrx_word' id='word_1_462' title='bbox 369 3414 445 3472; x_wconf 92' lang='lat' dir='ltr'><strong>illum</strong></span> <span class='ocrx_word' id='word_1_463' title='bbox 461 3421 615 3486; x_wconf 87' lang='lat' dir='ltr'><strong>transeunt,</strong></span> <span class='ocrx_word' id='word_1_464' title='bbox 633 3431 689 3488; x_wconf 93' lang='lat' dir='ltr'><strong>quo</strong></span> <span class='ocrx_word' id='word_1_465' title='bbox 704 3415 873 3474; x_wconf 85' lang='lat' dir='ltr'><strong>debebantur</strong></span> <span class='ocrx_word' id='word_1_466' title='bbox 908 3417 1033 3474; x_wconf 89' lang='lat' dir='ltr'><strong>trahendi</strong></span> <span class='ocrx_word' id='word_1_467' title='bbox 1056 3414 1143 3472; x_wconf 88' lang='lat' dir='ltr'><strong>valide</strong></span> <span class='ocrx_word' id='word_1_468' title='bbox 1150 3417 1186 3473; x_wconf 90' lang='lat' dir='ltr'><strong>sit</strong></span> <span class='ocrx_word' id='word_1_469' title='bbox 1194 3414 1327 3472; x_wconf 90' lang='lat' dir='ltr'><strong>naturalis</strong></span> <span class='ocrx_word' id='word_1_470' title='bbox 1340 3417 1452 3489; x_wconf 91' lang='lat' dir='ltr'><strong>bomini,</strong></span> <span class='ocrx_word' id='word_1_471' title='bbox 1467 3424 1555 3474; x_wconf 89' lang='lat' dir='ltr'><strong>tamen</strong></span> <span class='ocrx_word' id='word_1_472' title='bbox 1567 3425 1657 3490; x_wconf 92' lang='lat' dir='ltr'><strong>potest</strong></span> <span class='ocrx_word' id='word_1_473' title='bbox 1667 3423 1713 3480; x_wconf 87' lang='lat' dir='ltr'><strong>illa</strong></span> 
     </span>
     <span class='ocr_line' id='line_1_53' title="bbox 91 3493 1715 3583; baseline 0.009 -29"><span class='ocrx_word' id='word_1_474' title='bbox 91 3501 142 3570; x_wconf 73' lang='lat' dir='ltr'><strong>regi.</strong></span> <span class='ocrx_word' id='word_1_475' title='bbox 159 3505 273 3577; x_wconf 83' lang='lat' dir='ltr'><strong>lienique</strong></span> <span class='ocrx_word' id='word_1_476' title='bbox 287 3511 335 3561; x_wconf 88' lang='lat' dir='ltr'><strong>est</strong></span> <span class='ocrx_word' id='word_1_477' title='bbox 355 3507 487 3576; x_wconf 90' lang='lat' dir='ltr'><strong>optimum</strong></span> <span class='ocrx_word' id='word_1_478' title='bbox 506 3504 672 3576; x_wconf 89' lang='lat' dir='ltr'><strong>consilium,</strong></span> <span class='ocrx_word' id='word_1_479' title='bbox 687 3511 715 3560; x_wconf 93' lang='lat' dir='ltr'><strong>et</strong></span> <span class='ocrx_word' id='word_1_480' title='bbox 733 3506 873 3563; x_wconf 89' lang='lat' dir='ltr'><strong>moraliter</strong></span> <span class='ocrx_word' id='word_1_481' title='bbox 905 3507 1019 3580; x_wconf 86' lang='lat' dir='ltr'><strong>privari,</strong></span> <span class='ocrx_word' id='word_1_482' title='bbox 1039 3507 1111 3563; x_wconf 90' lang='lat' dir='ltr'><strong>sicut</strong></span> <span class='ocrx_word' id='word_1_483' title='bbox 1130 3511 1222 3578; x_wconf 89' lang='lat' dir='ltr'><strong>potest</strong></span> <span class='ocrx_word' id='word_1_484' title='bbox 1243 3506 1344 3577; x_wconf 76' lang='lat' dir='ltr'><strong>privari</strong></span> <span class='ocrx_word' id='word_1_485' title='bbox 1367 3507 1502 3583; x_wconf 73' lang='lat' dir='ltr'><strong>libertate,</strong></span> <span class='ocrx_word' id='word_1_486' title='bbox 1519 3523 1608 3581; x_wconf 90' lang='lat' dir='ltr'><strong>neque</strong></span> <span class='ocrx_word' id='word_1_487' title='bbox 1623 3493 1650 3566; x_wconf 93' lang='lat' dir='ltr'><strong>id</strong></span> <span class='ocrx_word' id='word_1_488' title='bbox 1670 3521 1715 3570; x_wconf 89' lang='lat' dir='ltr'><strong>est</strong></span> 
     </span>
     <span class='ocr_line' id='line_1_54' title="bbox 92 3593 1713 3672; baseline 0.01 -30"><span class='ocrx_word' id='word_1_489' title='bbox 92 3595 266 3665; x_wconf 85' lang='lat' dir='ltr'><strong>necessarium,</strong></span> <span class='ocrx_word' id='word_1_490' title='bbox 280 3601 312 3650; x_wconf 90' lang='lat' dir='ltr'><strong>nt</strong></span> <span class='ocrx_word' id='word_1_491' title='bbox 329 3594 382 3650; x_wconf 91' lang='lat' dir='ltr'><strong>boc</strong></span> <span class='ocrx_word' id='word_1_492' title='bbox 396 3593 527 3650; x_wconf 89' lang='lat' dir='ltr'><strong>iudicium</strong></span> <span class='ocrx_word' id='word_1_493' title='bbox 543 3593 698 3666; x_wconf 79' lang='lat' dir='ltr'><strong>practicam</strong></span> <span class='ocrx_word' id='word_1_494' title='bbox 711 3610 763 3650; x_wconf 92' lang='lat' dir='ltr'><strong>non</strong></span> <span class='ocrx_word' id='word_1_495' title='bbox 779 3596 825 3651; x_wconf 83' lang='lat' dir='ltr'><strong>irat</strong></span> <span class='ocrx_word' id='word_1_496' title='bbox 839 3597 872 3652; x_wconf 89' lang='lat' dir='ltr'><strong>ab</strong></span> <span class='ocrx_word' id='word_1_497' title='bbox 906 3603 1004 3653; x_wconf 91' lang='lat' dir='ltr'><strong>contra</strong></span> <span class='ocrx_word' id='word_1_498' title='bbox 1014 3599 1058 3652; x_wconf 91' lang='lat' dir='ltr'><strong>ius</strong></span> <span class='ocrx_word' id='word_1_499' title='bbox 1072 3602 1185 3652; x_wconf 91' lang='lat' dir='ltr'><strong>naturae</strong></span> <span class='ocrx_word' id='word_1_500' title='bbox 1206 3596 1422 3668; x_wconf 89' lang='lat' dir='ltr'><strong>praeceptivum,</strong></span> <span class='ocrx_word' id='word_1_501' title='bbox 1436 3595 1484 3652; x_wconf 90' lang='lat' dir='ltr'><strong>sed</strong></span> <span class='ocrx_word' id='word_1_502' title='bbox 1498 3599 1666 3672; x_wconf 83' lang='lat' dir='ltr'><strong>negativum,</strong></span> <span class='ocrx_word' id='word_1_503' title='bbox 1680 3609 1713 3658; x_wconf 93' lang='lat' dir='ltr'><strong>ut</strong></span> 
     </span>
     <span class='ocr_line' id='line_1_55' title="bbox 92 3683 1711 3776; baseline 0.009 -44"><span class='ocrx_word' id='word_1_504' title='bbox 92 3695 236 3755; x_wconf 87' lang='lat' dir='ltr'><strong>unoquoque</strong></span> <span class='ocrx_word' id='word_1_505' title='bbox 254 3684 288 3776; x_wconf 66' lang='lat' dir='ltr'><strong>de</strong></span> <span class='ocrx_word' id='word_1_506' title='bbox 311 3687 391 3757; x_wconf 71' lang='lat' dir='ltr'><strong>ipso,</strong></span> <span class='ocrx_word' id='word_1_507' title='bbox 408 3691 466 3740; x_wconf 88' lang='lat' dir='ltr'><strong>tum</strong></span> <span class='ocrx_word' id='word_1_508' title='bbox 482 3685 547 3756; x_wconf 91' lang='lat' dir='ltr'><strong>quia</strong></span> <span class='ocrx_word' id='word_1_509' title='bbox 564 3700 620 3740; x_wconf 90' lang='lat' dir='ltr'><strong>nnn</strong></span> <span class='ocrx_word' id='word_1_510' title='bbox 640 3683 710 3740; x_wconf 90' lang='lat' dir='ltr'><strong>solet</strong></span> <span class='ocrx_word' id='word_1_511' title='bbox 730 3686 792 3756; x_wconf 90' lang='lat' dir='ltr'><strong>quis</strong></span> <span class='ocrx_word' id='word_1_512' title='bbox 812 3699 873 3740; x_wconf 88' lang='lat' dir='ltr'><strong>esse</strong></span> <span class='ocrx_word' id='word_1_513' title='bbox 907 3701 991 3757; x_wconf 90' lang='lat' dir='ltr'><strong>supra</strong></span> <span class='ocrx_word' id='word_1_514' title='bbox 1010 3685 1057 3741; x_wconf 88' lang='lat' dir='ltr'><strong>lib.</strong></span> <span class='ocrx_word' id='word_1_515' title='bbox 1077 3687 1109 3740; x_wconf 92' lang='lat' dir='ltr'><strong>ll.</strong></span> <span class='ocrx_word' id='word_1_516' title='bbox 1123 3685 1291 3741; x_wconf 87' lang='lat' dir='ltr'><strong>declaratum</strong></span> <span class='ocrx_word' id='word_1_517' title='bbox 1312 3689 1362 3740; x_wconf 89' lang='lat' dir='ltr'><strong>cst.</strong></span> <span class='ocrx_word' id='word_1_518' title='bbox 1377 3686 1514 3742; x_wconf 90' lang='lat' dir='ltr'><strong>Posterior</strong></span> <span class='ocrx_word' id='word_1_519' title='bbox 1534 3693 1626 3743; x_wconf 89' lang='lat' dir='ltr'><strong>nutem</strong></span> <span class='ocrx_word' id='word_1_520' title='bbox 1647 3705 1711 3762; x_wconf 87' lang='lat' dir='ltr'><strong>pars</strong></span> 
     </span>
     <span class='ocr_line' id='line_1_56' title="bbox 93 3773 1712 3846; baseline 0.009 -24"><span class='ocrx_word' id='word_1_521' title='bbox 93 3783 178 3842; x_wconf 86' lang='lat' dir='ltr'><strong>aequus</strong></span> <span class='ocrx_word' id='word_1_522' title='bbox 191 3773 270 3830; x_wconf 89' lang='lat' dir='ltr'><strong>iudex</strong></span> <span class='ocrx_word' id='word_1_523' title='bbox 284 3773 312 3829; x_wconf 92' lang='lat' dir='ltr'><strong>in</strong></span> <span class='ocrx_word' id='word_1_524' title='bbox 329 3775 441 3845; x_wconf 86' lang='lat' dir='ltr'><strong>propria</strong></span> <span class='ocrx_word' id='word_1_525' title='bbox 455 3788 551 3845; x_wconf 70' lang='lat' dir='ltr'><strong>causa,</strong></span> <span class='ocrx_word' id='word_1_526' title='bbox 565 3780 625 3828; x_wconf 85' lang='lat' dir='ltr'><strong>tunt</strong></span> <span class='ocrx_word' id='word_1_527' title='bbox 639 3774 702 3846; x_wconf 86' lang='lat' dir='ltr'><strong>quia</strong></span> <span class='ocrx_word' id='word_1_528' title='bbox 717 3789 769 3828; x_wconf 91' lang='lat' dir='ltr'><strong>non</strong></span> <span class='ocrx_word' id='word_1_529' title='bbox 785 3773 873 3831; x_wconf 91' lang='lat' dir='ltr'><strong>solent</strong></span> <span class='ocrx_word' id='word_1_530' title='bbox 906 3781 1017 3831; x_wconf 88' lang='lat' dir='ltr'><strong>constat</strong></span> <span class='ocrx_word' id='word_1_531' title='bbox 1038 3774 1216 3845; x_wconf 83' lang='lat' dir='ltr'><strong>experientia,</strong></span> <span class='ocrx_word' id='word_1_532' title='bbox 1229 3774 1293 3846; x_wconf 90' lang='lat' dir='ltr'><strong>qnia</strong></span> <span class='ocrx_word' id='word_1_533' title='bbox 1307 3773 1340 3829; x_wconf 89' lang='lat' dir='ltr'><strong>od</strong></span> <span class='ocrx_word' id='word_1_534' title='bbox 1355 3773 1477 3830; x_wconf 82' lang='lat' dir='ltr'><strong>vitandas</strong></span> <span class='ocrx_word' id='word_1_535' title='bbox 1493 3775 1602 3832; x_wconf 80' lang='lat' dir='ltr'><strong>fraudes</strong></span> <span class='ocrx_word' id='word_1_536' title='bbox 1616 3786 1643 3836; x_wconf 93' lang='lat' dir='ltr'><strong>et</strong></span> <span class='ocrx_word' id='word_1_537' title='bbox 1658 3780 1712 3836; x_wconf 90' lang='lat' dir='ltr'><strong>alia</strong></span> 
     </span>
     <span class='ocr_line' id='line_1_57' title="bbox 92 3862 1710 3934; baseline 0.007 -22"><span class='ocrx_word' id='word_1_538' title='bbox 92 3875 138 3914; x_wconf 82' lang='lat' dir='ltr'><strong>essa</strong></span> <span class='ocrx_word' id='word_1_539' title='bbox 150 3862 241 3934; x_wconf 81' lang='lat' dir='ltr'><strong>singuli</strong></span> <span class='ocrx_word' id='word_1_540' title='bbox 255 3862 362 3920; x_wconf 91' lang='lat' dir='ltr'><strong>subditi</strong></span> <span class='ocrx_word' id='word_1_541' title='bbox 381 3862 550 3919; x_wconf 86' lang='lat' dir='ltr'><strong>sufficienter</strong></span> <span class='ocrx_word' id='word_1_542' title='bbox 564 3863 694 3919; x_wconf 91' lang='lat' dir='ltr'><strong>instructi</strong></span> <span class='ocrx_word' id='word_1_543' title='bbox 709 3862 743 3919; x_wconf 88' lang='lat' dir='ltr'><strong>ad</strong></span> <span class='ocrx_word' id='word_1_544' title='bbox 762 3863 816 3920; x_wconf 94' lang='lat' dir='ltr'><strong>boc</strong></span> <span class='ocrx_word' id='word_1_545' title='bbox 831 3865 873 3922; x_wconf 89' lang='lat' dir='ltr'><strong>lu·</strong></span> <span class='ocrx_word' id='word_1_546' title='bbox 906 3863 1090 3933; x_wconf 90' lang='lat' dir='ltr'><strong>incommoda,</strong></span> <span class='ocrx_word' id='word_1_547' title='bbox 1109 3879 1188 3934; x_wconf 89' lang='lat' dir='ltr'><strong>saepe</strong></span> <span class='ocrx_word' id='word_1_548' title='bbox 1204 3862 1256 3920; x_wconf 90' lang='lat' dir='ltr'><strong>boc</strong></span> <span class='ocrx_word' id='word_1_549' title='bbox 1272 3869 1314 3919; x_wconf 91' lang='lat' dir='ltr'><strong>est</strong></span> <span class='ocrx_word' id='word_1_550' title='bbox 1327 3863 1525 3934; x_wconf 88' lang='lat' dir='ltr'><strong>necessarium,</strong></span> <span class='ocrx_word' id='word_1_551' title='bbox 1540 3871 1568 3920; x_wconf 91' lang='lat' dir='ltr'><strong>et</strong></span> <span class='ocrx_word' id='word_1_552' title='bbox 1581 3865 1643 3922; x_wconf 91' lang='lat' dir='ltr'><strong>ideo</strong></span> <span class='ocrx_word' id='word_1_553' title='bbox 1657 3870 1710 3925; x_wconf 87' lang='lat' dir='ltr'><strong>sic-</strong></span> 
     </span>
     <span class='ocr_line' id='line_1_58' title="bbox 92 3947 1711 4028; baseline 0.008 -26"><span class='ocrx_word' id='word_1_554' title='bbox 92 3947 174 4005; x_wconf 90' lang='lat' dir='ltr'><strong>dicinm</strong></span> <span class='ocrx_word' id='word_1_555' title='bbox 186 3951 541 4026; x_wconf 78' lang='lat' dir='ltr'><strong>terendumUnusquisque</strong></span> <span class='ocrx_word' id='word_1_556' title='bbox 548 3967 615 4025; x_wconf 77' lang='lat' dir='ltr'><strong>ergo</strong></span> <span class='ocrx_word' id='word_1_557' title='bbox 627 3953 705 4024; x_wconf 88' lang='lat' dir='ltr'><strong>sequi</strong></span> <span class='ocrx_word' id='word_1_558' title='bbox 716 3951 796 4009; x_wconf 89' lang='lat' dir='ltr'><strong>debet</strong></span> <span class='ocrx_word' id='word_1_559' title='bbox 804 3969 874 4011; x_wconf 93' lang='lat' dir='ltr'><strong>con·</strong></span> <span class='ocrx_word' id='word_1_560' title='bbox 908 3962 939 4012; x_wconf 88' lang='lat' dir='ltr'><strong>nt</strong></span> <span class='ocrx_word' id='word_1_561' title='bbox 956 3954 1020 4011; x_wconf 88' lang='lat' dir='ltr'><strong>data</strong></span> <span class='ocrx_word' id='word_1_562' title='bbox 1045 3959 1088 4010; x_wconf 90' lang='lat' dir='ltr'><strong>est</strong></span> <span class='ocrx_word' id='word_1_563' title='bbox 1107 3952 1274 4025; x_wconf 91' lang='lat' dir='ltr'><strong>reipublicae</strong></span> <span class='ocrx_word' id='word_1_564' title='bbox 1289 3958 1408 4024; x_wconf 90' lang='lat' dir='ltr'><strong>potestas</strong></span> <span class='ocrx_word' id='word_1_565' title='bbox 1422 3955 1617 4028; x_wconf 89' lang='lat' dir='ltr'><strong>praecipiendi,</strong></span> <span class='ocrx_word' id='word_1_566' title='bbox 1632 3956 1668 4013; x_wconf 87' lang='lat' dir='ltr'><strong>lta</strong></span> <span class='ocrx_word' id='word_1_567' title='bbox 1681 3963 1711 4015; x_wconf 89' lang='lat' dir='ltr'><strong>et</strong></span> 
     </span>
     <span class='ocr_line' id='line_1_59' title="bbox 92 4039 1709 4118; baseline 0.007 -25"><span class='ocrx_word' id='word_1_568' title='bbox 92 4039 161 4096; x_wconf 87' lang='lat' dir='ltr'><strong>sillum</strong></span> <span class='ocrx_word' id='word_1_569' title='bbox 181 4043 227 4098; x_wconf 82' lang='lat' dir='ltr'><strong>riri</strong></span> <span class='ocrx_word' id='word_1_570' title='bbox 247 4043 329 4101; x_wconf 91' lang='lat' dir='ltr'><strong>docti</strong></span> <span class='ocrx_word' id='word_1_571' title='bbox 344 4049 373 4099; x_wconf 87' lang='lat' dir='ltr'><strong>et</strong></span> <span class='ocrx_word' id='word_1_572' title='bbox 393 4042 545 4114; x_wconf 90' lang='lat' dir='ltr'><strong>prudentis,</strong></span> <span class='ocrx_word' id='word_1_573' title='bbox 561 4059 610 4099; x_wconf 92' lang='lat' dir='ltr'><strong>seu</strong></span> <span class='ocrx_word' id='word_1_574' title='bbox 631 4043 808 4115; x_wconf 88' lang='lat' dir='ltr'><strong>contessoris,</strong></span> <span class='ocrx_word' id='word_1_575' title='bbox 825 4045 872 4118; x_wconf 89' lang='lat' dir='ltr'><strong>qui</strong></span> <span class='ocrx_word' id='word_1_576' title='bbox 906 4043 1026 4101; x_wconf 89' lang='lat' dir='ltr'><strong>irritandi</strong></span> <span class='ocrx_word' id='word_1_577' title='bbox 1046 4049 1136 4100; x_wconf 87' lang='lat' dir='ltr'><strong>actus.</strong></span> <span class='ocrx_word' id='word_1_578' title='bbox 1149 4045 1217 4100; x_wconf 91' lang='lat' dir='ltr'><strong>ltem</strong></span> <span class='ocrx_word' id='word_1_579' title='bbox 1231 4043 1295 4114; x_wconf 91' lang='lat' dir='ltr'><strong>quia</strong></span> <span class='ocrx_word' id='word_1_580' title='bbox 1306 4058 1369 4114; x_wconf 89' lang='lat' dir='ltr'><strong>pars</strong></span> <span class='ocrx_word' id='word_1_581' title='bbox 1383 4045 1589 4100; x_wconf 89' lang='lat' dir='ltr'><strong>communitatis</strong></span> <span class='ocrx_word' id='word_1_582' title='bbox 1600 4050 1709 4104; x_wconf 89' lang='lat' dir='ltr'><strong>estma-</strong></span> 
     </span>
     <span class='ocr_line' id='line_1_60' title="bbox 92 4128 1709 4206; baseline 0.007 -25"><span class='ocrx_word' id='word_1_583' title='bbox 92 4128 237 4202; x_wconf 80' lang='lat' dir='ltr'><strong>regulariter,</strong></span> <span class='ocrx_word' id='word_1_584' title='bbox 259 4148 292 4188; x_wconf 95' lang='lat' dir='ltr'><strong>ac</strong></span> <span class='ocrx_word' id='word_1_585' title='bbox 309 4132 410 4189; x_wconf 89' lang='lat' dir='ltr'><strong>ceteris</strong></span> <span class='ocrx_word' id='word_1_586' title='bbox 424 4132 543 4204; x_wconf 88' lang='lat' dir='ltr'><strong>paribus,</strong></span> <span class='ocrx_word' id='word_1_587' title='bbox 565 4132 646 4189; x_wconf 92' lang='lat' dir='ltr'><strong>debet</strong></span> <span class='ocrx_word' id='word_1_588' title='bbox 664 4132 793 4189; x_wconf 91' lang='lat' dir='ltr'><strong>inclinare</strong></span> <span class='ocrx_word' id='word_1_589' title='bbox 808 4134 872 4191; x_wconf 89' lang='lat' dir='ltr'><strong>sub·</strong></span> <span class='ocrx_word' id='word_1_590' title='bbox 906 4136 948 4206; x_wconf 76' lang='lat' dir='ltr'><strong>gis</strong></span> <span class='ocrx_word' id='word_1_591' title='bbox 962 4132 1140 4206; x_wconf 87' lang='lat' dir='ltr'><strong>reipublicae,</strong></span> <span class='ocrx_word' id='word_1_592' title='bbox 1156 4147 1239 4205; x_wconf 90' lang='lat' dir='ltr'><strong>quarn</strong></span> <span class='ocrx_word' id='word_1_593' title='bbox 1254 4131 1429 4204; x_wconf 73' lang='lat' dir='ltr'><strong>mastidiae</strong></span> <span class='ocrx_word' id='word_1_594' title='bbox 1445 4131 1526 4191; x_wconf 89' lang='lat' dir='ltr'><strong>babet</strong></span> <span class='ocrx_word' id='word_1_595' title='bbox 1538 4135 1709 4205; x_wconf 89' lang='lat' dir='ltr'><strong>operationes</strong></span> 
     </span>
     <span class='ocr_line' id='line_1_61' title="bbox 92 4216 1712 4298; baseline 0.007 -26"><span class='ocrx_word' id='word_1_596' title='bbox 92 4216 160 4276; x_wconf 90' lang='lat' dir='ltr'><strong>ditum</strong></span> <span class='ocrx_word' id='word_1_597' title='bbox 170 4221 199 4276; x_wconf 88' lang='lat' dir='ltr'><strong>ad</strong></span> <span class='ocrx_word' id='word_1_598' title='bbox 209 4223 378 4279; x_wconf 90' lang='lat' dir='ltr'><strong>solutionem</strong></span> <span class='ocrx_word' id='word_1_599' title='bbox 390 4223 494 4292; x_wconf 88' lang='lat' dir='ltr'><strong>tributi,</strong></span> <span class='ocrx_word' id='word_1_600' title='bbox 503 4224 664 4294; x_wconf 90' lang='lat' dir='ltr'><strong>praesertim</strong></span> <span class='ocrx_word' id='word_1_601' title='bbox 677 4225 869 4297; x_wconf 78' lang='lat' dir='ltr'><strong>antefactum,</strong></span> <span class='ocrx_word' id='word_1_602' title='bbox 906 4239 971 4280; x_wconf 86' lang='lat' dir='ltr'><strong>anas</strong></span> <span class='ocrx_word' id='word_1_603' title='bbox 991 4221 1175 4294; x_wconf 89' lang='lat' dir='ltr'><strong>dependentes</strong></span> <span class='ocrx_word' id='word_1_604' title='bbox 1190 4237 1205 4278; x_wconf 90' lang='lat' dir='ltr'><strong>a</strong></span> <span class='ocrx_word' id='word_1_605' title='bbox 1218 4221 1372 4293; x_wconf 85' lang='lat' dir='ltr'><strong>republica,</strong></span> <span class='ocrx_word' id='word_1_606' title='bbox 1385 4220 1494 4294; x_wconf 88' lang='lat' dir='ltr'><strong>quando</strong></span> <span class='ocrx_word' id='word_1_607' title='bbox 1509 4223 1576 4280; x_wconf 90' lang='lat' dir='ltr'><strong>tales</strong></span> <span class='ocrx_word' id='word_1_608' title='bbox 1591 4231 1667 4298; x_wconf 90' lang='lat' dir='ltr'><strong>sunt,</strong></span> <span class='ocrx_word' id='word_1_609' title='bbox 1679 4233 1712 4284; x_wconf 87' lang='lat' dir='ltr'><strong>ut</strong></span> 
     </span>
     <span class='ocr_line' id='line_1_62' title="bbox 92 4309 1708 4389; baseline 0.008 -30"><span class='ocrx_word' id='word_1_610' title='bbox 92 4309 141 4375; x_wconf 88' lang='lat' dir='ltr'><strong>quin</strong></span> <span class='ocrx_word' id='word_1_611' title='bbox 158 4310 195 4364; x_wconf 91' lang='lat' dir='ltr'><strong>ius</strong></span> <span class='ocrx_word' id='word_1_612' title='bbox 213 4313 285 4384; x_wconf 82' lang='lat' dir='ltr'><strong>regis</strong></span> <span class='ocrx_word' id='word_1_613' title='bbox 301 4311 335 4367; x_wconf 91' lang='lat' dir='ltr'><strong>de</strong></span> <span class='ocrx_word' id='word_1_614' title='bbox 357 4326 385 4366; x_wconf 87' lang='lat' dir='ltr'><strong>se</strong></span> <span class='ocrx_word' id='word_1_615' title='bbox 405 4319 432 4367; x_wconf 92' lang='lat' dir='ltr'><strong>et</strong></span> <span class='ocrx_word' id='word_1_616' title='bbox 451 4312 553 4382; x_wconf 88' lang='lat' dir='ltr'><strong>maius,</strong></span> <span class='ocrx_word' id='word_1_617' title='bbox 568 4319 596 4368; x_wconf 92' lang='lat' dir='ltr'><strong>et</strong></span> <span class='ocrx_word' id='word_1_618' title='bbox 614 4314 720 4369; x_wconf 88' lang='lat' dir='ltr'><strong>certius</strong></span> <span class='ocrx_word' id='word_1_619' title='bbox 734 4321 792 4386; x_wconf 89' lang='lat' dir='ltr'><strong>est,</strong></span> <span class='ocrx_word' id='word_1_620' title='bbox 807 4321 872 4385; x_wconf 91' lang='lat' dir='ltr'><strong>post</strong></span> <span class='ocrx_word' id='word_1_621' title='bbox 905 4317 934 4371; x_wconf 91' lang='lat' dir='ltr'><strong>in</strong></span> <span class='ocrx_word' id='word_1_622' title='bbox 957 4329 1106 4370; x_wconf 88' lang='lat' dir='ltr'><strong>commune</strong></span> <span class='ocrx_word' id='word_1_623' title='bbox 1126 4313 1241 4382; x_wconf 91' lang='lat' dir='ltr'><strong>bonum,</strong></span> <span class='ocrx_word' id='word_1_624' title='bbox 1259 4311 1301 4368; x_wconf 83' lang='lat' dir='ltr'><strong>rel</strong></span> <span class='ocrx_word' id='word_1_625' title='bbox 1322 4311 1456 4368; x_wconf 83' lang='lat' dir='ltr'><strong>damnum</strong></span> <span class='ocrx_word' id='word_1_626' title='bbox 1476 4313 1573 4370; x_wconf 89' lang='lat' dir='ltr'><strong>cedere</strong></span> <span class='ocrx_word' id='word_1_627' title='bbox 1593 4315 1708 4389; x_wconf 79' lang='lat' dir='ltr'><strong>possint3</strong></span> 
     </span>
     <span class='ocr_line' id='line_1_63' title="bbox 93 4394 1710 4477; baseline 0.009 -30"><span class='ocrx_word' id='word_1_628' title='bbox 93 4394 174 4454; x_wconf 88' lang='lat' dir='ltr'><strong>iactum</strong></span> <span class='ocrx_word' id='word_1_629' title='bbox 190 4416 250 4457; x_wconf 86' lang='lat' dir='ltr'><strong>sero</strong></span> <span class='ocrx_word' id='word_1_630' title='bbox 264 4400 376 4456; x_wconf 79' lang='lat' dir='ltr'><strong>facilius</strong></span> <span class='ocrx_word' id='word_1_631' title='bbox 386 4402 643 4472; x_wconf 81' lang='lat' dir='ltr'><strong>eseconrenire,ubt</strong></span> <span class='ocrx_word' id='word_1_632' title='bbox 659 4405 799 4475; x_wconf 90' lang='lat' dir='ltr'><strong>utrimque</strong></span> <span class='ocrx_word' id='word_1_633' title='bbox 813 4403 872 4459; x_wconf 88' lang='lat' dir='ltr'><strong>lue·</strong></span> <span class='ocrx_word' id='word_1_634' title='bbox 905 4418 970 4477; x_wconf 78' lang='lat' dir='ltr'><strong>ergo</strong></span> <span class='ocrx_word' id='word_1_635' title='bbox 985 4410 1069 4474; x_wconf 88' lang='lat' dir='ltr'><strong>caput</strong></span> <span class='ocrx_word' id='word_1_636' title='bbox 1082 4401 1247 4475; x_wconf 88' lang='lat' dir='ltr'><strong>reipublicae</strong></span> <span class='ocrx_word' id='word_1_637' title='bbox 1263 4400 1344 4456; x_wconf 88' lang='lat' dir='ltr'><strong>habet</strong></span> <span class='ocrx_word' id='word_1_638' title='bbox 1365 4406 1530 4473; x_wconf 88' lang='lat' dir='ltr'><strong>potestatem</strong></span> <span class='ocrx_word' id='word_1_639' title='bbox 1545 4404 1571 4459; x_wconf 91' lang='lat' dir='ltr'><strong>in</strong></span> <span class='ocrx_word' id='word_1_640' title='bbox 1588 4405 1710 4462; x_wconf 87' lang='lat' dir='ltr'><strong>membra</strong></span> 
     </span>
     <span class='ocr_line' id='line_1_64' title="bbox 93 4485 1709 4566; baseline 0.009 -29"><span class='ocrx_word' id='word_1_641' title='bbox 93 4485 118 4539; x_wconf 90' lang='lat' dir='ltr'><strong>rit</strong></span> <span class='ocrx_word' id='word_1_642' title='bbox 128 4486 254 4547; x_wconf 87' lang='lat' dir='ltr'><strong>dubitandi</strong></span> <span class='ocrx_word' id='word_1_643' title='bbox 280 4490 370 4560; x_wconf 87' lang='lat' dir='ltr'><strong>ratio,</strong></span> <span class='ocrx_word' id='word_1_644' title='bbox 387 4495 419 4546; x_wconf 92' lang='lat' dir='ltr'><strong>ut</strong></span> <span class='ocrx_word' id='word_1_645' title='bbox 438 4490 504 4547; x_wconf 88' lang='lat' dir='ltr'><strong>dixit</strong></span> <span class='ocrx_word' id='word_1_646' title='bbox 516 4492 656 4566; x_wconf 78' lang='lat' dir='ltr'><strong>sylvester</strong></span> <span class='ocrx_word' id='word_1_647' title='bbox 672 4493 757 4550; x_wconf 90' lang='lat' dir='ltr'><strong>verbo</strong></span> <span class='ocrx_word' id='word_1_648' title='bbox 773 4491 874 4566; x_wconf 75' lang='lat' dir='ltr'><strong>pethel-</strong></span> <span class='ocrx_word' id='word_1_649' title='bbox 906 4509 970 4564; x_wconf 92' lang='lat' dir='ltr'><strong>sua,</strong></span> <span class='ocrx_word' id='word_1_650' title='bbox 987 4498 1019 4547; x_wconf 89' lang='lat' dir='ltr'><strong>ut</strong></span> <span class='ocrx_word' id='word_1_651' title='bbox 1039 4493 1126 4563; x_wconf 91' lang='lat' dir='ltr'><strong>possit</strong></span> <span class='ocrx_word' id='word_1_652' title='bbox 1145 4491 1316 4562; x_wconf 88' lang='lat' dir='ltr'><strong>operationes</strong></span> <span class='ocrx_word' id='word_1_653' title='bbox 1337 4505 1433 4546; x_wconf 89' lang='lat' dir='ltr'><strong>eorum</strong></span> <span class='ocrx_word' id='word_1_654' title='bbox 1456 4489 1573 4562; x_wconf 89' lang='lat' dir='ltr'><strong>irritare,</strong></span> <span class='ocrx_word' id='word_1_655' title='bbox 1589 4493 1631 4549; x_wconf 85' lang='lat' dir='ltr'><strong>sel</strong></span> <span class='ocrx_word' id='word_1_656' title='bbox 1651 4509 1709 4550; x_wconf 87' lang='lat' dir='ltr'><strong>rno-</strong></span> 
     </span>
     <span class='ocr_line' id='line_1_65' title="bbox 94 4570 1709 4654; baseline 0.007 -26"><span class='ocrx_word' id='word_1_657' title='bbox 94 4570 124 4641; x_wconf 86' lang='lat' dir='ltr'><strong>lo,</strong></span> <span class='ocrx_word' id='word_1_658' title='bbox 139 4581 162 4648; x_wconf 81' lang='lat' dir='ltr'><strong>l,</strong></span> <span class='ocrx_word' id='word_1_659' title='bbox 173 4594 197 4650; x_wconf 94' lang='lat' dir='ltr'><strong>q.</strong></span> <span class='ocrx_word' id='word_1_660' title='bbox 214 4583 257 4652; x_wconf 83' lang='lat' dir='ltr'><strong>tt,</strong></span> <span class='ocrx_word' id='word_1_661' title='bbox 271 4585 302 4636; x_wconf 85' lang='lat' dir='ltr'><strong>et</strong></span> <span class='ocrx_word' id='word_1_662' title='bbox 315 4579 374 4636; x_wconf 87' lang='lat' dir='ltr'><strong>iere</strong></span> <span class='ocrx_word' id='word_1_663' title='bbox 387 4578 429 4636; x_wconf 90' lang='lat' dir='ltr'><strong>alli</strong></span> <span class='ocrx_word' id='word_1_664' title='bbox 443 4588 606 4654; x_wconf 89' lang='lat' dir='ltr'><strong>sequuntur.</strong></span> <span class='ocrx_word' id='word_1_665' title='bbox 906 4581 971 4638; x_wconf 94' lang='lat' dir='ltr'><strong>dum</strong></span> <span class='ocrx_word' id='word_1_666' title='bbox 992 4582 1030 4637; x_wconf 88' lang='lat' dir='ltr'><strong>eis</strong></span> <span class='ocrx_word' id='word_1_667' title='bbox 1052 4580 1212 4653; x_wconf 79' lang='lat' dir='ltr'><strong>praefigere,</strong></span> <span class='ocrx_word' id='word_1_668' title='bbox 1228 4579 1287 4636; x_wconf 87' lang='lat' dir='ltr'><strong>sine</strong></span> <span class='ocrx_word' id='word_1_669' title='bbox 1308 4595 1363 4651; x_wconf 93' lang='lat' dir='ltr'><strong>quo</strong></span> <span class='ocrx_word' id='word_1_670' title='bbox 1383 4577 1514 4634; x_wconf 84' lang='lat' dir='ltr'><strong>invalidae</strong></span> <span class='ocrx_word' id='word_1_671' title='bbox 1535 4581 1600 4652; x_wconf 87' lang='lat' dir='ltr'><strong>sint,</strong></span> <span class='ocrx_word' id='word_1_672' title='bbox 1615 4581 1709 4654; x_wconf 87' lang='lat' dir='ltr'><strong>quoad</strong></span> 
     </span>
    </p>

    <p class='ocr_par' dir='ltr' id='par_1_12' title="bbox 906 4669 1707 4742">
     <span class='ocr_line' id='line_1_66' title="bbox 906 4669 1707 4742; baseline 0.006 -16"><span class='ocrx_word' id='word_1_673' title='bbox 906 4669 1024 4727; x_wconf 85' lang='lat' dir='ltr'><strong>morales</strong></span> <span class='ocrx_word' id='word_1_674' title='bbox 1042 4669 1167 4739; x_wconf 79' lang='lat' dir='ltr'><strong>allectus,</strong></span> <span class='ocrx_word' id='word_1_675' title='bbox 1185 4670 1233 4742; x_wconf 89' lang='lat' dir='ltr'><strong>qui</strong></span> <span class='ocrx_word' id='word_1_676' title='bbox 1254 4684 1302 4741; x_wconf 91' lang='lat' dir='ltr'><strong>per</strong></span> <span class='ocrx_word' id='word_1_677' title='bbox 1316 4683 1361 4724; x_wconf 88' lang='lat' dir='ltr'><strong>eas</strong></span> <span class='ocrx_word' id='word_1_678' title='bbox 1382 4669 1438 4724; x_wconf 90' lang='lat' dir='ltr'><strong>lieri</strong></span> <span class='ocrx_word' id='word_1_679' title='bbox 1454 4677 1575 4740; x_wconf 87' lang='lat' dir='ltr'><strong>possent.</strong></span> <span class='ocrx_word' id='word_1_680' title='bbox 1592 4671 1633 4728; x_wconf 80' lang='lat' dir='ltr'><strong>db</strong></span> <span class='ocrx_word' id='word_1_681' title='bbox 1653 4672 1707 4732; x_wconf 92' lang='lat' dir='ltr'><strong>boc</strong></span> 
     </span>
    </p>

    <p class='ocr_par' dir='ltr' id='par_1_13' title="bbox 907 4758 1707 4836">
     <span class='ocr_line' id='line_1_67' title="bbox 907 4758 1707 4836; baseline 0.004 -19"><span class='ocrx_word' id='word_1_682' title='bbox 907 4776 974 4834; x_wconf 81' lang='lat' dir='ltr'><strong>ergo</strong></span> <span class='ocrx_word' id='word_1_683' title='bbox 994 4759 1095 4817; x_wconf 85' lang='lat' dir='ltr'><strong>ellectu</strong></span> <span class='ocrx_word' id='word_1_684' title='bbox 1115 4760 1188 4833; x_wconf 80' lang='lat' dir='ltr'><strong>leges</strong></span> <span class='ocrx_word' id='word_1_685' title='bbox 1209 4759 1316 4831; x_wconf 85' lang='lat' dir='ltr'><strong>aliquae</strong></span> <span class='ocrx_word' id='word_1_686' title='bbox 1330 4759 1465 4815; x_wconf 86' lang='lat' dir='ltr'><strong>irritantes</strong></span> <span class='ocrx_word' id='word_1_687' title='bbox 1486 4758 1707 4836; x_wconf 90' lang='lat' dir='ltr'><strong>denominantur,</strong></span> 
     </span>
    </p>

    <p class='ocr_par' dir='ltr' id='par_1_14' title="bbox 907 4847 1707 4924">
     <span class='ocr_line' id='line_1_68' title="bbox 907 4847 1707 4924; baseline 0.005 -19"><span class='ocrx_word' id='word_1_688' title='bbox 907 4866 978 4924; x_wconf 91' lang='lat' dir='ltr'><strong>quae</strong></span> <span class='ocrx_word' id='word_1_689' title='bbox 993 4848 1146 4905; x_wconf 90' lang='lat' dir='ltr'><strong>secundum</strong></span> <span class='ocrx_word' id='word_1_690' title='bbox 1159 4848 1232 4904; x_wconf 86' lang='lat' dir='ltr'><strong>illam</strong></span> <span class='ocrx_word' id='word_1_691' title='bbox 1247 4849 1380 4921; x_wconf 76' lang='lat' dir='ltr'><strong>rabonem</strong></span> <span class='ocrx_word' id='word_1_692' title='bbox 1392 4847 1536 4919; x_wconf 87' lang='lat' dir='ltr'><strong>specialem</strong></span> <span class='ocrx_word' id='word_1_693' title='bbox 1552 4851 1707 4909; x_wconf 87' lang='lat' dir='ltr'><strong>considera·</strong></span> 
     </span>
    </p>

    <p class='ocr_par' dir='ltr' id='par_1_15' title="bbox 906 4936 1705 5013">
     <span class='ocr_line' id='line_1_69' title="bbox 906 4936 1705 5013; baseline 0.004 -16"><span class='ocrx_word' id='word_1_694' title='bbox 906 4942 1011 4997; x_wconf 90' lang='lat' dir='ltr'><strong>tionem</strong></span> <span class='ocrx_word' id='word_1_695' title='bbox 1034 4938 1145 5010; x_wconf 88' lang='lat' dir='ltr'><strong>babent,</strong></span> <span class='ocrx_word' id='word_1_696' title='bbox 1162 4953 1232 5010; x_wconf 91' lang='lat' dir='ltr'><strong>quae</strong></span> <span class='ocrx_word' id='word_1_697' title='bbox 1248 4937 1274 4993; x_wconf 90' lang='lat' dir='ltr'><strong>ln</strong></span> <span class='ocrx_word' id='word_1_698' title='bbox 1295 4936 1369 4994; x_wconf 91' lang='lat' dir='ltr'><strong>bunc</strong></span> <span class='ocrx_word' id='word_1_699' title='bbox 1389 4936 1481 4994; x_wconf 91' lang='lat' dir='ltr'><strong>locum</strong></span> <span class='ocrx_word' id='word_1_700' title='bbox 1498 4940 1601 5010; x_wconf 91' lang='lat' dir='ltr'><strong>optime</strong></span> <span class='ocrx_word' id='word_1_701' title='bbox 1621 4941 1705 5013; x_wconf 80' lang='lat' dir='ltr'><strong>codit3</strong></span> 
     </span>
    </p>

    <p class='ocr_par' dir='ltr' id='par_1_16' title="bbox 906 5026 1707 5101">
     <span class='ocr_line' id='line_1_70' title="bbox 906 5026 1707 5101; baseline 0.002 -15"><span class='ocrx_word' id='word_1_702' title='bbox 906 5045 969 5086; x_wconf 87' lang='lat' dir='ltr'><strong>nam</strong></span> <span class='ocrx_word' id='word_1_703' title='bbox 985 5037 1098 5101; x_wconf 87' lang='lat' dir='ltr'><strong>propter</strong></span> <span class='ocrx_word' id='word_1_704' title='bbox 1117 5028 1194 5084; x_wconf 92' lang='lat' dir='ltr'><strong>illum</strong></span> <span class='ocrx_word' id='word_1_705' title='bbox 1210 5026 1338 5084; x_wconf 86' lang='lat' dir='ltr'><strong>ellectum</strong></span> <span class='ocrx_word' id='word_1_706' title='bbox 1354 5028 1424 5083; x_wconf 91' lang='lat' dir='ltr'><strong>inter</strong></span> <span class='ocrx_word' id='word_1_707' title='bbox 1438 5043 1569 5096; x_wconf 87' lang='lat' dir='ltr'><strong>onerosos</strong></span> <span class='ocrx_word' id='word_1_708' title='bbox 1583 5036 1611 5086; x_wconf 92' lang='lat' dir='ltr'><strong>et</strong></span> <span class='ocrx_word' id='word_1_709' title='bbox 1632 5031 1707 5088; x_wconf 90' lang='lat' dir='ltr'><strong>odio·</strong></span> 
     </span>
    </p>

    <p class='ocr_par' dir='ltr' id='par_1_17' title="bbox 907 5116 1708 5193">
     <span class='ocr_line' id='line_1_71' title="bbox 907 5116 1708 5193; baseline 0.002 -17"><span class='ocrx_word' id='word_1_710' title='bbox 907 5136 952 5176; x_wconf 88' lang='lat' dir='ltr'><strong>sas</strong></span> <span class='ocrx_word' id='word_1_711' title='bbox 964 5120 1038 5193; x_wconf 82' lang='lat' dir='ltr'><strong>leges</strong></span> <span class='ocrx_word' id='word_1_712' title='bbox 1052 5124 1260 5190; x_wconf 87' lang='lat' dir='ltr'><strong>computantur,</strong></span> <span class='ocrx_word' id='word_1_713' title='bbox 1273 5119 1335 5190; x_wconf 88' lang='lat' dir='ltr'><strong>quia</strong></span> <span class='ocrx_word' id='word_1_714' title='bbox 1351 5116 1428 5174; x_wconf 87' lang='lat' dir='ltr'><strong>valdo</strong></span> <span class='ocrx_word' id='word_1_715' title='bbox 1444 5134 1591 5176; x_wconf 87' lang='lat' dir='ltr'><strong>onerosum</strong></span> <span class='ocrx_word' id='word_1_716' title='bbox 1602 5128 1646 5178; x_wconf 91' lang='lat' dir='ltr'><strong>est</strong></span> <span class='ocrx_word' id='word_1_717' title='bbox 1659 5123 1708 5178; x_wconf 91' lang='lat' dir='ltr'><strong>bo·</strong></span> 
     </span>
    </p>

    <p class='ocr_par' dir='ltr' id='par_1_18' title="bbox 906 5208 1708 5283">
     <span class='ocr_line' id='line_1_72' title="bbox 906 5208 1708 5283; baseline 0.001 -15"><span class='ocrx_word' id='word_1_718' title='bbox 906 5213 984 5282; x_wconf 91' lang='lat' dir='ltr'><strong>mini,</strong></span> <span class='ocrx_word' id='word_1_719' title='bbox 1000 5212 1058 5266; x_wconf 88' lang='lat' dir='ltr'><strong>eius</strong></span> <span class='ocrx_word' id='word_1_720' title='bbox 1070 5209 1238 5266; x_wconf 86' lang='lat' dir='ltr'><strong>voluntatem</strong></span> <span class='ocrx_word' id='word_1_721' title='bbox 1254 5208 1291 5264; x_wconf 90' lang='lat' dir='ltr'><strong>ito</strong></span> <span class='ocrx_word' id='word_1_722' title='bbox 1305 5208 1402 5282; x_wconf 81' lang='lat' dir='ltr'><strong>ligare,</strong></span> <span class='ocrx_word' id='word_1_723' title='bbox 1416 5216 1446 5266; x_wconf 91' lang='lat' dir='ltr'><strong>ut</strong></span> <span class='ocrx_word' id='word_1_724' title='bbox 1460 5224 1548 5283; x_wconf 89' lang='lat' dir='ltr'><strong>nsque</strong></span> <span class='ocrx_word' id='word_1_725' title='bbox 1563 5209 1647 5281; x_wconf 83' lang='lat' dir='ltr'><strong>liqite,</strong></span> <span class='ocrx_word' id='word_1_726' title='bbox 1660 5227 1708 5269; x_wconf 91' lang='lat' dir='ltr'><strong>ne·</strong></span> 
     </span>
    </p>

    <p class='ocr_par' dir='ltr' id='par_1_19' title="bbox 907 5297 1706 5378">
     <span class='ocr_line' id='line_1_73' title="bbox 907 5297 1706 5378; baseline 0.005 -21"><span class='ocrx_word' id='word_1_727' title='bbox 907 5315 962 5374; x_wconf 91' lang='lat' dir='ltr'><strong>qne</strong></span> <span class='ocrx_word' id='word_1_728' title='bbox 975 5299 1065 5358; x_wconf 79' lang='lat' dir='ltr'><strong>aalide</strong></span> <span class='ocrx_word' id='word_1_729' title='bbox 1079 5299 1170 5357; x_wconf 87' lang='lat' dir='ltr'><strong>lacere</strong></span> <span class='ocrx_word' id='word_1_730' title='bbox 1185 5298 1272 5370; x_wconf 88' lang='lat' dir='ltr'><strong>possit</strong></span> <span class='ocrx_word' id='word_1_731' title='bbox 1285 5297 1361 5371; x_wconf 91' lang='lat' dir='ltr'><strong>quod</strong></span> <span class='ocrx_word' id='word_1_732' title='bbox 1374 5297 1445 5373; x_wconf 83' lang='lat' dir='ltr'><strong>nott,</strong></span> <span class='ocrx_word' id='word_1_733' title='bbox 1456 5309 1485 5357; x_wconf 86' lang='lat' dir='ltr'><strong>et</strong></span> <span class='ocrx_word' id='word_1_734' title='bbox 1498 5299 1587 5358; x_wconf 89' lang='lat' dir='ltr'><strong>iacere</strong></span> <span class='ocrx_word' id='word_1_735' title='bbox 1602 5307 1706 5378; x_wconf 88' lang='lat' dir='ltr'><strong>posset,</strong></span> 
     </span>
    </p>
   </div>
   <div class='ocr_carea' id='block_1_11' title="bbox 0 0 2100 6228">
    <p class='ocr_par' dir='ltr' id='par_1_20' title="bbox 0 0 2100 6228">
     <span class='ocr_line' id='line_1_74' title="bbox 0 0 2100 6228; baseline 0 0"><span class='ocrx_word' id='word_1_736' title='bbox 0 0 2100 6228; x_wconf 95' lang='lat' dir='ltr'><strong> </strong></span> 
     </span>
    </p>
   </div>
  </div>
 </body>
</html>
