4256 6224
410 315 473 381 sta
1121 327 1288 379 nmaarx.

368 459 437 516 saria
452 459 641 529 versabantur,
658 457 683 514 id
697 461 741 515 est
755 457 781 515 in
795 471 849 531 qua
864 455 907 512 lex
923 454 1055 512 naturalis
1069 453 1172 527 obliga·
1205 469 1281 510 nuno
1302 468 1355 511 non
1377 453 1493 530 desunt,
1514 447 1561 531 qui
1576 456 1668 533 aliqua
1683 475 1714 516 ex
1730 459 1780 518 illis
1794 470 1888 520 vocent
1899 463 1928 522 de
1939 468 1986 525 iure

367 548 427 619 bat,
449 556 481 606 ut
494 548 679 620 supra‘visum
694 553 751 618 est,
767 562 834 620 ergo
850 561 905 602 nou
919 545 1008 619 potuit
1022 544 1065 601 lex
1079 543 1171 602 divina
1205 545 1329 616 gentium
1344 551 1373 602 et
1386 561 1440 602 non
1456 548 1588 620 naturaliq
1601 565 1668 624 ergo
1682 551 1791 624 siguum
1803 560 1853 624 est,
1865 567 1987 629 praecepta

367 655 464 695 noram
478 638 669 709 obligationem
683 635 792 693 addere.
809 635 945 693 Probatur
960 635 1169 706 consequentia,
1207 633 1254 690 illa
1273 635 1413 694 induxisse
1428 639 1576 710 specialem
1590 639 1784 714 obligationem
1797 651 1919 715 respectu
1931 646 1988 704 illius

367 729 432 801 quia
450 728 491 784 vel
512 727 556 784 illa
578 726 708 800 obligatio
727 733 800 783 esset
818 725 966 782 distinctae
985 723 1104 797 speciei,
1124 720 1167 777 vel
1206 721 1312 795 populi.
1328 724 1448 783 Tandem
1470 728 1540 785 idern
1555 730 1752 803 confirmatur,
1773 732 1836 804 quia
1850 733 1932 790 iudaei
1944 737 1988 791 rio·

366 817 503 888 eiusdem3
517 832 569 873 non
586 817 788 890 primum,quia
804 815 846 872 lex
860 815 950 872 divina
965 815 1091 887 positiva,
1102 827 1170 886 qun·
1208 811 1296 868 lantes
1317 813 1392 871 illam
1412 816 1498 889 legem
1518 818 1630 892 granius
1645 820 1815 892 peccabant,
1831 838 1907 892 quarn
1920 828 1989 896 genti·

366 914 447 964 tenus
465 905 575 965 moralis
594 904 662 979 luit,
683 904 866 978 praecipiebat
884 904 1000 962 morales
1019 909 1100 959 actus
1119 903 1171 958 sub
1209 901 1262 972 les,
1280 904 1328 974 qui
1343 904 1429 961 solam
1444 906 1531 981 legem
1545 908 1699 966 naturalem
1715 910 1860 969 violabant.
1875 913 1953 984 bicos,
1965 915 1988 970 il·

368 995 471 1052 eisdem
496 995 649 1054 rationibus
675 995 824 1063 virtutum,
846 994 898 1052 sub
916 993 1017 1066 quibus
1039 991 1171 1048 naturalis
1189 987 1254 1048 'lud
1276 1007 1337 1050 esse
1355 1009 1453 1051 rerum
1470 1013 1524 1053 uon
1544 999 1649 1054 ratione
1669 1014 1754 1056 norae
1773 1000 1933 1074 obligationis
1952 1019 1989 1075 per

368 1084 409 1143 lea
423 1084 534 1142 eosdem
550 1084 692 1156 praecipit,
707 1090 738 1141 ut
751 1084 831 1156 plane
846 1085 929 1140 sentit
943 1082 970 1139 d.
983 1082 1079 1138 Tbom.
1095 1080 1170 1138 dicto
1207 1080 1254 1138 illa
1268 1090 1417 1156 praecepta
1431 1086 1582 1158 impositae,
1593 1089 1641 1145 sed
1653 1091 1717 1163 quia
1731 1105 1780 1162 per
1794 1089 1880 1163 legem
1893 1092 1947 1150 data
1957 1104 1990 1152 est

368 1181 423 1230 art.
441 1179 469 1244 2,
485 1180 514 1230 et
526 1172 634 1230 videtur
653 1189 702 1246 per
721 1188 750 1229 se
770 1172 958 1244 manifestum,
976 1186 1041 1244 ergo
1056 1187 1108 1226 nou
1124 1185 1173 1241 po·
1208 1173 1331 1244 cognitio
1345 1175 1468 1246 peccati,
1484 1181 1515 1232 ut
1527 1177 1627 1234 dicitur
1641 1179 1676 1235 ad
1690 1181 1807 1238 Roman.
1824 1185 1850 1250 3,
1866 1190 1892 1239 et
1903 1197 1931 1238 ex
1945 1199 1989 1240 aa·

368 1263 420 1320 luit
433 1263 566 1320 inducere
581 1262 770 1336 obligationem
785 1265 876 1335 specie
890 1261 1057 1319 distinctam.
1074 1263 1169 1333 Neque
1208 1261 1258 1317 iori
1273 1263 1427 1334 cognitione
1441 1273 1607 1338 aggravatur
1622 1275 1786 1340 peccatum:
1800 1285 1862 1326 uam
1876 1271 1909 1328 ita
1921 1274 1990 1345 expli·
2072 1337 2073 1348 ,

366 1353 448 1409 etiam
462 1353 519 1408 solo
533 1366 648 1408 numero
661 1351 833 1423 distinctam,
848 1352 912 1423 quia
929 1351 1003 1406 siout
1016 1349 1172 1406 occidentia
1208 1357 1290 1408 catur
1313 1349 1380 1409 illud
1404 1361 1553 1422 peccatum
1573 1356 1607 1413 ad
1631 1360 1747 1416 Roman.
1766 1361 1794 1416 i.
1815 1360 1865 1417 Sed
1884 1359 1942 1417 licet
1955 1363 1989 1420 bio
2072 1349 2073 1362 ¹

366 1429 482 1500 numero¹
492 1449 597 1500 mutum
610 1441 735 1499 distincta
746 1457 799 1498 uon
809 1441 1025 1512 multiplicantur
1037 1439 1062 1494 in
1073 1438 1171 1495 eodem
1209 1441 1308 1498 modus
1324 1450 1403 1500 vetus
1419 1444 1463 1515 sit,
1476 1461 1528 1501 nou
1543 1454 1635 1517 potest
1645 1447 1714 1505 alius
1725 1448 1846 1520 excludiq
1858 1465 1916 1506 nam
1925 1453 1989 1510 ellan

367 1534 511 1604 subiecto,
536 1534 574 1588 ita
598 1545 686 1603 neque
707 1529 884 1604 obligationes
910 1529 1034 1587 eiusdem
1058 1527 1172 1584 rationis
1208 1536 1326 1602 augetur
1350 1540 1514 1606 peccatum,
1539 1535 1649 1607 quando
1674 1537 1760 1595 multa
1775 1541 1989 1611 praeceptaetian

367 1622 584 1694 multiplicantur
604 1621 679 1677 circa
699 1618 823 1677 eamdem
844 1620 984 1676 materiam
1005 1618 1167 1690 subiectam,
1209 1619 1332 1676 eiusdem
1356 1621 1466 1678 rationis
1490 1623 1565 1681 circa
1588 1623 1658 1682 idem
1680 1625 1905 1699 multiplicantur.
1920 1629 1948 1686 Et
1962 1630 1990 1686 ita
2073 1649 2074 1656 ¹

367 1721 398 1771 ut
412 1713 492 1785 plura
510 1717 574 1769 vota
596 1710 730 1767 castitatis
744 1709 769 1765 in
783 1709 878 1766 eadem
893 1723 1009 1780 persona
1024 1724 1078 1764 uon
1091 1706 1171 1763 indu·
1207 1711 1393 1768 communiter
1411 1718 1526 1768 censent
1538 1712 1796 1787 doctores,quando
1815 1716 1858 1774 lea
1870 1719 1989 1788 canonica,

366 1810 435 1860 cunt
460 1802 553 1875 plures
577 1800 766 1874 obligationes.
789 1799 824 1856 Et
843 1799 1009 1868 ita,videtur
1024 1798 1092 1854 baec
1107 1813 1171 1869 pars
1207 1798 1249 1854 rel
1269 1799 1373 1872 civilis,
1400 1801 1441 1856 uel
1465 1802 1492 1856 in
1510 1801 1605 1858 eadem
1620 1805 1734 1861 materia
1747 1804 1989 1877 multiplicabimini

367 1907 446 1966 posse
464 1890 639 1964 probabiliter
652 1889 770 1946 delendi.
787 1891 854 1946 Nam
869 1883 943 1946 siout'
957 1888 983 1945 in
998 1888 1057 1962 lege
1072 1877 1170 1944 butina-
1206 1887 1309 1962 aliquid
1337 1889 1472 1962 praecipit
1484 1892 1545 1947 iure
1558 1893 1677 1950 naturali
1691 1893 1868 1966 mandatum,
1884 1897 1990 1952 maiorem
2074 1934 2075 1962 2

366 1997 421 2052 na,
436 1984 473 2038 ita
485 1987 513 2038 et
527 1981 552 2036 in
567 1980 626 2053 lege
640 1979 729 2035 diuina
744 1977 858 2050 positiva
871 1977 1002 2050 distingui
1015 1981 1106 2049 potest
1119 1976 1171 2033 du·
1207 1979 1275 2034 ariri
1302 1978 1510 2052 obligationem,
1536 1981 1591 2038 sive
1615 1981 1659 2038 illa
1674 1985 1762 2040 maior
1775 1983 1900 2058 obligatio
1913 1985 1944 2040 sit
1954 1999 1990 2056 per

295 2113 299 2124 .
367 2071 428 2143 plex
443 2069 504 2142 lex,
525 2084 579 2126 una
593 2067 786 2134 constitutiva,
801 2083 871 2140 quae
886 2066 1076 2139 obligationem
1091 2063 1171 2122 indu·
1208 2068 1429 2140 aggregationem
1450 2068 1570 2140 plurium
1590 2071 1798 2146 obligationum,
1817 2075 1872 2130 sire
1885 2091 1928 2145 per
1939 2089 1991 2147 aug·

367 2161 420 2232 cit,
442 2159 494 2216 alia
511 2157 695 2228 declarativa,
711 2172 783 2230 qnae
797 2173 851 2214 nou
865 2158 942 2228 pouit
956 2170 1054 2213 nonam
1068 2155 1172 2227 obliga·
1208 2163 1332 2214 meatum
1349 2157 1489 2230 eiusdem,
1505 2159 1580 2232 quod
1594 2159 1628 2216 ad
1643 2176 1699 2218 rem
1716 2161 1846 2218 moralem
1861 2177 1947 2234 parum
1959 2179 1991 2218 re-

367 2251 478 2322 tioncm,
494 2248 541 2306 sed
556 2249 771 2321 praeexistentem
785 2245 920 2316 declarem
937 2252 966 2304 et
980 2245 1017 2302 ita
1031 2245 1074 2301 lea
1089 2253 1171 2302 aetus
1207 2245 1271 2302 lert.
1290 2247 1325 2303 Et
1350 2247 1386 2303 ita
1410 2247 1594 2320 respondetur
1613 2249 1691 2307 lacile
1710 2249 1744 2307 ad
1760 2253 1894 2309 rationem
1907 2253 1929 2307 in
1941 2267 1992 2308 cou-

367 2339 456 2414 quoad
472 2347 617 2411 praecepta
630 2337 744 2396 moralia
754 2337 808 2394 dici
823 2342 913 2410 potest
926 2336 1010 2394 luisse
1024 2335 1172 2394 declarati·
1208 2337 1339 2407 trarlum3
1366 2352 1428 2392 nam
1444 2336 1488 2394 illa
1503 2346 1652 2411 praecepta
1664 2339 1698 2396 de
1712 2355 1741 2396 se
1757 2347 1874 2412 possunt
1885 2340 1991 2398 iuducere
2075 2407 2076 2418 χ

368 2447 412 2499 va,
428 2444 482 2485 non
496 2429 684 2486 constitutiva.
1207 2422 1416 2498 obligationem,
1440 2427 1546 2484 etiamsi
1571 2443 1624 2484 non
1649 2431 1850 2503 praexisteret,
1868 2438 1895 2487 et
1911 2447 1991 2503 augere
2075 2421 2076 2460 l

407 2524 435 2575 3.
450 2517 631 2574 Nihilominus
649 2515 795 2574 dicendum
811 2530 923 2582 censeo,
937 2516 1018 2573 etiam
1034 2515 1080 2573 illa
1093 2531 1172 2588 prae·
1206 2513 1433 2585 praesistentems
1444 2521 1472 2571 et
1486 2514 1544 2572 ideo
1556 2531 1608 2572 uon
1621 2524 1770 2590 repugnat,
1782 2521 1810 2575 in
1823 2520 1927 2576 materia
1940 2519 1990 2574 allo·

367 2613 446 2679 cepta
457 2605 490 2663 de
505 2623 534 2663 se
549 2605 685 2663 induxisse
696 2603 887 2678 obligationem
900 2605 924 2660 in
936 2605 1171 2662 conscicntia.Ra-
1207 2603 1254 2674 qui
1270 2605 1425 2659 neccssaria
1439 2619 1470 2660 ex
1492 2605 1549 2662 iuro
1565 2606 1683 2664 naturali
1697 2606 1755 2663 dari
1770 2607 1857 2681 legem
1873 2609 1992 2680 positiran

369 2699 404 2754 tio
419 2703 472 2768 est,
487 2696 551 2768 quia
564 2695 608 2751 illa
622 2694 734 2752 luerunt
747 2709 811 2751 acra
826 2701 973 2767 praecepta
986 2701 1014 2750 et
1030 2694 1169 2766 maudatm
1206 2689 1386 2764 obligantem,
1407 2693 1463 2749 sive
1478 2693 1641 2765 humanam,
1659 2697 1715 2752 sive
1729 2695 1862 2752 diuinam.
2076 2759 2077 2762 Ἴ

368 2787 422 2843 imo
441 2784 486 2841 illa
504 2799 552 2856 per
570 2785 786 2840 antonomasiam
801 2784 891 2840 solent
904 2789 1050 2854 praecepta
1065 2785 1170 2855 vocari,
1248 2784 1274 2838 l.
1291 2781 1382 2837 Tertio
1397 2788 1488 2853 potest
1506 2783 1659 2854 specialiter
1672 2783 1791 2843 dubitari
1807 2787 1883 2842 circa
1895 2801 1991 2856 praece-

368 2881 397 2932 et
414 2873 542 2945 distingui
562 2887 577 2928 a
595 2873 772 2929 caeremoniis
786 2880 815 2928 et
828 2872 950 2943 iudiciis,
967 2880 998 2929 ut
1013 2877 1086 2943 patet
1100 2876 1170 2930 beu·
1206 2875 1252 2940 pta
1266 2869 1453 2940 iudicialia,an
1469 2871 1513 2929 illa
1527 2875 1610 2931 etiam
1624 2875 1650 2930 iu
1665 2875 1834 2931 conscientia
1844 2875 1986 2946 obligarent.

369 2966 458 3035 teat,
470 2969 498 3018 ot
514 2969 541 3032 ις
552 2976 619 3035 crgo
635 2961 801 3018 inducebant
813 2963 1086 3034 obligationem,nam
1102 2963 1171 3019 baec
1204 2959 1272 3014 Nam
1288 2961 1360 3015 ioan.
1376 2961 1480 3018 Gerson
1496 2962 1521 3018 in
1538 2970 1620 3018 tract.
1636 2962 1670 3020 de
1685 2965 1739 3020 vita
1754 2965 1845 3036 spirit.
1865 2964 1923 3022 leot.
1934 2969 1958 3035 2,
1969 2965 1990 3018 in

369 3052 526 3108 necessario
541 3051 665 3123 sequitur
678 3067 712 3108 ex
726 3050 751 3106 vi
766 3051 902 3123 praecepti
917 3058 945 3107 et
959 3050 1112 3124 legis.Nam
1128 3051 1172 3108 lex
1204 3048 1313 3119 alphab.
1332 3051 1377 3107 tt.
1395 3052 1493 3122 sentit,
1510 3059 1657 3124 praecepta
1671 3052 1820 3125 iudicialis,
1841 3070 1908 3129 quae
1921 3053 1950 3110 ad
1961 3055 1990 3107 ci·

368 3156 437 3212 pure
452 3140 640 3208 constitutiva,
656 3141 678 3196 si
692 3139 725 3196 de
740 3156 769 3196 se
784 3141 973 3213 obligationem
986 3157 1037 3197 non
1054 3141 1170 3214 inducit,
1206 3139 1273 3195 viles
1288 3155 1378 3196 mores
1391 3140 1572 3198 instituendos
1586 3141 1797 3214 ordinabantur,
1807 3161 1861 3200 uon
1879 3143 1991 3214 olrltgasse

368 3233 456 3304 magis
470 3236 512 3285 est
525 3245 595 3302 pura
609 3229 747 3302 doctrina,
763 3246 845 3303 quam
862 3231 959 3288 iamEt
972 3232 1011 3286 ita
1025 3230 1068 3288 lea
1081 3231 1172 3288 decla·
1205 3229 1232 3285 in
1250 3230 1434 3302 conscientia,
1459 3230 1505 3287 sed
1531 3231 1620 3290 solum
1639 3233 1673 3289 ad
1689 3250 1804 3304 poenam
1822 3234 1989 3306 temporalem

369 3315 455 3376 r'ativa
477 3319 610 3389 bumana,
630 3319 740 3390 quaudo
760 3335 813 3375 non
836 3319 941 3377 inducit
955 3336 1051 3376 novam
1066 3319 1169 3393 obliga·
1207 3319 1323 3375 maxime
1347 3319 1457 3392 quando
1482 3319 1554 3377 illam
1579 3337 1708 3394 expresse
1728 3323 1881 3396 imponunt.
1903 3321 1989 3379 Funda-

370 3410 470 3466 tionem
484 3408 516 3464 ad
531 3415 635 3478 actum,
647 3408 742 3464 saltem
755 3408 859 3482 obligat
873 3409 906 3466 ad
922 3409 1088 3481 sequendam
1100 3409 1171 3466 illam
1208 3414 1330 3464 mentum
1345 3411 1403 3466 eius
1417 3425 1478 3466 esse
1494 3412 1594 3482 potuit,
1608 3413 1648 3467 vel
1664 3412 1729 3484 quia
1744 3414 1926 3485 putat,legem
1940 3427 1990 3480 poe-

367 3497 593 3568 declarationem,
610 3503 641 3556 ut
655 3497 691 3555 sit
704 3512 768 3554 nera
782 3497 834 3554 lex.
850 3489 905 3556 Lea
918 3505 1010 3556 autem
1024 3498 1069 3555 illa
1083 3498 1173 3556 divina
1207 3499 1296 3556 nalem
1315 3513 1368 3556 non
1388 3499 1508 3572 obligare
1527 3503 1554 3556 ia
1569 3502 1754 3570 conscientia,
1770 3502 1820 3558 sed
1835 3509 1934 3558 tantum
1951 3501 1990 3553 sub

368 3603 423 3645 non
444 3586 533 3644 solum
548 3587 650 3658 obligat
669 3601 717 3658 per
735 3588 847 3644 modum
866 3586 1020 3660 doctrinae,
1036 3604 1086 3643 seu
1101 3588 1174 3645 Scri·
1206 3598 1285 3644 reatu
1304 3588 1460 3659 temporalis
1481 3604 1601 3660 poenae3
1619 3589 1659 3646 rel
1679 3591 1855 3663 potiusquis
1872 3591 1991 3648 existima·

368 3684 466 3749 pturae
481 3691 587 3740 sacrae,
598 3675 645 3732 sed
659 3677 739 3735 etiam
754 3693 801 3748 per
817 3676 927 3733 modum
939 3681 1079 3750 praecepti
1092 3687 1120 3735 et
1135 3679 1173 3735 le·
1208 3678 1263 3748 rit,
1287 3676 1373 3749 legem
1396 3676 1542 3734 humanam
1558 3719 1565 3749 ,
1591 3678 1632 3734 vel
1657 3694 1728 3752 quae
1751 3679 1898 3736 humanam
1915 3679 1936 3732 io
1952 3677 1990 3730 lm

367 3766 419 3838 gis.
435 3765 510 3823 Unde
524 3768 607 3823 etiam
625 3781 659 3822 ex
676 3765 766 3821 citatis
781 3765 849 3822 locis
864 3766 1004 3824 manifeste
1019 3767 1172 3824 ostenditur
1208 3766 1347 3837 imitatur,
1370 3781 1424 3821 non
1449 3765 1568 3839 obligare
1587 3767 1614 3823 in
1628 3769 1808 3825 consolantia.
1828 3769 1902 3825 loco
1918 3774 1991 3822 auten

369 3855 434 3913 baec
450 3854 590 3928 obligatio,
607 3861 639 3910 ut
654 3860 729 3926 patet
742 3869 774 3910 ex
788 3855 841 3910 illis
856 3854 959 3912 verbis:
980 3855 1105 3913 Custodi
1118 3859 1174 3929 ipl·
1207 3856 1360 3912 imitantem
1375 3853 1522 3911 humanam
1543 3854 1628 3928 iilam,
1639 3872 1711 3930 quae
1724 3857 1850 3931 quamvis
1862 3873 1876 3913 a
1889 3858 1938 3912 beo
1950 3854 1992 3909 latr

367 3946 613 4017 tartenretlpsom
624 3949 651 4000 et
661 3947 799 4002 animam
809 3949 895 4002 trram
906 3944 1040 4012 sollicite,
1052 3962 1088 4002 ne
1101 3945 1173 4004 obii·
1208 3945 1255 4016 sit,
1271 3949 1383 4016 propter
1403 3942 1553 4000 humanum
1568 3943 1664 4016 linem,
1684 3945 1710 4002 id
1735 3955 1779 4003 est
1791 3945 1993 4019 gubernationem

368 4037 495 4092 viscorts
506 4033 670 4099 verboram,
680 4044 756 4106 qaae
766 4032 904 4092 otdermet
918 4034 997 4092 oculi
1011 4038 1064 4102 tat,
1078 4042 1133 4092 eto.
1145 4044 1174 4095 et
1209 4034 1345 4091 bumanae
1359 4032 1526 4105 reipublicae
1542 4035 1632 4104 posita
1645 4041 1697 4092 est.
1711 4033 1786 4092 Unde
1806 4035 1903 4092 ibidem
1915 4033 1990 4099 sentit,

368 4141 397 4183 c.
407 4131 431 4182 5:
440 4126 513 4198 Qats
524 4121 581 4189 det,
591 4121 683 4179 talem
691 4138 738 4179 eos
745 4121 853 4180 babere
861 4129 1037 4192 mentemst
1047 4128 1174 4182 timeant
1208 4122 1270 4180 talia
1285 4129 1431 4194 praecepta
1445 4121 1583 4179 iudicialis
1596 4139 1650 4180 non
1665 4123 1750 4180 luisse
1768 4122 1926 4195 divina,norr
1939 4121 1989 4192 quia

369 4230 429 4280 me,
453 4218 480 4269 et
496 4210 670 4270 custodiant
694 4215 834 4271 attinersa
856 4213 1006 4272 aaarrdata
1030 4216 1124 4272 mear
1144 4222 1174 4272 et
1208 4214 1299 4269 abeo
1322 4212 1378 4268 lata
1403 4227 1457 4267 aon
1480 4211 1534 4268 sint
1562 4211 1632 4286 lbac
1647 4213 1724 4269 'enim
1744 4227 1846 4286 negare
1866 4223 1989 4270 erroneum

370 4302 451 4360 inira:
472 4300 633 4369 custodite,
652 4299 795 4375 etsactte,
813 4319 890 4378 qaae
908 4309 1060 4380 praecepit
1073 4307 1174 4362 Domi·
1207 4301 1315 4372 essetl,
1335 4299 1383 4358 sed
1402 4303 1536 4374 quianon
1557 4300 1611 4359 sint
1624 4301 1705 4374 data,
1726 4309 1757 4358 ut
1774 4301 1897 4360 homines
1910 4298 1988 4356 redde·

369 4407 442 4459 nur;
461 4397 489 4448 et
503 4391 590 4447 inira:
609 4395 665 4449 Per
678 4393 775 4460 olane,
792 4408 885 4465 qaam
902 4399 1055 4468 praecepti
1067 4398 1172 4451 Domi·
1206 4397 1269 4448 rent
1288 4388 1384 4463 dignos
1408 4393 1479 4447 vitae
1499 4396 1636 4448 aeternae.
1652 4393 1728 4448 liano
1751 4394 1826 4449 enim
1845 4389 1987 4465 particulam

369 4497 425 4540 rtur
444 4484 525 4538 Dens
544 4485 656 4548 vester,
681 4479 892 4549 anabaiabttls,
915 4488 949 4539 ut
961 4487 1080 4541 vivatis.
1097 4487 1171 4553 Quae
1206 4481 1249 4537 ille
1265 4487 1364 4537 auctor
1378 4480 1470 4551 posuit
1491 4479 1516 4535 in
1531 4479 1684 4537 delinitione
1705 4480 1769 4554 legis
1783 4481 1907 4552 divinae,
1921 4491 1988 4552 quan

369 4571 459 4630 omnia
481 4571 621 4642 potissime
640 4569 674 4626 ibi
694 4571 824 4628 dicuntur
838 4573 941 4630 ratione
955 4581 1167 4646 praeceptorum
1207 4571 1247 4627 aio
1272 4569 1378 4626 definit:
1395 4573 1449 4628 Est
1471 4571 1592 4642 signam
1606 4568 1724 4629 diuinae
1743 4574 1873 4628 rationis
1885 4567 1988 4628 volantis

369 4660 672 4719 moraliumlleclarari
686 4666 827 4733 praeterea
840 4661 893 4719 boc
906 4669 1007 4735 potest,
1020 4665 1084 4736 quia
1095 4678 1174 4736 prae·
1207 4657 1339 4733 obligare
1353 4663 1526 4716 creaturam
1536 4657 1718 4717 rationalem
1728 4659 1771 4718 ad
1783 4639 1901 4732 atcpdta
1913 4672 1988 4732 apen·

369 4758 450 4824 cepta
471 4749 526 4820 illa,
542 4750 640 4813 sotum
652 4750 716 4823 quia
736 4757 816 4811 erant
835 4752 1070 4825 praeceptalibus
1091 4752 1169 4826 legis,
1207 4745 1299 4810 dum,
1317 4747 1361 4805 vel
1379 4763 1438 4805 non
1452 4747 1613 4822 agendum,
1630 4753 1664 4806 ιιι
1676 4747 1769 4823 digna
1785 4747 1928 4808 reddatur
1940 4747 1989 4802 otta

369 4842 519 4915 obligarent
537 4855 741 4914 quemcumque
761 4841 923 4914 israelitam,
939 4841 1045 4900 etiarnsi
1059 4843 1173 4900 invinci·
1207 4843 1340 4896 aeterna.

369 4930 458 4989 biliter
471 4931 629 5004 ignoraret,
649 4929 759 5003 aliquod
774 4930 883 4989 illorum
898 4932 1007 4989 essedo
1023 4933 1080 5006 lege
1094 4940 1174 4990 natu·
1249 4935 1275 4986 5.
1291 4931 1364 4986 Haec
1379 4944 1444 4987 aero
1465 4929 1598 4986 sententia
1618 4929 1675 4986 sine
1688 4929 1769 4987 dubia
1784 4929 1853 4986 laisa
1867 4934 1924 5000 est,
1938 4941 1988 4982 nan

369 5021 694 5091 rali;eteoonvsronon
706 5019 857 5093 obligarent
868 5021 1174 5093 alienigenam,etiamsi
1209 5017 1341 5076 iudicialis
1361 5026 1506 5092 praecepta
1526 5035 1579 5076 non
1599 5019 1688 5076 minus
1711 5019 1869 5093 obligabant
1889 5019 1913 5076 iu
1934 5031 1987 5074 coo·

370 5111 602 5182 sciret,dataesse
613 5111 693 5168 alien
704 5109 742 5166 illi
754 5110 896 5182 populo,si
907 5110 973 5167 alias
985 5109 1080 5168 eodem
1092 5110 1173 5168 modo
1208 5109 1339 5178 scientia,
1361 5109 1417 5166 sire
1435 5124 1550 5180 poenam
1564 5107 1710 5180 adderent,
1725 5109 1781 5166 sire
1797 5125 1850 5165 non
1865 5107 1987 5172 adderent,

369 5205 524 5279 ignoraret,
547 5198 635 5256 omnia
655 5215 717 5257 essa
737 5198 772 5256 de
792 5199 853 5258 iure
867 5200 999 5273 naturali,
1016 5213 1078 5257 narn
1091 5199 1172 5258 etiam
1207 5215 1291 5275 quam
1311 5205 1413 5256 cetera.
1430 5200 1488 5257 lloc
1502 5197 1610 5257 ridetur
1628 5197 1801 5259 manilesturu
1815 5215 1850 5257 ex
1865 5197 1948 5256 verbis
1960 5194 1990 5250 le·
