4294 6238
397 358 461 426 191
1051 349 1068 372 ”
1097 374 1200 425 erana
1213 373 1275 425 var.
1335 444 1341 454 ι

357 498 511 574 quoddam,
528 506 556 556 et
573 498 680 571 privata
698 499 751 557 lex.
771 501 837 558 ltem
858 515 907 573 per
926 498 1161 559 consuetudinem
1199 514 1260 556 men
1276 492 1410 573 aprivato
1423 497 1546 571 subdito,
1562 501 1608 573 qni
1624 497 1695 556 illem
1707 504 1884 571 potestatem
1897 512 1960 554 non
1973 495 2025 552 ba·

356 589 492 661 privatam
515 596 607 661 potest
625 590 687 662 quis
706 590 833 647 excusari
854 590 887 648 ab
902 590 1067 664 obligatione
1082 589 1160 663 legis3
1197 590 1254 662 betq
1268 605 1318 648 nec
1330 591 1518 663 praesumitur
1532 591 1658 662 superior
1670 605 1734 646 cum
1746 588 1791 647 illo
1801 587 1893 662 quasi
1907 587 2028 658 dispen-

358 694 425 753 ergo
446 677 504 736 talis
526 678 700 736 consuetudo
716 679 807 751 legalis
821 687 874 736 est.
891 679 1060 738 antecedens
1075 685 1160 752 66161,
1197 695 1259 736 6666
1278 687 1390 753 propter
1411 680 1529 742 ebusum
1547 679 1625 750 eius,
1641 679 1705 752 quia
1718 685 1792 736 esset
1806 676 2043 748 irrationabilis,

357 771 422 841 qnia
437 770 496 824 iure
508 771 649 826 communi
661 775 768 827 tenetur
780 770 927 843 episcopus
943 771 967 826 16
982 769 1162 841 corruptione
1198 770 1325 828 voluntas
1339 776 1436 827 contra
1451 784 1568 826 nervum
1582 767 1755 841 disciplinae,
1768 769 1826 826 imo
1841 772 1956 825 contra
1967 765 2028 822 vim

358 857 533 916 subditorum
550 859 700 931 procedere
713 859 747 916 de
761 861 877 917 consilio
887 861 1017 932 capituli,
1030 866 1058 917 et
1072 865 1161 916 tamen
1197 863 1226 915 et
1239 858 1390 916 efficaciam
1405 860 1527 916 omnium
1542 857 1645 930 legum.

358 963 408 1020 per
429 948 660 1006 consuetudinem
681 957 847 1022 excusatur,
865 950 953 1022 capite
967 955 1035 1006 Nou
1048 955 1105 1017 661,
1129 947 1163 1004 de
1237 955 1265 1007 5.
1282 947 1411 1006 Secundo
1432 947 1579 1006 dicendum
1598 953 1656 1019 est,
1679 945 1936 1024 consuetudinem*
1951 945 2027 1001 iuris

358 1044 488 1096 consuet.
500 1041 527 1095 in
540 1043 565 1098 6.
575 1040 702 1112 idemque
717 1041 835 1096 sumitur
849 1055 882 1096 ex
897 1040 984 1112 capite
999 1044 1023 1098 l.
1038 1040 1072 1097 dc
1086 1053 1164 1110 prae·
1197 1056 1251 1096 non
1267 1055 1283 1096 a
1298 1054 1475 1112 quacumque
1488 1037 1685 1094 communitate
1695 1037 1835 1094 introduci
1848 1051 1956 1108 posse,
1976 1033 2029 1090 sed

359 1129 457 1201 script.
474 1129 499 1186 16
512 1133 544 1200 6,
557 1129 608 1186 ibi:
625 1131 702 1187 Cuov
713 1133 761 1186 ius
777 1145 932 1194 cemovuue
943 1135 1049 1187 contro
1062 1131 1163 1203 ipsum
1197 1130 1231 1186 ab
1245 1129 1307 1199 illa,
1324 1144 1395 1202 quaa
1414 1116 1553 1200 61166666
1570 1127 1713 1198 6616616116
1728 1125 1908 1200 legislatione
1924 1139 1980 1196 pro
1996 1139 2028 1180 se
2117 1115 2118 1120 ’

349 1215 466 1290 societ.
483 1219 519 1274 Et
535 1220 640 1275 ratione
660 1218 768 1290 probari
788 1226 893 1291 potest,
913 1220 978 1293 quia
1000 1225 1090 1290 potest
1104 1225 1163 1276 166-
1198 1221 1270 1291 1666,
1283 1218 1324 1274 vel
1339 1217 1434 1274 saitem
1450 1217 1609 1288 sufficiens,
1623 1222 1654 1273 ut
1667 1231 1734 1274 vera
1748 1217 1790 1272 lca
1803 1215 1847 1272 illi
1860 1213 1962 1287 possit
1974 1215 2029 1270 im-

357 1313 418 1364 tum
431 1323 463 1364 ea
479 1314 556 1380 parte
570 1303 637 1378 tolli,
652 1323 722 1380 quae
738 1307 839 1364 dicitur
854 1308 919 1380 legis
935 1308 1090 1380 derogatio,
1103 1307 1161 1379 lege
1198 1309 1272 1382 poni.
1288 1309 1361 1364 llaec
1376 1309 1491 1364 assertio
1506 1306 1661 1363 communis
1675 1314 1718 1363 est
1729 1304 1821 1379 quoad
1840 1304 1921 1376 boc,
1941 1310 1978 1360 ut
1989 1302 2028 1360 ad

356 1395 532 1471 derogetur,
552 1397 579 1453 ll.
602 1397 635 1455 de
656 1397 765 1454 verbor.
784 1397 874 1470 signis.
891 1412 958 1470 orgo
978 1413 1027 1470 per
1042 1413 1162 1454 consue·
1198 1397 1428 1455 consuetudinem
1448 1396 1676 1455 introducendam
1697 1395 1861 1468 requiretur
1885 1409 2028 1451 commu·

359 1484 481 1543 tudinem
499 1486 580 1542 unius
595 1501 728 1558 personae
744 1486 844 1559 peterit
857 1487 894 1543 illl
909 1485 1051 1562 derogari,
1064 1488 1162 1544 saltem
1199 1488 1268 1546 61166
1283 1487 1415 1559 66616616,
1429 1486 1520 1560 qualis
1534 1493 1576 1544 661
1588 1487 1701 1556 6161166,
1717 1484 1760 1542 661
1774 1485 1828 1540 6116
1844 1483 1968 1540 similis.
1982 1484 2026 1540 lta

359 1575 451 1648 quoad
467 1575 546 1631 talem
562 1591 718 1647 personam.
939 1579 944 1592 ’
1128 1609 1133 1618 ·
1198 1580 1318 1635 sumitur
1334 1594 1366 1634 ea
1382 1576 1455 1636 dicta
1470 1573 1529 1652 leg'e
1543 1575 1714 1650 dequibus,
1734 1577 1778 1633 ubi
1792 1575 1880 1649 prins
1897 1574 2026 1644 dicitur,

397 1671 426 1724 l.
438 1665 479 1722 bd
490 1667 608 1738 priorem
620 1673 725 1738 partem
736 1664 889 1738 respondeo
901 1666 926 1722 16
935 1668 1041 1739 primis,
1052 1664 1096 1722 bic
1108 1682 1162 1722 nou
1199 1666 1429 1725 consuetudinem
1442 1668 1622 1724 inveteratam
1634 1667 1686 1723 rirn
1698 1666 1766 1722 iuris
1778 1665 1908 1735 babere;
1923 1671 1956 1721 61
1966 1671 2026 1721 616·

357 1770 418 1813 6666
441 1772 595 1813 sermonem
612 1756 647 1813 de
666 1756 822 1831 privilegio,
838 1756 911 1829 quod
930 1764 974 1814 est
987 1755 1028 1814 lex
1045 1757 1160 1829 privata,
1199 1759 1246 1815 tim
1264 1758 1332 1815 ratio
1346 1755 1484 1827 redditur,
1497 1757 1560 1829 quia
1574 1755 1733 1828 ipseeleges
1746 1757 1798 1811 vim
1810 1755 1937 1826 babent,
1954 1755 2025 1827 qnia

359 1845 407 1903 sed
422 1845 456 1903 de
472 1847 529 1903 iure
549 1847 737 1919 conscripto,
753 1845 826 1919 qnod
846 1846 945 1904 babeat
965 1850 1104 1920 propriam
1121 1864 1165 1905 ra·
1199 1846 1300 1905 iudicio
1321 1845 1414 1920 populi
1437 1852 1563 1917 receptae
1585 1851 1666 1916 sunt3
1683 1861 1749 1918 ergo
1767 1844 1842 1902 idem
1858 1843 2026 1902 dicendum
2117 1895 2118 1904 2

360 1937 460 1992 tionem
476 1934 551 2008 legis.
568 1935 668 1993 Deinde
683 1935 759 2007 dico,
773 1935 943 2008 privilegium
956 1937 1042 2010 magis
1056 1937 1162 2010 acquiri
1199 1944 1241 1995 est
1258 1935 1292 1993 de
1311 1937 1368 2009 bis,
1384 1951 1455 2008 quae
1475 1938 1532 1993 sine
1549 1935 1651 2007 scripto
1665 1934 1784 2007 populus
1798 1935 1951 2006 probarit.
1971 1933 2025 1993 Ubi

359 2041 407 2097 per
422 2027 559 2098 propriam
579 2027 839 2098 praescriptionem,
852 2042 936 2099 quem
951 2033 1164 2099 perconsnctu·
1198 2027 1271 2083 olere
1293 2040 1384 2084 sermo
1404 2033 1447 2082 ost
1466 2024 1499 2082 de
1519 2024 1622 2098 populo
1645 2026 1782 2098 perlecto,
1799 2031 1829 2082 et
1851 2025 2022 2082 secundum

358 2115 447 2172 dinem
463 2119 624 2189 propriam,
643 2115 676 2172 de
695 2131 750 2189 qua
771 2131 844 2172 6666
861 2123 1028 2189 tractamus,
1046 2124 1076 2174 ut
1090 2117 1164 2174 dice·
1199 2114 1775 2189 6616666666166111611666616666616616
1791 2131 1821 2171 se
1840 2123 2022 2187 potestatem

360 2221 421 2262 mus
434 2206 482 2262 lib.
498 2209 635 2280 sequenti.
656 2208 770 2264 Constat
790 2213 902 2278 eutem,
920 2207 1163 2279 praescriptionem
1197 2207 1332 2264 condendi
1350 2208 1435 2280 leges.
1452 2207 1486 2264 Et
1498 2207 1525 2262 in
1549 2205 1606 2278 lege
1620 2204 1671 2262 sed
1688 2221 1725 2263 eo
1738 2203 1872 2276 additur,
1890 2220 2023 2261 consus·

359 2295 494 2368 aprivata
511 2298 901 2370 personu,etperprivatum
918 2311 1164 2368 usnn1,sencon·
1200 2295 1332 2354 tudinem
1354 2294 1506 2353 introduci
1527 2297 1623 2353 tacite
1643 2293 1778 2354 ciuilium
1798 2297 2017 2361 conventione,
2117 2285 2118 2304 ³

360 2385 533 2442 suetudinem
555 2385 702 2444 introduci.
719 2387 796 2445 Unde
814 2387 848 2444 ad
865 2387 1045 2460 posteriorem
1059 2393 1162 2458 partem
1199 2389 1274 2444 cives
1290 2392 1380 2445 autem
1396 2385 1532 2443 civitatem
1544 2385 1734 2454 constituunt,
1747 2387 1844 2443 civitas
1860 2393 1966 2441 autem
1977 2391 2022 2442 est

359 2473 579 2546 respondemus,
595 2474 742 2547 dupliciter
761 2492 841 2548 posse
859 2477 994 2549 privatam
1012 2482 1165 2534 consuetu·
1198 2477 1381 2534 communitas
1397 2476 1527 2548 perlecta.
1547 2476 1582 2532 Et
1596 2475 1621 2531 io
1636 2475 1656 2532 l.
1672 2477 1715 2532 stc
1728 2473 1764 2531 cle
1785 2478 2020 2550 interpretatio·

254 2631 256 2634 .
359 2564 451 2621 dinem
464 2565 592 2622 excusari
607 2565 640 2622 ab
654 2566 816 2639 obligatione
835 2567 902 2639 legis
919 2566 1084 2622 communis.
1103 2566 1163 2624 Uno
1198 2581 1235 2623 ue
1256 2565 1412 2638 appelletur
1434 2567 1481 2622 ius
1505 2566 1647 2621 ciuitatis.
1672 2563 1801 2637 ldemqito
1821 2565 1960 2622 sumitur
1985 2579 2019 2621 ex
2117 2631 2118 2644 ἒ

360 2652 442 2709 modo
454 2655 664 2726 praescribendo
676 2671 725 2728 per
737 2655 810 2713 illam
820 2655 929 2729 aliquod
943 2655 1163 2730 ius,qneacqni·
1198 2657 1291 2721 §aloe
1305 2658 1424 2730 scripto,
1443 2671 1507 2712 cum
1523 2654 1717 2728 sequentibus,
1730 2656 1819 2714 instit.
1836 2655 1875 2713 de
1891 2656 1950 2713 iur.
1968 2670 2017 2710 na·
2117 2657 2118 2662 ’

362 2744 415 2800 6116
435 2750 526 2815 661661
543 2744 644 2801 mutari
658 2746 770 2803 materia
785 2745 942 2802 communia
956 2745 1041 2815 iuris,
1057 2751 1084 2802 et
1098 2751 1165 2816 666·
1199 2751 1256 2802 166.
1274 2745 1414 2817 gentlnm,
1429 2750 1456 2801 et
1469 2745 1552 2802 civili.

361 2839 509 2906 sequenter
531 2849 641 2891 cessare
663 2842 753 2907 potest
771 2835 901 2908 obligatio
915 2833 1070 2890 communis
1084 2831 1162 2906 iuris;
1188 2887 1195 2898 ,
1235 2834 1310 2893 Unde
1323 2836 1503 2891 communiter
1515 2835 1645 2890 doctores
1656 2841 1798 2903 asserunt,
1810 2833 1910 2891 solum
1922 2848 2014 2906 popu·
2117 2819 2118 2896 1

360 2929 388 2980 61
407 2923 459 2980 1166
481 2925 561 2982 modo
581 2931 673 2996 potest
692 2926 866 2981 consuetudo
890 2925 996 2996 privata
1014 2934 1162 2992 excusare,
1199 2925 1272 2997 lum,
1288 2925 1335 2998 qui
1356 2930 1518 2997 potestatem
1540 2924 1638 2981 babeat
1659 2924 1794 2981 condendi
1809 2924 1910 2999 leges,
1929 2939 2014 2996 posse

361 3012 405 3070 vel
426 3014 517 3085 potins
539 3012 633 3070 tollere
653 3013 843 3087 obligationem
865 3014 929 3071 iuris
950 3012 1105 3088 eommunis
1130 3012 1164 3069 ab
1198 3015 1426 3073 consuetudinem
1449 3013 1634 3070 introducere.
1656 3015 1731 3071 Bart.
1747 3016 1846 3084 lason,
1862 3020 1897 3070 et
1917 3013 1964 3070 alii
1986 3012 2012 3066 in

361 3102 453 3176 eliqua
465 3119 594 3175 persona,
605 3106 669 3177 quia
681 3104 725 3160 illa
737 3119 789 3160 non
802 3112 844 3160 661
855 3103 998 3176 derogatio
1009 3103 1076 3159 iuris
1087 3117 1164 3159 eum·
1199 3105 1274 3163 dicte
1288 3105 1306 3160 l.
1329 3103 1365 3160 de
1382 3103 1496 3178 quidus,
1514 3102 1661 3161 Panormit.
1679 3091 1768 3161 Roob.
1783 3110 1812 3162 et
1826 3103 1872 3161 alii
1889 3106 1918 3160 16
1933 3102 2011 3159 dicto

362 3196 471 3266 munis,
487 3193 535 3251 sed
550 3194 649 3251 oblatio
664 3193 801 3250 materiae.
817 3192 896 3262 Quod
909 3193 990 3251 etiem
1003 3195 1028 3248 16
1047 3193 1107 3249 iure
1118 3209 1164 3249 nn·
1199 3211 1262 3266 cap.
1280 3195 1332 3252 ult.
1347 3196 1443 3250 lnooc.
1460 3194 1485 3250 16
1501 3208 1563 3264 666.
1581 3197 1742 3268 Euporie,
1761 3192 1794 3250 de
1808 3201 1904 3251 const.
1924 3193 2011 3249 Felin.

363 3284 445 3342 turnli
460 3285 596 3357 contingit
610 3299 658 3355 per
671 3286 968 3362 rerumflutationem,
986 3290 1017 3341 ut
1031 3299 1111 3355 saepe
1125 3283 1166 3340 di·
1199 3283 1225 3340 in
1241 3299 1302 3356 cap.
1324 3287 1410 3359 Quae
1422 3285 1454 3340 iu
1467 3281 1674 3348 ecclesiarum,
1692 3282 1727 3340 de
1740 3283 1854 3341 constit.
1871 3299 1901 3339 c.
1919 3287 1969 3351 25,
1986 3286 2013 3336 61

363 3381 440 3430 otum
451 3380 508 3445 661,
520 3379 548 3430 61
560 3373 585 3428 16
596 3375 654 3445 1666
666 3375 882 3446 praescriptione
893 3381 990 3431 notum
1003 3381 1056 3432 est
1067 3375 1102 3430 Et
1112 3373 1164 3431 boo
1201 3390 1265 3446 cap.
1278 3371 1463 3439 Accedeates‚
1478 3373 1510 3428 de
1522 3375 1675 3444 praescrip.
1689 3375 1788 3429 llevar.
1805 3374 1833 3428 16
1848 3374 2009 3428 Commeat.

361 3465 444 3520 inodo
467 3462 624 3536 procedunt
642 3463 700 3520 iure
721 3480 804 3535 supra
823 3465 921 3536 citata,
938 3470 969 3520 ut
983 3479 1015 3521 es
1030 3463 1084 3520 illis
1098 3479 1165 3520 con·
1200 3462 1233 3519 de
1248 3463 1359 3535 spoliis,
1375 3461 1388 3530 1
1406 3466 1454 3532 11,
1471 3478 1546 3519 nuru.
1566 3464 1592 3534 i,
1609 3469 1637 3519 61
1651 3462 1708 3535 6111,
1723 3479 1794 3536 quos
1809 3462 1897 3520 relert
1916 3462 2008 3533 Tiraq.
2117 3533 2118 3544 ἵ

361 3559 425 3610 6161.
444 3554 503 3610 lllio
520 3553 602 3610 modo
618 3560 709 3626 potest
720 3553 850 3628 intelligi,
865 3556 999 3626 priuatam
1014 3561 1166 3627 cousuetu-
1200 3553 1233 3610 de
1248 3553 1300 3609 inr.
1318 3554 1469 3625 primogen.
1486 3567 1515 3624 q.
1537 3556 1580 3624 16,
1598 3551 1669 3609 unde
1683 3554 1756 3608 loan.
1772 3552 1860 3609 dudr.
1875 3558 1963 3610 tract.
1977 3549 2011 3606 de
2117 3547 2118 3612 l

361 3643 451 3700 dinem
465 3643 598 3716 aierogere
610 3642 661 3716 legi
674 3646 814 3700 communi
829 3660 877 3716 per
888 3661 934 3714 se,
946 3643 1088 3701 etdlrecte
1100 3644 1165 3700 sub·
1201 3641 1365 3700 consuetud.
1389 3647 1460 3714 post.
1480 3656 1542 3713 cap.
1566 3641 1616 3698 ult.
1639 3641 1711 3700 illius
1731 3642 1772 3700 tit.
1789 3640 1841 3699 hac
1856 3644 1967 3700 ratione
1982 3642 2007 3694 in
2117 3629 2118 3664 f

362 3731 496 3788 trahendo
521 3732 555 3788 ab
576 3733 740 3805 obligatione
760 3734 835 3806 eius3
851 3739 878 3790 61
898 3733 951 3790 boc
971 3733 1089 3791 dicimus
1103 3751 1165 3792 6666
1200 3731 1354 3789 delinitione
1369 3730 1578 3788 consuetudinis
1598 3732 1690 3802 ponit,
1707 3730 1805 3788 debere
1818 3747 1883 3791 esse
1904 3734 1949 3789 ins
1964 3745 2010 3802 po·
2117 3807 2118 3810 Ἴ

361 3820 547 3894 impossibile,
569 3824 634 3894 quia
653 3823 827 3879 consuetudo
847 3823 961 3894 privata·
970 3823 1109 3896 frangendi
1129 3824 1166 3882 le·
1201 3821 1277 3894 puli,
1293 3821 1340 3895 qni
1359 3822 1522 3878 auctoritate
1541 3819 1651 3892 publica
1665 3820 1753 3894 legem
1768 3821 1890 3878 condere
1910 3820 2007 3893 6666116
2117 3821 2118 3824 ’

361 3925 424 3983 gem
436 3909 517 3966 etiam
532 3909 676 3981 positivam
686 3953 693 3978 ,
703 3926 845 3982 nunquam
856 3913 1103 3985 excusatculpam,
1117 3913 1166 3970 sed
1201 3919 1229 3969 61
1242 3913 1367 3984 sequitur
1390 3910 1425 3966 ibi
1439 3910 1546 3967 Barbat.
1564 3917 1593 3967 et
1606 3909 1666 3982 alii,
1680 3919 1710 3967 et
1723 3911 1819 3984 angel.
1842 3912 1930 3968 verbo
1944 3924 2010 3965 con·

363 4001 455 4071 potitis
473 3999 506 4056 de
525 4015 553 4055 se
567 4007 649 4072 auget
663 4000 746 4057 illam.
762 4003 797 4058 111
817 4001 869 4058 1166
889 4000 971 4059 modo
985 4002 1081 4059 dicunt
1094 4005 1164 4075 iure,
1200 3999 1335 4068 suetudo,
1354 4016 1382 4055 6.
1402 4003 1428 4070 l,
1446 3999 1491 4057 ubi
1512 4001 1549 4056 eit
1567 3999 1671 4072 requiri
1691 4001 1825 4072 populum
1840 4001 1959 4074 habilem
1974 3995 2006 4053 ad
2117 4013 2118 4050 t

363 4096 462 4148 contra
482 4089 662 4146 obedientiam
682 4106 735 4147 non
751 4091 917 4163 praescribi,
934 4107 996 4162 cap.
1015 4095 1093 4158 Cum
1106 4109 1166 4150 uon
1201 4087 1372 4147 condendam
1395 4089 1494 4162 legem.
1514 4088 1589 4146 ldem
1608 4089 1713 4147 clarius
1728 4089 1846 4166 sylvest.
1862 4107 1893 4164 q.
1911 4095 1938 4146 3.
1957 4084 2007 4144 sed
2117 4083 2118 4090 ’

362 4179 469 4246 liceat,
493 4178 526 4236 de
548 4179 711 4251 praescript.
728 4180 773 4237 ubi
787 4180 897 4248 Glossa,
912 4187 940 4237 et
953 4180 996 4237 alii
1011 4183 1167 4240 communi·
1200 4180 1299 4237 melius
1314 4179 1367 4236 boc
1382 4178 1513 4251 explicuit
1526 4178 1553 4234 d.
1569 4177 1686 4236 Tbomas
1705 4182 1729 4236 l.
1746 4185 1776 4253 2,
1791 4195 1818 4253 q.
1836 4183 1890 4252 et,
1906 4185 1957 4236 art.
1977 4180 2004 4245 3,

363 4278 406 4328 ter
420 4269 445 4326 id
463 4276 575 4342 notant,
591 4272 656 4343 quia
669 4284 721 4327 nec
736 4275 827 4343 potest
840 4270 920 4327 eximi
940 4270 1038 4344 aliquis
1053 4272 1166 4330 6116116-
1200 4270 1233 4327 ad
1250 4275 1277 4344 3,
1293 4269 1402 4337 dicens,
1418 4270 1658 4339 communitatem,
1675 4285 1690 4326 a
1705 4285 1761 4342 qne
1775 4277 1868 4342 potest
1890 4279 2003 4326 consue·

361 4361 463 4418 dientia
484 4366 597 4433 propter
618 4358 845 4432 inobedientiam,
862 4375 912 4417 nec
934 4376 982 4432 per
1001 4377 1084 4418 sunm
1098 4362 1166 4418 abu·
1201 4359 1267 4418 tudo
1287 4359 1438 4428 introduci,
1454 4356 1552 4415 debere
1571 4373 1631 4414 6666
1650 4364 1700 4414 661
1720 4357 1919 4430 rempublicam
1941 4354 2005 4412 libe·

362 4467 424 4509 sum
445 4457 537 4523 potest
556 4449 688 4522 derogare
702 4449 828 4520 potestati
844 4450 1012 4523 superioris,
1028 4458 1077 4508 ant
1090 4451 1165 4510 illam
1200 4465 1278 4521 rem,
1300 4465 1350 4505 seu
1372 4463 1545 4520 supremam3
1562 4455 1609 4504 eut
1629 4450 1652 4503 si
1667 4448 1779 4505 interior
1793 4435 1842 4519 sit,
1858 4449 1912 4506 boo
1925 4457 2001 4518 66666

285 4583 289 4590 -
362 4541 452 4615 aliquo
468 4538 550 4597 modo
566 4539 700 4608 minuere.
713 4540 749 4596 tit
764 4538 803 4594 616
817 4541 897 4596 etiam
911 4538 1008 4597 dicunt
1022 4541 1163 4615 doctores,
1200 4541 1225 4596 io
1243 4541 1267 4596 vi
1281 4538 1355 4596 166111
1370 4553 1522 4595 consensus
1536 4535 1607 4593 illius
1621 4538 1770 4609 principle,
1785 4539 1832 4608 cni
1851 4538 1956 4596 subest.
1972 4533 2003 4588 El

362 4630 502 4687 subditum
527 4645 579 4684 non
596 4644 677 4702 posse
692 4636 857 4701 praecepto,
873 4630 914 4685 vel
930 4630 1067 4688 intentioni
1083 4647 1164 4704 supe·
1200 4628 1259 4686 ideo
1271 4628 1351 4685 etiam
1363 4625 1534 4684 considerate
1545 4624 1600 4682 dixi
1610 4627 1636 4682 16
1643 4627 1805 4700 6666611666,
1823 4626 1925 4700 requiri
1932 4636 2003 4681 eom·

362 4721 442 4778 rioris
453 4718 597 4792 derogare,
615 4719 679 4792 quia
691 4718 744 4775 boc
757 4718 902 4777 intrinsece
913 4718 1028 4776 includit
1040 4721 1166 4778 obedien·
1202 4719 1372 4786 munitatem.
1385 4731 1461 4789 quoe
1476 4718 1516 4772 611
1526 4719 1791 4790 capaspatestctts
1812 4713 1999 4789 legislatione.

362 4810 415 4867 tiaa
431 4811 538 4866 vitium.
557 4810 594 4864 lte
609 4823 664 4881 qno
680 4807 764 4865 videri
779 4813 871 4879 potest
881 4808 990 4866 brobid.
1004 4811 1031 4866 16
1043 4827 1070 4868 6.
1088 4812 1165 4868 Cum
1201 4809 1266 4881 quin
1281 4813 1389 4872 666661
1403 4805 1601 4878 necessarium,
1615 4811 1720 4863 616616
1731 4806 1804 4863 illem
1826 4807 1934 4876 babeat,
1944 4799 2003 4875 qnia

361 4899 398 4957 de
409 4897 559 4972 beneficio,
572 4897 606 4955 de
617 4898 745 4969 praeben.
758 4899 785 4954 16
799 4903 825 4969 6,
837 4898 962 4955 etFelin.
974 4900 1001 4955 16
1013 4902 1164 4971 capcione
1203 4913 1252 4970 per
1263 4897 1401 4954 licentium
1412 4937 1420 4969 ,
1433 4912 1481 4953 sen
1493 4896 1607 4953 tacitum
1618 4911 1784 4955 consensum
1798 4897 1928 4970 principis
1941 4906 2002 4961 666·

362 4991 563 5057 accessissent,
581 4987 614 5044 de
629 4987 743 5044 constit.
759 5003 787 5044 n.
802 4992 849 5059 30,
865 4988 949 5045 verbo
962 4993 1071 5062 quarto
1086 4987 1166 5046 limi·
1201 4988 1272 5060 pleri
1286 4995 1387 5060 potest.
1400 4988 1541 5059 capacitas
1555 4992 1648 5044 autem
1663 4987 1726 5044 talis
1737 4988 1881 5060 potestatis
1902 4986 2000 5044 activae

363 5087 405 5138 io.
422 5079 467 5137 sic
483 5093 550 5151 ergo
565 5093 620 5134 non
634 5083 725 5150 potest
737 5077 864 5135 subditus
879 5079 1002 5149 privatus
1019 5096 1069 5136 sua
1080 5095 1165 5152 prava
1201 5079 1357 5135 necessaria
1369 5084 1423 5150 est,
1435 5077 1498 5151 quia
1508 5077 1589 5134 debet
1599 5067 1660 5134 es'se
1670 5079 1857 5136 communitas
1875 5076 1998 5152 perlecta;

363 5166 566 5227 consuetudine
586 5181 615 5224 66
628 5169 746 5225 eximere
760 5183 777 5223 a
790 5167 861 5240 lege.
876 5166 952 5225 Unda
966 5167 1030 5226 licet
1044 5168 1086 5226 lex
1101 5186 1165 5242 pos·
1202 5168 1291 5224 omnis
1311 5173 1402 5224 661666
1424 5168 1609 5224 communitae
1631 5166 1752 5239 perlecta
1770 5175 1814 5228 est
1832 5168 1866 5227 de
1880 5175 1997 5235 6666611

362 5258 397 5316 611
410 5274 442 5315 ex
458 5265 536 5330 parte
549 5255 676 5331 derogari
691 5257 725 5314 ab
740 5256 855 5314 habente
867 5263 1045 5330 potestatem,
1058 5273 1112 5315 non
1124 5265 1165 5316 ta·
1201 5258 1285 5316 buius
1300 5257 1459 5332 6616616116,
1475 5263 1603 5332 utsupra
1616 5256 1721 5316 dictum
1735 5267 1789 5316 est.
