4260 6222
410 343 473 410 432
562 425 563 429 Ἴ
1018 379 1019 382 ¹
1102 361 1204 412 arana
1218 361 1294 412 vru.

369 502 426 561 quo
439 487 589 544 certamine
604 501 652 558 per
667 486 855 544 transitorium
873 486 993 544 edictum
1009 487 1042 544 ab
1056 487 1168 544 homine
1203 489 1261 561 ipso
1275 489 1443 545 concedente
1454 485 1640 559 privilegium,
1652 491 1679 542 et
1689 491 1783 557 postea
1796 498 1852 541 uon
1864 479 1947 539 habet
1957 496 2008 536 no·

367 577 560 649 propositum3
577 591 642 650 ergo
656 579 737 633 etiam
753 576 804 632 tale
824 577 994 650 privilegium
1008 579 1169 651 acquiretur
1202 594 1251 635 vos
1265 578 1377 635 allectus
1388 593 1437 649 per
1448 593 1487 647 se,
1502 575 1547 632 sed
1560 577 1637 648 quasi
1652 591 1700 647 per
1711 572 1851 642 accidens,
1865 577 2006 644 quatenus

367 665 519 738 ignoranti,
537 667 558 722 si
572 665 666 722 eodem
686 665 768 722 modo
784 667 816 722 sit
832 669 1013 738 propositum.
1028 666 1076 724 llel
1092 673 1168 722 certe
1202 667 1315 724 abstulit
1326 665 1696 739 iurpedimeutunr.Exempla
1708 665 1734 720 in
1746 671 1866 734 utroque
1880 660 2006 718 membro

367 755 389 810 si
404 754 457 810 tale
474 755 649 812 commodum
664 771 713 827 per
726 753 848 812 edictum
864 757 1035 828 propositum
1049 771 1102 812 uon
1121 771 1168 812 ac·
1202 763 1269 814 sunt
1290 757 1394 827 facilia,
1410 765 1438 812 et
1459 756 1518 812 ideo
1539 755 1582 812 illa
1604 755 1709 811 omitto.
1725 755 1754 810 ln
1775 751 1921 825 privilegiis
1937 764 2003 820 ergo

367 843 488 916 quiritur
502 844 646 915 ignoranti,
659 843 722 901 licet
737 843 819 901 iaciat
834 852 938 914 actum,
955 853 1067 917 propter
1083 859 1165 917 quem
1202 847 1278 918 primi
1290 847 1401 920 generis
1416 846 1568 902 admittitur
1577 845 1665 917 prima
1676 845 1806 900 sententia
1817 847 1931 913 propter
1945 839 2005 895 eius

261 985 265 992 .
366 933 517 1004 praemium
532 932 657 1005 otlertur,
669 933 749 989 etium
760 949 814 989 non
827 934 984 1006 acquiretur
995 929 1166 1006 propositum
1201 935 1425 1008 tundamentum,
1444 937 1586 1007 quiscum
1608 933 1653 991 illa
1663 931 1810 998 ‚c'onlerant
1824 929 1945 1002 aliquid,
1963 944 2006 984 re-

367 1037 417 1094 per
432 1028 582 1097 statutum3
598 1037 661 1079 uam
674 1029 717 1079 est
729 1023 824 1080 eadem
841 1024 927 1080 ratio:
941 1039 1003 1080 uam
1017 1025 1099 1079 etiam
1111 1023 1167 1078 edi·
1202 1027 1316 1100 quirunt
1330 1025 1547 1096 acceptationem
1562 1022 1727 1094 recipientis.
1744 1023 1773 1077 ln
1788 1018 1938 1094 privilegiis
1956 1033 2006 1073 au·

366 1119 444 1169 ctum
461 1113 649 1169 transitorium
662 1118 750 1183 potest
764 1118 875 1185 propter
889 1113 990 1170 bonum
1008 1127 1165 1183 commune,
1202 1122 1256 1170 tem
1279 1110 1393 1170 secundi
1412 1115 1519 1185 generis
1540 1113 1693 1184 praefertur
1712 1108 1835 1168 secunda
1858 1108 2003 1176 sententia,

365 1200 409 1257 vel
423 1200 543 1274 aliquam
557 1201 689 1258 rationem
700 1201 838 1274 publicam
851 1203 923 1276 lieri,
935 1210 964 1259 et
974 1201 1049 1275 quod
1059 1203 1094 1258 sit
1110 1217 1167 1258 ma·
1202 1204 1267 1274 quia
1289 1203 1315 1258 in
1336 1218 1367 1258 ea
1386 1201 1479 1258 delicit
1500 1201 1708 1258 tundamentum
1723 1200 1825 1272 primae
1842 1199 2003 1260 sententiae,

365 1289 461 1362 gisnei
478 1291 567 1346 minus
581 1289 722 1362 durabile,
743 1290 850 1348 videtur
869 1291 1094 1348 accidentarium.
1110 1293 1165 1348 Nec
1200 1292 1256 1347 imo
1273 1298 1366 1363 potest
1379 1291 1491 1347 formari
1505 1291 1683 1348 contrarium.
1695 1291 1764 1346 Nam
1778 1304 1850 1345 onus
1864 1286 2006 1358 obligatio·

366 1379 456 1436 minus
472 1378 515 1436 lex
528 1380 669 1436 scientiam
681 1380 811 1454 requirit,
827 1396 910 1452 quam
922 1381 1098 1452 rescriptum,
1116 1395 1166 1436 nee
1202 1380 1259 1450 nis,
1282 1380 1324 1436 vel
1346 1379 1583 1452 impedimentum,
1599 1379 1673 1452 quod
1692 1394 1743 1451 per
1763 1377 1816 1434 tale
1830 1373 2004 1448 privilegium

365 1483 528 1526 econverso
546 1471 631 1542 magis
645 1469 736 1526 obstat
749 1469 900 1542 ignorantia
919 1470 1070 1542 rescripto,
1083 1483 1165 1541 quam
1201 1468 1341 1538 aulerlur,
1352 1468 1408 1524 sola
1420 1468 1548 1540 principis
1559 1467 1699 1524 voluntate
1710 1467 1867 1539 impositum
1882 1463 1935 1520 tuit
1947 1462 2003 1518 sine

365 1558 431 1631 legi.
445 1557 522 1615 Unde
536 1560 556 1614 si
572 1558 716 1615 addacem
728 1558 788 1614 belli
800 1574 847 1614 reu
860 1559 992 1615 scriberet
1003 1559 1166 1630 promittens
1201 1558 1388 1630 acceptatione
1402 1557 1532 1630 alterius,
1545 1573 1611 1630 ergo
1623 1557 1775 1629 pereadem
1787 1553 1928 1623 aulertur3
1937 1567 2003 1623 ergo

364 1649 391 1705 in
410 1649 560 1718 praemium
579 1647 660 1704 talem
681 1646 828 1714 bonorem,
845 1648 866 1703 si
882 1647 961 1705 talem
977 1649 1112 1705 obtineret
1125 1650 1166 1704 vi·
1202 1647 1294 1703 statim
1310 1652 1440 1718 operatur
1453 1646 1532 1702 etiam
1546 1643 1621 1702 circa
1641 1646 1833 1718 ignorantem,
1849 1644 1915 1716 quia
1933 1641 2004 1697 illius

365 1737 483 1793 ctoriam
493 1777 500 1808 ,
512 1744 540 1793 et
557 1736 602 1792 ille
617 1744 678 1793 aute
693 1743 834 1808 receptum
850 1737 1014 1808 rescriptum
1028 1736 1166 1793 obtineret
1203 1735 1419 1806 acceptationem
1440 1751 1494 1791 non
1514 1735 1646 1808 requirit,
1661 1739 1689 1791 et
1702 1733 1796 1790 notitia
1814 1731 1947 1805 privilegii
1962 1747 2006 1786 so-

363 1826 523 1899 victoriam3
538 1825 572 1882 de
593 1825 637 1882 illo
657 1831 729 1882 esset
741 1825 836 1883 eadem
852 1826 938 1897 ratio,
954 1840 1025 1898 quae
1041 1824 1073 1882 de
1089 1840 1166 1897 prae·
1203 1823 1261 1881 lum
1275 1829 1365 1896 potest
1380 1824 1513 1894 postulari
1527 1831 1639 1895 propter
1649 1824 1876 1895 acceptationem.
1888 1821 1924 1877 Et
1936 1821 2004 1876 baec

366 1917 421 1974 mio
435 1916 574 1988 proposito
592 1930 641 1987 per
660 1911 795 1972 statutum
816 1905 959 1988 generale,
974 1915 1039 1988 quie
1053 1913 1096 1970 ille
1110 1931 1166 1970 non
1204 1913 1338 1970 sententia
1352 1913 1444 1986 quoad
1458 1914 1534 1984 prius
1549 1913 1702 1970 membrum
1716 1915 1882 1984 supponitur
1898 1927 1933 1969 ea
1949 1911 2003 1984 pri·

364 2012 441 2063 esset
456 2007 544 2062 miuus
558 2004 656 2077 diguus
670 2006 791 2076 praemio
802 2046 810 2077 ,
820 2011 850 2061 et
863 2005 925 2078 quia
936 2005 1015 2062 etiam
1032 2004 1165 2061 militabat
1202 2017 1259 2074 ma,
1271 2001 1362 2075 quoad
1374 2002 1511 2074 posterius
1521 2015 1587 2058 vero
1599 2003 1719 2058 sumitur
1730 2017 1763 2058 ea
1774 2001 1840 2058 Solo
1853 2001 1880 2056 in
1892 2004 1921 2066 t,
1934 1998 2002 2056 dist.

364 2111 412 2168 spe
429 2095 555 2167 praemii3
568 2093 686 2167 ergorel
698 2096 854 2167 inutraque
866 2093 1166 2151 casuadmittendaest
1199 2095 1250 2162 29,
1263 2107 1291 2164 q.
1308 2095 1338 2164 2,
1355 2099 1407 2148 art.
1428 2095 1453 2164 t,
1469 2097 1606 2165 quatenus
1620 2092 1760 2163 supponit,
1777 2090 2005 2160 impedimentum

364 2184 504 2250 doctriua,
520 2183 562 2240 vel
582 2182 722 2255 neganda3
742 2188 770 2239 et
784 2183 821 2239 ita
834 2181 989 2255 distinctio,
1006 2198 1055 2240 seu
1069 2182 1165 2260 limita·
1200 2179 1329 2237 dirimens
1343 2179 1443 2237 aulerri
1462 2194 1510 2252 par
1524 2179 1755 2252 dispensationem
1773 2171 1951 2247 concessam,
1966 2184 2006 2234 et·

365 2274 404 2330 tio
418 2272 621 2330 consubsistit.
637 2272 716 2340 Quod
731 2273 752 2328 si
767 2289 820 2329 nou
834 2275 881 2330 liat
893 2273 934 2329 ris
948 2274 973 2330 in
985 2279 1101 2342 statuto,
1117 2272 1165 2330 sed
1200 2271 1279 2326 iamsi
1296 2270 1448 2342 ignoratum
1462 2276 1490 2327 et
1499 2271 1538 2325 ita
1547 2272 1749 2327 matrimonium
1761 2275 1938 2326 contractum
1952 2268 2004 2324 sub

367 2361 392 2417 in
407 2361 460 2417 hoc
475 2361 577 2431 solum,
592 2360 666 2434 quod
681 2362 852 2436 privilegium
863 2370 1033 2435 proponatur
1044 2378 1094 2435 per
1106 2378 1165 2419 mo·
1200 2358 1244 2414 illa
1256 2374 1305 2432 spa
1315 2399 1322 2430 ,
1334 2358 1377 2415 vel
1389 2361 1561 2431 coniectura,
1573 2359 1647 2432 quod
1661 2361 1765 2416 Rornae
1775 2357 1839 2414 data
1850 2357 1885 2414 sit
1894 2357 2004 2429 dispen-

366 2450 431 2507 dum
454 2450 579 2522 praemii3
595 2453 620 2505 in
641 2451 734 2522 primis
751 2449 831 2508 babet
844 2451 1000 2524 generalem
1014 2450 1165 2508 dilliculta-
1201 2453 1288 2520 satio,
1305 2457 1368 2506 onte
1377 2449 1520 2521 propriam
1535 2450 1658 2506 notitiam
1672 2449 1747 2520 eius,
1761 2447 1882 2504 validum
1892 2461 1965 2514 esse,
1977 2453 2005 2502 et

366 2545 436 2607 tem,
457 2537 595 2610 quomodo
614 2539 773 2595 interveniat
796 2538 831 2595 ibi
851 2555 915 2596 vera
936 2541 1005 2596 ratio
1027 2539 1114 2594 meriti
1136 2546 1165 2596 et
1200 2523 1376 2611 permanere,
1398 2541 1420 2594 si
1441 2545 1535 2611 postea
1553 2545 1677 2610 constet,
1697 2538 1930 2610 dispensationem
1949 2536 2003 2591 ianr

365 2627 487 2699 praemii.
501 2627 536 2685 ut
549 2627 645 2684 deinde
658 2643 710 2683 non
722 2627 830 2686 videtur
841 2644 923 2699 posse
934 2627 1009 2686 reddi
1021 2628 1164 2685 sufficiens
1200 2629 1246 2684 illo
1260 2634 1383 2700 tempore
1402 2627 1486 2685 luisse
1504 2628 1666 2700 expeditam.
1681 2626 1760 2695 Quod
1779 2629 1907 2700 sequitur
1920 2626 2003 2682 llera·

261 2755 269 2774 .
366 2718 448 2788 ratio,
463 2731 514 2772 cur
536 2717 706 2790 privilegium
726 2717 897 2788 propositum
918 2717 943 2772 in
963 2719 1166 2774 remuneratio·
1200 2734 1266 2775 cruz
1288 2719 1316 2774 in
1335 2717 1469 2790 Speculo,
1489 2720 1512 2774 t.
1534 2726 1607 2788 part.
1631 2717 1697 2774 dub.
1721 2721 1770 2789 ro,
1789 2719 1818 2772 in
1837 2713 2000 2788 appendice,

364 2821 427 2864 nem
448 2807 532 2863 iuturi
553 2807 642 2877 operis
662 2806 823 2879 acquiratur
844 2821 893 2878 per
913 2822 1000 2877 opus,
1018 2813 1165 2880 antequam
1198 2813 1262 2874 §ct
1276 2810 1304 2864 sl
1313 2812 1382 2883 post
1401 2807 1653 2880 dispensationem
1661 2793 1713 2868 set
1733 2806 1892 2864 Ludoricus
1913 2807 2002 2876 Lopez

364 2895 509 2968 promissio
523 2895 564 2951 rel
578 2895 686 2954 collatio
701 2897 762 2952 talis
777 2895 887 2967 praemii
903 2895 937 2952 ud
958 2897 1085 2952 notitiam
1101 2911 1166 2967 oper
1199 2903 1227 2956 t.
1241 2915 1267 2970 p.
1280 2898 1404 2954 tract.de
1416 2894 1960 2969 matrimon.cap.ll,lol.tttdl,colum.
1976 2899 2000 2950 t.

363 2987 449 3041 rantis
462 2985 611 3056 perveniat,
626 2991 654 3041 et
666 2984 1082 3058 priuilegium'remunerativum
1098 2998 1163 3054 ope·
1199 2986 1251 3043 Sed
1265 2989 1294 3042 in
1310 2987 1362 3043 hac
1377 2986 1510 3042 sententia
1526 2986 1579 3043 boc
1601 2987 1738 3056 posterius
1753 2982 1907 3041 membrum
1921 2984 2001 3040 babet

363 3075 402 3132 ris
423 3075 477 3131 inm
497 3075 577 3147 iacti,
598 3081 626 3130 et
640 3089 702 3131 vere
716 3074 789 3148 digni
805 3074 849 3130 tali
864 3075 983 3146 praemio
998 3089 1052 3130 non
1069 3075 1165 3146 acqui·
1198 3092 1311 3151 grauem
1326 3076 1518 3134 difficultatem
1539 3075 1690 3144 moralem,
1706 3089 1789 3147 quarn
1808 3075 1835 3130 in
1855 3073 1946 3145 cupite
1960 3087 2002 3127 se·

362 3171 445 3221 ratur
458 3171 519 3221 aute
534 3164 658 3221 notitiam
672 3163 873 3236 concessionis,
885 3165 950 3236 quia
963 3164 1038 3237 quod
1050 3166 1165 3236 promis·
1200 3168 1296 3240 quenti
1311 3166 1422 3223 interius
1436 3164 1608 3222 commodius
1622 3179 1786 3237 proponam.

363 3253 421 3326 sio,
434 3269 484 3309 seu
502 3252 613 3309 collatio
625 3251 809 3309 conditionata
820 3253 1014 3325 praecesserit,
1030 3268 1095 3309 cum
1106 3252 1165 3310 iue-
1238 3259 1265 3314 e.
1281 3256 1382 3323 Quinta
1395 3255 1487 3327 opinio
1502 3253 1645 3324 distinguit
1655 3252 1737 3308 aliter
1745 3267 1779 3308 ea
1790 3259 1869 3325 parte
1882 3249 2001 3308 ellectus

361 3343 399 3397 rit
414 3341 535 3414 ignorate
545 3384 552 3413 ,
564 3339 705 3398 moraliter
718 3340 783 3397 nibil
799 3341 923 3397 conterre
938 3341 1044 3414 potuit,
1059 3342 1124 3414 quia
1136 3343 1163 3399 iu
1199 3344 1342 3419 privilegii.
1361 3346 1427 3401 liam
1446 3347 1535 3415 potest
1552 3356 1614 3397 esse
1627 3341 1767 3412 perlectus
1780 3347 1809 3398 et
1820 3342 1944 3413 integer,
1959 3341 2002 3396 rel

362 3432 512 3490 moralibus
533 3430 643 3503 perinde
662 3437 720 3503 est,
736 3430 824 3504 legem
844 3431 955 3488 omnino
976 3431 1113 3504 ignorari,
1130 3447 1162 3489 ac
1198 3439 1305 3492 tautum
1325 3431 1484 3503 inchoatus,
1505 3437 1533 3487 et
1551 3429 1706 3487 seeundum
1725 3428 1803 3504 quid.
1819 3429 1908 3486 Priori
1922 3427 2004 3485 modo

361 3535 416 3578 nou
435 3537 512 3588 esse,
534 3528 670 3593 quantum
689 3519 723 3576 ed
743 3537 813 3592 opus
828 3522 975 3591 operantis.
991 3523 1030 3576 Ac
1045 3519 1163 3594 denique
1198 3523 1318 3580 latentur
1338 3527 1467 3581 auctores
1488 3521 1572 3576 buius
1591 3519 1743 3592 opinionis,
1759 3518 1931 3592 privilegium
1947 3534 2001 3574 nou

361 3609 574 3668 fundamentalis
585 3612 655 3667 ratio
666 3610 748 3666 unius
759 3610 874 3666 membri
886 3608 1066 3666 distinctionis
1075 3624 1162 3683 aeque
1197 3613 1297 3670 habere
1317 3609 1445 3668 effectum
1459 3625 1541 3667 auum
1557 3609 1718 3682 priusquam
1733 3608 1938 3680 privilegiarius
1952 3623 2002 3664 no·

360 3701 388 3755 in
403 3699 488 3756 altero
501 3699 593 3756 locum
606 3698 700 3765 babet,
714 3697 834 3771 scilicet,
847 3698 911 3771 quia
923 3697 1096 3770 privilegium
1108 3715 1161 3754 nou
1195 3705 1282 3760 titiam
1296 3701 1369 3758 illius
1384 3701 1497 3770 babeat,
1512 3698 1637 3770 illudque
1650 3705 1794 3769 acceptet,
1809 3703 1922 3770 propter
1935 3696 1999 3754 iun·

361 3790 518 3863 acquiritur
535 3788 593 3844 sine
607 3789 809 3859 acceptatione,
827 3802 889 3844 nom
904 3787 927 3842 si
941 3786 994 3843 hoc
1010 3802 1106 3844 verum
1120 3794 1163 3845 est
1196 3783 1464 3862 damentumprimae
1479 3787 1638 3858 sententiae,
1649 3786 1839 3860 quamdicunt
1851 3788 1908 3844 isto
1921 3785 2002 3843 modo

361 3879 390 3934 in
404 3876 545 3950 privilegio
559 3877 759 3933 remunerativo
775 3877 866 3947 operis
880 3877 934 3932 iam
945 3875 1009 3931 iacti
1021 3917 1028 3947 ,
1042 3891 1093 3933 cur
1107 3891 1162 3933 nou
1196 3895 1257 3936 esse
1267 3876 1483 3952 intelligendam.
1496 3875 1645 3932 Posteriori
1656 3883 1750 3933 autem
1761 3874 1843 3934 modo
1852 3878 2001 3948 aiuutpro·

361 3967 413 4023 erit
427 3966 453 4023 in
467 3966 685 4022 remuneratione
697 3964 787 4036 operis
800 3963 935 4022 lactendi?
945 3963 993 4020 llel
1008 3965 1031 4021 si
1044 3966 1071 4020 iu
1086 3971 1162 4022 utro·
1195 3969 1293 4026 cedere
1307 3965 1457 4024 secundam
1473 3965 1654 4038 sententiam,
1672 3971 1769 4037 putant
1786 3966 1858 4021 enim
1872 3979 2002 4021 necessa·

361 4072 416 4130 que
431 4056 587 4112 necessaria
600 4060 657 4126 est,
674 4069 690 4110 a
705 4059 818 4124 neutro,
830 4052 873 4110 vel
887 4053 921 4110 ab
935 4059 1053 4125 utroque
1068 4053 1161 4111 haberi
1194 4058 1266 4114 rium
1281 4099 1288 4127 ,
1309 4065 1340 4113 ut
1353 4055 1484 4128 privilegii
1499 4058 1642 4110 concessio
1657 4071 1673 4112 a
1687 4054 1808 4127 principe
1822 4052 1896 4110 lacta
1910 4055 2001 4111 statim

361 4146 463 4218 poterit
483 4144 541 4200 sine
561 4143 654 4200 notitia
674 4143 870 4199 concessionis.
886 4143 937 4200 Est
957 4156 1022 4215 ergo
1040 4141 1160 4200 difficilis
1195 4147 1308 4218 incipiat
1328 4141 1427 4201 babere
1446 4143 1563 4217 aliquem
1577 4143 1716 4200 ellectum.
1734 4142 1812 4212 erod
1825 4144 1848 4199 si
1863 4143 1998 4217 inquiras,

361 4249 425 4310 pars
440 4233 503 4303 illa,
518 4238 546 4289 et
559 4237 616 4289 tota
629 4231 776 4288 distinctio.
1195 4235 1320 4308 quisnam
1333 4233 1553 4304 bicellectussit3
1564 4231 1646 4305 aliqui
1655 4232 1832 4305 respondent,
1842 4247 1904 4288 esse
1913 4232 1998 4304 hunc,

401 4327 427 4381 i.
445 4323 548 4391 Quarta
562 4321 695 4378 sententia
708 4319 822 4393 cogitari
833 4325 923 4393 potest
933 4335 997 4378 cuna
1009 4319 1160 4378 distinctio·
1195 4325 1261 4396 quia
1275 4323 1418 4380 concessio
1431 4320 1486 4394 illa,
1499 4320 1565 4378 licet
1575 4319 1699 4378 noudum
1708 4321 1736 4376 in
1747 4320 1864 4378 alterum
1877 4327 2000 4378 transtu·

360 4427 395 4470 ne
410 4411 478 4483 alia,
493 4413 575 4468 etiem
588 4426 622 4468 ex
635 4417 712 4484 parte
725 4411 866 4484 privilegii.
882 4411 949 4468 Nam
964 4409 1102 4484 quoddam
1116 4419 1161 4470 est
1196 4411 1259 4470 terit
1272 4413 1332 4484 ius,
1347 4409 1524 4467 nihilominus
1538 4411 1684 4466 retractari
1698 4425 1752 4466 non
1768 4413 1873 4482 potest,
1892 4426 1943 4468 nee
1961 4410 2000 4466 al·

360 4499 515 4558 concedens
532 4515 581 4573 per
594 4515 624 4557 se
638 4515 671 4557 ac
682 4499 867 4573 principaliter
878 4499 988 4572 aliquod
1000 4500 1058 4573 ius,
1073 4499 1159 4572 digni·
1195 4502 1248 4557 teri
1267 4501 1338 4572 lieri,
1360 4499 1447 4556 donec
1466 4498 1528 4570 ille,
1544 4499 1590 4555 cui
1605 4497 1679 4555 taeta
1691 4505 1750 4570 est,
1765 4505 1828 4570 post
1841 4497 1915 4556 illius
1929 4501 2000 4556 uoti·

360 4597 462 4663 tatem,
478 4596 526 4647 aut
540 4595 702 4661 potestatem
714 4630 721 4660 ,
735 4604 806 4662 quae
818 4605 867 4661 per
881 4588 994 4646 modum
1010 4597 1090 4646 actus
1106 4590 1159 4661 pri·
1193 4589 1260 4647 tiam
1278 4588 1397 4646 habitam
1412 4587 1485 4644 illam
1499 4603 1554 4642 nou
1568 4591 1706 4658 acceptet.
1722 4589 1873 4661 Potestque
1886 4587 2000 4644 lundari

359 4683 397 4737 rui
417 4678 560 4736 conlertur
579 4679 779 4752 privilegiario,
795 4685 827 4736 ut
847 4685 941 4751 postea
962 4679 1005 4736 illo
1021 4679 1059 4735 uti
1073 4679 1159 4750 possit
1194 4681 1219 4736 in
1235 4693 1298 4751 cap.
1314 4679 1346 4736 sl
1359 4679 1423 4750 quis
1437 4675 1560 4744 obserati,
1577 4673 1612 4732 dc
1627 4675 1775 4747 praebend.
1792 4676 1818 4731 in
1833 4679 1866 4749 6,
1882 4676 1929 4734 ubi
1945 4676 1998 4732 boc

320 4833 323 4840 ¹
360 4784 413 4825 suo
428 4766 555 4835 arbitrior
568 4766 642 4825 aliud
656 4773 697 4824 est
711 4780 760 4838 per
774 4781 802 4824 se
817 4781 848 4823 ac
865 4765 1048 4838 principaliter
1061 4765 1158 4822 tollens
1193 4767 1284 4839 ipsum
1305 4767 1407 4824 dicitur
1428 4764 1462 4821 de
1481 4765 1626 4821 collatione
1646 4763 1767 4821 beneficii
1788 4764 1893 4822 absenti
1912 4765 1997 4834 lecta,

359 4873 430 4916 onus
451 4854 560 4930 aliquod
580 4855 622 4912 eet
638 4855 875 4929 impedimentum,
890 4861 941 4912 eut
954 4853 1155 4928 obligationem,
1192 4858 1324 4928 quianon
1339 4855 1579 4926 habetellectunr,
1594 4854 1683 4911 donec
1699 4859 1871 4927 acceptetur,
1887 4858 1998 4913 interim

358 4962 442 5020 quam
456 4948 584 5019 princeps
599 4947 686 5017 potuit
696 4948 834 5017 imponere
846 4953 891 5018 ,et
901 4951 990 5017 potest
1002 4953 1097 5016 postea
1107 4963 1157 5002 au·
1193 4952 1287 5002 tameu
1302 4945 1404 5003 mutari
1419 4959 1472 5000 non
1487 4951 1588 5016 potest.
1604 4945 1644 5000 lta
1657 4942 1741 5000 docet
1754 4945 1819 5001 Dec.
1838 4959 1942 5016 supra,
1958 4945 1999 5001 al·
2068 5000 2074 5012 ,

358 5035 430 5092 ferre
442 5050 491 5107 per
500 5033 613 5092 modum
624 5034 841 5106 dispensationis.
850 5033 926 5091 llnde
938 5032 1091 5091 huiusmodi
1102 5036 1157 5107 pri·
1192 5035 1286 5108 legans
1300 5033 1436 5091 Cardinal.
1452 5037 1479 5089 in
1494 5047 1618 5104 pmoem.
1633 5033 1767 5090 Clemeut.
1786 5033 1813 5088 in
1826 5033 1912 5090 verbo
1925 5037 1997 5090 atui·

358 5124 486 5197 vilegium
498 5125 589 5196 potius
600 5123 718 5180 conferri
729 5123 837 5180 videtur
848 5139 896 5196 per
908 5121 1019 5182 modum
1030 5124 1153 5199 actionis,
1190 5127 1368 5181 oersllotem.
1379 5126 1413 5179 At
1424 5122 1548 5196 protecto
1560 5121 1769 5180 tundamentum
1782 5121 1993 5194 invalidumest3

360 5227 410 5270 seu
428 5220 507 5271 aetus
528 5211 657 5286 secundi,
672 5213 718 5287 qui
736 5212 918 5286 principaliter
932 5217 959 5271 et
974 5227 1022 5290 per
1036 5229 1065 5270 se
1079 5213 1109 5272 tit
1121 5214 1156 5272 ab
1191 5229 1254 5272 uam
1275 5213 1384 5272 collatio
1405 5211 1528 5272 beneficii
1550 5228 1604 5269 uon
1625 5217 1668 5269 est
1681 5211 1869 5286 privilegium,
1885 5213 1934 5272 sed
1949 5229 1994 5272 res
