4290 6222
879 398 1073 451 cnnnrxvr.
1681 392 1742 459 399

138 523 193 582 sed
213 531 258 583 est
277 525 402 583 extensio
422 523 557 598 quaedam
572 521 693 580 eiusdem
709 521 851 594 privilegii.
868 522 944 580 Unde
1020 529 1048 581 9.
1066 525 1241 596 despondeo,
1259 527 1322 583 talia
1341 523 1479 600 privilegia
1499 537 1628 602 respectu
1644 532 1783 605 religioso·

137 614 182 670 ibi
199 614 291 671 locum
308 613 391 670 babet
405 614 472 670 ratio
488 620 559 669 lacta
573 627 673 683 supra,
691 611 766 683 quod
787 612 821 666 ibi
836 627 889 666 nou
903 617 946 668 est
982 628 1044 669 rum
1056 629 1108 668 non
1119 629 1179 670 esse
1190 631 1239 685 per
1250 618 1655 691 communicationem,proprie
1667 621 1781 693 loquen-

136 704 350 778 pririlegiorum
371 701 534 770 similitudo,
549 717 600 758 nec
622 700 733 770 relatio,
749 707 797 756 aut
817 699 945 771 aequipa-
981 701 1036 778 dp,
1054 699 1102 756 sed
1117 717 1166 772 per
1180 704 1386 760 concessionem
1402 707 1574 778 primariam,
1590 715 1618 764 el
1637 709 1779 768 directam.

135 794 216 849 ratio
238 792 318 848 unlus
340 791 374 846 ad
394 791 483 862 aliud3
500 789 546 846 sed
565 796 608 845 est
622 790 692 845 idem
707 787 875 860 privilegium
890 803 943 842 non
980 781 1049 854 Quia
1066 789 1177 861 quando
1199 791 1337 862 privilegia
1353 793 1488 865 religionis
1504 795 1567 851 talia
1586 805 1666 868 sunt,
1684 805 1715 854 ut
1729 814 1780 870 pro

136 888 249 937 tantum
272 881 380 951 specie,
394 879 442 936 sed
457 880 539 934 etiam
555 894 683 948 numero,
696 877 770 950 quod
787 878 831 932 uni
843 877 943 947 primo,
981 878 1097 949 singulis
1111 877 1261 950 religiosis,
1274 886 1302 935 et
1316 881 1349 937 ad
1362 883 1530 952 personalem
1543 900 1624 940 usum
1637 886 1782 944 conferan-

137 975 172 1025 et
188 970 264 1026 alteri
279 969 383 1026 ratione
397 969 469 1024 illius
483 969 564 1038 primi
579 966 812 1022 communicatur.
828 964 905 1022 Unde
916 965 946 1020 bt
981 971 1043 1035 tur,
1059 967 1164 1038 primo,
1180 982 1211 1022 oc
1233 983 1282 1038 per
1302 984 1331 1024 se
1353 970 1547 1028 conceduntur
1569 973 1633 1045 ipsis
1657 976 1780 1046 personis

138 1060 242 1127 etiam,
257 1065 288 1114 ut
305 1057 375 1114 iuter
388 1073 421 1114 aa
435 1056 491 1114 duc
506 1056 645 1124 membra,
660 1071 730 1128 quae
745 1054 791 1110 illo
806 1053 946 1126 privilegio
982 1053 1132 1126 religiosis:
1150 1070 1211 1110 nam
1228 1056 1293 1112 licet
1308 1057 1453 1116 rideantur
1471 1062 1587 1120 concedi
1609 1063 1723 1136 singulis
1739 1080 1780 1120 ra·

139 1145 284 1217 gaudent,
300 1161 353 1202 non
374 1146 409 1201 sit
428 1145 594 1218 aequalitem
618 1159 680 1200 narn
696 1157 803 1212 semper
819 1157 945 1198 accesso·
981 1142 1053 1198 tione
1069 1145 1161 1214 totius,
1174 1145 1255 1200 etiarn
1266 1145 1460 1204 conceduntur
1472 1151 1582 1221 corpori
1598 1151 1781 1209 mediantibus

140 1235 217 1291 rium
238 1233 337 1306 pendet
357 1249 371 1290 a
393 1233 552 1305 principali,
567 1239 595 1289 et
616 1233 636 1288 si
658 1232 806 1303 principale
821 1229 888 1286 illud
903 1244 947 1286 re·
982 1230 1109 1286 membris
1131 1232 1285 1289 secuudum
1299 1233 1406 1292 diversa
1420 1251 1521 1308 genera
1535 1253 1693 1296 causarum.
1712 1242 1780 1297 Nam

146 1324 275 1389 nunciet,
292 1322 333 1378 vel
354 1323 406 1378 aiio
427 1321 509 1379 modo
524 1321 591 1378 illud
606 1321 727 1390 amittat,
743 1324 946 1390 consequenter
982 1319 1005 1373 si
1020 1321 1200 1390 respiciamus
1221 1321 1352 1378 rationem
1372 1327 1517 1395 motivam,
1534 1327 1578 1383 ilia
1595 1328 1780 1386 videturesse

142 1411 214 1470 illud
228 1414 308 1469 etiarn
322 1410 419 1484 perdet
431 1413 630 1467 accessorium.
645 1410 713 1468 Utsi
729 1409 824 1481 religio
838 1407 946 1463 amittat
983 1405 1059 1462 favor
1079 1408 1231 1490 religionis,
1252 1417 1280 1467 et
1301 1411 1353 1468 hcc
1373 1413 1453 1469 ruodo
1472 1417 1632 1473 conceditur
1651 1420 1781 1476 membris

140 1501 333 1574 privilegium,
356 1505 562 1572 consequenter
582 1499 691 1564 donati,
712 1497 755 1554 rel
770 1541 776 1564 ,
793 1497 944 1552 servientes
982 1503 1096 1567 propter
1108 1503 1306 1555 totumttamen
1318 1500 1340 1555 si
1351 1505 1703 1572 spectemusimmediatum
1715 1509 1780 1564 sub·

143 1591 219 1647 intra
232 1589 330 1647 domos
344 1592 465 1646 viventes
480 1589 591 1645 illorum
607 1589 701 1646 fructu
717 1587 876 1658 privantur,
892 1602 945 1642 non
983 1583 1096 1655 iactum,
1108 1587 1154 1642 cui
1169 1587 1197 1642 fu
1212 1586 1288 1642 favor
1303 1589 1443 1662 privilegii,
1459 1591 1527 1647 illud
1541 1600 1582 1650 est
1600 1610 1781 1669 unaquaeqne

143 1695 213 1736 ,m
237 1695 252 1735 g
273 1679 429 1749 conpari„
452 1693 518 1734 nam
539 1677 604 1734 licet
622 1675 791 1748 privilegium
814 1675 946 1745 perdatur
980 1687 1101 1742 persono
1114 1674 1255 1746 religiosa,
1272 1691 1322 1732 nec
1336 1677 1500 1735 conceditur
1511 1683 1635 1752 corpori,
1649 1684 1699 1739 nisi
1712 1700 1782 1755 qua·

64 1773 67 1776 '
142 1767 237 1840 qrroad
258 1769 462 1838 accessorium,
479 1783 528 1823 seu
550 1764 714 1833 familiares,
728 1779 780 1818 non
803 1763 944 1819 amittetur
980 1767 1060 1817 tentis
1073 1763 1199 1819 omnibus
1213 1770 1240 1819 et
1255 1764 1370 1837 singulis
1383 1766 1510 1823 membris
1521 1767 1613 1840 datur,
1623 1771 1783 1843 quiaactio·

141 1856 238 1930 quand
253 1857 426 1929 religionem,
443 1857 508 1928 quia
527 1855 714 1912 accessorium
729 1853 855 1924 sequitur
871 1850 944 1919 prin·
980 1865 1028 1905 nes
1045 1852 1085 1906 ael
1097 1853 1230 1922 effectus,
1245 1859 1360 1924 propter
1371 1870 1442 1926 quos
1456 1854 1537 1912 datur
1549 1850 1733 1932 privilegium,
1746 1861 1781 1917 ad

145 1946 255 2018 nimpe,
270 1946 346 2002 ,ηρ
360 1961 393 2002 00
407 1944 522 2016 pendor,
539 1959 590 1999 non
605 1943 783 2000 econtrario.
802 1942 836 1996 Et
850 1939 945 1997 eadem
981 1938 1103 2011 singulos
1118 1947 1253 2013 spectant,
1266 1958 1320 1998 noo
1333 1941 1366 1999 ad
1377 1955 1480 2016 corpus
1495 1954 1526 2002 ut
1540 1947 1592 2003 tale
1607 1955 1660 2018 est,
1674 1955 1705 2005 ut
1716 1967 1781 2022 sup·

143 2037 251 2092 ratione
273 2035 337 2091 licet
357 2035 412 2104 illi,
426 2033 527 2106 quibus
546 2032 710 2088 secundario
724 2030 945 2088 communicatur
980 2031 1117 2107 ponimus.
1134 2030 1169 2085 Et
1184 2027 1208 2084 in
1224 2030 1277 2087 boc
1290 2038 1334 2088 est
1349 2048 1445 2104 magna
1457 2034 1607 2092 differentia
1618 2037 1688 2094 inter
1704 2038 1779 2110 ipsos

143 2124 330 2196 privilegium,
339 2122 384 2179 illo
394 2123 577 2194 gaudeant,et
590 2121 627 2177 uti
640 2122 744 2191 possint
755 2128 853 2176 contra
865 2118 942 2190 alins,
980 2116 1119 2191 religiosos
1130 2124 1158 2175 et
1168 2119 1234 2174 alios
1246 2162 1253 2189 ,
1265 2122 1311 2192 qui
1322 2124 1400 2193 quasi
1411 2125 1564 2180 extrinsece
1580 2126 1727 2183 adbaerent
1738 2143 1783 2184 re·

142 2227 201 2267 non
225 2227 288 2266 aero
309 2219 407 2267 eontra
428 2210 523 2276 illurn,
540 2209 643 2266 ratione
658 2209 739 2266 cuius
754 2207 819 2264 illud
835 2208 944 2280 partici-
980 2205 1080 2280 ligioni.
1090 2209 1124 2264 Et
1134 2207 1195 2265 idac
1208 2210 1288 2266 etiam
1300 2226 1353 2266 non
1365 2218 1456 2281 potest
1466 2211 1530 2282 dici,
1544 2214 1596 2271 tale
1612 2217 1780 2290 privilegium

144 2309 229 2372 pam,
251 2317 287 2356 ue
306 2298 381 2372 quod
402 2300 426 2354 in
448 2299 568 2356 favorem
592 2300 714 2370 ipsorum
738 2297 892 2368 recipiunt,
919 2297 943 2352 in
980 2296 1132 2353 secundum
1154 2296 1227 2354 bunc
1243 2306 1399 2369 respectum
1415 2315 1475 2357 esse
1489 2300 1650 2370 adinstar,
1682 2311 1783 2362 autae-

142 2405 239 2446 eorum
256 2405 403 2462 grnrnrncn
414 2397 441 2446 οι
456 2389 546 2445 odium
558 2394 752 2458 convertatur,
766 2395 795 2444 ut
808 2392 882 2442 recte
893 2385 943 2442 do·
979 2384 1101 2440 cundram
1122 2385 1256 2442 fictionem
1276 2386 1410 2460 aliquam,
1434 2406 1520 2462 neque
1539 2392 1693 2449 secundum
1719 2409 1783 2464 pro-

143 2486 192 2535 cet
204 2479 347 2546 Corduba,
358 2485 387 2534 et
401 2480 526 2535 Emman.
541 2477 642 2535 Roder.
656 2493 740 2548 supro
756 2467 899 2549 lnqrrentes
912 2474 945 2532 de
980 2473 1064 2544 priam
1083 2473 1305 2546 dependentium,
1327 2477 1379 2532 nisi
1402 2477 1519 2534 fortasse
1534 2489 1672 2552 quotenus
1690 2490 1783 2554 partes
1815 2517 1823 2532 ·

144 2569 292 2640 privilegiis
312 2567 500 2640 Religionum,
516 2573 653 2639 quatenus
672 2566 854 2622 servientibus
869 2577 962 2620 com-·
980 2561 1096 2634 pendent
1111 2563 1203 2636 aliquo
1218 2562 1297 2619 modo
1311 2563 1398 2622 aloto
1408 2609 1416 2638 ,
1426 2574 1480 2624 ete
1493 2571 1642 2629 contrario.
1662 2573 1718 2628 bini
1732 2587 1782 2628 au·

143 2657 330 2713 manicantur.
349 2658 384 2713 El
396 2657 551 2729 generalius
561 2656 631 2713 idem
643 2655 726 2712 docet
739 2654 945 2712 panormitanus
981 2659 1034 2708 tem
1047 2658 1176 2722 respectu
1189 2651 1395 2726 religiosorum,
1409 2658 1505 2729 utiquo
1517 2657 1568 2712 iarn
1584 2658 1784 2730 prrofesscrum,

143 2748 170 2802 pn
187 2761 250 2818 cap,
263 2749 417 2820 Experto,
435 2751 479 2815 15,
494 2745 527 2801 de
542 2745 594 2802 lor.
610 2752 730 2816 compet.
745 2760 822 2799 narni.
844 2747 891 2810 tl,
906 2741 945 2798 di·
979 2742 1045 2812 quia
1067 2747 1195 2812 respectu
1217 2743 1380 2798 novitiorum
1402 2744 1454 2800 dici
1469 2753 1559 2818 potest
1576 2747 1643 2804 baec
1658 2764 1784 2808 commu·

143 2850 212 2891 cens
221 2875 231 2906 ,
244 2836 291 2907 qui
312 2835 451 2908 priuilegio
472 2835 558 2892 utitur
570 2835 631 2890 iure
644 2833 776 2900 alterius,
793 2848 845 2887 non
862 2847 943 2902 posse
980 2831 1078 2886 nicetio
1091 2830 1242 2886 secundum
1256 2830 1374 2904 aliquam
1385 2835 1529 2906 lictioucm,
1541 2844 1568 2893 et
1584 2839 1781 2912 extensionem,

144 2923 193 2980 illo
207 2924 247 2980 uti
261 2931 359 2980 contra
372 2939 447 2994 euni,
465 2923 566 2980 rutinae
581 2925 663 2979 cuius
678 2922 722 2978 illo
736 2920 853 2994 gaudet:
871 2921 946 2992 quod
980 2924 1007 2976 οι
1028 2917 1087 2975 ideo
1108 2924 1139 2975 ut
1160 2919 1221 2976 talia
1236 2921 1552 2995 privilegio-conveniant
1572 2927 1714 3002 religiosis,
1729 2945 1782 2986 non

144 3015 229 3068 etiarn
243 3011 363 3068 allirnrat
376 3013 450 3067 Bari.
466 3011 491 3066 in
507 3011 525 3068 l.
541 3009 725 3074 donationes,
740 3014 788 3078 td,
803 3011 832 3065 C.
849 3007 882 3064 de
897 3007 947 3064 do·
980 3014 1023 3064 est
1036 3010 1190 3064 necessaria
1204 3011 1328 3079 specialis
1339 3013 1489 3084 expressio,
1502 3021 1550 3071 aut
1564 3014 1722 3088 declaratio,
1736 3019 1784 3075 sed

145 3109 203 3158 nat.
224 3102 293 3158 inter
308 3101 358 3157 air.
373 3108 400 3158 el
415 3117 493 3157 uxor.
510 3117 542 3156 ex
558 3099 577 3155 Ι.
593 3103 620 3156 si
633 3097 733 3165 iodea,
751 3102 795 3168 tl,
809 3099 836 3154 u.
850 3097 885 3154 de
896 3099 945 3153 mi·
981 3097 1046 3152 sotis
1065 3104 1123 3169 est,
1139 3097 1214 3170 quod
1228 3099 1348 3172 religioni
1363 3103 1565 3160 concedantur:
1582 3112 1612 3162 ut
1630 3121 1693 3163 vero
1707 3123 1783 3164 conr·

144 3207 205 3246 nor.
225 3206 295 3263 qnae
315 3206 367 3246 non
386 3191 413 3245 in
432 3191 549 3261 propriis
570 3189 708 3258 terminis,
725 3188 773 3244 sed
789 3203 837 3259 per
850 3204 946 3261 qinom·
981 3185 1134 3256 plectantur·
1155 3188 1288 3258 novitios,
1310 3192 1464 3246 necessaria
1479 3193 1533 3249 erit
1544 3209 1672 3266 expressa
1688 3197 1784 3256 verbo·

144 3279 207 3335 dnm
232 3277 427 3350 particularem
450 3279 583 3335 rationem
604 3277 695 3334 induci
709 3283 810 3347 potest.
825 3278 947 3350 benique
982 3291 1044 3331 rum
1067 3276 1170 3346 forma3
1193 3283 1220 3332 et
1242 3278 1278 3333 ita
1298 3278 1426 3336 observat
1448 3296 1531 3352 usus,
1545 3290 1574 3339 et
1592 3285 1679 3341 multo
1697 3289 1784 3359 magis

144 3370 169 3423 in
195 3367 247 3425 boc
268 3367 471 3440 quodammodo
491 3369 685 3440 aequiparatur
711 3365 885 3439 privilegium
907 3367 945 3421 sic
981 3370 1025 3420 est
1048 3365 1218 3434 necessaria,
1242 3366 1326 3430 ulad
1347 3366 1492 3425 familiares
1513 3373 1681 3428 extendatur.
1707 3376 1783 3433 Unde

142 3457 377 3514 communicatum
400 3455 539 3528 privilegio
558 3453 725 3521 adinstar,
745 3454 945 3526 impropriam
981 3453 1060 3509 eliam
1079 3453 1104 3508 in
1119 3453 1159 3509 bis
1178 3453 1267 3510 solent
1281 3457 1384 3527 requiri
1398 3457 1530 3528 speciales
1551 3460 1736 3533 conditiones,
1753 3471 1784 3522 ut

144 3551 211 3616 οιο,
234 3552 347 3616 propter
367 3546 544 3600 imitationem
566 3542 755 3616 impropriam,
774 3561 862 3616 quam
883 3543 947 3599 fncil
981 3557 1008 3595 v.
1025 3557 1053 3612 g.
1071 3539 1144 3612 quod
1162 3546 1226 3598 actu
1243 3543 1377 3613 serviant,
1391 3544 1461 3601 intra
1475 3551 1637 3605 monasteria
1653 3550 1782 3625 babeant,

146 3649 198 3706 per
220 3635 355 3689 fictionem
378 3633 458 3688 iuris:
475 3633 514 3688 sic
528 3635 600 3689 enirn
616 3633 667 3688 boc
683 3632 864 3704 privilegium,
879 3631 945 3688 dum
981 3635 1037 3684 etc.
1057 3629 1082 3684 in
1098 3629 1230 3701 religiosis
1242 3637 1334 3704 autern
1347 3631 1404 3688 sola
1415 3633 1549 3702 professio
1563 3637 1675 3708 suflicit,
1694 3648 1725 3696 ut
1736 3657 1783 3697 no·

143 3721 300 3779 extenditur
325 3720 358 3777 ad
378 3720 524 3776 familiares
542 3720 700 3794 religionis,
716 3737 741 3775 a.
757 3736 785 3793 g.
802 3719 945 3776 aestimare
983 3717 1033 3773 tari
1045 3723 1135 3787 potest
1149 3717 1175 3772 in
1187 3716 1307 3775 Trident.
1321 3735 1389 3776 sess.
1403 3724 1451 3793 24,
1464 3737 1525 3794 cap.
1540 3726 1582 3782 ll.
1592 3725 1626 3780 de
1641 3728 1781 3786 reformat.

145 3810 209 3867 illos
230 3809 336 3867 ridetur
358 3817 498 3881 tamquam
520 3808 659 3880 religiosos
677 3809 786 3864 fictione
800 3809 887 3877 iuris,
904 3806 945 3864 vel
1027 3811 1070 3864 ιο.
1086 3809 1122 3864 nt
1136 3822 1201 3863 vero
1216 3808 1407 3882 privilegium,
1424 3810 1498 3883 quod
1514 3814 1559 3868 uni
1575 3816 1651 3886 prius
1667 3833 1784 3876 conces·

144 3915 194 3971 per
207 3898 355 3972 quamdam
376 3897 560 3955 habitudinem
574 3903 602 3953 et
615 3897 777 3970 analogiam.
976 3911 1045 3958 ,sum
1060 3901 1117 3964 est,
1131 3904 1159 3952 οι
1173 3903 1269 3968 postea
1289 3899 1513 3957 communicatur
1527 3902 1602 3961 alteri
1623 3907 1650 3962 in
1674 3909 1784 3979 propria

190 3993 218 4046 8.
234 3990 310 4044 ilicet
324 4003 389 4044 vero
403 3987 511 4060 aliquis3
525 4001 591 4060 ergo
606 3987 889 4059 privilegioconcessa
903 4002 945 4043 re·
982 3999 1116 4056 persona,
1140 3986 1178 4041 ita
1203 3993 1235 4042 ut
1259 3987 1306 4043 liat
1329 3987 1404 4044 illius
1425 3991 1581 4062 proprium,
1604 4010 1659 4051 non
1681 3998 1782 4068 minus,

142 4076 250 4150 ligioni,
263 4082 294 4132 ut
312 4076 363 4146 sic,
375 4082 510 4149 quatenus
522 4075 763 4132 communicantur
778 4075 892 4147 singulis
904 4092 945 4131 re·
982 4089 1065 4145 quarn
1082 4075 1105 4128 si
1120 4073 1166 4130 tali
1182 4089 1330 4145 personae,
1348 4076 1390 4132 vel
1410 4080 1448 4133 rel
1463 4077 1559 4138 fuisset
1574 4083 1701 4153 primario
1717 4101 1785 4142 con-

144 4165 249 4238 ligiosis
263 4164 368 4221 divisim
383 4181 415 4221 nc
435 4165 633 4238 personaliter,
649 4170 731 4220 erunt
745 4165 882 4237 privilegia
894 4179 941 4236 per
981 4177 1107 4218 cessum:
1124 4161 1190 4218 illud
1203 4170 1246 4220 est
1261 4166 1401 4237 proprium
1412 4167 1583 4240 privilegium
1593 4187 1642 4242 per
1658 4189 1785 4232 commu·

145 4254 439 4324 communicationem,
455 4270 508 4310 non
523 4269 571 4325 per
581 4253 713 4310 directam
725 4253 942 4324 concessionem,
983 4250 1147 4307 nicationem
1170 4252 1347 4322 simpliciter,
1363 4260 1391 4310 et
1404 4255 1428 4310 iu
1445 4271 1473 4312 re
1487 4257 1551 4313 nibil
1566 4258 1683 4317 differta
1700 4264 1786 4333 privi-

142 4344 209 4416 quia
223 4360 275 4399 noo
296 4345 400 4399 ratione
414 4343 468 4412 sui,
482 4341 529 4399 sed
544 4344 648 4398 ratione
659 4343 744 4398 totius
756 4343 879 4412 corporis
891 4343 946 4396 sin·
983 4338 1053 4412 legio
1067 4338 1109 4396 od
1123 4342 1224 4396 instar
1239 4342 1347 4413 proprie
1362 4350 1488 4415 sumpto,
1505 4347 1585 4418 ‹punle
1599 4364 1685 4420 supra
1703 4351 1787 4422 expli·

143 4431 213 4506 gula
228 4432 348 4491 membra
365 4433 491 4504 religiosa
504 4431 559 4488 illis
574 4430 721 4504 privilegiis
737 4431 867 4502 gaudent,
879 4438 908 4487 et
920 4431 946 4484 in
983 4435 1076 4484 catum
1091 4437 1144 4484 est.
1161 4431 1200 4484 lta
1215 4428 1324 4486 landem
1339 4432 1482 4489 concludit
1494 4434 1623 4492 lfaudosa
1640 4454 1740 4510 supra,
1756 4449 1785 4497 et

143 4523 186 4578 eis
201 4537 216 4578 a
230 4537 346 4593 corpore
360 4519 527 4593 dependent,
542 4536 604 4576 nam
620 4522 641 4574 si
653 4536 755 4592 eorpus
767 4510 947 4593 religionis'il·
983 4517 1053 4574 idem
1069 4519 1188 4574 sentiunt
1204 4517 1286 4574 Cord.
1304 4528 1332 4575 et
1346 4520 1472 4578 Emman.
1486 4523 1588 4580 findor.
1608 4526 1673 4583 licet
1689 4529 1714 4583 in
1733 4535 1785 4584 ter·

142 4611 176 4667 lis
190 4612 325 4682 privetur,
346 4611 387 4666 ret
402 4610 446 4665 illa
460 4611 614 4681 renunciet,
627 4609 668 4665 rel
682 4612 796 4680 amittat,
813 4625 907 4665 omues
917 4617 946 4665 et
983 4609 1061 4662 minis
1073 4606 1261 4678 quaestionem
1278 4623 1331 4663 non
1343 4614 1473 4666 tractent.
1485 4613 1520 4668 Er
1530 4614 1690 4683 probabitur
1705 4616 1785 4676 facilc

141 4699 247 4772 singuli
266 4699 383 4771 religiosi
398 4698 609 4771 illiscarebunt3
623 4714 677 4754 noo
689 4699 943 4755 veroecontrario.
984 4695 1148 4752 declarando
1165 4696 1217 4752 Vim
1239 4704 1266 4752 θῑ
1285 4696 1438 4755 flffifflssiflffl
1460 4699 1542 4756 hufssl
1562 4706 1788 4766 ⁰⁰¹¹¹¹¹¹¹¹⁰i⁰⁸fi⁰·

142 4788 248 4861 Religio
271 4789 352 4845 etiam
372 4787 410 4844 uti
425 4788 525 4858 poterit
540 4788 584 4844 tali
599 4787 739 4859 privilegio
754 4797 850 4844 contra
866 4803 946 4844 suum
983 4784 1033 4838 nis·
1051 4785 1141 4840 Primo
1159 4785 1230 4840 0⁰5¹ss
1246 4784 1314 4841 blec
1329 4789 1542 4846 ⁰0¹¹¹¹¹¹⁰¹¹5⁰⁸¹i⁰
1556 4798 1599 4848 ⁰³²
1622 4792 1706 4850 “¹⁰²¹
1719 4810 1787 4852 ⁰⁰¹¹·

144 4879 324 4951 religiosum,
346 4892 399 4932 non
422 4883 512 4931 tamen
533 4891 548 4931 e
569 4876 725 4946 contrario,
741 4891 807 4950 crgo
825 4883 866 4932 est
880 4876 947 4932 illud
983 4875 1071 4930 cessio
1087 4874 1449 4948 noviprivilegii‚quiailli,
1463 4879 1508 4958 cui
1528 4881 1697 4952 privilegium
1709 4899 1787 4939 com·

143 4966 317 5040 privilegium
336 4980 384 5035 per
402 4963 680 5020 communicationem
701 4963 902 5036 imperfectam,
918 4970 948 5020 el
983 4964 1150 5034 manicatus,
1164 4979 1264 5020 novum
1277 4963 1444 5036 privilegium
1456 4967 1630 5038 conceditur,
1652 4972 1727 5042 quod
1739 4989 1787 5028 an·

146 5053 405 5123 similitudinariam,
419 5053 501 5108 etiam
516 5059 646 5123 respectu
662 5053 863 5125 religiosorum:
881 5069 947 5109 con·
984 5059 1026 5108 tea
1049 5068 1102 5109 oon
1122 5053 1255 5123 babebat3
1272 5059 1300 5109 et
1315 5052 1378 5108 licet
1392 5059 1470 5110 natea
1483 5053 1550 5110 illud
1575 5057 1745 5132 privilegium
1761 5061 1791 5117 in

146 5156 267 5214 seqarens
280 5148 371 5198 autem
393 5141 500 5196 videtur
515 5140 665 5198 absurdum
681 5148 710 5197 et
723 5141 843 5198 alienum
859 5157 874 5198 a
890 5157 947 5198 mo·
983 5143 1076 5214 specie
1095 5149 1170 5198 esset
1187 5141 1213 5197 iu
1233 5141 1299 5212 ulio,
1322 5157 1374 5197 nou
1396 5149 1486 5198 tamen
1501 5145 1600 5214 eratin
1623 5147 1669 5204 toli
1683 5163 1728 5222 re,
1745 5151 1787 5206 vel

146 5231 183 5286 do
199 5229 327 5302 loquendi
340 5229 463 5292 omnium
479 5228 512 5284 de
527 5229 685 5286 huiusmodi
700 5230 858 5303 privilegiis.
982 5246 1115 5304 persona3
1131 5246 1198 5303 ergo
1217 5229 1308 5302 quoad
1330 5229 1400 5287 banc
1422 5231 1678 5310 indiuiduotionem,
1699 5247 1729 5297 ut
1744 5241 1784 5297 sie
