4190 6234
415 354 457 420 ιι
1114 367 1214 418 ιιιιιιιι
1229 369 1262 416 v.

374 512 435 570 gem
451 495 571 571 obligare
583 496 609 554 in
624 495 790 555 conscientia
802 496 836 554 ad
850 496 932 554 ittam.
944 493 1087 555 Fundetur
1101 494 1172 551 anim
1210 493 1260 550 nisi
1274 492 1319 552 lex
1331 490 1376 550 illa
1388 491 1422 551 do
1440 493 1549 551 infamia
1563 493 1621 566 ipso
1637 492 1695 551 iure
1713 487 1865 566 irroganda
1878 488 2017 563 intelliga-
2077 551 2078 554 Ἴ

373 587 440 644 baec
452 585 575 646 limitatio
586 591 613 643 in
623 587 807 660 praecedeuti,
821 588 885 661 quia
896 587 930 644 ibi
946 587 1101 662 geminatur
1112 601 1173 642 ver·
1208 589 1268 653 tur,
1279 600 1334 640 non
1351 591 1442 657 posset
1455 583 1554 641 babere
1564 583 1704 656 effectum,
1715 582 1779 655 quia
1791 597 1847 640 nou
1858 586 1956 654 posset
1968 593 2019 651 per

374 676 441 734 burn
456 675 552 734 iuturi.
568 678 625 735 Neo
640 677 760 751 impedit,
772 680 826 734 imo
839 679 925 746 iuvat,
938 675 1012 750 quod
1026 675 1172 751 geminatio
1208 671 1329 730 iudicem
1347 675 1459 748 irriponi,
1474 677 1552 732 etita
1565 679 1638 732 esset
1651 671 1814 730 inutilisilla
1828 670 1882 730 lex.

373 782 423 839 per
437 766 506 823 duas
517 765 593 840 leges
604 767 659 840 ιιι
674 783 735 824 nam
747 767 821 825 iuxta
835 766 991 824 doctrinam
1002 767 1171 840 iuristarum,
1245 767 1304 822 lloc
1320 781 1384 822 vero
1398 764 1553 838 exemplum
1574 763 1710 839 improbat
1722 763 1848 835 Vasqucz
1861 761 1940 818 diota
1962 759 2019 815 dis-

373 855 514 914 efficacior
533 862 576 912 εει
595 857 753 930 geminatio,
769 873 838 931 quae
859 857 889 914 fit
910 873 958 930 per
979 863 1057 914 actus
1077 855 1175 913 distin·
1208 861 1267 926 put.
1285 859 1348 922 123,
1361 871 1422 927 cap.
1442 860 1466 924 l,
1482 854 1628 928 solumque
1642 855 1730 912 utitur
1744 853 1852 910 ratione
1865 850 2018 908 buiusmo-

374 953 448 1018 ctos,
460 952 487 1003 et
497 961 544 1017 per
558 948 690 1019 temporis
701 947 884 1020 intervallum,
897 963 979 1020 quam
991 963 1063 1020 quae
1073 947 1102 1003 iit
1117 962 1173 1004 uno
1207 945 1246 1013 di,
1261 947 1324 1018 quia
1339 948 1472 1003 sententia
1487 943 1584 1002 iudicis
1599 945 1634 1002 ait
1648 943 1803 1000 necessaria
1816 941 1850 999 ad
1865 942 2021 1000 incurren-

374 1040 514 1093 momcnto
528 1043 556 1093 et
575 1042 717 1107 contestu,
730 1043 762 1094 ut
772 1035 854 1094 tradit
866 1036 949 1094 Felin.
962 1035 1038 1094 dicto
1050 1034 1170 1109 capuit.
1207 1034 1270 1093 dam
1287 1035 1437 1109 infamiam,
1452 1035 1542 1093 solum
1555 1040 1598 1092 est
1611 1034 1767 1091 necessaria
1781 1039 1813 1089 ut
1830 1030 1959 1089 conditio
1975 1045 2020 1085 re·

373 1125 407 1184 de
424 1125 498 1183 offic.
512 1125 601 1200 deleg.
614 1133 643 1184 et
657 1126 729 1184 idem
743 1126 879 1200 Tiraquel.
893 1143 971 1184 oum.
988 1132 1034 1187 ι9.
1048 1126 1171 1198 Accedit,
1207 1125 1319 1197 quisito3
1333 1125 1377 1182 illa
1389 1140 1453 1182 vcro
1468 1125 1555 1198 posita
1566 1124 1608 1188 lex
1621 1129 1674 1196 est,
1686 1138 1757 1196 quae
1769 1138 1816 1194 per
1827 1138 1856 1178 se
1870 1121 2020 1178 infamiam

373 1216 448 1292 quod
462 1218 561 1275 ultima
575 1216 729 1290 dispositio,
743 1233 792 1275 seu
807 1218 848 1275 lor
864 1216 934 1276 idem
949 1215 1172 1290 statuens,quod
1208 1214 1301 1286 inlert,
1315 1221 1453 1289 quatenus
1469 1215 1573 1287 statuit,
1587 1221 1618 1272 ut
1631 1213 1830 1272 condemnatus
1842 1229 1858 1270 a
1872 1210 1970 1270 iudice
1985 1209 2019 1266 de

372 1309 459 1382 prima
478 1308 580 1381 aliquid
599 1306 681 1365 debet
701 1307 827 1380 operari,
843 1323 875 1364 ιε
895 1309 930 1364 sit
944 1322 1126 1380 supervacua,
1142 1313 1175 1364 ut
1210 1302 1309 1360 talibus
1326 1303 1499 1376 criminibus,
1515 1307 1609 1363 statim
1623 1305 1658 1361 sit
1670 1303 1788 1362 iniamia.

372 1413 406 1456 er
420 1397 513 1455 multis
524 1397 594 1454 idem
610 1403 798 1455 anactornotat
811 1413 839 1454 u.
853 1401 901 1469 45,
912 1395 974 1454 inde
986 1396 1169 1471 concludens,
1251 1397 1293 1452 lt.
1310 1395 1505 1464 Verumtamen
1525 1394 1618 1469 glossa
1636 1401 1665 1452 et
1684 1392 1813 1452 doctores
1827 1390 1938 1466 allegati
1963 1406 2020 1447 noo

373 1486 524 1544 εειιιιιιιιιι
538 1486 625 1560 legem
638 1487 818 1558 imponentem
830 1501 946 1558 poenam
956 1485 990 1542 de
1000 1485 1095 1544 tuturo
1110 1486 1172 1559 plus
1210 1481 1357 1542 admittunt
1370 1484 1438 1544 illud
1453 1492 1637 1558 assumptum,
1652 1491 1680 1543 et
1693 1491 1812 1543 utuntur
1825 1484 1878 1541 otia
1892 1485 2018 1552 ratione,

373 1571 496 1650 operari,
519 1592 602 1650 quam
627 1576 762 1650 primam,
782 1582 810 1633 ει
834 1576 892 1633 ideo
916 1578 1056 1634 continere
1085 1575 1171 1649 legem
1208 1578 1240 1630 ut
1250 1573 1341 1630 statim
1356 1573 1458 1649 dicam,
1471 1590 1541 1648 quae
1557 1590 1611 1631 nou
1620 1573 1791 1646 dissolvitur,
1803 1579 1832 1631 et
1845 1575 1884 1630 ita
1896 1588 1957 1629 non
1974 1587 2021 1627 sa·
2077 1563 2078 1568 ’

373 1666 467 1724 latam.
1207 1664 1243 1720 tis
1264 1663 1436 1735 improbatur
1454 1663 1500 1722 illo
1525 1663 1606 1722 modo
1627 1679 1725 1722 eorum
1746 1663 1889 1722 sententia.
1909 1661 2019 1720 Deinde

410 1754 601 1827 Nihilominus,
610 1760 643 1812 ut
652 1753 794 1828 diri,baeo
806 1754 930 1813 limitatio
942 1755 1172 1813 admittendanon
1206 1753 1312 1810 etiamsi
1328 1767 1392 1810 vera
1404 1759 1478 1810 esset
1492 1754 1538 1811 illa
1552 1755 1634 1826 ratio,
1649 1769 1698 1826 per
1712 1753 1787 1811 illam
1801 1769 1856 1810 non
1870 1757 1950 1810 recte
1965 1754 2020 1808 irn-

373 1853 428 1915 est,
443 1850 554 1919 propter
571 1846 707 1903 rationem
729 1843 840 1911 iactam,
857 1846 922 1920 quia
942 1846 1024 1903 rerba
1041 1845 1174 1919 posterio-
1207 1841 1341 1915 probatur
1354 1843 1520 1917 exemplum,
1536 1845 1601 1918 quia
1615 1845 1679 1901 licet
1697 1844 1809 1901 iniamia
1822 1859 1877 1901 non
1892 1847 2020 1916 ponatur

372 1935 411 1992 ris
430 1935 499 2008 legis
513 1951 567 1992 non
588 1934 741 2008 significant
755 1935 919 1993 senteutiam
933 1936 1027 2010 latam,
1042 1951 1092 1992 nec
1111 1951 1174 1992 mu·
1207 1947 1257 2004 per
1267 1933 1401 2004 iudicem,
1414 1934 1465 1991 nisi
1477 1940 1512 1992 ut
1526 1933 1708 2008 applicantem
1718 1932 1901 1992 conditionem
1915 1947 2020 1990 necas·
2077 1921 2078 1924 ’

373 2032 433 2084 tant
447 2026 672 2098 significationem
687 2032 798 2098 propter
813 2027 930 2099 priorem
946 2027 1044 2101 legem.
1057 2029 1112 2086 Nec
1127 2042 1175 2099 ge·
1208 2023 1318 2098 sariamq
1330 2024 1506 2082 nibilominus
1517 2024 1579 2083 talis
1593 2040 1682 2097 poena
1694 2027 1851 2097 imponetur
1862 2025 1922 2097 ipso
1939 2023 2016 2093 iure;

373 2117 484 2174 minatio
506 2115 624 2188 sufficit,
640 2121 672 2172 ut
691 2122 832 2174 ostensum
846 2123 900 2174 est.
914 2118 970 2174 Neo
985 2117 1077 2188 reicrt,
1099 2115 1174 2190 quod
1207 2129 1274 2186 ergo
1288 2113 1354 2171 licet
1366 2128 1415 2186 per
1430 2115 1544 2172 uerbum
1559 2114 1647 2171 loturi
1661 2114 1829 2187 exprimatur
1842 2115 1870 2170 in
1886 2113 1961 2186 lege,
1976 2114 2018 2168 in·

372 2207 408 2262 sit
421 2222 486 2263 cum
501 2205 644 2262 intervallo
658 2207 800 2280 temporis,
815 2205 925 2279 quando
938 2207 1054 2265 allectus
1067 2214 1095 2265 ει
1115 2223 1175 2264 mo·
1209 2203 1354 2276 telligenda
1367 2204 1419 2262 erit
1432 2202 1518 2261 lardo
1534 2205 1708 2278 impositione
1718 2204 1776 2276 ipso
1791 2204 1863 2262 iure.
1872 2205 2015 2276 lienique,

372 2294 425 2352 dos
441 2293 613 2369 significandi
628 2294 774 2353 verborum
788 2295 860 2354 idem
879 2299 989 2354 omoioo
1010 2302 1061 2354 est.
1078 2300 1173 2370 Neque
1209 2292 1284 2366 quod
1299 2297 1384 2366 caput
1396 2299 1450 2366 εει,
1465 2293 1617 2376 ιιιειιιιιιιι
1639 2299 1696 2351 tota
1709 2310 1759 2352 sua
1778 2292 1920 2352 latitudine
1936 2307 2019 2349 sum·

372 2391 518 2458 propterea
536 2382 658 2441 secunda
676 2383 719 2441 lex
738 2385 790 2442 erit
802 2386 952 2458 superiluo,
968 2395 1026 2444 tum
1047 2387 1112 2461 quia
1125 2387 1174 2444 ha·
1207 2390 1255 2458 pta
1270 2399 1325 2441 non
1342 2383 1386 2441 illo
1400 2388 1505 2442 ιιιιιιιι
1520 2384 1613 2453 modo,
1628 2383 1771 2442 sedetiam
1787 2384 1846 2441 aliis
1860 2389 1955 2456 potest
1967 2383 2019 2438 irn-

372 2474 438 2531 bore
452 2480 544 2547 potest
557 2489 651 2530 omnes
665 2473 779 2531 allectus
793 2490 879 2548 supra
894 2475 993 2548 dictos,
1006 2482 1064 2534 tuna
1078 2479 1173 2548 ctiam,
1212 2476 1287 2547 poni.
1300 2474 1451 2548 Aliquando
1465 2475 1535 2532 enim
1551 2475 1703 2532 incurritur
1716 2490 1750 2532 ex
1763 2474 1788 2530 vi
1801 2475 1870 2530 iuris
1884 2487 1934 2544 per
1950 2487 2016 2528 sen-

372 2564 436 2636 quia
452 2571 542 2636 potest
554 2562 704 2634 deservire,
717 2571 748 2621 ut
762 2567 785 2622 si
800 2565 918 2622 tortasse
933 2567 1008 2638 prior
1022 2567 1065 2647 lex
1083 2569 1112 2624 in
1126 2565 1174 2624 de·
1209 2566 1321 2625 tentiam
1333 2565 1556 2638 declaratoriam,
1568 2571 1659 2637 potest
1671 2564 1752 2622 etiam
1767 2561 1960 2638 aliquomodo
1975 2563 2019 2618 iu·

373 2652 545 2711 suetudinem
566 2653 644 2726 abiit,
663 2668 712 2726 per
733 2655 912 2724 posteriorem
931 2661 1114 2714 restauretur.
1130 2656 1175 2714 Sic
1209 2656 1287 2713 curri
1306 2659 1366 2712 ante
1387 2654 1469 2712 talem
1490 2655 1648 2712 sententiam
1670 2671 1703 2712 aa
1724 2654 1749 2710 ri
1769 2653 1855 2710 solius
1876 2652 2016 2721 criminis,

373 2745 445 2802 enim
458 2742 527 2801 dixit
539 2745 620 2815 Rota,
635 2742 722 2801 decis.
742 2749 789 2803 at.
802 2743 835 2801 de
850 2745 978 2818 praeben.
995 2748 1022 2802 in
1045 2748 1173 2821 antiquis,
1208 2745 1290 2800 etiam
1311 2743 1432 2815 occulti,
1448 2751 1531 2818 atque
1550 2745 1631 2801 etiam
1646 2749 1737 2816 potest
1756 2747 1855 2800 neutro
1869 2739 1954 2800 modo
1975 2743 2019 2797 iu·

374 2833 441 2891 alias
457 2837 523 2907 858,
535 2833 698 2906 geminatam
711 2835 924 2893 reservationem
937 2837 1025 2905 Papae
1040 2851 1094 2892 nou
1110 2851 1174 2908 ope·
1209 2835 1286 2892 curri
1300 2834 1357 2906 ipso
1370 2835 1441 2904 iure,
1464 2832 1510 2890 sed
1526 2849 1574 2907 per
1587 2833 1705 2891 iudicem
1723 2840 1752 2890 et
1765 2833 1931 2890 sententiam
1947 2847 2019 2888 con·

372 2927 429 2982 rari
439 2939 544 2981 novum
554 2923 695 2993 ellectum,
709 2924 757 2981 sed
769 2924 859 2982 solum
871 2924 992 2996 allicere,
1005 2932 1036 2983 ut
1045 2933 1176 2983 revocata
1209 2922 1409 2982 damnatoriam
1429 2924 1547 2996 imponi:
1570 2923 1663 2982 nullus
1682 2925 1755 2982 enim
1776 2923 1876 2982 modus
1895 2939 1932 2980 ex
1955 2921 2018 2979 istis

369 3013 470 3087 priori,
487 3029 541 3071 noo
557 3021 704 3071 censeatur
718 3014 826 3072 sublata
840 3016 985 3088 posterior.
1001 3017 1070 3073 item
1084 3015 1174 3088 dupli·
1210 3019 1347 3088 repugnat
1365 3013 1412 3071 tali
1430 3029 1544 3086 poenae,
1559 3021 1592 3072 ut
1614 3014 1726 3086 probari
1739 3015 1793 3072 late
1808 3014 1836 3070 in
1852 3015 1878 3074 l.
1891 3020 1964 3071 tona.
1981 3009 2020 3068 dc

374 3103 495 3162 catalos
510 3111 593 3177 auget
606 3102 722 3161 tortasse
743 3103 934 3177 obligationem
949 3104 1058 3180 iudicis,
1072 3112 1100 3164 et
1118 3121 1177 3164 nra·
1211 3101 1462 3178 censordtspaa,
1476 3112 1546 3162 sect.
1562 3108 1588 3172 i,
1600 3111 1629 3163 ει
1638 3119 1690 3178 pro
1703 3104 1796 3178 legum
1811 3103 1943 3161 varietate
1960 3117 2018 3160 uno

374 3195 417 3268 gis
431 3193 509 3252 illum
524 3199 614 3250 moret
628 3193 662 3250 ad
676 3193 758 3251 tolum
772 3209 888 3267 poenam
903 3194 1103 3268 imponendam.
1212 3193 1253 3250 rel
1268 3192 1386 3266 alio,aut
1396 3192 1448 3251 alio
1458 3193 1540 3251 modo
1554 3193 1714 3266 incurritur,
1725 3191 1768 3250 rel
1780 3194 2019 3266 imponitur;ergo

418 3286 461 3344 li.
478 3285 578 3358 Tertia,
593 3288 621 3340 ει
638 3283 716 3342 valdo
735 3283 855 3342 racundo
874 3284 997 3342 limitatio
1016 3291 1068 3359 εει,
1083 3291 1115 3343 ιι
1134 3301 1177 3344 re·
1212 3297 1268 3340 non
1282 3289 1326 3340 εει
1345 3283 1535 3341 ιιιιειεειιιει
1555 3297 1664 3356 ιειιιι,
1678 3282 1814 3341 infamiam
1834 3282 1926 3340 solum
1948 3281 2017 3338 ierri

375 3373 440 3448 gula
454 3390 508 3431 oon
530 3373 674 3446 procedat,
690 3372 802 3446 quando
821 3373 884 3430 talis
898 3381 942 3432 εει
962 3389 1059 3447 poeno,
1076 3380 1107 3433 ut
1125 3375 1177 3432 nisi
1211 3387 1261 3444 per
1289 3373 1469 3445 sententiam,
1490 3379 1522 3431 ut
1542 3388 1591 3444 per
1610 3371 1794 3431 conditionem
1815 3373 2017 3440 necessariam,

374 3467 435 3537 ipso
450 3464 525 3522 iacto
540 3465 713 3538 incurratur,
728 3465 850 3522 illusoria
863 3463 995 3523 reddatur
1008 3465 1061 3538 lex,
1076 3471 1104 3522 et
1117 3465 1178 3523 nul·
1212 3463 1359 3538 aliquando
1369 3465 1440 3522 enim
1451 3463 1599 3538 imponitur
1610 3479 1658 3538 per
1668 3463 1743 3522 illam
1754 3467 1784 3521 ut
1795 3462 1936 3536 propriam
1947 3476 2019 3519 cau·

376 3552 430 3610 lius
445 3553 592 3624 momenti,
608 3559 677 3611 tunc
691 3556 762 3611 enim
777 3553 842 3612 licet
855 3553 897 3612 lex
916 3554 1076 3628 simpliciter
1090 3555 1177 3627 impo-
1215 3570 1273 3614 sam
1287 3570 1336 3627 psr
1349 3571 1379 3612 se
1394 3555 1419 3610 in
1434 3570 1485 3612 suo
1499 3553 1602 3612 ordina.
1776 3629 1778 3634 Ι

375 3651 424 3702 ιιι
437 3659 566 3718 poenam,
578 3642 694 3700 dicendo
710 3642 820 3701 subtuli
835 3659 933 3716 poena,
946 3644 987 3702 vel
1002 3645 1182 3717 perverbum
1252 3646 1342 3718 dtque
1355 3643 1423 3701 baec
1438 3644 1532 3702 ultima
1545 3644 1615 3701 ratio
1630 3642 1739 3702 ridetur
1752 3641 1906 3701 efficaciter
1923 3642 2018 3714 impu-

376 3733 410 3792 de
430 3733 535 3807 iuturo,
552 3735 637 3792 tacite
659 3733 846 3808 subintelligit,
862 3739 890 3792 ει
909 3732 1027 3792 includit
1040 3734 1176 3791 actionem
1212 3750 1297 3809 gnare
1316 3736 1478 3792 seutentiam
1492 3733 1563 3809 glos.
1580 3741 1609 3792 et
1626 3739 1782 3807 receptam,
1796 3732 1847 3790 nisi
1868 3731 2017 3790 limitetur.

378 3823 499 3896 aliquam
513 3823 548 3880 de
568 3823 704 3897 praesenti
728 3823 828 3880 iactam
848 3824 950 3882 virtute
962 3822 1087 3881 eiusdem
1099 3823 1177 3897 legis,
1213 3825 1278 3882 iiico
1302 3840 1381 3899 aero,
1396 3823 1471 3882 aliud
1492 3840 1552 3882 esse
1576 3824 1650 3899 loqui
1663 3823 1696 3883 de
1720 3823 1830 3882 iniamia
1848 3823 1876 3880 in
1899 3837 2018 3896 genere,

377 3915 481 3972 ratione
495 3913 577 3971 cuius
596 3919 688 3985 potest
701 3913 834 3971 verificari
846 3914 874 3970 in
894 3912 1032 3984 futurum,
1047 3911 1122 3986 quod
1135 3913 1178 3970 les
1212 3914 1287 3972 aliud
1301 3913 1335 3972 dc
1349 3915 1470 3988 infamia,
1485 3921 1624 3988 quatenus
1637 3920 1749 3988 propter
1764 3927 1879 3972 rasuram
1892 3917 2019 3986 potesta

376 4004 507 4078 disponit.
524 4005 564 4060 lta
578 4006 698 4062 sumitur
711 4020 745 4062 ex
758 4003 831 4062 Gloe.
845 4003 871 4060 in
885 4003 904 4060 l.
914 4002 1091 4078 improbem,
1104 4003 1135 4060 C.
1145 4019 1178 4060 ex
1212 4005 1302 4062 iudice
1316 4005 1451 4064 saeculari
1465 4005 1577 4078 imponi.
1592 4005 1678 4063 Priori
1693 4005 1774 4063 modo
1789 4020 1845 4063 non
1858 4010 1903 4062 est
1915 4019 2019 4061 aarum

378 4094 482 4169 quibus
500 4093 592 4152 causis
611 4094 722 4152 iufamia
735 4095 820 4167 irrog.
836 4093 923 4161 Οιειιι
944 4093 1070 4167 sequitur
1083 4094 1197 4157 casco*
1215 4095 1418 4166 universaliter,
1426 4095 1563 4153 infamiam
1574 4110 1635 4154 esse
1646 4096 1726 4153 talem
1738 4109 1866 4168 poenam,
1876 4109 1949 4167 quae
1960 4109 2019 4151 oon

378 4200 473 4258 supra,
489 4185 578 4258 Tiraq.
593 4200 688 4258 supro,
700 4200 728 4242 ιι.
742 4189 788 4244 ιθ.
801 4184 836 4242 lit
850 4183 919 4242 ratio
933 4183 1037 4257 optima
1048 4188 1101 4258 est,
1116 4183 1180 4257 quia
1212 4185 1299 4258 possit
1308 4201 1356 4258 per
1367 4183 1485 4244 iudicem
1498 4185 1609 4259 imponi,
1621 4191 1650 4243 ει
1661 4186 1724 4243 ideo
1733 4184 1815 4243 etiam
1826 4185 2020 4241 necessarium

378 4275 422 4334 les
437 4291 490 4334 ooo
504 4283 548 4332 est
560 4275 597 4332 ita
611 4274 828 4348 interpretanda,
844 4282 876 4332 ut
889 4273 926 4332 ειι
939 4288 1008 4331 rana
1021 4279 1048 4332 et
1061 4273 1176 4346 inutilis3
1212 4290 1266 4334 non
1280 4280 1334 4344 εει,
1347 4281 1380 4332 ιι
1392 4275 1500 4348 quoties
1515 4274 1558 4332 lea
1570 4273 1623 4333 lert
1636 4288 1751 4348 poenam
1762 4274 1896 4345 infamiae,
1908 4273 1952 4330 rel
1967 4288 2021 4346 per

378 4379 441 4425 nam
456 4366 509 4423 boo
522 4363 635 4422 cederet
648 4364 673 4421 in
688 4364 815 4423 iniuriam
829 4362 1004 4438 legislatoris,
1021 4378 1088 4438 ergo
1102 4365 1124 4420 si
1138 4369 1179 4420 ta·
1213 4363 1299 4422 solans
1320 4365 1569 4436 comminationem,
1583 4363 1627 4421 rel
1647 4379 1696 4437 per
1716 4363 1830 4422 verbum
1850 4362 1885 4421 de
1903 4363 2018 4434 tuturo,

379 4457 413 4515 iis
433 4455 576 4530 reddatur,
597 4453 771 4529 intelligendo
792 4468 906 4528 poenam
927 4453 1131 4528 imponendam,
1152 4461 1180 4511 et
1214 4457 1250 4514 sit
1262 4455 1296 4514 de
1310 4470 1398 4527 poena
1415 4455 1474 4528 ipso
1489 4455 1549 4512 iure
1569 4453 1755 4528 intelligenda,
1771 4469 1827 4530 qua
1844 4469 1910 4512 oum
1925 4455 2019 4526 possit

380 4564 435 4606 nou
452 4547 549 4621 latam,
561 4562 614 4604 non
629 4547 767 4620 potestita
781 4542 903 4619 intelligi,
915 4545 1022 4603 etiamsi
1035 4559 1083 4618 per
1098 4542 1179 4602 verba
1213 4560 1262 4620 per
1276 4544 1392 4603 iudicem
1405 4545 1518 4619 imponi,
1534 4551 1565 4602 ut
1581 4543 1753 4618 dictumest,
1768 4561 1823 4604 non
1844 4545 1897 4603 orit
1910 4545 2019 4602 inartilis

379 4636 414 4694 de
434 4637 542 4708 futuro,
561 4636 603 4696 vel
625 4635 761 4710 generalia
781 4635 920 4711 loquatur.
936 4635 1074 4708 Exemplis
1094 4634 1179 4708 magis
1213 4635 1267 4708 les,
1288 4636 1392 4694 etiamsi
1405 4650 1472 4693 curn
1492 4629 1659 4708 proprietate
1673 4635 1849 4709 intelligatur,
1863 4641 1892 4693 ει
1910 4637 1949 4694 ita
1963 4637 2020 4694 erit

380 4726 547 4786 declaratur.
1213 4723 1405 4798 intelligenda,
1426 4725 1447 4780 si
1469 4722 1541 4782 aliud
1560 4741 1615 4784 non
1633 4724 1735 4784 obstet.
1751 4723 1900 4799 Loquendc
1920 4733 2018 4784 autem

423 4817 545 4878 iactati
557 4833 624 4892 ergo
636 4823 764 4876 auctores
775 4824 882 4891 ponunt
890 4817 1081 4891 exemplumin
1092 4833 1180 4891 poena
1213 4815 1361 4890 posteriori
1380 4813 1460 4872 modo
1477 4814 1512 4878 de
1531 4814 1578 4873 tali
1599 4816 1709 4874 infamia
1728 4817 1860 4891 usurarii,
1875 4822 1908 4874 ut
1928 4817 2020 4888 impo-

380 4908 515 4976 ioiamiae,
531 4909 568 4967 ita
581 4907 789 4981 interpretantes
802 4907 904 4966 dictam
922 4908 942 4965 l.
958 4908 1135 4983 tnrprobum,
1153 4909 1180 4966 in
1214 4906 1304 4966 nenda
1316 4920 1364 4979 par
1376 4907 1419 4964 ius
1430 4904 1521 4979 civile,
1533 4903 1629 4963 dicunt
1640 4906 1714 4963 citati
1725 4907 1852 4978 iuristae,
1861 4905 1914 4963 nisi
1923 4905 2018 4963 incur·

381 5015 437 5074 qua
452 4999 564 5073 dicitur,
580 4999 709 5058 usurario
722 4999 897 5073 irrogandam
910 5015 971 5057 esse
989 4998 1138 5074 infamiam,
1153 5009 1181 5058 et
1215 5004 1294 5056 ratur
1313 4997 1372 5069 ipso
1392 4995 1453 5052 iure
1466 5010 1500 5051 ει
1520 4996 1547 5051 ιι
1561 4994 1639 5068 legis,
1653 5009 1709 5052 non
1730 5009 1811 5066 posse
1825 5009 1874 5072 per
1894 4993 2016 5052 iudicem

381 5088 555 5148 nibilominus
571 5088 745 5162 intelligenda
755 5096 799 5148 est
812 5089 869 5163 ipso
884 5089 944 5146 iuro
959 5089 1097 5146 iniomiam
1111 5092 1180 5146 irro-
1215 5084 1324 5144 civilem
1335 5084 1445 5157 imponi.
1459 5084 1537 5143 ilatio
1550 5090 1643 5142 autom
1652 5100 1749 5143 eorum
1760 5092 1814 5160 est,
1826 5087 1891 5160 quia
1903 5086 1951 5158 qui
1963 5087 2018 5142 sol-

382 5196 458 5254 gare.
474 5181 560 5248 Quam
575 5180 830 5252 interpretationem
844 5185 872 5237 et
889 5179 1044 5252 opinionem
1059 5193 1181 5252 sequun-
1215 5177 1254 5233 vit
1278 5189 1410 5248 usuram,
1431 5190 1487 5231 non
1512 5180 1604 5247 potest
1627 5189 1707 5249 ogere
1730 5180 1829 5233 contra
1856 5176 2017 5233 usurarium

382 5277 430 5334 tur
444 5271 478 5330 ibi
492 5271 566 5330 Bart.
578 5268 654 5340 Bald.
666 5277 695 5330 et
713 5269 766 5346 alii,
780 5270 953 5330 strationem
971 5267 1100 5340 reddunt,
1116 5270 1182 5346 quia
1218 5265 1326 5328 actione
1337 5263 1480 5342 criminati,
1492 5280 1543 5326 nec
1557 5265 1673 5342 famosa,
1685 5272 1717 5326 ut
1730 5265 1780 5341 ipsi
1792 5265 1958 5344 loquuntur,
1970 5265 2018 5330 sed
