4278 6242
885 377 1106 429 cnnnrxxxr.
1710 357 1772 422 tet

167 507 253 579 tollit,
269 514 318 565 aut
332 506 433 564 minuit
445 511 623 579 potestatem,
640 512 771 564 consetur
784 511 865 561 000000
880 504 914 560 00
929 519 975 560 an·
1012 519 1089 560 rum:
1106 518 1168 559 nam
1189 502 1216 558 in
1241 503 1294 560 hoc
1309 503 1458 575 posteriori
1482 500 1598 558 validam
1613 515 1675 558 esse
1689 500 1813 573 regulam

166 600 245 672 tique
259 603 395 670 potestate
412 612 539 668 manare,
554 599 632 654 etita
646 612 706 652 0000
721 595 844 665 validus,
860 594 923 650 licet
937 596 978 650 in·
1010 593 1085 663 dicit,
1097 593 1161 664 quia
1176 598 1243 649 tunc
1255 600 1374 666 negatur
1390 594 1510 665 potentia
1532 591 1613 649 etiam
1629 593 1654 647 in
1674 589 1811 662 laturum,

167 689 261 746 debito
276 687 358 745 modo
374 688 420 744 liat
440 694 553 760 propter
567 687 780 758 solemnitatem,
797 685 838 742 vel
861 684 975 741 lormam
1010 697 1082 755 quae
1097 689 1186 738 tamen
1201 697 1253 738 non
1269 689 1386 756 negatur
1398 699 1446 754 per
1460 682 1574 740 verbum
1592 682 1750 751 praesentis.
1760 680 1813 736 Sed

167 793 270 836 noram
286 793 339 835 non
354 778 544 834 0000000000.ὓο
557 792 623 850 ergo
637 778 696 834 talis
708 776 795 833 lorma
811 775 976 832 substantia·
1010 771 1112 828 nullius
1131 772 1260 828 momenti
1274 779 1317 828 est
1334 772 1401 828 0000
1422 771 1583 841 0000000000,
1601 776 1631 826 00
1650 775 1727 825 00000
1740 770 1814 826 Tira·

167 865 202 924 lis
217 873 380 940 censeatur,
392 881 506 924 necesse
521 873 574 934 est,
590 872 622 923 ut
636 868 662 922 in
677 866 735 939 lege
750 865 930 937 exprimatur.
941 866 974 922 lit
1012 860 1122 934 qusttns
1133 877 1217 932 supra
1229 877 1304 918 auin.
1316 865 1344 931 0,
1356 867 1384 918 00
1394 862 1577 917 Cavarrnvias
1589 861 1615 915 in
1628 875 1689 931 cap.
1702 862 1815 934 Quam·

166 957 287 1014 00000000
303 959 339 1015 ita
359 957 463 1014 laetum
478 963 520 1013 est
539 959 566 1013 00
585 973 646 1028 cap.
659 959 761 1024 Nonii,
779 955 812 1012 de
833 956 890 1028 his,
905 969 976 1030 quae
1012 953 1057 1007 000
1068 951 1204 1024 peciam,
1222 955 1284 1022 tp.
1299 949 1350 1021 il,
1367 967 1443 1007 nuni.
1454 956 1481 1009 0.
1496 966 1560 1007 cum
1575 949 1663 1006 lason.
1678 949 1703 1004 00
1717 949 1735 1004 Ι.
1745 947 1814 1008 Gal-

167 1048 240 1105 iiunt
254 1064 270 1104 a
285 1047 408 1120 praelato
423 1047 480 1102 sine
495 1062 634 1104 consensu
650 1046 771 1118 capituli.
1011 1041 1068 1108 000,
1084 1041 1156 1098 ttae
1170 1041 1261 1097 liberis
1274 1047 1301 1097 et
1314 1042 1521 1112 0000000000.Εο
1536 1043 1607 1096 00000
1618 1039 1694 1096 reddi
1710 1045 1812 1110 potest,

209 1143 238 1196 0.
261 1139 401 1196 0001000οἰ
423 1144 513 1194 autem
535 1143 627 1208 potest
647 1135 715 1192 baec
743 1134 838 1208 regula
857 1150 891 1191 en
911 1134 977 1207 alia,
1011 1132 1139 1205 quia-lex
1160 1147 1265 1203 semper
1289 1131 1425 1203 loquitur,
1440 1138 1467 1188 et
1481 1131 1540 1187 ideo
1555 1130 1619 1187 licet
1633 1146 1681 1202 per
1697 1130 1810 1188 verbnm

126 1289 130 1298 ,
169 1241 255 1301 quam
275 1227 435 1300 frequenter
454 1225 569 1282 tradunt
590 1226 702 1282 iuristae
719 1225 877 1298 (potestque
895 1226 977 1281 etiam
1011 1221 1044 1278 de
1065 1221 1200 1292 praesenti
1221 1220 1294 1278 dicat
1313 1221 1371 1277 000
1390 1225 1502 1296 potest,
1530 1235 1637 1292 semper
1657 1220 1710 1276 hoc
1730 1219 1807 1292 dicit,

169 1317 203 1374 ad
218 1333 262 1388 ea,
279 1333 349 1390 quae
364 1315 398 1373 de
413 1316 518 1390 legibue
534 1315 739 1388 prohibentibus
754 1316 825 1372 diota
840 1321 915 1386 sunt,
931 1315 977 1372 de·
1011 1312 1121 1384 qtrando
1143 1317 1238 1383 postea
1258 1317 1420 1366 contractus
1441 1311 1483 1377 00,
1504 1311 1567 1382 0000
1582 1324 1689 1394 semper
1704 1309 1746 1364 lea
1761 1306 1812 1364 du·

169 1405 302 1476 00000000,
320 1405 462 1476 nimirum,
479 1406 525 1462 ubi
541 1406 582 1462 len
595 1405 709 1462 lormani
725 1405 914 1462 constituendo
929 1406 976 1463 ad·
1011 1408 1072 1472 rat,
1093 1408 1120 1458 et
1138 1403 1174 1458 ita
1194 1417 1303 1472 semper
1317 1401 1419 1457 resistit
1434 1400 1507 1457 actui
1522 1399 1671 1456 auterendo
1687 1406 1810 1472 potesta·

171 1497 230 1569 dit,
246 1505 343 1553 actum
359 1495 438 1552 aliter
451 1496 508 1551 0000
529 1512 582 1552 000
597 1512 693 1570 00000
711 1496 840 1554 inducere
860 1496 977 1554 sormam
1012 1489 1699 1564 0000;000000000000000000001000000000οι0000

169 1585 396 1656 substantialem
412 1587 470 1641 sine
493 1601 547 1658 qua
567 1592 646 1642 actus
668 1602 722 1642 non
742 1586 823 1642 valet.
840 1587 914 1653 Quae
936 1601 977 1642 00-
1053 1585 1096 1639 00.
1111 1584 1308 1638 Potesttamen
1323 1597 1376 1636 non
1391 1580 1527 1636 immerito
1542 1580 1616 1636 circa
1632 1579 1701 1634 hanc
1716 1578 1808 1634 decla·

169 1675 272 1748 gula
249 1693 271 1730 00
288 1689 352 1730 0000
366 1680 424 1732 000
440 1673 549 1730 habebit
562 1675 672 1746 locum
687 1676 793 1732 etiamsi
807 1681 977 1746 supponatur
1012 1673 1143 1728 rationem
1164 1669 1299 1741 dubitari,
1321 1669 1385 1742 quia
1407 1669 1520 1725 0000000
1539 1673 1707 1743 conpeteret
1722 1669 1808 1725 ambr

169 1771 295 1837 potestas
313 1771 377 1820 ante
397 1762 513 1820 sormam
528 1764 690 1822 institutam
707 1765 775 1832 Quia
795 1779 843 1835 000
865 1763 978 1820 additio·
1012 1777 1098 1835 gaium
1113 1767 1171 1816 000
1165 1775 1268 1833 00000
1283 1775 1354 1816 00000
1367 1775 1418 1816 000
1435 1759 1750 1832 signrloatnegattonem
1762 1775 1810 1830 po

170 1869 233 1910 nem
251 1852 326 1910 illius
340 1853 490 1926 negationis
505 1851 596 1910 aliter
609 1869 668 1910 0000
681 1855 785 1928 possit,
798 1861 852 1909 000.
867 1869 920 1910 000
935 1867 978 1908 so·
1013 1853 1113 1909 tentiae
1127 1851 1200 1923 iacti,
1217 1857 1248 1907 00
1263 1852 1303 1906 000
1319 1849 1420 1922 dicam,
1436 1849 1506 1906 000
1499 1849 1577 1906 ruris.
1590 1850 1657 1906 Nam
1670 1848 1696 1904 id
1712 1848 1814 1920 simpli·

169 1941 229 1999 lum
247 1943 336 1998 lertur
357 1942 471 2013 simplex
494 1942 652 2013 prohibitio,
676 1943 722 1999 sed
743 1945 825 1999 etlam
846 1942 979 1999 limitatur
1012 1942 1081 2000 citer
1096 1955 1263 2013 possumus,
1279 1940 1354 2013 qrrod
1369 1940 1428 1996 iure
1442 1955 1607 2011 possumus,
1624 1938 1695 1995 0000
1711 1939 1815 2011 simpli·

103 2040 107 2049 '
167 2034 230 2105 ipsa
244 2037 380 2103 potestas,
397 2032 438 2087 000
452 2033 542 2103 000000
557 2023 682 2090 aufertur
697 2043 825 2106 respectu
840 2041 921 2089 actus
939 2031 979 2088 ia·
1013 2032 1080 2088 citer
1094 2030 1212 2088 dicimur
1225 2046 1279 2086 ann
1293 2045 1386 2102 posse,
1397 2044 1467 2102 quae
1483 2029 1555 2086 licite
1571 2028 1663 2085 lacere
1679 2045 1732 2084 nnn
1749 2045 1814 2100 pos·

169 2124 208 2178 cti
224 2123 283 2179 sine
295 2122 340 2178 tali
356 2120 498 2178 formabit
509 2121 560 2178 hae
573 2124 675 2179 ratione
686 2130 778 2195 potest
789 2123 896 2180 extendi
912 2123 978 2180 haec
1013 2137 1126 2194 sumus,
1149 2135 1215 2193 ergo
1234 2137 1268 2177 en
1283 2119 1366 2176 verbo
1380 2107 1439 2176 000
1450 2123 1545 2194 possit
1560 2136 1612 2178 non
1629 2120 1693 2176 satis
1708 2119 1813 2192 colligi·

170 2214 267 2286 regula
286 2212 320 2268 ad
342 2228 438 2269 omnes
459 2213 532 2284 leges
554 2213 728 2284 prohibentes
749 2221 842 2270 actum
862 2213 913 2270 sub
935 2213 978 2270 illa
1014 2217 1061 2267 tur
1079 2211 1237 2283 impotentia
1253 2209 1396 2267 annullans
1411 2215 1520 2282 actum,
1537 2209 1584 2265 sed
1600 2215 1706 2266 tantuna
1722 2209 1814 2281 prohi-

171 2302 325 2359 verborum
339 2301 427 2358 lorma
440 2307 468 2357 00
486 2301 577 2358 aliter
590 2319 649 2358 000
660 2306 769 2377 possit,
787 2302 829 2358 rel
851 2303 979 2374 simplici·
1014 2300 1078 2357 bitin
1100 2299 1221 2373 iaciens,
1245 2307 1276 2357 ut
1296 2307 1376 2356 actus
1399 2315 1451 2356 non
1471 2299 1564 2358 liceat.
1577 2301 1612 2357 Et
1626 2315 1690 2356 sane
1705 2300 1811 2373 Glossa,

170 2394 435 2465 ternemopossit,
454 2399 509 2447 000
523 2391 979 2465 Exemplumessepntestinlege
1014 2406 1085 2464 quae
1099 2389 1132 2446 ad
1147 2391 1198 2446 000
1213 2390 1372 2464 frequenter
1386 2390 1508 2446 citatur
1502 2407 1528 2446 in
1543 2405 1605 2462 cap
1624 2395 1647 2449 l.
1665 2389 1815 2463 deregulis

170 2481 349 2554 prohibente,
367 2481 493 2538 maritum
509 2480 628 2538 alienare
642 2481 734 2562 dotem
751 2483 832 2539 invita
854 2481 978 2554 muliere,
1014 2480 1067 2536 000.
1080 2482 1150 2554 000,
1164 2480 1247 2536 verbo
1261 2497 1319 2537 000
1330 2485 1382 2553 000
1370 2484 1434 2546 0,000
1452 2480 1542 2536 solunt
1554 2478 1620 2537 dicit
1623 2479 1814 2553 ,negationem

171 2579 205 2628 ut
219 2573 314 2637 0000
333 2571 540 2627 institutionum
546 2572 669 2644 quibus
684 2571 801 2628 alienare
818 2572 911 2644 100000
923 2578 977 2628 000.
1015 2570 1133 2628 additam
1151 2572 1232 2628 verlro
1254 2575 1350 2646 000000
1369 2569 1498 2626 00000000
1514 2572 1722 2628 necessitatem
1717 2569 1816 2644 ,quod

170 2638 219 2716 000
241 2662 351 2732 ponitur
374 2660 488 2717 terbum
503 2677 563 2717 non
582 2677 677 2734 00000.
694 2662 787 2717 Simile
807 2661 896 2718 estds
917 2661 977 2734 lege
1015 2668 1057 2718 est
1067 2675 1245 2734 vertam,quta
1257 2659 1361 2716 0000000
1373 2659 1751 2732 necessitatemoblrgataonrs
1760 2677 1814 2717 nnn

170 2749 345 2822 prohibente,
359 2755 464 2821 patrem
479 2750 621 2806 meliorare
636 2751 719 2807 0100000
735 2751 806 2807 ultra
821 2751 902 2808 talem
918 2765 979 2822 por·
1016 2758 1105 2809 tamen
1119 2751 1181 2808 inde
1195 2751 1234 2823 00,
1250 2756 1281 2806 00
1295 2748 1408 2806 0000000
1429 2750 1619 2806 necessitatem
1638 2751 1815 2823 impotentiae

171 2842 276 2896 tionem
293 2838 476 2909 haereditatis,
492 2840 538 2896 00
533 2857 557 2896 00
572 2840 724 2915 similibus,
741 2855 811 2914 quae
827 2841 980 2914 loquuntur
1015 2841 1049 2897 ad
1062 2842 1216 2914 appositum
1230 2825 1324 2898 000000
1338 2838 1429 2912 quoad
1445 2838 1565 2895 valorem
1581 2840 1730 2898 eius.Unde
1744 2855 1809 2896 cum

172 2945 223 3000 000
239 2929 320 2986 rerba
336 2929 499 3000 potestativa
513 2933 619 3003 000000,
640 2929 680 2985 000
696 2946 755 2986 0000
766 2934 872 3004 possit,
892 2935 924 2986 ut
941 2930 981 2985 vi·
1015 2932 1104 2988 000100
1126 2933 1215 3006 primo
1230 2931 1318 3003 capite
1333 2931 1435 2988 dicitur
1446 2947 1504 2986 000
1510 2933 1608 3004 potest
1621 2929 1709 2996 licite,
1718 2929 1814 2988 Glossa

174 3019 240 3076 0000
256 3019 321 3075 00000
335 3020 361 3075 00
378 3025 436 3075 0000
452 3018 531 3076 titulo
549 3024 576 3090 0,
593 3019 639 3075 100.
655 3025 680 3078 5.
698 3019 811 3092 recopil,
829 3021 919 3094 legum
935 3019 980 3076 Hi·
1016 3023 1041 3077 in
1064 3022 1146 3078 rerba
1167 3021 1262 3090 licite,
1288 3025 1380 3090 notat,
1403 3019 1469 3078 illud
1490 3020 1611 3077 additum
1627 3019 1707 3076 000000
1722 3035 1817 3090 00000·

174 3113 297 3183 spaniae.
313 3111 348 3166 Et
363 3108 432 3166 idem
447 3117 490 3166 est
504 3109 537 3166 de
552 3109 672 3182 legibus,
688 3126 759 3183 quae
775 3117 917 3183 statuunt,
934 3111 981 3166 mi·
1016 3110 1177 3182 abundare,
1205 3113 1267 3184 qiria
1290 3109 1360 3166 idem
1386 3109 1491 3167 dictum
1513 3110 1602 3167 luerat
1629 3126 1677 3181 per
1701 3109 1815 3166 verbum

173 3215 271 3256 norem
286 3197 458 3271 impuberem
472 3215 526 3256 non
547 3215 627 3270 posse
642 3200 823 3272 contrahere,
839 3200 880 3256 tel
898 3203 980 3256 etiam
1016 3218 1075 3257 non
1084 3205 1191 3276 000000,
1206 3201 1269 3274 quia
1284 3201 1309 3256 id
1327 3200 1567 3274 possumus,quod
1584 3201 1642 3258 iure
1657 3215 1815 3272 possumus.

173 3290 327 3360 puberem,
351 3290 373 3345 si
393 3287 491 3345 habeat
512 3296 684 3360 curatorem,
701 3297 733 3344 ut
753 3290 777 3344 in
793 3289 812 3345 l.
826 3295 859 3358 l,
876 3291 918 3346 tit.
935 3292 980 3360 ll,
1016 3293 1085 3348 Nam
1099 3307 1169 3365 quae
1182 3298 1280 3347 000000
1294 3290 1381 3346 00000
1396 3305 1487 3346 mores
1501 3291 1579 3360 0000,
1595 3306 1646 3346 000
1661 3291 1751 3346 tacere
1766 3305 1816 3345 nos

174 3386 247 3450 part.
258 3383 286 3449 5,
301 3377 388 3435 00100.
408 3381 451 3450 li,
461 3379 503 3435 tit.
518 3383 562 3452 ts,
576 3385 604 3436 et
618 3378 716 3435 similes
731 3385 797 3436 sunt
812 3379 896 3453 leges,
910 3395 981 3453 quae
1016 3397 1096 3454 posse
1111 3380 1281 3439 credendum
1296 3389 1348 3452 est,
1365 3389 1396 3437 00
1410 3380 1512 3437 0000000
1526 3382 1551 3435 00
1568 3379 1585 3434 l.
1596 3379 1695 3452 filius,
1707 3382 1768 3452 qai,
1786 3379 1815 3435 ll.

173 3475 268 3525 taxant
280 3469 462 3542 quantitatem
479 3469 528 3540 rei,
541 3484 611 3541 quae
625 3468 721 3526 donari
737 3476 839 3541 potest,
852 3468 893 3526 vel
908 3470 982 3526 simi·
1016 3471 1049 3528 00
1069 3472 1272 3528 conditionibus
1298 3471 1511 3527 institutionum.
1534 3468 1610 3526 Unde
1631 3471 1657 3523 in
1678 3485 1740 3540 cap.
1758 3472 1817 3526 Fo-

173 3557 231 3632 100,
248 3573 320 3632 quae
335 3557 377 3614 nel
392 3557 558 3631 formaliter,
574 3558 615 3613 vel
631 3559 732 3616 virtute
746 3559 851 3616 addunt
870 3558 982 3616 clausu·
1016 3566 1092 3630 0000,
1111 3566 1158 3619 tt.
1174 3559 1237 3617 dist.
1254 3561 1291 3616 ait
1305 3562 1423 3633 August.
1447 3558 1546 3615 debere
1567 3559 1659 3614 000000
1681 3557 1818 3615 hominem

174 3647 250 3722 lam,
268 3655 299 3705 ut
318 3647 434 3719 amplius
450 3664 503 3704 non
527 3650 613 3720 possit
627 3647 736 3706 donari.
753 3651 788 3706 Et
807 3647 868 3706 ideo
882 3649 935 3706 diri
957 3651 982 3705 in
1000 3668 1068 3724 vpro
1089 3651 1176 3708 salute
1197 3651 1321 3721 alterius,
1337 3649 1410 3721 quod
1426 3654 1527 3720 potest,
1543 3664 1596 3703 non
1612 3654 1701 3704 tamen
1717 3647 1817 3705 debere

174 3737 293 3810 cllllll,
307 3737 445 3794 interdum
460 3738 546 3810 legem
563 3738 753 3809 prohibentem
769 3739 875 3795 irritare
889 3747 982 3796 actum
1017 3756 1134 3813 peccare
1150 3755 1200 3813 pro
1215 3738 1327 3796 alterius
1343 3737 1442 3812 salute,
1461 3739 1525 3811 quia
1540 3739 1667 3794 nimirum
1681 3739 1750 3795 illud
1764 3755 1816 3795 nnn

174 3827 361 3902 prohibitum,
377 3827 441 3884 licet
460 3843 513 3882 non
533 3826 615 3884 addat
629 3828 765 3901 propriam
780 3827 932 3885 clausulam
947 3830 983 3884 ir·
1017 3837 1124 3903 potest,
1147 3829 1221 3904 quod
1236 3845 1289 3886 non
1305 3828 1395 3886 liceat.
1411 3829 1445 3886 Et
1458 3829 1495 3884 ita
1509 3828 1534 3884 in
1550 3843 1611 3900 cap.
1629 3831 1770 3902 Litteras,
1785 3829 1818 3886 de

174 3919 325 3988 ritantem,
348 3916 411 3990 quia
431 3915 591 3988 intelligitur
611 3915 756 3990 prohibere
776 3924 890 3990 propter
910 3917 982 3975 dele·
1017 3921 1106 3977 restit.
1121 3918 1355 3991 0000000000000,
1368 3919 1512 3990 coniugem
1526 3919 1672 3974 conscium
1686 3917 1720 3974 de
1733 3920 1820 3990 irnpe-

175 4014 257 4064 ctum
274 4006 386 4076 00000οε,
402 4020 486 4078 quam
501 4006 641 4078 supponit,
658 4007 700 4063 rel
715 4006 868 4064 virtualiter
882 4007 983 4063 consti·
1017 4010 1137 4067 dimonte
1159 4008 1420 4080 consanguinitatis,
1441 4021 1497 4064 non
1511 4023 1591 4079 posse
1605 4007 1683 4063 alteri
1704 4008 1818 4063 commi-

175 4099 240 4154 tuit.
257 4097 315 4153 lloc
330 4097 400 4152 enim
415 4096 575 4169 intelligitur
590 4096 679 4154 iacere
696 4097 753 4171 lea,
769 4113 840 4170 quae
855 4096 983 4170 prohibet
1017 4102 1104 4170 aceri,
1120 4099 1183 4172 quia
1198 4098 1271 4155 licite
1286 4113 1341 4153 non
1357 4103 1456 4168 potest.
1472 4098 1546 4170 Ergo
1560 4113 1625 4154 cum
1640 4097 1722 4153 verba
1739 4096 1815 4169 legis,

174 4187 355 4260 perverbum
372 4201 431 4242 000
449 4187 554 4260 possit,
573 4187 715 4259 quiscum
737 4193 858 4258 potestas
873 4189 908 4242 sit
928 4187 983 4259 pri·
1017 4205 1088 4261 quae
1102 4190 1221 4261 rigorem
1237 4189 1395 4258 continent,
1412 4187 1554 4258 benignius
1569 4187 1623 4242 sint
1637 4187 1817 4259 interpretan-

177 4294 257 4335 mum
274 4275 483 4333 tundamentum
494 4276 595 4333 valoris
609 4284 702 4351 00000,
713 4277 760 4350 qui
775 4283 854 4350 negat
865 4282 983 4349 potesta·
1016 4279 1062 4348 da,
1084 4279 1145 4334 licet
1166 4277 1208 4334 len
1228 4276 1303 4333 dicat
1316 4291 1375 4332 000
1385 4279 1489 4351 possit,
1508 4275 1676 4333 sufficienter
1691 4275 1818 4348 intelligi-

176 4367 251 4433 lem,
268 4365 338 4423 tollit
352 4365 472 4423 rallicem
492 4366 609 4439 valoris,
626 4374 653 4424 et
673 4375 876 4441 consequenter
889 4367 983 4424 00000-
1017 4375 1079 4442 000,
1101 4367 1126 4424 00
1147 4374 1190 4424 est
1209 4365 1306 4432 licite,·
1327 4382 1380 4421 non
1401 4381 1467 4438 ergo
1489 4365 1514 4422 id
1536 4365 1641 4423 sullicit
1659 4363 1693 4421 ad
1706 4365 1815 4422 irritan-

177 4456 219 4515 dit
233 4455 437 4513 substantialem
452 4455 582 4528 sormam,
593 4473 664 4531 quae
677 4457 797 4515 adhiberi
810 4474 864 4515 non
878 4465 982 4532 potest,
1017 4457 1099 4530 darm,
1122 4455 1168 4514 sed
1189 4454 1223 4512 ad
1238 4454 1447 4528 prohibendum.
1460 4454 1536 4512 Unde
1550 4457 1624 4513 Bart.
1641 4454 1725 4512 etalii
1739 4455 1831 4512 citati·

177 4549 232 4605 nisi
247 4545 281 4602 ab
295 4545 411 4602 habente
424 4551 596 4617 potestatem.
1018 4563 1068 4621 pro
1089 4547 1133 4604 illa
1154 4545 1336 4603 declaratione
1358 4545 1482 4603 videntur
1503 4552 1594 4618 000000
1613 4544 1718 4602 0000000
1734 4545 1759 4601 00
1774 4561 1816 4602 00-

218 4637 296 4693 llaoo
316 4642 407 4692 0000000
429 4635 551 4709 regulam
565 4635 598 4692 de
619 4637 702 4694 verbo
716 4655 777 4695 000
793 4641 886 4714 possit
905 4639 985 4696 tradit
1018 4638 1083 4712 gula
1103 4637 1170 4710 legis
1191 4652 1250 4693 0000
1270 4633 1408 4702 dubium,
1433 4635 1507 4709 000οο
1527 4635 1601 4692 iacta
1619 4642 1716 4692 contra
1730 4635 1816 4708 legem

178 4726 257 4783 Bort.
271 4726 297 4780 in
314 4724 331 4780 l.
345 4741 412 4782 0000
427 4723 485 4792 000,
496 4726 523 4782 ll.
536 4724 569 4781 de
584 4725 801 4799 fideiussoribus,
816 4735 844 4785 00
858 4730 883 4785 00
900 4730 917 4784 Ι.
933 4730 982 4786 010.
1020 4727 1226 4801 prohibentem,
1248 4731 1314 4783 0000
1332 4725 1416 4782 nulla
1444 4726 1589 4797 supposita
1611 4733 1702 4783 autem
1723 4732 1817 4782 nostra

179 4832 259 4872 num.
274 4818 301 4885 6,
318 4813 345 4870 tt.
359 4813 392 4870 de
406 4813 493 4886 seriis,
509 4816 674 4888 0000000000
689 4817 775 4874 Felin.
789 4819 815 4874 in
830 4818 904 4875 dicto
920 4836 982 4892 cap.
1019 4819 1170 4890 sententia,
1190 4823 1219 4872 et
1239 4816 1284 4873 ubi
1305 4817 1347 4872 lex
1367 4832 1426 4872 000
1449 4813 1575 4872 dubium
1599 4832 1652 4871 non
1674 4822 1816 4886 operatur,

181 4907 262 4962 0000
274 4902 398 4971 dilecta,
416 4904 449 4962 de
468 4907 625 4978 rescriptis,
642 4908 667 4962 in
684 4911 711 4980 a,
728 4909 810 4964 verbo
827 4913 984 4982 0000000000
1020 4924 1075 4964 000
1086 4906 1202 4980 ‚ridetur
1222 4906 1265 4962 illa
1286 4907 1474 4978 interpretatio
1489 4904 1666 4962 admittenda.
1677 4907 1765 4977 hique
1781 4906 1817 4962 ita

179 4998 317 5068 0000000,
336 5005 364 5052 00
384 4994 513 5052 latissima
531 4996 683 5068 locupletat
696 4997 832 5072 Tiraquel.
849 5002 875 5055 in
896 4999 914 5056 l.
931 4999 983 5056 ult.
1020 4994 1819 5055 0000001000000000000000000000000000000000000000-

180 5084 304 5142 concub.
317 5085 407 5142 Gloss.
421 5089 449 5143 0.
467 5092 624 5156 pertatem
641 5088 984 5146 ConstituitautemBart.
1020 5086 1154 5144 stantialis
1175 5085 1207 5142 ad
1230 5086 1348 5142 valorem
1369 5091 1465 5155 00000,
1482 5084 1752 5156 sedsolnmlorma,
1769 5101 1817 5143 seu

181 5173 328 5249 quamdam
341 5175 597 5232 00000000οω00οο
609 5178 721 5234 verbum
730 5195 789 5234 0οο
795 5183 900 5252 000000
911 5177 986 5252 quod
1021 5177 1121 5234 modus
1142 5177 1318 5232 necessarius
1339 5173 1371 5231 ad
1392 5174 1563 5232 honestatem
1588 5181 1687 5248 actus,
1712 5175 1767 5232 0000
1791 5178 1817 5232 00

180 5271 225 5324 000
240 5265 273 5323 de
286 5257 439 5339 00000000,
454 5271 483 5323 00
501 5281 560 5324 000
571 5269 682 5342 possit,
697 5265 772 5341 0000
787 5269 899 5342 respicit
911 5267 985 5327 iutu-
1021 5265 1118 5326 ardiae
1132 5264 1165 5324 00
1177 5265 1296 5324 valorem
1307 5264 1493 5325 substantialis
1504 5267 1549 5342 sit,
1562 5267 1617 5324 siae
1629 5265 1816 5326 accidentalis.
