4256 6224
389 297 454 366 594
1092 305 1260 366 onesta.

351 441 473 515 Decime
495 460 590 503 omnes
608 446 690 502 etiam
705 441 863 502 scholastici
877 440 948 499 benc
962 441 1153 514 quaestionem
1190 447 1244 511 sto,
1266 455 1299 500 ac
1321 442 1373 517 legi
1385 445 1462 518 eius,
1477 449 1556 520 quasi
1572 449 1663 510 illaad
1678 449 1794 514 salutem
1808 471 1865 515 non
1881 455 1994 516 suffice·

351 538 513 604 metantes,
525 550 595 607 quos
607 534 677 592 inira
688 534 851 606 retenemus,
864 534 891 590 in
903 532 955 589 boe
966 532 1152 589 consentiunt.
1188 537 1243 588 ret.
1265 533 1414 606 mecedo,
1436 537 1501 610 quia
1523 538 1583 596 talis
1604 541 1760 602 observatio
1779 549 1944 606 continebat
1957 552 1996 606 in·

350 622 446 696 Neque
465 623 566 698 refert,
586 624 661 698 quod
680 627 770 683 Lucae
790 623 937 681 adventum
952 621 1028 679 illum
1043 621 1115 679 Petri
1129 621 1155 676 in
1190 621 1310 679 trinsece
1329 625 1514 694 perniciosum
1535 629 1719 690 mendacium.
1740 636 1807 694 llam
1828 635 1889 694 illae
1903 653 1996 696 caere-

350 711 545 785 Autiocbiam,
567 721 596 770 et
614 715 680 782 alia,
700 729 772 787 quae
786 713 888 771 Paulus
903 716 1113 782 commemorat,
1128 709 1154 765 in
1190 711 1296 768 mouiae
1312 716 1411 771 veteris
1426 714 1492 788 legis
1506 719 1696 791 significabant
1709 723 1863 796 Christum,
1879 729 1998 801 eiusqm

351 816 404 857 sua
424 801 537 859 historia
561 819 615 860 non
636 804 803 875 narraverit,
824 805 890 876 quia
908 800 996 859 mults
1009 802 1091 858 etiam
1105 796 1155 856 alia
1190 804 1338 875 mysteria,
1354 804 1508 879 otiatura,
1524 816 1553 866 et
1567 825 1620 868 non
1636 819 1667 870 ut
1679 813 1761 872 tacu.
1778 816 1853 874 Unde
1870 820 1920 889 qui
1936 819 1996 876 illas

350 890 462 964 omisit,
484 906 573 965 neque
593 892 619 949 id
634 900 677 950 est
690 899 789 950 eontra
802 892 943 949 veritatem
958 897 986 948 et
999 889 1155 948 fidelitatem
1190 905 1254 947 uere
1267 899 1296 948 et
1308 907 1341 948 ea
1356 895 1442 952 corde
1456 898 1620 972 exorcebat,
1637 917 1686 959 seu
1700 903 1875 976 observabat,
1891 922 1925 964 eo
1940 909 1998 980 ipso

350 976 496 1050 historiae,
512 988 544 1039 ut
557 982 738 1058 Hieronymus
753 989 830 1039 reete
844 979 1000 1052 respondet.
1016 977 1093 1036 Addo
1107 976 1156 1035 de·
1189 979 1366 1053 significabat,
1382 982 1519 1058 cbristum
1534 989 1656 1047 nondum
1668 995 1787 1066 venisse,
1805 995 1848 1052 uei
1864 995 1919 1054 non
1936 999 1997 1056 red·

350 1069 449 1141 nique,
460 1071 536 1144 quod
547 1070 581 1129 ad
595 1078 766 1144 praesentem
777 1069 970 1128 difficultatem
983 1069 1090 1141 attinet,
1101 1082 1156 1125 non
1190 1071 1289 1127 emisse
1315 1071 1451 1148 nomines,
1471 1077 1512 1134 vel
1530 1078 1632 1151 aliquid
1649 1083 1751 1153 simite,
1776 1085 1844 1142 baec
1864 1088 1939 1144 enirn
1963 1093 1998 1144 si-

352 1157 474 1217 multum
493 1159 609 1231 reterre,
630 1160 704 1232 quod
718 1159 762 1217 ille
775 1157 881 1232 cepbas
896 1158 978 1216 luerit
991 1160 1100 1230 Petrus,
1114 1155 1156 1214 rel
1191 1160 1328 1232 goilioatio
1343 1178 1397 1220 non
1411 1171 1471 1224 erat
1484 1169 1640 1238 separabilis
1654 1173 1689 1228 ab
1704 1173 1756 1230 illie
1768 1177 1965 1247 caeremoniis,
1977 1181 1998 1232 si

352 1248 427 1306 atius
443 1248 606 1320 discipulus.
627 1251 694 1306 Nam
714 1248 779 1306 licet
798 1247 840 1304 ille
855 1255 928 1305 esset
940 1246 1068 1305 Martialis
1082 1263 1109 1302 v.
1126 1261 1153 1319 g.
1192 1256 1224 1306 ut
1242 1254 1430 1312 caeremoniae
1451 1252 1551 1328 legales
1571 1257 1686 1317 tiebant:
1710 1276 1773 1318 nam
1794 1279 1845 1334 per
1864 1281 1894 1321 se
1908 1265 1997 1335 ptimo

350 1337 417 1396 inde
440 1337 592 1411 colligitur,
607 1338 677 1396 male
696 1337 794 1395 iecisse
813 1336 984 1410 segregando
997 1351 1026 1393 se
1040 1352 1055 1391 n
1070 1336 1158 1407 genti·
1191 1345 1271 1395 eraut
1284 1337 1318 1395 nd
1333 1340 1406 1398 illam
1420 1343 1645 1416 significationem
1659 1349 1813 1423 impositae,
1827 1360 1857 1410 et
1872 1370 1924 1424 per
1937 1370 1996 1410 eam

351 1426 422 1500 bus3
451 1443 483 1484 ec
504 1427 619 1485 subinde
641 1427 748 1485 videtur
767 1428 879 1498 interni,
902 1428 955 1484 iem
974 1431 1042 1483 tunc
1061 1423 1157 1496 tegatis
1192 1427 1218 1482 in
1233 1428 1337 1486 radone
1352 1428 1478 1502 legalium
1490 1437 1727 1498 caeremoniarum
1740 1441 1995 1500 constituebantur.

351 1515 440 1576 lotlsse
456 1515 610 1588 mortifera3
626 1517 660 1574 de
675 1531 730 1590 quo
748 1524 793 1573 eet
810 1531 941 1588 praesens
957 1515 1156 1583 controversia,
1191 1516 1310 1575 Tertiam
1330 1519 1459 1578 rationem
1473 1523 1620 1596 praecipue
1636 1535 1728 1602 urget,
1742 1537 1771 1586 et
1788 1533 1889 1602 repetit
1902 1534 1997 1590 Hiero·

337 1607 456 1680 cuam,
479 1609 543 1680 quia
558 1605 657 1663 diilusa
670 1613 732 1676 est,
747 1620 796 1678 per
809 1605 968 1664 discursum
982 1603 1156 1680 sequentium
1192 1608 1375 1682 aymus,quir
1386 1611 1410 1666 si
1420 1608 1567 1683 aliquando
1579 1612 1701 1672 licuisset
1711 1632 1823 1676 servare
1834 1619 1936 1694 legalia
1947 1623 1997 1678 iem

350 1697 474 1769 capitum
492 1697 648 1754 distinctius
662 1695 855 1754 tractabimus.
1192 1705 1302 1754 mortua
1322 1697 1430 1755 ludaeis
1449 1703 1591 1758 conversis
1609 1703 1644 1760 ed
1663 1705 1759 1778 tidem,
1774 1709 1858 1765 etiarn
1873 1725 1951 1768 nunc
1968 1711 1997 1768 li·

1191 1791 1282 1857 neret,
1309 1786 1374 1860 quis
1397 1802 1450 1844 non
1474 1797 1518 1847 est
1541 1791 1627 1850 maior
1651 1795 1720 1852 ratio
1734 1796 1768 1853 de
1782 1813 1839 1856 uno
1860 1805 1996 1874 tempore,

630 1872 771 1943 CAPUT
794 1872 886 1943 XVI,
1191 1889 1275 1949 quam
1288 1873 1322 1931 de
1335 1873 1489 1934 elio.Etita
1499 1893 1581 1951 saepe
1591 1881 1670 1941 inient
1680 1891 1778 1942 contre
1795 1891 1996 1960 augustinum,

1189 1979 1222 2022 er
1236 1966 1295 2022 eius
1309 1965 1440 2022 sententia
1453 1969 1549 2040 sequi,
1571 1968 1654 2029 licere
1666 1972 1770 2031 iudaeis
1789 1975 1917 2034 tidelibus
1931 1993 1998 2036 con·

353 2076 400 2126 Aa
419 2065 469 2125 tec
487 2072 568 2125 oetas
585 2063 684 2138 fcerit
702 2081 819 2140 semper
842 2061 1013 2137 mortifera,
1038 2079 1078 2120 ec
1100 2079 1157 2136 quo
1191 2052 1301 2126 iungere
1315 2052 1402 2127 legem
1416 2070 1481 2114 cum
1494 2060 1644 2132 evangelio,
1660 2065 1745 2120 etism
1767 2069 1908 2140 nunc,scl
1922 2070 1998 2142 quod

393 2155 581 2231 mmmm
588 2153 764 2232 mmmm·
774 2157 876 2232 eoppa,
887 2159 915 2212 ,p
930 2158 1083 2212 pappam,
1093 2167 1158 2210 sen·
1192 2142 1304 2213 perinde
1317 2149 1360 2199 est
1373 2149 1495 2216 tempme
1508 2147 1631 2205 eiusdem
1646 2150 1807 2228 Hieronymi
1820 2162 1853 2212 et
1866 2159 1998 2230 augusti·

394 2250 489 2306 temp,
502 2251 689 2321 Hieronymi,
1192 2234 1229 2288 ui.
1244 2232 1313 2300 Quia
1327 2234 1349 2289 si
1363 2231 1468 2291 iudaeis
1483 2242 1550 2293 tunc
1565 2236 1667 2297 licebat
1678 2257 1789 2300 serrare
1805 2244 1925 2319 legalia,
1940 2265 1998 2306 aros

1190 2338 1229 2380 ec
1249 2325 1425 2382 necessitate
1440 2323 1562 2395 salutm,
1584 2325 1636 2384 sed
1645 2345 1684 2387 ec
1697 2333 1910 2393 consuetudine
1926 2337 1999 2394 soie

621 2425 638 2488 s
650 2440 670 2488 u
682 2441 709 2488 m
720 2441 745 2488 m
757 2441 773 2490 a
785 2440 801 2490 f
812 2423 822 2488 i
833 2439 853 2488 ῃ
865 2441 891 2489 m
1191 2415 1378 2479 instinctam
1391 2415 1429 2471 ait
1439 2415 1712 2489 nttgustinus,etiam
1726 2437 1801 2479 nunc
1815 2422 1925 2497 licebit,
1933 2429 1998 2500 quia

1191 2501 1236 2558 ille
1259 2502 1330 2559 ratio
1353 2517 1461 2576 semper
1478 2505 1570 2564 durat.
1587 2507 1621 2564 Et
1640 2507 1768 2588 idemest
1780 2510 1814 2568 de
1830 2513 1894 2586 elia,
1914 2531 1997 2588 quam

354 2617 380 2671 l.
395 2617 451 2669 [tivi
463 2614 609 2677 Hieronymi
622 2615 761 2665 sententia.
776 2640 811 2650 -
822 2612 849 2664 H.
863 2613 978 2675 Quatuor
988 2611 1070 2677 ipsius
1079 2613 1157 2664 ratio-
1192 2590 1262 2650 ⁸⁰¹0¹
1276 2589 1381 2664 “adim
1396 2593 1579 2667 Aflblssfiflusss
1591 2595 1708 2667 Sssffisseb
1722 2606 1753 2656 [¹¹
1766 2600 1810 2657 5¹¹⁸
1826 2601 1871 2660 ¹⁸¹
1888 2619 1999 2675 Simili?

390 2699 445 2738 nes.
458 2713 493 2724 —
505 2685 531 2736 3.
545 2683 666 2735 Eiusdem
679 2683 825 2747 Hieronymi
835 2682 962 2746 expositio
970 2681 1002 2732 de
1011 2681 1088 2733 lactis
1097 2695 1156 2746 apo·
1191 2681 1216 2737 lu
1236 2681 1367 2738 bonorem
1391 2679 1539 2755 habeatur,
1565 2697 1615 2741 nee
1639 2686 1765 2746 videatur
1782 2692 1927 2762 reprobari
1940 2701 1999 2751 un.

388 2756 522 2808 ³¹⁰¹⁰¹¹¹¹¹l
535 2781 570 2790 “·
582 2753 609 2835 ⁴:
624 2752 790 2815 ffiefflllffllss
807 2752 918 2815 ³PP¹¹⁰²²
930 2764 1001 2834 ΜΡ]
1014 2750 1157 2834 ⁶⁰9²P¹l²¹¹¹
1191 2785 1275 2844 quam
1289 2771 1370 2828 abeo
1384 2770 1481 2843 aliena,
1490 2779 1521 2828 ut
1535 2776 1654 2832 amultis
1664 2775 1811 2836 haereticis
1824 2781 1997 2842 factumest.

388 2825 419 2876 ad
433 2826 516 2875 locum
529 2818 601 2874 Pauli
615 2821 640 2870 ln
653 2835 696 2886 ep.
710 2821 742 2871 ad
755 2821 837 2872 Galat.
852 2819 878 2870 2.
894 2848 928 2857 -
941 2820 1024 2871 Prima
1034 2833 1090 2872 eutis
1100 2821 1158 2873 tila·

390 2895 436 2946 tio.
449 2921 484 2930 ,,
495 2891 676 2944 commu,
689 2917 723 2928 ,,
736 2891 762 2943 5,
776 2889 890 2942 Secund,
905 2890 997 2944 pm„
1190 2859 1293 2928 Quarta
1310 2861 1554 2958 ratio‘Hierenymi
1570 2870 1629 2936 est,
1649 2867 1715 2940 quia
1734 2873 1926 2931 caeremoniae
1939 2873 1999 2930 illae

1191 2954 1337 3022 postquam
1351 2948 1463 3006 luerunt
1476 2956 1619 3023 mortuae,
1633 2968 1688 3011 non
1702 2964 1782 3014 erant
1800 2957 1997 3033 indifferentes,

398 3059 423 3110 1,
441 3053 470 3108 ιη
485 3049 538 3107 {100
557 3058 661 3121 puncto
680 3047 1157 3123 ruitd,fl10f0nymiaenraneta‚tn
1191 3039 1265 3095 sicut
1283 3046 1326 3096 est
1345 3037 1502 3110 ambulate,
1523 3048 1552 3098 et
1569 3041 1637 3100 alias
1656 3045 1757 3102 similes
1777 3049 1917 3123 actionem
1932 3067 1999 3124 ergo

283 3191 286 3196 .
350 3145 503 3200 comment.
524 3137 632 3211 epistol.
649 3136 682 3195 ad
697 3136 784 3195 Galat.
797 3151 862 3209 cap.
878 3141 907 3209 2,
921 3143 949 3193 et
961 3138 1043 3210 epist.
1063 3139 1109 3195 89.
1124 3133 1158 3193 ad
1192 3141 1300 3200 temper
1314 3126 1366 3184 lull
1378 3133 1427 3185 tul
1439 3128 1561 3212 bunum,
1575 3136 1624 3190 aut
1638 3134 1750 3209 malum
1766 3152 1821 3194 non
1838 3147 1998 3211 potestate

350 3227 548 3302 augustinum,
568 3233 631 3299 post
644 3226 815 3301 evangelium
830 3240 938 3298 semper
948 3225 982 3282 ab
992 3225 1067 3282 initio
1080 3239 1158 3298 prse-
1191 3222 1248 3294 lem,
1269 3216 1375 3275 centeri
1398 3215 1500 3276 bonum
1525 3220 1618 3278 colere
1640 3223 1725 3282 boum
1756 3231 1944 3286 coeminentia
1965 3232 1998 3287 ab

351 3317 495 3376 dicationis
514 3318 575 3373 eius
595 3314 777 3388 post’Cbristi
791 3320 908 3372 mortem
923 3315 1006 3371 luisse
1024 3314 1158 3387 pernicio·
1191 3307 1250 3378 ipso
1270 3306 1323 3364 iam
1343 3305 1509 3381 repudiatis,
1534 3315 1563 3367 et
1584 3311 1709 3386 selectim
1742 3329 1809 3390 ergo
1824 3333 1938 3393 semper
1950 3321 1998 3378 luit

349 3414 458 3466 sumet
474 3405 646 3463 mortiterum
661 3405 848 3463 caeremonias
862 3405 928 3476 tegis
940 3419 1003 3462 rere
1013 3409 1041 3462 et
1053 3420 1086 3462 ea
1101 3406 1158 3462 ani·
1193 3395 1304 3453 mulum·

352 3511 399 3554 mo
414 3497 575 3553 observare:
593 3493 668 3568 quod
687 3499 761 3551 tanta
778 3493 987 3567 exaggeratione
1007 3499 1159 3565 assereret,
1232 3487 1429 3561 tarquebim
1440 3496 1608 3548 coaetusest
1619 3491 1804 3570 Hieronymus
1817 3494 1998 3572 dicereque-

352 3591 386 3642 ut
400 3585 569 3643 contrarium
584 3589 698 3641 censeat
712 3584 846 3656 pertinere
861 3582 896 3639 ad
910 3597 1031 3644 errorem
1048 3583 1159 3640 Ebionis
1192 3578 1243 3633 ties
1256 3575 1371 3649 apostoli
1382 3578 1432 3634 visi
1446 3586 1512 3637 sunt
1521 3581 1707 3638 caeremonias
1715 3583 1775 3640 illas
1787 3599 1923 3644 exerrare
1938 3597 1998 3661 pest

343 3673 524 3734 'etcerintbi
543 3672 619 3730 Unde
637 3677 737 3731 eontra
754 3673 937 3746 Augustinum
959 3680 1087 3746 tanquam
1102 3687 1158 3730 ma·
1191 3663 1373 3739 evangelium,
1394 3681 1447 3723 non
1468 3682 1530 3726 vere
1548 3675 1576 3726 et
1594 3684 1627 3727 ex
1650 3671 1738 3729 animo
1756 3687 1804 3730 eas
1827 3677 1998 3747 camenisse,

351 3779 441 3838 gnum
455 3763 648 3821 inconveniens
666 3768 696 3819 et
708 3760 878 3819 baeretieum
891 3761 985 3832 inient,
1003 3758 1077 3834 qdod
1096 3766 1159 3832 pest
1192 3754 1241 3811 ted
1255 3768 1304 3827 pst
1321 3754 1533 3814 simulationem.
1548 3757 1769 3818 Fundamentum
1783 3763 1845 3820 eius
1861 3772 1925 3839 ast,
1939 3768 2000 3839 quia

352 3853 524 3927 evangelium
535 3853 635 3910 Christi
643 3849 844 3923 benefaciant
853 3850 956 3908 iudaei
963 3848 1156 3917 mellentensi
1192 3857 1242 3916 pro
1256 3850 1334 3901 certo
1349 3842 1453 3918 credit,
1468 3845 1610 3917 apostoles
1624 3848 1650 3905 in
1663 3864 1697 3906 eo
1711 3841 1766 3908 usti
1780 3866 1836 3909 non
1853 3869 1998 3926 peccasse
2092 3905 2093 3908 ,

352 3940 427 4014 1394,
440 3939 591 4000 mommo
609 3937 789 4007 custodian„
806 3940 859 3997 Μ
872 3947 926 4011 m,
942 3939 1077 3996 Μηρώ,
1092 3939 1159 3997 ope.
1192 3939 1357 4005 peccassent
1371 3939 1482 4008 autem,
1496 3934 1519 4000 si
1533 3937 1668 3995 veraciter
1681 3938 1728 3997 ilia
1747 3935 1950 4003 ‘obsecrassent
1961 3945 2000 4001 in-

353 4037 432 4102 m„
439 4038 495 4088 m·
508 4032 567 4090 Nm
580 4031 689 4087 ,nmio
700 4037 792 4087 ,utem
803 4027 876 4101 ,pud
886 4028 1082 4104 memnymum
1093 4043 1159 4100 μω.
1192 4029 1237 4082 ate
1250 4022 1325 4080 dicta
1338 4022 1365 4078 in
1380 4022 1552 4095 praecedenti
1567 4034 1682 4101 puncto3
1698 4040 1765 4101 ergo
1779 4029 1934 4091 dicendum
1947 4043 1999 4106 est,

352 4121 413 4194 pria
424 4119 581 4191 smmum
600 4118 765 4190 mmmm,
776 4118 875 4193 quibu,
886 4115 938 4175 h„
950 4123 1084 4188 punctum
1096 4131 1158 4188 φρ.
1191 4127 1240 4186 per
1253 4111 1454 4170 simulationem
1468 4112 1495 4169 id
1508 4114 1618 4173 iecisse.
1631 4115 1768 4176 Probatur
1787 4125 1998 4196 consequentia,

351 4209 459 4268 cialiter
474 4207 652 4280 persuadeat,
680 4207 728 4264 sed
743 4207 794 4263 iliis
808 4211 917 4264 tantum
930 4205 1090 4263 testimoniis
1104 4205 1158 4263 uti·
1191 4200 1327 4273 quiahoc
1348 4201 1429 4264 modo
1449 4202 1528 4260 facile
1547 4207 1675 4263 excusari
1695 4216 1812 4280 possunt
1832 4226 1849 4267 s
1871 4221 1998 4284 peccato3

352 4305 411 4370 tur,
425 4296 526 4371 quibus
545 4311 629 4368 snpra
651 4295 842 4367 probavimus,
857 4293 945 4368 legem
962 4301 1083 4352 veterem
1096 4309 1157 4351 esse
1192 4305 1255 4348 nam
1269 4289 1408 4359 simulatio
1421 4289 1561 4350 interdum
1575 4291 1649 4352 licita
1663 4303 1782 4368 est,non
1797 4298 1892 4357 solum
1907 4303 1933 4358 in
1946 4319 2000 4360 na-
2023 4296 2027 4304 ’

350 4387 406 4444 iam
417 4392 566 4455 mortuam,
579 4391 672 4442 etnon
685 4398 764 4455 posse
774 4399 840 4440 cum
851 4383 911 4457 lege
921 4381 1079 4456 evangelica
1092 4397 1159 4439 eon·
1192 4380 1261 4436 teria
1275 4379 1396 4452 politica,
1412 4395 1462 4438 seu
1477 4379 1608 4456 bumana,
1624 4383 1673 4442 sed
1686 4386 1769 4445 etiam
1782 4389 1810 4444 in
1828 4393 1948 4448 materia
1960 4409 2000 4450 re·

350 4477 440 4548 iungi.
461 4475 537 4532 llnde
561 4476 645 4532 tacite
664 4473 727 4531 inde
749 4471 845 4544 insert,
869 4487 1010 4546 nunquam
1034 4470 1157 4544 potuisse
1191 4467 1313 4542 ligionis,
1328 4469 1351 4525 si
1364 4468 1437 4526 bono
1452 4470 1504 4528 tine
1517 4477 1546 4528 et
1558 4471 1707 4532 intentione
1722 4477 1777 4534 tint.
1793 4477 1854 4536 Hoc
1871 4481 1999 4540 ultimum

353 4579 417 4622 vere
431 4571 460 4622 et
474 4579 507 4622 er
524 4563 609 4622 corde
624 4562 739 4635 servari,
755 4563 811 4618 sine
825 4561 994 4620 discessione
1010 4560 1156 4635 ecbristo,
1192 4558 1289 4630 probat
1301 4559 1487 4636 Hieronymus
1500 4575 1533 4618 ex
1546 4559 1621 4619 iacto
1635 4563 1734 4622 Christi
1748 4567 1819 4623 Luc.
1836 4573 1872 4640 8,
1887 4571 1998 4643 quando

352 4653 429 4710 iusta
449 4651 515 4710 illud
538 4651 613 4710 Pauli
627 4649 661 4709 ad
675 4651 763 4708 Galat.
779 4656 813 4708 5:
829 4653 863 4709 Si
877 4648 1153 4716 circumcidemini,
1191 4649 1283 4718 finxit,
1298 4663 1328 4704 ee
1346 4647 1454 4721 longius
1468 4649 1521 4724 ire3
1536 4665 1608 4723 qnae
1627 4653 1679 4710 luit
1694 4655 1829 4728 quaedam
1849 4659 1997 4718 simulatio.

356 4743 496 4800 Christus
516 4739 596 4798 oobts
614 4737 691 4798 nibil
700 4737 850 4816 proderit,
867 4745 895 4796 et
908 4737 993 4796 illud:
1008 4741 1158 4798 Eoomoti
1191 4740 1259 4796 ltem
1273 4755 1306 4795 ex
1325 4738 1398 4796 iacto
1412 4739 1493 4796 losue
1510 4747 1544 4812 8,
1561 4741 1607 4800 ubi
1626 4744 1706 4800 iosue
1719 4760 1785 4803 cum
1798 4763 1854 4806 suo
1875 4754 1997 4809 exercitu

352 4835 423 4888 estis
437 4847 459 4888 c
473 4831 601 4896 Christo,
620 4832 673 4902 put
684 4830 715 4886 trs
728 4826 791 4902 depe
802 4826 1021 4900 testificamini.
1190 4828 1283 4901 lugam
1297 4827 1453 4885 simulatam
1467 4828 1622 4902 ordinauit,
1638 4839 1670 4889 ut
1683 4833 1780 4892 hostes
1794 4837 1820 4892 in
1833 4837 1943 4896 insidiis
1955 4856 1997 4898 cr·

392 4925 419 4978 t.
437 4917 535 4976 Deinde
556 4917 780 4975 consecutionem
798 4915 889 4987 illam,
911 4915 1023 4988 quodsi
1040 4915 1158 4973 texeret
1191 4925 1283 4992 peret,
1306 4932 1377 4990 quas
1393 4919 1433 4978 eis
1448 4927 1607 4991 paraveram
1632 4921 1704 4980 unde
1718 4925 1758 4980 sie
1773 4925 1895 4985 dicitur:
1913 4933 1997 4987 losse
2087 4943 2088 4957 ¹

354 5015 481 5082 mortua,
503 5015 565 5064 eret
583 5005 663 5062 etiam
682 5004 839 5076 mortifera,
855 5004 992 5062 nonnullis
1006 5005 1156 5062 renonibus
1190 5025 1259 5067 cero
1275 5013 1304 5064 et
1317 5010 1412 5064 omnis
1431 5006 1530 5065 Israel
1544 5015 1697 5068 cesserunt
1713 5009 1795 5080 loco,
1820 5015 1995 5076 simulantes

354 5098 439 5153 obiter
460 5094 568 5152 suadet.
591 5094 680 5152 Prima
698 5099 759 5166 est,
779 5093 965 5167 quinserrare
979 5091 1052 5152 illam
1066 5093 1155 5166 legem
1189 5102 1317 5165 metum,
1334 5095 1591 5172 etfnpisnteaper
1609 5097 1900 5176 sdttsdieisniasn:
1923 5109 1994 5182 qnnd
2086 5115 2087 5167 l

355 5188 409 5244 tam
421 5192 561 5246 mortuam
572 5198 634 5244 uere
645 5191 674 5248 et
683 5199 716 5243 es
728 5185 902 5258 animo,crat
912 5182 1154 5246 iniuriosumclui·
1190 5189 1290 5250 tactum
1313 5185 1473 5264 reprebendi
1488 5202 1541 5248 non
1561 5195 1669 5264 potest,
1685 5197 1717 5252 ut
1736 5202 1851 5255 constat
1863 5199 1949 5258 auam
1961 5213 1992 5256 er
