4290 6222
898 291 904 302 Ι
927 309 1033 400 osana
1046 350 1084 400 u.
1712 329 1774 396 347

172 475 377 546 conscientiae,
406 472 581 532 nibilominus
596 473 785 532 necessarium
799 487 871 546 esse,
887 478 919 532 ut
932 474 983 531 ali·
1016 472 1161 532 dicendum
1178 475 1221 533 ius
1235 473 1465 548 interponentis
1484 473 1537 532 boc
1551 474 1717 547 rescriptum
1729 474 1815 531 meni·

171 581 230 638 qua
244 564 394 622 sufficienti
409 566 452 620 sia
465 571 492 620 et
506 566 610 621 ratione
622 563 655 621 de
669 565 715 621 illo
726 571 837 621 constet
849 564 979 622 omnibus
1016 564 1083 622 leste
1097 565 1185 623 diliert
1195 582 1211 623 a
1222 565 1444 640 privilegio,quia
1457 566 1621 637 rescriptum
1636 564 1757 622 iustitiae
1767 563 1815 620 de·

170 661 202 710 et
221 653 350 726 singulis,
366 654 415 726 qui
432 653 478 710 illo
493 655 531 710 uti
548 653 744 723 debent.'Quia
762 669 829 726 ergo
847 653 924 710 valde
940 655 981 710 in·
1016 659 1062 712 tur
1076 654 1228 710 secundum
1249 669 1395 710 commune
1416 655 1478 723 ius,
1504 654 1547 710 sel
1571 652 1605 708 ad
1619 653 1816 725 interpretatio-

171 751 357 814 certumesse
371 749 490 815 poterat,
504 758 575 815 quae
589 744 685 800 notitia
698 743 885 800 concessionis
902 742 980 800 sulii·
1016 759 1077 799 nem
1091 743 1167 813 eius,
1187 741 1229 798 vel
1244 743 1277 800 ad
1292 740 1409 800 debitam
1427 743 1626 800 executionem:
1644 742 1815 814 privilegium

171 832 310 904 ciat,ideo
324 832 449 890 Pontifex
460 831 493 888 ad
508 832 646 904 pacandas
657 833 842 889 conscientias
857 831 982 906 designat
1017 839 1108 888 autem
1124 831 1205 888 datur
1224 833 1316 904 potius
1334 836 1430 889 contra
1451 831 1493 890 rel
1512 831 1587 889 ultra
1600 831 1663 903 ius,
1680 838 1711 888 ut
1728 831 1754 887 in
1767 830 1817 887 de·

173 921 301 995 modum,
315 921 433 995 dicitque
445 922 582 992 sulficere,
593 920 666 996 quod
677 935 726 996 pcr
738 921 845 993 Bullas,
856 929 905 979 aut
917 923 982 978 lire·
1016 921 1133 979 linitione
1148 921 1277 978 diximus.

174 1015 233 1085 sia,
249 1019 298 1068 aut
311 1013 388 1068 virae
402 1012 478 1069 vocis
492 1011 607 1069 oraculo
621 1011 674 1068 sint
689 1025 823 1069 concessa
834 1053 842 1083 ,
855 1017 883 1068 et
895 1009 978 1068 addit:
1056 1011 1081 1066 7.
1098 1011 1272 1082 Rescriptum
1296 1017 1388 1069 autem
1407 1011 1511 1086 gratiae
1526 1010 1708 1085 subdistingui
1725 1016 1817 1084 potest

174 1105 271 1159 Proui
290 1104 322 1157 in
342 1099 425 1158 libris
439 1099 562 1160 Ordinis
580 1105 791 1176 reperioniur;
810 1101 901 1174 itaque
922 1099 994 1160 vult.
1015 1100 1040 1154 in
1056 1098 1134 1169 illud,
1150 1099 1223 1172 quod
1246 1107 1369 1158 versatur
1384 1103 1461 1158 circa
1474 1118 1534 1172 res,
1550 1107 1577 1158 et
1597 1101 1672 1174 quod
1689 1107 1818 1158 versatur

175 1191 322 1260 suilicere,
338 1198 371 1246 ut
385 1193 410 1246 io
432 1189 507 1246 libris
521 1191 628 1248 Ordinis
648 1193 722 1248 extet
738 1191 869 1246 memoria
885 1188 980 1247 talium
1017 1188 1090 1244 circa
1107 1189 1180 1244 lacta
1196 1189 1347 1246 bominum.
1364 1194 1488 1250 Primum
1506 1198 1550 1247 est
1564 1190 1598 1248 ad
1619 1190 1816 1248 conserendum

176 1278 390 1352 privilegiorum.
406 1280 441 1336 Ει
454 1295 488 1336 ne
502 1278 574 1336 lorte
589 1281 650 1353 quis
665 1279 822 1349 dubitaret,
838 1295 872 1336 en
887 1278 980 1352 aliqua
1017 1277 1188 1348 beneficium,
1203 1278 1243 1334 sel
1255 1279 1359 1336 donum
1369 1279 1479 1354 aliquod
1490 1283 1575 1354 gratis
1590 1279 1817 1353 collatum,quod

176 1374 283 1438 essent,
299 1375 348 1424 aut
363 1367 431 1424 male
445 1369 603 1440 intellecta,
617 1375 645 1425 et
658 1385 708 1448 per
721 1375 843 1424 errorem
857 1369 893 1424 ibi
908 1367 982 1440 posi·
1015 1367 1069 1424 dici
1088 1374 1178 1438 potest
1196 1369 1360 1441 rescriptum
1379 1370 1442 1427 lacti
1461 1371 1568 1443 potius,
1584 1386 1667 1443 quam
1686 1371 1763 1425 iuris.
1780 1371 1817 1427 El

173 1465 213 1527 ta,
227 1457 269 1512 uel
285 1457 362 1512 aliter
377 1457 509 1530 obsoleta,
523 1458 582 1514 ideo
598 1457 684 1532 addit,
697 1475 726 1515 se
741 1473 792 1531 pro
807 1457 902 1515 maiori
912 1473 979 1514 con·
1016 1457 1067 1514 boc
1080 1473 1095 1512 e
1109 1457 1249 1530 privilegio
1264 1457 1363 1528 dillert,
1376 1459 1440 1533 quia
1456 1475 1510 1516 non
1524 1466 1566 1516 est
1579 1459 1622 1515 lex
1636 1459 1751 1531 privata,
1764 1474 1816 1516 nec

173 1547 355 1602 scientiarum
374 1549 524 1604 securitate
539 1546 581 1604 illa
596 1546 630 1604 de
645 1563 716 1604 noro
729 1545 894 1618 concedere,
909 1553 938 1603 ut
953 1547 979 1602 in
1015 1546 1063 1602 dat
1077 1547 1184 1618 proprie
1203 1547 1362 1604 facultatem
1383 1548 1511 1620 operandi
1525 1546 1625 1622 aliquid
1644 1555 1758 1620 contra,
1774 1548 1818 1606 sel
1867 1573 1870 1578 ·

172 1633 243 1692 locis
259 1634 379 1708 allegatis
394 1635 522 1694 retertur.
1016 1635 1089 1694 ultra
1109 1635 1208 1709 legem,
1223 1637 1297 1693 sicut
1310 1636 1354 1694 dat
1375 1639 1555 1712 privilegium.
1572 1640 1607 1696 Et
1630 1638 1692 1696 talia
1706 1646 1770 1695 sunt
1791 1639 1819 1695 in

218 1731 247 1782 5.
261 1727 351 1798 Atque
364 1726 425 1782 binc
436 1726 513 1783 iacile
524 1725 773 1799 intelligitur,quod
785 1724 906 1783 secundo
918 1725 979 1783 loco
1016 1726 1076 1780 iure
1090 1727 1223 1780 canonico
1238 1726 1387 1798 rescripta,
1402 1743 1474 1799 quae
1492 1726 1655 1784 beneficialis
1670 1733 1817 1800 vocantur,

174 1817 204 1870 in
230 1814 314 1871 titulo
334 1815 431 1885 eapitis
452 1817 593 1886 proposui,
615 1815 752 1888 quomodo
774 1815 943 1889 privilegium
965 1831 981 1872 a
1015 1821 1043 1870 et
1058 1813 1158 1870 dantur
1169 1814 1201 1870 ad
1213 1814 1396 1886 collationem,
1410 1817 1631 1889 resignationem,
1644 1823 1670 1873 et
1685 1817 1751 1873 olias
1763 1817 1819 1874 dis-

174 1903 312 1975 rescripto
330 1901 445 1974 differat,
462 1907 553 1960 stetim
568 1905 639 1961 enim
654 1913 769 1978 apparet
783 1904 917 1979 quaedam
932 1905 981 1962 dil·
1017 1903 1164 1974 positiones
1175 1903 1209 1960 de
1223 1903 1358 1960 beneficiis
1372 1906 1566 1962 ecclesiasticis
1584 1905 1818 1973 iaciendas.Quae

174 1994 332 2050 ierentiaen
347 1992 512 2049 dictisllam
529 1993 698 2065 privilegium
711 2011 766 2050 non
780 1996 893 2068 requirit
908 1995 980 2050 scri·
1015 1975 1146 2065 rescripta
1166 1993 1193 2049 in
1214 1993 1266 2049 boc
1284 1992 1411 2050 videntur
1430 1995 1573 2050 convenire
1587 2010 1652 2051 cum
1679 1994 1818 2065 rescriptis

174 2073 298 2156 pturam,
311 2090 342 2140 ut
355 2082 460 2140 dictum
473 2090 524 2152 εει,
541 2084 707 2154 rescriptum
723 2088 815 2140 autem
831 2085 979 2140 intrinsece
1014 2081 1149 2154 iustitiae,
1164 2082 1237 2155 quod
1253 2082 1404 2140 monadum
1426 2099 1571 2141 commuue
1585 2085 1628 2140 ius
1648 2083 1762 2140 concedi
1776 2085 1817 2138 in·

176 2173 249 2230 illam
263 2173 391 2239 includit,
409 2180 440 2229 ut
454 2188 552 2230 nomen
569 2173 656 2244 ipsum
671 2173 882 2245 praeseier1,ut
896 2176 980 2230 sumi·
1015 2170 1257 2246 telliguntur,nisi
1278 2171 1352 2229 aliud
1373 2174 1543 2246 exprimant:
1576 2173 1708 2254 dicuntur
1728 2180 1819 2230 autem
1919 2250 1925 2258 ῃ

170 2271 224 2321 tur
238 2280 271 2319 es
287 2263 339 2335 leg.
354 2265 382 2335 3,
398 2262 428 2319 G.
443 2262 476 2319 de
491 2261 604 2319 diversis
619 2263 746 2334 rescript.
764 2262 808 2320 ubi
824 2279 879 2319 nou
893 2277 979 2336 quae·
1014 2263 1131 2333 gratiae,
1143 2261 1207 2334 quia
1219 2261 1408 2320 ecclesiastica
1423 2262 1554 2321 beneficia
1568 2263 1652 2337 gratis
1667 2262 1815 2320 conlerun-

176 2356 230 2424 sis,
240 2353 288 2410 sed
300 2351 458 2410 authentica
468 2352 607 2424 originalis
619 2351 801 2424 scripturaad
813 2353 979 2423 rescriptum
1015 2354 1071 2405 tur.
1087 2350 1122 2408 lit
1140 2350 1181 2406 bis
1197 2352 1339 2424 rescriptis
1359 2353 1526 2426 respondent
1539 2355 1566 2409 in
1596 2355 1656 2410 iure
1670 2353 1742 2410 cirili
1762 2352 1819 2426 illa,

176 2444 345 2517 postulatur.
361 2444 418 2498 imo
437 2442 460 2498 si
482 2442 557 2498 vocis
579 2442 663 2513 ipsius
676 2443 838 2513 compositio
858 2442 980 2511 rigorose
1014 2453 1144 2512 perquae
1156 2439 1475 2513 dicunturimperatores
1488 2443 1613 2499 conlerre
1628 2442 1767 2514 beneficia,
1778 2441 1820 2500 di·

177 2539 333 2604 spectetur,
351 2529 459 2587 videtur
477 2529 636 2603 postulare,
653 2537 684 2586 ul
699 2531 865 2602 rescriptum
879 2530 979 2584 iterum
1014 2529 1141 2600 quitates,
1156 2528 1423 2601 administrationes,
1437 2537 1492 2587 etc.
1510 2531 1552 2588 lex
1566 2538 1682 2604 quarta,
1698 2537 1727 2588 et
1739 2533 1820 2605 quin·

176 2629 258 2695 atque
274 2621 372 2677 iterum
384 2621 418 2676 sit
432 2619 665 2691 scriptum,quod
676 2619 792 2676 manime
803 2615 858 2673 dici
872 2623 980 2690 poterat
1014 2624 1061 2688 ta,
1083 2619 1113 2674 C.
1141 2618 1174 2676 de
1194 2617 1295 2675 divers.
1314 2621 1500 2691 rescriptae
1525 2619 1643 2693 denique
1668 2621 1692 2676 in
1715 2620 1755 2677 bis
1777 2635 1822 2680 re·

175 2711 210 2769 dc
224 2711 381 2783 apostolicis
399 2711 551 2782 rescriptis.
564 2711 630 2766 Nam
646 2715 677 2765 ut
691 2708 727 2766 ait
740 2706 836 2764 Glossa
851 2709 875 2762 in
890 2721 917 2762 c.
933 2705 981 2762 Ad
1015 2708 1126 2780 scriptis
1142 2708 1344 2766 beneficialibus
1358 2711 1444 2766 maior
1456 2716 1498 2766 est
1509 2711 1661 2782 scripturae
1672 2712 1822 2769 necessitas

175 2799 380 2866 audientiam,
398 2798 431 2857 de
448 2801 603 2870 rescriptis,
618 2814 673 2873 per
685 2813 796 2855 manos
810 2799 934 2862 transit,
952 2800 981 2852 et
1015 2797 1049 2854 ad
1063 2798 1290 2873 consequendum
1308 2799 1437 2857 ellectum
1451 2801 1601 2872 gratiarum
1620 2799 1819 2858 beneficialium

176 2889 276 2948 inulta
296 2892 474 2946 munrilcte
493 2887 675 2962 decoquitur.
689 2887 742 2946 Sed
755 2902 810 2944 non
829 2886 891 2944 inde
906 2901 980 2942 surn-
1015 2901 1031 2942 a
1050 2888 1179 2945 Pontifice
1200 2903 1413 2961 concessarum,
1428 2903 1512 2962 quam
1533 2889 1559 2946 in
1581 2889 1823 2964 privilegiisque

176 2988 255 3054 ptum
273 2985 316 3036 est
329 2995 427 3036 nomen
442 2978 519 3052 illud,
532 2985 574 3036 est
586 2975 658 3035 edim
673 2979 824 3051 antiquius,
837 2984 865 3034 et
879 2977 904 3031 in
919 2977 979 3033 iuro
1015 2977 1157 3033 Pontifices
1179 2977 1230 3049 ipsi
1250 2978 1287 3034 ita
1307 2978 1519 3050 disposuerunt,
1542 2985 1574 3036 ut
1593 2979 1657 3036 alibi
1678 2979 1817 3053 dicemus,

175 3059 248 3128 cirili
264 3069 414 3140 usitatum,
432 3068 591 3141 dictumque
601 3074 642 3125 est
653 3069 833 3140 rescriptum,
847 3065 926 3138 quasi
938 3080 980 3121 re·
1016 3064 1161 3122 tractando
1181 3066 1215 3123 dc
1236 3066 1390 3138 beneficiis,
1411 3071 1440 3124 et
1459 3067 1624 3125 sufficienter
1644 3067 1734 3142 tetigit
1748 3072 1819 3127 Azor

175 3175 310 3234 sponsum
329 3161 477 3230 scripturn,
491 3164 519 3214 et
532 3158 610 3231 quasi
623 3173 671 3230 per
686 3158 903 3214 antonomasiam
916 3159 981 3212 sunt
1014 3161 1117 3213 tomi.
1135 3153 1249 3212 suarum
1263 3155 1432 3212 institutlib.
1446 3161 1516 3236 5,·c.
1527 3161 1555 3231 2,
1571 3173 1601 3230 q.
1611 3162 1637 3214 5.
1659 3155 1739 3214 aliud
1753 3173 1820 3231 ergo

175 3251 212 3308 ita
228 3249 362 3322 appellata
385 3249 580 3318 imperatorum
601 3262 734 3318 respousa
748 3246 782 3302 ad
801 3245 884 3302 dubia
898 3245 977 3317 iuris,
1013 3249 1056 3301 est
1069 3246 1234 3316 rescriptum
1248 3247 1351 3317 gratiae
1370 3245 1507 3316 pertinens
1522 3245 1555 3302 ad
1570 3247 1612 3301 ius
1632 3246 1775 3321 operandi,
1790 3253 1821 3304 et

174 3355 246 3414 quae
262 3340 296 3396 ab
311 3322 363 3394 illis
377 3337 628 3408 interrogabantur,
644 3343 676 3392 ut
690 3337 809 3392 sumitur
823 3349 855 3390 ea
870 3334 890 3390 l.
906 3337 930 3404 i,
947 3331 975 3388 li.
1014 3333 1066 3390 sub
1078 3333 1131 3390 boc
1144 3335 1302 3390 continetur
1315 3333 1487 3406 privilegium
1501 3335 1649 3407 scripturn,
1666 3335 1744 3392 iusta
1757 3350 1818 3391 sen·

175 3431 209 3486 de
223 3427 395 3501 appellation.
409 3433 437 3482 et
448 3425 568 3482 relation
589 3431 618 3483 ei
636 3441 670 3482 ex
685 3426 704 3481 i.
720 3427 745 3497 l,
761 3423 788 3480 il.
805 3423 916 3497 quando
930 3438 977 3494 ap·
1013 3423 1123 3479 tentiam
1138 3423 1222 3480 Felin.
1238 3423 1264 3478 in
1278 3422 1381 3478 rubrio.
1398 3420 1432 3478 de
1446 3425 1573 3495 rescript.
1587 3438 1665 3479 num.
1678 3427 1708 3494 l,
1724 3429 1751 3480 et
1766 3426 1817 3482 Pa·

177 3508 335 3590 pellandum
359 3515 404 3571 sit.
423 3516 457 3572 Et
480 3516 545 3589 quia
560 3515 690 3587 principis
710 3529 873 3586 responsum
888 3512 978 3584 legem
1013 3511 1156 3568 normitan.
1174 3514 1201 3568 in
1221 3508 1480 3584 cupidorumque,
1498 3511 1531 3568 de
1544 3511 1698 3582 rescriptis.
1719 3510 1819 3570 Adbuc

180 3605 385 3674 constituit,ut
399 3619 483 3675 supra
496 3603 542 3660 lib.
556 3604 649 3676 lll,et
663 3604 708 3660 lv.
724 3602 830 3660 dictum
844 3610 901 3674 est,
919 3599 978 3657 ideo
1013 3605 1105 3658 autem
1121 3601 1286 3670 rescriptum
1304 3599 1345 3654 sic
1365 3600 1518 3672 gratiosum
1534 3600 1615 3657 latius
1629 3606 1714 3672 patet,
1735 3617 1819 3674 quam
1908 3668 1912 3674 ¹
2000 3583 2004 3592 ’

180 3697 344 3767 rescriptum
360 3694 402 3750 ius
414 3695 549 3764 scriptum
560 3691 854 3765 aliquandocontinere
865 3691 976 3764 dicitur,
1014 3690 1203 3764 privilegium,
1226 3689 1350 3746 continet
1363 3689 1433 3745 enim
1449 3690 1500 3746 sub
1515 3705 1544 3746 se
1557 3691 1624 3748 alios
1643 3692 1759 3764 gratias,
1774 3691 1818 3749 sel

178 3785 290 3858 utique,
305 3782 349 3838 sel
365 3797 523 3852 commune,
539 3782 580 3839 rei
593 3781 661 3840 inter
673 3787 776 3854 partes,
789 3780 829 3836 vel
845 3775 972 3854 respectu
1013 3778 1246 3851 dispensationes,
1262 3793 1333 3850 quae
1348 3778 1488 3852 privilegia
1503 3795 1556 3837 non
1571 3788 1647 3837 sunt.

175 3875 251 3942 dus,
272 3875 319 3928 cui
339 3869 523 3942 conceditur,
550 3865 582 3927 itt
599 3869 741 3928 relerendo
755 3868 848 3942 plures
862 3871 979 3942 explicat
1054 3875 1080 3928 8.
1097 3865 1136 3924 ad
1150 3867 1230 3924 ouius
1244 3866 1456 3926 declarationem
1471 3869 1587 3927 ulterius
1599 3870 1698 3944 inquiri
1714 3877 1816 3944 potest,

175 3960 291 4020 Rocbus
306 3959 416 4017 Curtius
436 3959 461 4015 ia
477 3965 598 4016 tractatu
614 3975 697 4031 super
713 3974 774 4032 cap.
790 3963 868 4018 Cum
882 3963 975 4021 tanto,
1014 3974 1048 4015 an
1064 3956 1248 4030 dispensantis
1263 3957 1298 4014 sit
1315 3957 1505 4038 privilegium,
1521 3957 1562 4014 vel
1582 3957 1677 4016 abillo
1699 3958 1815 4032 differat,

175 4051 212 4108 de
226 4048 437 4119 consuetudine,
453 4049 478 4104 in
494 4047 654 4121 praefation.
671 4063 698 4105 n.
716 4055 742 4107 8.
1013 4046 1140 4102 convenit
1154 4045 1225 4102 euim
1240 4061 1305 4103 cum
1320 4045 1382 4119 illo,
1397 4048 1460 4120 quia
1475 4049 1555 4104 etiam
1569 4054 1611 4104 est
1632 4049 1720 4122 gratia
1734 4057 1762 4107 et
1778 4048 1819 4106 la·

217 4146 245 4200 6.
262 4141 334 4197 llaec
350 4153 415 4195 sero
427 4137 577 4194 differentia
587 4144 616 4195 et
629 4137 707 4194 valdo
722 4137 868 4194 materialis
879 4141 922 4192 est
932 4176 939 4204 ,
950 4139 978 4192 et
1013 4153 1079 4209 ror,
1095 4143 1123 4194 et
1136 4151 1189 4192 non
1206 4136 1296 4193 solum
1310 4142 1353 4193 est
1366 4143 1491 4209 praeter,
1507 4136 1649 4194 sedetiam
1668 4145 1765 4196 contra
1779 4138 1818 4195 le·

175 4247 232 4287 non
248 4236 291 4286 est
304 4227 475 4297 universalior
488 4242 551 4283 nam
567 4242 729 4298 responsum
741 4227 870 4298 principis
886 4229 977 4296 posset
1012 4242 1085 4299 gem.
1104 4225 1284 4283 Nihilominus
1299 4229 1481 4284 communitor
1496 4226 1608 4285 dillerro
1622 4235 1768 4300 censetur,
1784 4236 1818 4286 ut

175 4320 235 4376 sine
249 4319 352 4388 scripto
366 4315 435 4383 dari,
445 4322 474 4371 et
487 4315 611 4372 eamdem
621 4317 674 4371 vim
690 4313 799 4386 babere,
813 4317 835 4370 si
848 4316 907 4385 ipse
922 4313 978 4370 rel·
1012 4317 1124 4374 tradunt
1134 4317 1290 4373 blandosius
1302 4317 1329 4372 in
1340 4318 1419 4374 Praxi
1430 4317 1687 4391 signaturae,rerbo
1703 4316 1819 4392 dispen-

175 4409 262 4466 lecet
277 4405 417 4478 privilegis
431 4403 602 4478 irequentius
616 4405 719 4476 scripta
733 4402 938 4471 conceduntur,
950 4409 979 4459 et
1013 4409 1156 4473 sationes,
1184 4412 1211 4461 et
1230 4405 1361 4463 Rebullus
1382 4406 1408 4461 in
1429 4407 1594 4464 concordat.
1617 4406 1696 4463 titulo
1715 4410 1818 4465 Forma

174 4503 290 4571 possent
314 4497 352 4553 ita
372 4493 497 4567 concedi,
514 4500 546 4550 ut
560 4494 637 4551 aliter
650 4510 704 4550 non
723 4494 846 4564 valeant,
861 4494 883 4550 si
897 4507 978 4564 supe-
1012 4495 1130 4553 mandati
1140 4494 1386 4566 apostolici,verbo
1397 4494 1659 4570 dispensationem,
1676 4496 1818 4570 quisalius

174 4589 235 4644 rior
249 4584 345 4656 vellet,
366 4589 397 4640 ut
410 4598 458 4655 per
471 4598 500 4639 se
519 4591 614 4639 notum
628 4591 684 4640 ests
699 4589 728 4640 et
740 4590 881 4656 praeterea
894 4582 975 4638 etiam
1011 4586 1137 4658 allegant.
1153 4585 1389 4660 Constituuntque
1403 4586 1598 4656 differentiam,
1614 4587 1688 4664 quod
1708 4586 1744 4644 ad
1762 4585 1818 4644 dis·

175 4675 346 4750 privilegium
361 4673 497 4744 scriptum
512 4689 527 4729 a
540 4674 672 4744 rescripto
686 4671 906 4746 distinguendum
921 4678 973 4729 est.
1011 4678 1198 4750 pausationem
1209 4677 1361 4750 requiritur
1375 4691 1470 4742 causa,
1484 4691 1538 4733 non
1554 4683 1644 4733 autem
1657 4676 1690 4732 nd
1708 4675 1815 4748 privile·

174 4769 212 4824 Et
231 4765 344 4838 quidem
364 4762 518 4820 secundum
542 4777 624 4819 rasum
641 4763 707 4820 iuris
726 4763 849 4819 canonici
864 4769 892 4818 et
911 4762 976 4819 civi·
1010 4769 1096 4841 glum
1113 4765 1166 4823 Sed
1185 4767 1239 4823 boc
1254 4765 1409 4822 secundum
1423 4782 1478 4822 non
1493 4771 1537 4822 est
1550 4767 1576 4821 in
1599 4766 1756 4822 universum
1771 4781 1819 4823 re·

175 4854 221 4926 lis,
236 4855 405 4927 rescriptum
419 4859 461 4910 est
474 4867 572 4909 nomeu
587 4853 712 4925 generale
727 4851 778 4910 sub
792 4867 821 4908 se
834 4853 975 4910 continens
1011 4873 1087 4927 rum,
1105 4865 1178 4912 nam·
1188 4855 1325 4928 privilegia
1344 4857 1427 4912 etiam
1448 4861 1547 4912 contra
1561 4856 1605 4911 ius
1630 4870 1685 4912 non
1700 4860 1817 4926 possunt

176 4944 351 5018 privilegium
362 4945 509 5014 scriptum,
524 4949 552 4999 et
566 4941 652 4999 multa
667 4941 738 5013 alia,
755 4956 825 5014 quae
839 4940 975 5014 privilegia
1010 4946 1068 5003 dari
1083 4945 1139 5000 sine
1153 4959 1248 5015 causa,
1264 4951 1297 5000 ut
1309 4943 1379 5000 inira
1393 4942 1563 5016 ridebimus,
1579 4944 1643 5015 quia
1663 4941 1756 4998 eadem
1770 4957 1817 4998 ra·

175 5049 231 5090 uon
255 5040 330 5091 sunt.
351 5032 427 5090 Unde
450 5032 550 5103 duplex
564 5031 634 5090 solet
647 5032 778 5107 distingui
793 5035 972 5105 rescriptum,
1010 5036 1046 5093 tio
1067 5036 1094 5091 in
1114 5033 1152 5091 eis
1173 5033 1279 5099 militat,
1301 5048 1371 5105 quae
1392 5032 1417 5088 in
1438 5031 1655 5102 dispensatione,
1679 5029 1722 5086 rel
1742 5035 1817 5087 certe

177 5122 283 5180 scilicet
306 5121 422 5179 iustitiae
443 5127 471 5179 et
489 5121 601 5194 gratiae.
617 5121 738 5180 iustitiae
751 5127 810 5190 est,
833 5121 907 5195 quod
927 5121 975 5179 da·
1010 5125 1113 5198 maior,
1129 5123 1193 5196 quia
1211 5124 1297 5196 magis
1311 5120 1422 5178 laedunt
1434 5137 1582 5179 commune
1601 5123 1655 5178 ius.
1677 5119 1753 5177 Unde
1772 5120 1818 5179 illa

177 5221 238 5286 tur,
265 5211 308 5270 rel
331 5211 367 5270 ad
386 5210 578 5286 explicandum
601 5213 663 5284 ius,
682 5211 724 5270 rol
738 5210 773 5272 ad
786 5210 860 5286 lites,
876 5226 926 5270 seu
939 5211 974 5269 ad
1010 5211 1253 5271 differentiaetiam
1264 5211 1393 5269 constitui
1404 5216 1495 5284 posset
1506 5209 1576 5268 inter
1589 5208 1816 5284 privilegia3nans
