4290 6222
787 325 791 332 ⁴
887 382 993 438 monn
1006 384 1055 436 ar.
1674 364 1740 432 363

144 516 195 570 tur
216 509 305 570 altera
328 509 498 583 differentia,
522 512 587 588 quia
604 510 772 588 privilegium
786 513 946 587 negativum
984 510 1090 584 valido,
1111 524 1144 571 ao
1158 526 1240 584 aero,
1257 519 1284 572 et
1299 513 1340 572 sio
1354 511 1488 586 dicimus,
1503 507 1589 584 lllod,
1604 509 1679 586 quod
1692 511 1718 567 in
1733 525 1781 569 ex·

143 599 223 672 perdi
238 616 292 658 non
306 607 395 672 potest
406 616 454 674 per
465 603 649 675 omissionem,
660 619 709 660 seu
723 617 770 673 per
782 618 836 658 non
850 617 943 674 usum,
984 610 1063 660 terno
1084 603 1147 662 [οπο
1169 604 1339 679 admittitur,
1365 610 1393 662 et
1412 610 1559 678 operatur,
1574 603 1656 662 etiem
1670 605 1696 659 in
1712 619 1779 660 con-

143 692 211 764 quia
230 692 289 747 eiua
313 707 381 748 usus
402 692 427 746 in
448 691 593 749 omissione
614 692 753 764 consistit3
770 699 799 748 et
812 690 885 762 iden,
901 689 948 762 qui
984 693 1099 750 scientia
1112 695 1237 752 conterre
1253 695 1445 766 securitatem,
1461 695 1526 767 quia
1538 691 1672 766 quidquid
1682 694 1709 748 in
1724 695 1780 749 eir-

144 781 258 849 nmittit,
274 781 327 836 iam
343 781 429 837 utitur
444 781 600 854 privilegio,
615 788 644 839 et
656 783 695 838 ite
707 796 741 837 ex
755 781 782 836 vi
797 780 948 837 omissionis
984 788 1043 840 tute
1064 781 1137 839 illius
1158 783 1204 856 lit,
1227 799 1290 841 aere
1308 799 1341 841 ac
1360 783 1447 842 solide
1461 783 1565 840 lectum
1579 787 1631 838 est.
1648 784 1741 855 Neque
1754 782 1782 838 in

144 883 202 924 nnn
220 868 320 925 emittit
334 869 408 926 illud.
421 871 460 926 bo
474 870 638 928 affirmativo
650 885 716 928 vero
731 870 812 927 multi
828 870 951 927 sentiunt
984 870 1037 929 boc
1058 872 1165 928 invenio
1185 874 1393 945 exceptionem,
1414 879 1463 930 aut
1475 869 1617 928 diabitendi
1636 871 1781 939 rationem,

145 973 229 1029 posse
248 959 333 1015 emitti
348 975 395 1032 per
410 976 464 1016 noo
481 975 572 1018 nerim.
588 959 639 1016 Sed
654 959 719 1034 quid
734 958 768 1017 de
783 957 825 1015 bis
839 965 950 1016 contro·
984 961 1142 1030 praesertim
1155 962 1183 1016 in
1193 961 1340 1035 privilegiis
1348 961 1485 1018 canonicis
1498 976 1547 1018 seu
1557 959 1785 1033 pontificiis,quaa

148 1061 262 1104 versum
276 1055 328 1118 est,
344 1049 368 1104 in
384 1049 492 1120 proprio
508 1049 568 1107 loco
584 1048 652 1105 inira
666 1048 841 1105 tractabitur.
984 1049 1069 1120 magis
1088 1048 1237 1106 consulunt
1257 1050 1444 1120 conscientiis,
1463 1064 1547 1124 qoam
1566 1049 1592 1104 in
1606 1047 1726 1106 externis
1740 1049 1783 1104 iu·

190 1141 216 1194 8.
232 1138 337 1196 Octavo
358 1140 447 1194 notari
468 1146 560 1211 potest
580 1139 631 1196 alia
650 1137 745 1196 divisio
767 1135 900 1210 privilegii
916 1135 950 1194 ad
984 1137 1083 1208 dictis,
1103 1145 1131 1195 et
1146 1138 1256 1212 quando
1270 1138 1373 1196 dentur
1388 1139 1420 1196 de
1434 1138 1519 1196 rebus
1537 1137 1734 1210 pertinentibus
1747 1135 1783 1192 ad

77 1268 87 1277 .
146 1228 253 1299 proxim
276 1228 360 1286 utilis.
377 1229 444 1285 Nam
467 1229 607 1302 quoddam
627 1228 729 1287 dicitur
747 1227 807 1285 dari
822 1242 871 1299 pro
891 1225 949 1283 loro
985 1226 1052 1284 baec
1064 1226 1781 1298 iudicia,itndantur,utsecurasreddanteonscien-

146 1323 279 1387 axterno,
301 1315 375 1375 aliud
395 1333 445 1388 pro
465 1318 586 1390 interno,
607 1323 639 1374 ut
655 1322 765 1374 constat
779 1331 812 1372 es
826 1313 907 1371 dictis
922 1314 949 1369 in
985 1319 1036 1372 tias
1051 1320 1077 1373 in
1092 1333 1144 1374 usu
1160 1333 1276 1388 eorum,
1296 1325 1325 1375 et
1339 1319 1366 1374 in
1379 1318 1504 1388 actibus,
1521 1332 1570 1389 per
1584 1332 1655 1388 quos
1669 1315 1780 1373 dantur.

149 1421 213 1478 cap.
230 1408 262 1477 ll,
277 1413 306 1463 et
320 1422 352 1464 er
365 1410 507 1464 communi
522 1423 586 1464 usu.
604 1409 677 1465 llaec
691 1412 781 1464 autem
798 1403 853 1460 duo
865 1418 950 1460 mem·
985 1409 1022 1463 be
1041 1408 1167 1464 civilibus
1186 1413 1294 1475 autem,
1309 1421 1360 1464 seu
1374 1406 1569 1478 temporalibus
1585 1405 1730 1477 privilegiis
1744 1405 1782 1461 vi·

148 1495 199 1550 bra
213 1497 250 1552 ita
267 1503 333 1554 sunt
347 1495 578 1568 intelligenda-ut
591 1513 621 1552 se
636 1496 754 1554 babeant
770 1499 898 1567 tanquam
912 1492 951 1548 in·
984 1495 1042 1553 deri
1063 1504 1169 1568 potest,
1190 1496 1328 1554 interdum
1349 1495 1464 1553 concedi
1479 1494 1568 1552 solum
1583 1494 1675 1568 quoad
1689 1494 1782 1552 lorum

148 1583 283 1656 cludens,
304 1593 332 1644 et
345 1585 501 1657 inclusum,
523 1600 577 1643 non
593 1593 732 1660 tamquam
747 1591 844 1640 mutuo
861 1598 890 1638 se
903 1597 950 1639 es·
985 1591 1142 1658 externum,
1160 1593 1191 1642 ut
1204 1587 1226 1643 si
1242 1601 1290 1643 rex
1304 1585 1351 1642 det
1362 1585 1483 1642 ministro
1496 1600 1548 1640 suo
1562 1583 1698 1640 licentiam
1712 1584 1784 1640 reci·

148 1672 301 1730 eludentis.
317 1675 386 1732 Nam
406 1675 577 1748 privilegium
598 1691 646 1748 pro
661 1675 767 1732 interno
781 1672 841 1729 iuro
856 1670 950 1728 exulu·
985 1675 1073 1749 piendi
1088 1675 1198 1748 impune
1212 1680 1308 1732 contra
1325 1673 1430 1746 legero,
1450 1672 1492 1730 uel
1505 1678 1610 1731 statuta
1629 1672 1672 1730 sui
1686 1671 1783 1745 cilicii,

148 1763 208 1820 sire
228 1764 368 1836 sumitur,
388 1762 416 1820 id
436 1772 497 1836 est,
513 1779 562 1837 pro
576 1762 640 1836 iilo,
655 1762 729 1836 quod
745 1763 771 1818 in
783 1758 951 1818 conscientia
984 1766 1027 1822 vel
1041 1765 1180 1839 quidpiam
1196 1763 1292 1821 simile.
1309 1764 1374 1821 Dico
1388 1769 1488 1833 temen,
1506 1761 1661 1821 huiusmodi
1677 1762 1784 1834 privile.

147 1851 232 1910 babet
251 1853 397 1924 effectum,
419 1854 444 1910 in
465 1854 525 1910 loro
546 1861 641 1911 autern
661 1853 788 1910 exteriori
806 1849 869 1907 nibil
884 1863 949 1922 ope·
985 1855 1042 1928 gie,
1066 1855 1115 1910 nisi
1136 1853 1197 1912 talia
1212 1855 1281 1922 sint,
1296 1859 1325 1910 ct
1338 1859 1392 1910 tam
1408 1857 1497 1924 iusta,
1512 1859 1544 1910 ut
1557 1853 1662 1925 possint
1675 1853 1702 1908 in
1716 1867 1784 1908 con·

146 1950 244 2014 retur3
267 1943 339 2002 eliud
359 1958 436 2015 vero,
452 1944 529 2018 quod
543 1945 570 2000 in
584 1944 644 2001 [οπο
658 1941 787 2000 exteriori
803 1938 894 1996 valere
908 1937 949 1994 di·
986 1944 1101 2001 scientie
1122 1942 1221 2000 babere
1242 1943 1371 2002 effectum
1391 1942 1551 2000 boneetendi
1573 1941 1654 2000 telem
1677 1947 1782 2010 ectum,

147 2033 234 2104 citur,
252 2033 463 2102 accumulative,
481 2039 513 2090 ut
526 2034 566 2089 sic
580 2031 680 2103 dicam,
693 2028 881 2102 accipiendum
896 2032 949 2099 est,
986 2032 1105 2090 tollendo
1123 2049 1154 2091 re
1167 2048 1232 2091 aera
1247 2033 1454 2108 prohibitionem
1464 2025 1543 2106 'elusi
1558 2033 1652 2106 iniqua
1665 2046 1742 2101 esse,
1756 2037 1786 2089 et

146 2137 198 2178 seu
210 2136 275 2179 non
297 2123 330 2180 ad
351 2121 554 2180 excludendum
569 2122 660 2179 lorrrm
673 2123 829 2190 internum,
852 2116 900 2174 sed
914 2117 951 2173 iit
985 2124 1102 2180 tortasse
1116 2124 1202 2194 nulla,
1218 2129 1315 2197 utpote
1329 2123 1468 2180 contrarie
1481 2123 1622 2180 communi
1637 2122 1724 2178 bono:
1742 2121 1785 2177 sel

148 2218 180 2269 ut
200 2226 298 2268 sensam
319 2214 375 2284 sit,
394 2229 447 2268 noo
464 2219 569 2270 tentum
584 2213 609 2268 in
624 2212 746 2280 interno,
766 2209 813 2266 aad
828 2209 908 2274 etiam
924 2207 949 2264 in
985 2220 1061 2270 certe
1082 2212 1147 2270 licet
1169 2212 1259 2286 aliqua
1278 2213 1343 2270 talia
1357 2215 1464 2285 possint
1477 2213 1590 2285 cogitari
1604 2210 1703 2283 valida,
1718 2217 1785 2269 sunt

147 2308 263 2358 externo
288 2303 407 2373 operari.
422 2303 490 2358 llam
515 2303 542 2358 in
562 2300 615 2358 bac
636 2301 749 2358 materie
768 2297 949 2372 privilegium,
987 2307 1095 2359 tentum
1117 2303 1308 2374 permissiones
1328 2301 1462 2376 quaedam
1483 2302 1509 2359 in
1530 2301 1658 2358 exteriori
1679 2298 1784 2357 lorcin

146 2388 223 2463 quod
243 2390 269 2446 in
287 2390 347 2448 loro
366 2391 492 2448 exteriori
507 2390 592 2460 ualet,
611 2390 692 2447 etiem
706 2390 735 2444 in
750 2387 869 2445 interiori
885 2401 949 2456 cpe·
985 2389 1078 2448 ordine
1099 2391 1133 2448 ad
1154 2405 1257 2464 poenae
1273 2392 1475 2464 remissionem,
1490 2395 1519 2447 et
1532 2389 1592 2447 ideo
1608 2405 1663 2446 non
1677 2402 1783 2446 meren·

147 2478 307 2552 ratarr,quia
322 2494 377 2536 non
389 2481 415 2536 in
428 2481 649 2552 praesumptione
659 2477 791 2536 tundatur
802 2477 846 2534 bic
862 2474 962 2547 valor,
985 2486 1033 2538 tarr
1046 2495 1145 2537 nomen
1161 2479 1305 2554 privilegii.

147 2566 197 2623 sed
216 2568 242 2623 in
261 2567 387 2625 veritate.
403 2569 544 2626 litantem
560 2574 710 2642 utrumque
729 2567 882 2625 membrum
896 2579 951 2621 me·
989 2573 992 2586 '
1024 2568 1157 2628 utillime
1172 2569 1248 2625 circe
1263 2566 1604 2642 privilegiumlnriinterni
1624 2562 1787 2639 oportetad·

147 2655 201 2712 lios
222 2655 405 2728 intelligetur,
429 2663 540 2728 oportet
560 2656 724 2725 advertere,
742 2654 851 2712 duobus
865 2651 952 2710 modia
985 2655 1629 2728 reroere,interdurnlorumilludrocariiorum
1641 2655 1785 2710 conscien-

147 2759 228 2816 posse
241 2747 411 2818 contingere,
427 2753 459 2802 ut
471 2745 641 2820 privilegium
656 2743 745 2802 valeat
771 2747 797 2800 in
812 2743 871 2800 [οπο
884 2744 951 2798 inte·
985 2751 1058 2818 aas,
1079 2747 1218 2806 interdum
1231 2761 1296 2805 vero
1313 2745 1404 2803 lorum
1418 2747 1610 2818 poenitentiam
1630 2759 1701 2819 quae
1715 2744 1782 2816 duo,

147 2835 232 2902 ῐῑῠῐῑ,
248 2841 277 2892 et
289 2850 344 2891 που
358 2837 384 2891 in
399 2837 542 2906 exteriori,
560 2834 666 2893 scilicet
679 2849 728 2908 per
742 2849 782 2904 se,
797 2840 825 2890 et
842 2847 891 2905 per
905 2846 951 2888 ae·
986 2838 1062 2896 iuxta
1082 2837 1238 2912 aliquorum
1252 2837 1424 2909 opinionem,
1445 2835 1554 2892 minime
1568 2839 1782 2892 convertuntur.

148 2922 254 2980 cidens.
270 2925 320 2980 Per
335 2939 364 2980 se
385 2924 508 2998 appello,
523 2923 634 2999 quando
648 2939 682 2980 ea
696 2923 843 2981 intentione
857 2920 950 2979 dantia
984 2928 1052 2985 Nam
1066 2928 1156 2984 iorum
1177 2927 1361 2983 conscientiae
1376 2917 1598 2998 generatimst,
1614 2928 1641 2980 et
1660 2939 1786 2996 compre·

146 3027 213 3068 cum
229 3013 274 3068 illa
289 3012 450 3070 limitatione
463 3013 557 3086 detur,
570 3029 641 3087 quae
652 3011 733 3070 debet
744 3028 778 3069 ea
788 3012 885 3069 ¹uerbis
897 3012 952 3084 pri·
985 3016 1080 3076 bendit
1096 3017 1186 3075 lorum
1198 3017 1386 3088 poenitentiam
1400 3031 1460 3072 nam
1474 3012 1541 3072 illud
1551 3014 1631 3072 etiem
1641 3018 1684 3070 eat
1695 3013 1785 3086 quod·

146 3100 236 3175 vilegii
250 3107 390 3175 constare;
406 3102 506 3176 alioqui
521 3103 692 3178 privilegium
711 3101 871 3174 simpliciter
885 3117 950 3158 0011·
984 3107 1048 3165 dam
1062 3107 1153 3166 iorum
1168 3107 1360 3173 conscientiae,
1370 3105 1452 3162 letius
1463 3120 1528 3162 vero
1542 3101 1784 3175 extenditur,qoia

145 3205 276 3260 cessum,
291 3193 319 3247 io
334 3199 452 3264 utroque
467 3191 525 3248 loro
539 3193 629 3250 velere
643 3191 811 3250 censendum
831 3196 884 3261 est,
900 3189 950 3246 nisi
985 3197 1068 3254 multi
1083 3203 1148 3254 sunt
1161 3195 1276 3254 allectus
1291 3195 1458 3269 pertinentes
1469 3193 1502 3251 ad
1513 3194 1721 3264 conscientiam,
1733 3193 1783 3265 qul

145 3295 180 3334 ex
201 3278 324 3336 subiecta
348 3281 477 3352 materia,
501 3281 542 3338 rel
561 3280 796 3351 circumstantiis,
817 3277 947 3336 adiuncto
983 3294 1061 3344 extra
1079 3291 1284 3344 sacramentum
1299 3285 1477 3356 poenitentiae
1494 3282 1550 3339 fieri
1564 3288 1693 3355 possunt,
1710 3281 1784 3338 sicut

146 3385 218 3440 usu,
234 3368 308 3425 aliud
323 3369 493 3427 sufficienter
508 3378 629 3427 constet.
644 3372 696 3427 Per
707 3367 836 3427 accidens
857 3375 948 3426 autern
983 3384 1026 3434 esa
1039 3374 1174 3433 absolutio
1189 3391 1205 3431 a
1219 3389 1348 3441 censura,
1363 3371 1406 3430 vel
1419 3371 1585 3446 dispensacio
1600 3372 1634 3428 ap
1650 3367 1784 3444 megum.

145 3457 306 3530 contingere
319 3457 571 3531 dico,privilegiunr
586 3475 640 3515 non
655 3458 745 3516 valere
759 3458 785 3513 in
801 3456 859 3514 foro
875 3466 947 3514 exte·
983 3468 1074 3537 ritate,
1089 3465 1130 3522 rel
1145 3465 1299 3534 concessio,
1315 3467 1363 3520 aut
1376 3462 1496 3519 lucratio
1511 3459 1707 3534 indulgentiae,
1724 3465 1781 3516 eto.

146 3546 229 3616 [ῗθῐῑι
252 3549 317 3619 (luia
335 3561 367 3603 θ’
382 3547 442 3603 ⁸⁰¹⁰
456 3547 566 3606 difessffl
582 3549 762 3621 bi⁰b⁸fi⁰⁰i⁸s
778 3547 820 3602 rel
845 3547 949 3603 instru·
983 3559 1086 3613 Forum
1107 3559 1198 3611 antem
1217 3553 1398 3625 poenitentiae
1412 3557 1456 3609 est
1470 3550 1561 3609 lorum
1576 3545 1783 3606 sacramentalis

148 3636 234 3690 menti
254 3650 307 3691 non
331 3633 499 3706 admittitur,
522 3637 574 3694 boc
589 3639 662 3694 enim
677 3636 893 3695 accidentarium
908 3641 950 3694 cst
982 3642 1076 3701 iudicii
1090 3644 1280 3715 poenitentioe,
1292 3640 1365 3714 quod
1381 3642 1465 3713 magis
1480 3639 1626 3698 limitatum
1639 3644 1693 3697 eet.
1705 3639 1782 3698 Unde

147 3731 177 3780 et
191 3727 394 3798 extrinsecum,
416 3733 447 3781 ut
460 3732 569 3784 constat
583 3742 617 3785 ex
629 3727 708 3784 dictis
722 3729 750 3782 in
765 3728 855 3799 capite
870 3727 903 3798 ll,
920 3733 948 3782 et
982 3734 1025 3810 ijt,
1046 3736 1077 3788 ut
1096 3730 1252 3804 privilegia,
1268 3745 1389 3804 quorum
1410 3745 1477 3787 usus
1494 3726 1657 3786 conceditur
1670 3729 1697 3785 in
1720 3728 1782 3786 [οπο

146 3815 206 3872 ideo
225 3831 278 3871 non
298 3818 385 3873 veriat
404 3815 561 3890 qualitatem
581 3817 715 3890 privilegii
737 3815 889 3873 secundum
904 3831 945 3888 ee,
982 3821 1179 3895 poenitentiae,
1199 3835 1254 3876 non
1282 3820 1372 3876 solum
1392 3823 1499 3876 tantum
1518 3819 1626 3876 valeant
1646 3833 1696 3890 pro
1722 3819 1783 3876 [οπο

146 3903 261 3979 ideoque
280 3904 379 3962 divisio
393 3909 502 3978 proprie
520 3906 680 3980 intelligitur
693 3905 726 3964 de
741 3906 884 3981 privilegio
899 3920 947 3980 per
981 3911 1172 3982 conscientiae,
1186 3909 1232 3966 sed
1248 3911 1329 3966 etiarn
1343 3911 1466 3966 exerceri
1477 3924 1530 3965 oon
1541 3907 1657 3981 possint,
1670 3909 1722 3965 nisi
1734 3923 1784 3980 per

146 4011 178 4051 se
194 3993 307 4052 limitato
321 3997 356 4052 ed
369 3995 461 4052 lorum
477 3997 624 4054 internum.
982 4000 1154 4058 sacerdotem
1171 3999 1326 4056 audientem
1341 3998 1555 4071 contessionem,
1574 4007 1603 4056 et
1615 3997 1782 4056 iudicantem

186 4085 221 4141 Et
235 4083 287 4140 boc
301 4085 383 4142 nando
397 4084 478 4142 etiam
493 4085 622 4158 dicimus,
634 4102 688 4143 non
702 4086 761 4143 dari
774 4085 945 4159 privilegium
982 4091 1007 4146 in
1023 4090 1083 4147 toro
1105 4089 1295 4160 poenitentiae.
1312 4089 1455 4162 Privilegia
1468 4104 1550 4158 vero,
1565 4103 1636 4163 quae
1654 4089 1783 4161 simplici·

145 4175 293 4231 limitatum
311 4173 343 4230 ad
357 4175 447 4232 solum
462 4176 554 4232 lorum
567 4185 728 4250 externum,
744 4179 841 4250 utiquc
854 4191 903 4250 per
917 4190 946 4232 se
982 4187 1024 4237 ter
1035 4178 1227 4238 conceduntur
1241 4179 1268 4236 in
1281 4178 1341 4236 loro
1354 4178 1639 4251 conscientiae,etiam
1649 4185 1726 4236 extra
1736 4195 1782 4236 sa·

145 4264 295 4338 loquendo.
314 4265 381 4322 Nam
397 4279 446 4336 per
459 4265 588 4322 accidens
601 4267 762 4338 contingere
776 4267 855 4322 etiam
869 4273 946 4338 pote·
980 4275 1155 4327 crementum
1168 4269 1356 4340 poenitentiae,
1372 4269 1407 4326 ad
1421 4269 1597 4325 securitatem
1613 4275 1641 4324 et
1656 4267 1782 4326 fructum

144 4355 192 4424 rit,
210 4363 240 4411 ut
253 4354 362 4427 aliquod
377 4353 560 4428 privilegium,
576 4355 651 4430 quod
666 4356 692 4410 in
706 4356 875 4414 conscientie
892 4371 945 4412 non
981 4360 1065 4416 solius
1077 4359 1259 4416 conscientiae
1271 4358 1383 4415 obtineri
1398 4357 1505 4431 possint
1517 4357 1598 4414 etiam
1611 4372 1659 4429 per
1671 4373 1725 4415 non
1736 4373 1781 4414 sa·

144 4443 235 4515 velet,
255 4445 319 4517 quia
337 4459 366 4500 re
384 4459 448 4501 uera
473 4444 568 4502 babuit
588 4445 791 4504 substantialem
806 4445 944 4503 deiectum
981 4449 1132 4519 cerdotem,
1148 4447 1279 4522 quamdiu
1298 4463 1346 4519 per
1366 4447 1483 4504 bominis
1496 4445 1676 4503 ministerium
1695 4447 1781 4519 appii·

144 4532 346 4605 subreptionis,
368 4533 409 4589 vel
431 4533 504 4589 aliud
519 4534 624 4604 simile,
643 4537 669 4590 in
684 4535 744 4592 [οπο
759 4535 885 4593 exteriori
899 4551 947 4592 ve·
981 4537 1069 4597 canda
1083 4545 1159 4612 sunt,
1171 4545 1201 4594 ut
1216 4538 1242 4594 in
1255 4537 1423 4594 absolutione
1436 4552 1451 4593 a
1462 4551 1591 4606 censura,
1602 4537 1708 4593 eicite
1718 4551 1783 4593 sen·

29 4625 37 4640 ·
145 4621 216 4693 leat,
232 4637 283 4678 seu
297 4620 395 4678 babeat
407 4623 536 4680 effectum
549 4639 582 4680 es
597 4625 707 4683 delectu
725 4625 891 4697 probotionis
905 4632 945 4683 ta·
981 4631 1013 4687 tit
1026 4631 1151 4687 linimen.
1165 4626 1265 4685 Roder.
1279 4633 1301 4684 t.
1313 4631 1339 4685 l.
1354 4626 1546 4700 quaestionum
1562 4625 1720 4698 regulenq.
1730 4627 1779 4699 it,

145 4711 176 4767 lis
190 4709 333 4770 nullitatie.
349 4713 519 4786 Quamquam
543 4715 566 4770 si
581 4715 640 4786 ipsc
654 4715 714 4772 iure
728 4716 763 4772 sit
778 4714 896 4783 nulium,
914 4731 945 4773 re
981 4725 1032 4777 art.
1048 4722 1158 4778 10.Pro
1173 4733 1228 4791 qua
1242 4719 1376 4775 sententia
1390 4717 1459 4774 citet
1472 4717 1661 4788 Praepositum
1672 4717 1698 4772 in
1712 4731 1776 4788 cap.

146 4815 211 4858 vere
225 4817 279 4859 non
295 4803 332 4859 sit
344 4817 439 4860 rerum
454 4803 637 4877 privilegium,
652 4806 733 4862 etiarn
746 4803 837 4878 quoad
852 4805 943 4862 iorum
980 4812 1155 4873 Praeterea.
1174 4813 1203 4881 2,
1218 4808 1251 4864 de
1265 4807 1386 4880 sponsal.
1399 4805 1612 4881 distinguentem
1627 4805 1723 4879 triplex
1740 4805 1781 4861 [ο.

145 4899 301 4963 eumenum,
317 4890 364 4956 sed
378 4897 484 4950 tentum
499 4909 648 4966 apparens,
666 4894 708 4951 vel
722 4902 943 4967 praesumptum,
979 4915 1057 4968 rum,
1073 4899 1285 4969 contentiosum,
1300 4896 1500 4968 poenitentiale,
1514 4905 1544 4954 et
1560 4896 1689 4967 medium,
1706 4894 1779 4952 scili-

145 4983 277 5055 quianon
296 4981 430 5053 probatur
443 4985 628 5058 contrarium,
649 4992 677 5040 et
692 4983 752 5041 ideo
768 4985 901 5060 quidquid
917 4986 943 5042 in
980 4997 1026 5046 cet
1039 4989 1233 5046 conscientiae.
1248 4988 1320 5045 Citat
1332 4989 1414 5044 etiarn
1427 4989 1527 5044 boton.
1541 4985 1617 5061 sylv.
1632 4991 1660 5041 et
1674 4985 1779 5041 Navar-

146 5073 205 5130 [οπο
220 5077 349 5143 caternc‚
364 5088 398 5130 ea
412 5075 439 5128 ri
453 5073 513 5130 tells
527 5075 656 5148 privilegii
671 5075 716 5146 lit,
730 5077 758 5132 in
773 5075 943 5132 conscientia
979 5095 1057 5150 rum,
1078 5077 1127 5135 sed
1142 5078 1166 5134 in
1187 5076 1228 5134 bis
1243 5077 1403 5134 auctoribus
1417 5074 1481 5132 nibil
1502 5075 1630 5148 reperio,
1652 5073 1727 5148 quod
1740 5073 1775 5131 ad

145 5177 198 5218 non
213 5162 303 5234 valet,
321 5163 425 5220 etiamsi
439 5164 464 5219 in
479 5164 539 5221 loro
552 5171 665 5223 externo
680 5181 733 5222 non
749 5168 838 5238 possit
850 5168 941 5239 impu·
978 5167 1143 5242 praedictam
1155 5166 1365 5226 subdivisionem
1378 5165 1520 5237 pertineat,
1531 5170 1560 5221 et
1574 5179 1627 5220 non
1640 5163 1775 5240 immerito

144 5254 234 5328 gnari,
243 5252 288 5310 nel
301 5251 411 5312 irritari.
423 5255 478 5312 Nos
491 5261 582 5314 autem
596 5255 736 5332 loquimur
752 5255 786 5313 do
801 5256 940 5332 privilegio
977 5258 1126 5335 possentin
1139 5257 1310 5330 contrarium
1320 5254 1513 5332 allegariliam
1524 5252 1550 5311 in
1565 5253 1658 5330 primis
1671 5254 1774 5313 Navar-
