4290 6222
885 339 1063 390 canurxv.
1682 328 1741 392 391

147 471 195 530 oui
209 468 383 544 priuilegium
398 468 465 526 illud
479 465 660 542 repugnabat,
675 462 800 540 generale
814 478 869 520 non
884 462 943 520 luit.
981 462 1116 532 sumitur,
1133 460 1202 520 velle
1216 460 1296 534 illud,
1312 462 1362 519 nisi
1376 477 1505 535 expresse
1522 461 1660 534 declaret,
1676 471 1704 522 et
1718 465 1778 523 ideo

144 559 224 628 Quod
245 559 268 616 ai
285 558 394 616 dicatur
412 556 585 630 aequiparari
600 555 626 612 in
639 554 693 612 troc
707 551 882 626 generalibus
897 565 946 622 per
982 550 1153 622 priuilegium
1167 565 1220 607 non
1234 550 1392 622 operabitur
1406 566 1472 608 curn
1488 550 1534 609 tali
1547 551 1780 624 praeiudicioll·

144 647 330 706 assistentiam
352 649 456 718 Papae,
475 653 504 702 et
521 641 724 701 multitudinem
736 642 945 714 episcoporum,
985 639 1137 696 mitandum
1152 645 1242 696 umen
1256 646 1309 710 est,
1323 639 1373 696 nisi
1388 639 1500 698 materia
1513 641 1646 715 privilegii
1661 643 1721 700 talis
1735 645 1781 714 sit,

144 740 195 810 qui
216 738 254 794 illi
272 735 470 814 interfuerunt3
492 733 557 791 haee
573 733 697 804 prolecto
711 731 793 790 nimia
809 728 946 801 ampliatio
983 734 1017 783 ut
1036 726 1179 784 intrinsece
1200 742 1295 784 secum
1316 729 1412 810 allerat
1425 728 1623 798 praeiudicium
1637 731 1781 789 huiuamo-

144 832 192 883 est
208 825 281 882 illius
303 823 422 898 regulae.
440 824 480 879 lio
495 821 536 878 rel
551 821 665 878 maxime
679 818 753 893 quod
769 833 819 876 neo
833 817 866 874 de
881 815 948 888 legi·
981 813 1023 886 di·,
1046 821 1114 873 tuno
1135 818 1207 872 enim
1229 832 1283 873 non
1302 815 1490 876 hebetiorum
1505 821 1692 892 praesumptio
1706 821 1784 893 igno·

144 913 200 970 uus
222 913 402 970 conciliorum
417 909 583 984 generalium
597 915 641 967 est
659 908 778 966 solidum
793 905 859 964 illud
874 905 948 977 prin·
983 904 1102 974 tantiae,
1126 911 1158 961 ut
1177 912 1295 961 constat.
1311 906 1410 962 Tamen
1428 909 1455 964 in
1476 922 1509 966 eo
1524 925 1593 967 casu
1608 909 1781 968 limitandum

143 1004 267 1075 cipium,
288 999 399 1074 quando
423 997 484 1056 illae
505 998 580 1070 leges
600 1013 655 1056 noa
675 997 775 1054 habent
788 1009 946 1068 expressam
981 999 1023 1051 est
1037 994 1221 1068 privilegium,
1235 1001 1265 1052 ut
1279 1003 1476 1070 noceat,quam
1491 998 1631 1060 minimum
1645 999 1703 1056 lieri
1718 1015 1784 1071 pos·

144 1093 301 1152 clausulam
322 1093 521 1162 repugnantem
542 1086 699 1172 privilegiis,
716 1092 845 1156 utsupra
859 1085 947 1139 risum
982 1085 1027 1141 sit.
1041 1084 1116 1152 Quae
1129 1083 1255 1142 doctrina
1269 1087 1387 1143 sumitur
1401 1101 1434 1144 ex
1447 1101 1510 1158 cap.
1523 1089 1621 1160 Super
1634 1103 1676 1155 eo,
1695 1087 1728 1145 de
1742 1090 1784 1146 oi·

144 1187 208 1252 est,
229 1186 259 1237 et
278 1177 432 1250 specialiter
451 1176 558 1234 dictum
578 1183 621 1234 eat
641 1176 674 1234 de
695 1176 813 1232 decretis
836 1170 947 1232 aoncilii
982 1172 1701 1248 dodelegudiunctaGlossaibi,rerbotntentionls,
1715 1195 1782 1236 cum

147 1269 296 1326 tridentini.
311 1266 387 1326 Unde
401 1266 479 1324 aliter
492 1263 643 1338 respondet
659 1280 744 1337 snpra
758 1264 867 1322 Felinua
882 1275 947 1318 cum
981 1261 1040 1334 lais,
1056 1278 1127 1336 quae
1144 1262 1179 1319 ilsi
1199 1269 1329 1322 notantur
1347 1279 1363 1320 a
1380 1263 1559 1338 doctoribus,
1579 1272 1608 1323 et
1622 1265 1656 1322 als
1670 1268 1738 1325 abb.
1756 1269 1783 1326 io

147 1357 297 1426 lancelini
316 1373 370 1414 non
394 1357 534 1428 reprobari
554 1354 742 1430 privilegium,
764 1359 870 1410 tantum
883 1350 948 1424 quia
982 1365 1008 1406 e.
1025 1351 1130 1423 penult.
1146 1351 1180 1408 de
1194 1351 1261 1408 cler.
1275 1368 1329 1410 non
1345 1351 1426 1409 resid.
1440 1353 1523 1412 Felin.
1541 1355 1567 1410 in
1582 1354 1610 1412 d.
1628 1370 1691 1428 cap.
1702 1359 1781 1414 Cum

136 1463 203 1516 ‚non
226 1445 343 1504 iaciebat
363 1447 529 1502 mentionem
550 1444 617 1518 legis
637 1443 761 1514 concilii,
777 1440 824 1498 sed
839 1442 946 1497 ratione
982 1437 1135 1507 nonnulli,
1157 1439 1181 1496 in
1197 1441 1330 1515 regeint.
1343 1441 1434 1498 tollen.
1450 1447 1479 1511 2,
1495 1445 1522 1500 in
1537 1445 1582 1500 lin.
1599 1452 1626 1501 et
1640 1444 1732 1502 lellen.
1749 1449 1778 1516 l,

146 1535 299 1604 materias,
320 1536 387 1608 quia
406 1533 547 1592 ridebatur
565 1549 627 1592 esse
648 1547 745 1606 parurn
764 1536 947 1588 consentanea
982 1527 1061 1586 limit.
1077 1533 1106 1600 2,
1122 1527 1168 1585 ubi
1189 1529 1281 1600 plures
1301 1530 1370 1587 alins
1385 1530 1495 1604 allegat,
1510 1539 1539 1589 et
1552 1532 1621 1591 inira
1636 1533 1779 1592 necundo

145 1625 227 1682 bonis
246 1624 436 1696 religiosorum
457 1621 590 1680 moribus.
603 1622 680 1681 Unde
693 1636 760 1678 eum
774 1625 849 1678 esset
862 1619 946 1676 etiam
983 1615 1017 1673 de
1033 1618 1175 1689 interpret.
1192 1617 1323 1691 privilegii
1337 1619 1439 1694 aliquid
1452 1619 1595 1679 addemus.

146 1719 247 1770 contra
270 1713 330 1784 ius,
351 1718 379 1770 et
397 1712 470 1770 illius
489 1712 692 1784 derogationem
713 1724 766 1768 non
781 1708 946 1778 contineret,

147 1803 335 1875 suspicionem
354 1800 535 1874 surreptionis
549 1799 715 1875 generabat,
731 1805 759 1856 et
773 1797 947 1855 nihilominus
1269 1795 1408 1868 CAPUT
1430 1797 1506 1868 xv,

147 1907 203 1948 non
218 1898 358 1964 tamquam
376 1889 597 1962 invalidum,sut
607 1889 795 1960 surreptitium
811 1886 943 1944 reiectum
1332 1919 1338 1928 ·

145 1987 205 2052 est,
228 1979 276 2036 sed
296 1996 311 2036 a
329 1979 458 2036 l‘ontitice
472 1978 525 2035 luit
537 1983 697 2036 revocatum
712 1983 842 2049 tanquam
857 1975 948 2032 minus
1020 1986 1181 2060 „osma
1191 1987 1349 2064 fflgvap,
1367 1989 1446 2064 qm
1458 1995 1585 2052 vom,
1598 1995 1741 2053 ,Mum

146 2070 327 2128 conveniens.
344 2069 380 2125 lit
400 2069 439 2125 ita
459 2073 553 2140 potest
573 2066 618 2125 ills
632 2071 724 2126 textus
739 2065 829 2137 politas
842 2065 868 2120 in
882 2079 950 2121 con·
1671 2097 1676 2108 .

149 2158 282 2230 ararium,
303 2165 332 2213 et
351 2172 401 2228 pro
420 2161 515 2214 nostra
534 2155 669 2214 sannatia
691 2154 796 2212 induci.
1263 2168 1508 2235 smmum

108 2291 112 2298 .
187 2253 216 2306 a.
231 2249 272 2304 Ει
286 2247 386 2321 quibus
399 2250 600 2319 consequenter
613 2245 755 2317 sequitur,
770 2240 945 2315 privilegium

147 2350 315 2397 omimium
328 2341 427 2392 ⁰⁰⁰¹st
437 2331 692 2406 Pfiuilfiiflelifffln
705 2332 837 2389 imnum
847 2330 874 2386 5¹¹
886 2344 949 2386 ⁰⁰¹·
985 2353 1010 2402 l.
1025 2351 1092 2415 Quid
1110 2351 1238 2416 signillcet
1255 2353 1318 2406 haec
1335 2367 1384 2408 vox
1397 2357 1435 2408 ad
1450 2357 1550 2410 tactor.
1563 2385 1597 2398 —
1610 2358 1636 2410 Ξ.
1650 2361 1689 2411 An
1707 2367 1785 2413 aucto

147 2441 215 2498 pore
229 2425 315 2496 iuris,
335 2423 490 2495 praevalere
504 2428 603 2480 eontra
618 2419 704 2492 illud,
723 2419 829 2478 edamsi
844 2417 948 2490 specia-
1018 2423 1157 2486 exemplari
1175 2436 1222 2487 per
1235 2436 1313 2476 noras
1324 2427 1504 2479 concesiunss
1516 2429 1681 2493 privilegium
1693 2425 1731 2482 cd
1741 2432 1785 2482 tn·

148 2514 202 2572 lem
216 2514 382 2570 mentionem
396 2510 468 2568 illius
482 2525 537 2567 non
551 2510 646 2582 iaciat,
660 2505 811 2566 dummodo
826 2507 853 2562 in
867 2505 948 2578 priei-
1017 2489 1075 2542 ΜΤ
1087 2499 1230 2554 augeatur,
1247 2499 1275 2543 θῑ
1287 2506 1302 2543 ⁰
1313 2507 1447 2548 0⁰nver80·
1458 2525 1493 2534 -
1502 2498 1529 2550 ³·
1544 2499 1581 2548 dn
1593 2501 1728 2562 abrogato,
1742 2500 1783 2552 vel

148 2603 221 2676 legio
235 2603 321 2674 priori
337 2617 390 2658 non
406 2602 439 2657 sit
454 2599 581 2673 specialia
594 2597 720 2656 clausula
735 2597 865 2654 resistens
879 2610 948 2653 oon·
1017 2559 1785 2701 Jeffffi‘rcQ}fflffffiffiffissfflffiffvss

147 2693 242 2749 trariis
263 2690 418 2764 privilegiis.
433 2690 491 2746 lloc
512 2687 688 2746 corollarium
702 2696 744 2746 est
758 2693 856 2744 contra
870 2684 945 2743 aliud
1017 2699 1114 2762 regrum
1130 2699 1167 2750 aa
1186 2701 1284 2754 antur.
1298 2729 1333 2740 -
1345 2704 1372 2754 t.
1385 2703 1467 2766 Quid,
1489 2706 1512 2755 st
1529 2707 1662 2770 oonttrmu
1679 2706 1785 2757 eoooedi

147 2781 345 2849 Panormitani,
354 2784 382 2835 et
395 2779 524 2853 sequitur
535 2793 568 2834 es
578 2775 674 2835 eodem
685 2776 949 2848 fundamento,quia
1018 2769 1184 2833 priuilegium
1196 2770 1233 2822 Μ
1242 2771 1340 2832 imai»
1349 2779 1375 2824 ei
1385 2781 1472 2836 pmtm
1483 2774 1581 2826 nullum
1591 2777 1785 2827 inueniatur.-

147 2869 181 2926 de
205 2867 347 2941 privilegio
371 2869 472 2925 inserto
493 2867 519 2922 in
540 2867 600 2923 iure
618 2865 757 2923 communi
776 2864 848 2922 idem
861 2864 948 2922 lertur
1017 2837 1603 2964 {dstcffiiffs¹{¹¹n}ffiss¹⁰goffoe2ffgreff⁸⁸¹⁸3²2³?
1615 2853 1784 2928 ⁰⁰⁰²fflium’

1459 2941 1538 2964 .—.
1585 2913 1627 2965 rud
1640 2922 1785 2979 quaesitum

147 2958 281 3016 iudicium
295 2954 387 3030 quoad
401 2956 554 3027 scientiam,
567 2954 609 3012 rel
619 2955 810 3028 ignorantiam,
826 2952 900 3028 quod
915 2952 949 3010 de
1018 2978 1088 3028 „m
1101 2976 1168 3028 ,gem
1181 2979 1428 3044 ,mmmm-2
1440 2981 1611 3047 oppugmw,
1624 2985 1714 3050 regula
1725 2981 1785 3035 Bar,

148 3049 210 3120 ipso
229 3047 289 3105 iure
308 3046 461 3118 communi,
485 3051 516 3104 ut
535 3045 592 3118 ipse
606 3047 750 3104 Panormit.
767 3043 900 3114 assumit,
921 3049 950 3100 et
1019 3047 1106 3098 bosan

149 3135 264 3194 uadunt
277 3135 397 3192 ilostien.
411 3141 439 3192 et
451 3137 526 3191 loan.
539 3132 625 3191 Andr.
638 3136 665 3191 in
678 3149 740 3206 cap.
749 3137 798 3192 Ec
810 3136 909 3206 purte.
922 3135 948 3202 l,

148 3225 183 3283 de
197 3223 296 3282 decim.
309 3239 375 3296 ergo
389 3223 500 3296 regulae
513 3223 592 3282 datae
607 3222 640 3281 de
655 3225 716 3280 iure
730 3223 870 3280 communi
884 3236 948 3293 pro·
1028 3223 1052 3276 l.
1077 3218 1152 3286 Quae
1173 3218 1309 3278 hactenus
1333 3219 1452 3281 diximus
1475 3222 1509 3280 de
1532 3222 1619 3282 lorma
1643 3225 1784 3297 privilegii,

147 3312 255 3372 cedunt
274 3313 356 3371 etiam
377 3310 411 3368 de
431 3310 577 3384 privilegiis
598 3311 703 3383 inipso
725 3311 844 3367 insertis.
872 3311 951 3366 Sicut
983 3307 1143 3364 communia
1163 3306 1222 3365 iere
1234 3316 1301 3366 sunt
1313 3312 1438 3368 omnibus
1452 3312 1615 3386 privilegiis3
1631 3329 1704 3371 nunc
1720 3328 1785 3371 reru

146 3418 215 3476 ergo
236 3403 425 3474 praesumitur
445 3401 573 3473 princeps
597 3401 751 3458 concedere
775 3398 948 3472 privilegium
983 3395 1161 3467 explicandae
1178 3404 1244 3454 sunt
1258 3397 1404 3456 nonnullae
1416 3400 1547 3471 speciales
1563 3400 1667 3458 lormaa
1682 3417 1787 3459 conce-

145 3507 181 3549 ex
201 3497 277 3548 certa
296 3489 412 3550 scientia
432 3495 529 3546 eontra
549 3489 592 3546 ius
613 3501 777 3559 commuue,
802 3488 840 3544 ita
867 3487 949 3543 etiam
983 3476 1062 3541 dandi
1078 3484 1230 3558 privilegia,
1245 3493 1273 3543 et
1286 3486 1311 3542 in
1326 3489 1420 3558 primis
1434 3491 1560 3546 occurrit
1574 3488 1656 3558 illa,a
1670 3505 1725 3563 qua
1740 3505 1786 3546 so·

146 3578 230 3636 debet
250 3573 387 3650 praesumi
407 3577 441 3635 de
462 3577 601 3651 privilegio
621 3578 676 3634 iuri
695 3575 836 3634 communi
863 3575 950 3632 inser·
984 3572 1022 3630 let
1036 3572 1148 3645 aliquod
1167 3573 1393 3646 privilegiumad
1405 3579 1507 3636 instar
1519 3578 1786 3650 appellariQniani·

150 3674 189 3724 to.
205 3669 240 3725 Et
253 3667 290 3725 ila
304 3668 429 3724 sentiunt
442 3667 629 3724 communiter
642 3665 709 3722 iuria
724 3666 850 3722 canonici
867 3664 950 3722 inter·
984 3665 1086 3720 mirum
1101 3679 1187 3720 unum
1205 3664 1376 3738 privilegium
1391 3682 1440 3738 per
1455 3666 1670 3741 similitudinem,
1683 3668 1724 3726 rel
1740 3683 1785 3726 ae·

149 3763 241 3828 pretea
255 3758 283 3812 ia
298 3755 373 3812 dieto
385 3771 412 3812 c.
426 3759 449 3813 l.
459 3754 493 3812 de
504 3755 670 3828 rescriptet
681 3755 802 3812 sarmitur
812 3768 844 3810 er
855 3753 949 3810 Glossa
984 3752 1197 3824 quiparatiunem
1221 3752 1256 3810 ad
1277 3752 1368 3824 aliud,
1390 3755 1473 3812 alicui
1487 3757 1564 3827 prius
1577 3755 1689 3828 datum,
1706 3757 1785 3816 alteri

148 3849 178 3904 in
193 3860 255 3920 cap.
276 3847 315 3906 Ut
334 3847 434 3907 eirca,
455 3844 489 3902 de
508 3844 588 3902 elect.
605 3844 631 3901 in
646 3847 673 3916 6,
690 3843 773 3902 verbo
787 3841 945 3918 nemorali,
984 3839 1157 3897 conceditur.
1176 3839 1251 3900 Unde
1267 3847 1297 3898 ut
1311 3843 1417 3900 olerum
1432 3845 1630 3918 supponimus,
1645 3861 1708 3904 esse
1721 3862 1784 3918 pos·

147 3941 180 3992 et
192 3935 300 3994 ilomin.
316 3934 369 4004 ibi,
384 3941 414 3991 et
427 3931 487 3990 aliis
501 3932 596 3991 relatis
609 3948 625 3990 a
640 3932 730 3990 Felino
744 3935 771 3989 in
785 3933 861 3990 dicta
876 3947 903 3990 c.
924 3936 948 4004 l,
984 3928 1090 3986 sibilem
1110 3928 1179 3986 hane
1194 3931 1326 4004 privilegii
1341 3931 1467 4006 sormam,
1478 3939 1537 3991 tum
1552 3937 1681 4008 quianon
1696 3937 1787 3994 salona

148 4040 230 4082 num.
245 4027 290 4094 lt,
301 4028 330 4080 et
345 4023 448 4092 lacui
461 4037 558 4080 omnes
572 4020 685 4095 docent,
701 4023 871 4080 contrarium
886 4037 949 4080 esse
984 4035 1044 4092 res,
1064 4018 1112 4076 sed
1131 4020 1212 4078 etiam
1231 4037 1331 4078 nomen
1346 4023 1466 4082 sumitur
1479 4039 1513 4082 er
1531 4024 1591 4098 lege
1605 4030 1716 4095 omniu,
1737 4031 1784 4099 33,

146 4112 303 4172 dicendum
321 4112 355 4169 de
375 4111 516 4186 privilegio
537 4111 700 4184 particulari
719 4118 801 4176 extra
818 4111 861 4168 ius
875 4126 950 4168 eorn-
983 4110 1014 4165 C.
1029 4108 1062 4166 de
1082 4108 1168 4180 episc.
1183 4115 1212 4166 et
1225 4109 1292 4168 cler.
1309 4117 1369 4168 turn
1390 4113 1471 4169 etiam
1484 4115 1549 4186 quia
1570 4129 1619 4186 per
1636 4130 1666 4173 se
1679 4115 1787 4174 ridetur

148 4219 235 4264 mune
253 4202 402 4272 existente,
423 4217 487 4258 nam
506 4207 605 4258 contra
622 4198 691 4258 illud
712 4216 765 4259 non
786 4201 951 4274 praevalebit
986 4209 1029 4254 res
1044 4198 1285 4270 manifestallam,
1301 4206 1332 4257 ut
1346 4201 1475 4274 diximus,
1488 4202 1521 4260 dc
1535 4205 1641 4263 ratione
1651 4207 1787 4281 privilegii

148 4293 321 4369 privilegium
335 4291 485 4365 posterius,
494 4291 547 4348 nisi
561 4289 718 4350 clausulam
732 4307 791 4348 saon
802 4290 946 4357 obstante,
986 4295 1091 4346 tantum
1110 4295 1167 4360 est,
1183 4294 1216 4347 ut
1229 4289 1358 4361 princeps
1372 4289 1541 4350 sufficienter
1554 4293 1676 4352 declaret
1689 4295 1786 4354 solun·

148 4383 193 4442 vel
209 4381 324 4438 similem
338 4380 516 4454 derogantem
530 4379 725 4452 conduentes
741 4380 838 4437 eodem
852 4379 950 4436 lunda·
986 4383 1067 4434 tatem
1084 4393 1180 4448 suam3
1197 4383 1395 4450 potestantem
1411 4379 1485 4436 illam
1497 4380 1652 4454 declarare,
1667 4383 1710 4440 rel
1725 4399 1787 4456 spe·

148 4476 245 4530 mento
260 4485 326 4527 oum
340 4469 515 4543 proportione
530 4467 683 4542 applicatoa
699 4469 763 4542 quia
778 4470 830 4526 tale
845 4469 950 4541 privile·
985 4467 1088 4525 cialiter
1111 4467 1202 4524 omnia
1224 4465 1402 4540 explicando,
1424 4469 1465 4526 rel
1491 4486 1545 4528 uno
1563 4473 1649 4529 rerlro
1666 4473 1786 4546 generali

147 4562 227 4636 gium
241 4558 316 4617 nullo
331 4558 413 4615 mildo
427 4558 548 4630 pertinet
560 4555 594 4614 ad
609 4572 756 4616 commune
771 4557 830 4630 ius,
845 4557 893 4616 sed
908 4557 950 4615 rel
985 4573 1049 4616 cum
1067 4556 1199 4614 relatione
1214 4556 1249 4613 ad
1262 4554 1347 4629 aliud,
1362 4558 1388 4614 in
1403 4573 1460 4632 quo
1475 4559 1566 4618 omnia
1579 4560 1705 4620 distincte
1720 4577 1788 4620 con·

147 4647 184 4708 ad
198 4647 367 4718 tactum,vel
381 4647 414 4704 ad
428 4651 471 4706 ius
485 4645 717 4721 privatamquod
732 4647 857 4722 princeps
871 4647 950 4706 laeile
986 4647 1117 4704 tinentur.
1129 4647 1197 4703 Nam
1208 4651 1236 4704 et
1250 4643 1284 4702 ad
1299 4653 1486 4719 praeceptum,
1495 4654 1523 4705 et
1532 4648 1566 4706 ad
1578 4656 1786 4725 testamentum,

148 4740 278 4813 ignorare
292 4739 491 4809 praesumitur,
503 4737 579 4794 iuxta
593 4752 656 4809 cap.
675 4739 699 4793 l.
711 4735 745 4792 de
760 4737 872 4794 constit.
883 4737 909 4794 in
921 4741 948 4808 63
987 4735 1027 4791 rel
1042 4735 1228 4801 donationem,
1238 4735 1292 4792 imo
1302 4743 1331 4794 et
1341 4735 1375 4794 ad
1385 4738 1472 4808 ipsam
1485 4741 1709 4798 sacramentalem
1720 4757 1787 4800 con·

146 4833 178 4886 et
196 4826 256 4884 ideo
274 4842 329 4884 non
350 4832 479 4885 censetur
495 4827 623 4899 princeps
636 4825 766 4883 habuisse
782 4826 951 4884 voluntatem
985 4825 1131 4883 sessionem
1147 4831 1239 4897 potest
1252 4824 1379 4883 sulficere
1394 4825 1438 4884 laic
1454 4825 1592 4885 relationis
1604 4829 1787 4901 modus,utsi

147 4915 298 4990 derogandi
318 4916 371 4987 illi,
393 4917 504 4990 quando
522 4916 550 4974 id
564 4915 734 4975 sufficienter
749 4930 802 4972 non
816 4915 949 4974 declarat.
986 4915 1128 4986 poenitens
1143 4903 1787 4990 unorerlroaceocusetdeomnibue,quaecum
1848 4937 1852 4945 ·

148 5007 185 5064 Et
196 5005 291 5063 eadem
308 5005 415 5062 ratione
429 5003 500 5062 idem
515 5004 662 5062 dicendum
676 5011 720 5060 est
732 5004 766 5060 de
779 5006 840 5062 iore
856 5005 954 5077 acqui·
987 5002 1130 5060 sacerdote
1146 5007 1224 5058 extra
1237 5002 1436 5058 consessionem
1448 5005 1673 5062 communicavit.
1686 5006 1720 5062 lit
1732 5005 1786 5063 lroc

148 5097 202 5154 aito
218 5095 308 5166 tertii,
329 5096 393 5168 quia
406 5097 489 5152 etiam
503 5093 702 5167 praeiudicium
717 5092 783 5152 illud
798 5092 832 5152 ad
846 5093 952 5152 laetum
985 5091 1066 5150 etiarn
1086 5091 1231 5150 confirmat
1245 5106 1324 5163 usus,
1339 5097 1370 5148 ut
1384 5095 1458 5163 petet
1470 5105 1504 5148 ex
1518 5107 1581 5165 cap.
1598 5097 1627 5151 l.
1643 5093 1677 5150 de
1691 5093 1781 5167 priril.

149 5185 287 5257 pertinet,
307 5184 383 5258 quod
399 5184 528 5257 princeps
548 5183 672 5255 ignorat,
687 5189 716 5241 et
730 5181 791 5240 ideo
806 5198 859 5240 noo
874 5198 952 5255 prae·
986 5180 1012 5238 in
1024 5185 1052 5253 e,
1063 5179 1108 5236 ubi
1122 5179 1185 5236 licet
1196 5193 1250 5238 nun
1263 5185 1380 5252 ponatur
1393 5193 1522 5250 expresse
1537 5181 1673 5254 particula
1686 5181 1729 5241 od
1740 5185 1788 5241 in-
