<?xml version="1.0" encoding="UTF-8"?>
<!DOCTYPE html PUBLIC "-//W3C//DTD XHTML 1.0 Transitional//EN"
    "http://www.w3.org/TR/xhtml1/DTD/xhtml1-transitional.dtd">
<html xmlns="http://www.w3.org/1999/xhtml" xml:lang="en" lang="en">
 <head>
  <title>
</title>
<meta http-equiv="Content-Type" content="text/html;charset=utf-8" />
  <meta name='ocr-system' content='tesseract 3.04.00' />
  <meta name='ocr-capabilities' content='ocr_page ocr_carea ocr_par ocr_line ocrx_word'/>
</head>
<body>
  <div class='ocr_page' id='page_1' title='image "./tractatusdelegi00sugoog/tractatusdelegi00sugoog_0209.png"; bbox 0 0 4284 6246; ppageno 0'>
   <div class='ocr_carea' id='block_1_1' title="bbox 408 377 1276 451">
    <p class='ocr_par' dir='ltr' id='par_1_1' title="bbox 408 377 1276 451">
     <span class='ocr_line' id='line_1_1' title="bbox 408 377 1276 451; baseline 0.006 -7"><span class='ocrx_word' id='word_1_1' title='bbox 408 377 470 444; x_wconf 76' lang='lat' dir='ltr'><strong>tal</strong></span> <span class='ocrx_word' id='word_1_2' title='bbox 1112 399 1276 451; x_wconf 84' lang='lat' dir='ltr'><strong>nrnnnvr.</strong></span> 
     </span>
    </p>
   </div>
   <div class='ocr_carea' id='block_1_2' title="bbox 360 521 2012 1864">
    <p class='ocr_par' dir='ltr' id='par_1_2' title="bbox 365 521 1881 602">
     <span class='ocr_line' id='line_1_2' title="bbox 365 521 1881 602; baseline 0.008 -26"><span class='ocrx_word' id='word_1_3' title='bbox 365 525 393 576; x_wconf 89' lang='lat' dir='ltr'><strong>et</strong></span> <span class='ocrx_word' id='word_1_4' title='bbox 407 523 568 592; x_wconf 86' lang='lat' dir='ltr'><strong>potestesse</strong></span> <span class='ocrx_word' id='word_1_5' title='bbox 587 525 694 579; x_wconf 89' lang='lat' dir='ltr'><strong>tantum</strong></span> <span class='ocrx_word' id='word_1_6' title='bbox 709 521 831 579; x_wconf 89' lang='lat' dir='ltr'><strong>conditio</strong></span> <span class='ocrx_word' id='word_1_7' title='bbox 843 522 977 596; x_wconf 89' lang='lat' dir='ltr'><strong>quaedam</strong></span> <span class='ocrx_word' id='word_1_8' title='bbox 990 523 1119 597; x_wconf 86' lang='lat' dir='ltr'><strong>requisita</strong></span> <span class='ocrx_word' id='word_1_9' title='bbox 1130 540 1163 580; x_wconf 91' lang='lat' dir='ltr'><strong>ex</strong></span> <span class='ocrx_word' id='word_1_10' title='bbox 1200 541 1274 582; x_wconf 92' lang='lat' dir='ltr'><strong>nunc</strong></span> <span class='ocrx_word' id='word_1_11' title='bbox 1289 526 1364 600; x_wconf 90' lang='lat' dir='ltr'><strong>prior</strong></span> <span class='ocrx_word' id='word_1_12' title='bbox 1379 528 1456 585; x_wconf 87' lang='lat' dir='ltr'><strong>nobis</strong></span> <span class='ocrx_word' id='word_1_13' title='bbox 1471 526 1591 601; x_wconf 88' lang='lat' dir='ltr'><strong>sullicit,</strong></span> <span class='ocrx_word' id='word_1_14' title='bbox 1607 529 1670 602; x_wconf 86' lang='lat' dir='ltr'><strong>quia</strong></span> <span class='ocrx_word' id='word_1_15' title='bbox 1689 527 1798 586; x_wconf 86' lang='lat' dir='ltr'><strong>nullum</strong></span> <span class='ocrx_word' id='word_1_16' title='bbox 1811 535 1852 586; x_wconf 84' lang='lat' dir='ltr'><strong>est</strong></span> <span class='ocrx_word' id='word_1_17' title='bbox 1874 530 1881 588; x_wconf 90' lang='lat' dir='ltr'><strong>i</strong></span> 
     </span>
    </p>

    <p class='ocr_par' dir='ltr' id='par_1_3' title="bbox 365 608 1884 780">
     <span class='ocr_line' id='line_1_3' title="bbox 365 608 1884 692; baseline 0.007 -27"><span class='ocrx_word' id='word_1_18' title='bbox 365 614 445 681; x_wconf 85' lang='lat' dir='ltr'><strong>roto,</strong></span> <span class='ocrx_word' id='word_1_19' title='bbox 461 609 503 666; x_wconf 88' lang='lat' dir='ltr'><strong>vel</strong></span> <span class='ocrx_word' id='word_1_20' title='bbox 523 608 575 668; x_wconf 91' lang='lat' dir='ltr'><strong>alio</strong></span> <span class='ocrx_word' id='word_1_21' title='bbox 588 611 666 668; x_wconf 84' lang='lat' dir='ltr'><strong>simili</strong></span> <span class='ocrx_word' id='word_1_22' title='bbox 685 611 785 684; x_wconf 74' lang='lat' dir='ltr'><strong>modo:</strong></span> <span class='ocrx_word' id='word_1_23' title='bbox 802 612 882 688; x_wconf 88' lang='lat' dir='ltr'><strong>longe</strong></span> <span class='ocrx_word' id='word_1_24' title='bbox 894 629 962 687; x_wconf 89' lang='lat' dir='ltr'><strong>ergo</strong></span> <span class='ocrx_word' id='word_1_25' title='bbox 977 613 1067 672; x_wconf 79' lang='lat' dir='ltr'><strong>differt</strong></span> <span class='ocrx_word' id='word_1_26' title='bbox 1080 631 1096 671; x_wconf 90' lang='lat' dir='ltr'><strong>a</strong></span> <span class='ocrx_word' id='word_1_27' title='bbox 1110 613 1166 671; x_wconf 88' lang='lat' dir='ltr'><strong>dis·</strong></span> <span class='ocrx_word' id='word_1_28' title='bbox 1200 617 1298 686; x_wconf 86' lang='lat' dir='ltr'><strong>niens,</strong></span> <span class='ocrx_word' id='word_1_29' title='bbox 1321 615 1557 689; x_wconf 77' lang='lat' dir='ltr'><strong>dispensationem</strong></span> <span class='ocrx_word' id='word_1_30' title='bbox 1579 633 1679 676; x_wconf 84' lang='lat' dir='ltr'><strong>vocare</strong></span> <span class='ocrx_word' id='word_1_31' title='bbox 1700 619 1884 692; x_wconf 79' lang='lat' dir='ltr'><strong>privilegium.</strong></span> 
     </span>
     <span class='ocr_line' id='line_1_4' title="bbox 365 695 1884 780; baseline 0.007 -25"><span class='ocrx_word' id='word_1_32' title='bbox 365 701 534 771; x_wconf 74' lang='lat' dir='ltr'><strong>pensatione.</strong></span> <span class='ocrx_word' id='word_1_33' title='bbox 1198 705 1274 780; x_wconf 86' lang='lat' dir='ltr'><strong>quod</strong></span> <span class='ocrx_word' id='word_1_34' title='bbox 1298 707 1468 780; x_wconf 85' lang='lat' dir='ltr'><strong>privilegium</strong></span> <span class='ocrx_word' id='word_1_35' title='bbox 1495 706 1739 780; x_wconf 76' lang='lat' dir='ltr'><strong>dispensationem,</strong></span> <span class='ocrx_word' id='word_1_36' title='bbox 1766 724 1817 766; x_wconf 90' lang='lat' dir='ltr'><strong>nec</strong></span> <span class='ocrx_word' id='word_1_37' title='bbox 1839 695 1884 766; x_wconf 83' lang='lat' dir='ltr'><strong>lun</strong></span> 
     </span>
    </p>

    <p class='ocr_par' dir='ltr' id='par_1_4' title="bbox 404 787 1806 872">
     <span class='ocr_line' id='line_1_5' title="bbox 404 787 1806 872; baseline 0.008 -27"><span class='ocrx_word' id='word_1_38' title='bbox 404 787 502 845; x_wconf 79' lang='lat' dir='ltr'><strong>Adbuc</strong></span> <span class='ocrx_word' id='word_1_39' title='bbox 520 789 677 846; x_wconf 86' lang='lat' dir='ltr'><strong>tamennon</strong></span> <span class='ocrx_word' id='word_1_40' title='bbox 693 790 800 847; x_wconf 84' lang='lat' dir='ltr'><strong>ridetur</strong></span> <span class='ocrx_word' id='word_1_41' title='bbox 815 791 967 866; x_wconf 85' lang='lat' dir='ltr'><strong>adaequata</strong></span> <span class='ocrx_word' id='word_1_42' title='bbox 978 793 1022 851; x_wconf 91' lang='lat' dir='ltr'><strong>iila</strong></span> <span class='ocrx_word' id='word_1_43' title='bbox 1034 793 1163 866; x_wconf 83' lang='lat' dir='ltr'><strong>delinitio,</strong></span> <span class='ocrx_word' id='word_1_44' title='bbox 1200 801 1302 869; x_wconf 84' lang='lat' dir='ltr'><strong>gnant,</strong></span> <span class='ocrx_word' id='word_1_45' title='bbox 1319 811 1368 853; x_wconf 92' lang='lat' dir='ltr'><strong>nec</strong></span> <span class='ocrx_word' id='word_1_46' title='bbox 1384 797 1539 854; x_wconf 89' lang='lat' dir='ltr'><strong>communis</strong></span> <span class='ocrx_word' id='word_1_47' title='bbox 1553 797 1652 854; x_wconf 86' lang='lat' dir='ltr'><strong>modus</strong></span> <span class='ocrx_word' id='word_1_48' title='bbox 1667 798 1806 872; x_wconf 89' lang='lat' dir='ltr'><strong>loquendi.</strong></span> 
     </span>
    </p>

    <p class='ocr_par' dir='ltr' id='par_1_5' title="bbox 364 877 1874 961">
     <span class='ocr_line' id='line_1_6' title="bbox 364 877 1874 961; baseline 0.008 -29"><span class='ocrx_word' id='word_1_49' title='bbox 364 877 462 948; x_wconf 91' lang='lat' dir='ltr'><strong>primo,</strong></span> <span class='ocrx_word' id='word_1_50' title='bbox 472 879 536 950; x_wconf 87' lang='lat' dir='ltr'><strong>quia</strong></span> <span class='ocrx_word' id='word_1_51' title='bbox 551 882 679 936; x_wconf 84' lang='lat' dir='ltr'><strong>conrenit</strong></span> <span class='ocrx_word' id='word_1_52' title='bbox 688 881 856 953; x_wconf 90' lang='lat' dir='ltr'><strong>abrogationi</strong></span> <span class='ocrx_word' id='word_1_53' title='bbox 868 882 935 957; x_wconf 85' lang='lat' dir='ltr'><strong>legis</strong></span> <span class='ocrx_word' id='word_1_54' title='bbox 947 884 1167 958; x_wconf 57' lang='lat' dir='ltr'><strong>humamanam</strong></span> <span class='ocrx_word' id='word_1_55' title='bbox 1237 885 1357 943; x_wconf 88' lang='lat' dir='ltr'><strong>&#39;landem</strong></span> <span class='ocrx_word' id='word_1_56' title='bbox 1378 886 1455 944; x_wconf 92' lang='lat' dir='ltr'><strong>obiici</strong></span> <span class='ocrx_word' id='word_1_57' title='bbox 1477 894 1581 959; x_wconf 83' lang='lat' dir='ltr'><strong>potest,</strong></span> <span class='ocrx_word' id='word_1_58' title='bbox 1593 889 1657 961; x_wconf 73' lang='lat' dir='ltr'><strong>paria</strong></span> <span class='ocrx_word' id='word_1_59' title='bbox 1673 889 1803 946; x_wconf 81' lang='lat' dir='ltr'><strong>relaxatio</strong></span> <span class='ocrx_word' id='word_1_60' title='bbox 1822 905 1874 946; x_wconf 89' lang='lat' dir='ltr'><strong>non</strong></span> 
     </span>
    </p>

    <p class='ocr_par' dir='ltr' id='par_1_6' title="bbox 365 966 1863 1051">
     <span class='ocr_line' id='line_1_7' title="bbox 365 966 1863 1051; baseline 0.008 -29"><span class='ocrx_word' id='word_1_61' title='bbox 365 966 461 1024; x_wconf 87' lang='lat' dir='ltr'><strong>illaesi</strong></span> <span class='ocrx_word' id='word_1_62' title='bbox 472 969 557 1026; x_wconf 92' lang='lat' dir='ltr'><strong>multo</strong></span> <span class='ocrx_word' id='word_1_63' title='bbox 570 971 657 1027; x_wconf 76' lang='lat' dir='ltr'><strong>milior</strong></span> <span class='ocrx_word' id='word_1_64' title='bbox 668 971 797 1028; x_wconf 74' lang='lat' dir='ltr'><strong>relaxatio</strong></span> <span class='ocrx_word' id='word_1_65' title='bbox 813 971 946 1028; x_wconf 87' lang='lat' dir='ltr'><strong>humanae</strong></span> <span class='ocrx_word' id='word_1_66' title='bbox 960 973 1036 1047; x_wconf 88' lang='lat' dir='ltr'><strong>legia.</strong></span> <span class='ocrx_word' id='word_1_67' title='bbox 1051 977 1166 1046; x_wconf 84' lang='lat' dir='ltr'><strong>Propter</strong></span> <span class='ocrx_word' id='word_1_68' title='bbox 1200 977 1338 1047; x_wconf 83' lang='lat' dir='ltr'><strong>pensatio,</strong></span> <span class='ocrx_word' id='word_1_69' title='bbox 1354 975 1401 1033; x_wconf 91' lang='lat' dir='ltr'><strong>sed</strong></span> <span class='ocrx_word' id='word_1_70' title='bbox 1422 976 1629 1048; x_wconf 86' lang='lat' dir='ltr'><strong>dispensationis</strong></span> <span class='ocrx_word' id='word_1_71' title='bbox 1647 977 1780 1048; x_wconf 72' lang='lat' dir='ltr'><strong>effectus:</strong></span> <span class='ocrx_word' id='word_1_72' title='bbox 1797 994 1863 1051; x_wconf 91' lang='lat' dir='ltr'><strong>ergo</strong></span> 
     </span>
    </p>

    <p class='ocr_par' dir='ltr' id='par_1_7' title="bbox 364 1056 1873 1230">
     <span class='ocr_line' id='line_1_8' title="bbox 364 1056 1873 1146; baseline 0.005 -32"><span class='ocrx_word' id='word_1_73' title='bbox 364 1057 439 1130; x_wconf 83' lang='lat' dir='ltr'><strong>quod</strong></span> <span class='ocrx_word' id='word_1_74' title='bbox 453 1056 546 1116; x_wconf 91' lang='lat' dir='ltr'><strong>dicere</strong></span> <span class='ocrx_word' id='word_1_75' title='bbox 562 1059 660 1132; x_wconf 87' lang='lat' dir='ltr'><strong>aliquis</strong></span> <span class='ocrx_word' id='word_1_76' title='bbox 679 1067 784 1146; x_wconf 77' lang='lat' dir='ltr'><strong>potest,</strong></span> <span class='ocrx_word' id='word_1_77' title='bbox 800 1062 897 1120; x_wconf 91' lang='lat' dir='ltr'><strong>melius</strong></span> <span class='ocrx_word' id='word_1_78' title='bbox 911 1063 1013 1120; x_wconf 89' lang='lat' dir='ltr'><strong>deliniri</strong></span> <span class='ocrx_word' id='word_1_79' title='bbox 1027 1063 1167 1136; x_wconf 90' lang='lat' dir='ltr'><strong>dispansa·</strong></span> <span class='ocrx_word' id='word_1_80' title='bbox 1200 1073 1245 1123; x_wconf 91' lang='lat' dir='ltr'><strong>cte</strong></span> <span class='ocrx_word' id='word_1_81' title='bbox 1269 1081 1318 1138; x_wconf 92' lang='lat' dir='ltr'><strong>per</strong></span> <span class='ocrx_word' id='word_1_82' title='bbox 1339 1065 1411 1122; x_wconf 91' lang='lat' dir='ltr'><strong>illam</strong></span> <span class='ocrx_word' id='word_1_83' title='bbox 1432 1067 1569 1122; x_wconf 86' lang='lat' dir='ltr'><strong>delinitur.</strong></span> <span class='ocrx_word' id='word_1_84' title='bbox 1591 1068 1669 1124; x_wconf 89' lang='lat' dir='ltr'><strong>Sicut</strong></span> <span class='ocrx_word' id='word_1_85' title='bbox 1689 1068 1731 1125; x_wconf 90' lang='lat' dir='ltr'><strong>lex</strong></span> <span class='ocrx_word' id='word_1_86' title='bbox 1752 1083 1805 1124; x_wconf 92' lang='lat' dir='ltr'><strong>non</strong></span> <span class='ocrx_word' id='word_1_87' title='bbox 1820 1067 1873 1124; x_wconf 88' lang='lat' dir='ltr'><strong>dici</strong></span> 
     </span>
     <span class='ocr_line' id='line_1_9' title="bbox 364 1148 1866 1230; baseline 0.008 -27"><span class='ocrx_word' id='word_1_88' title='bbox 364 1148 482 1218; x_wconf 87' lang='lat' dir='ltr'><strong>tionem,</strong></span> <span class='ocrx_word' id='word_1_89' title='bbox 498 1157 530 1206; x_wconf 93' lang='lat' dir='ltr'><strong>ut</strong></span> <span class='ocrx_word' id='word_1_90' title='bbox 545 1149 580 1206; x_wconf 90' lang='lat' dir='ltr'><strong>slt</strong></span> <span class='ocrx_word' id='word_1_91' title='bbox 593 1149 733 1224; x_wconf 77' lang='lat' dir='ltr'><strong>derogatio</strong></span> <span class='ocrx_word' id='word_1_92' title='bbox 746 1151 881 1210; x_wconf 87' lang='lat' dir='ltr'><strong>humanae</strong></span> <span class='ocrx_word' id='word_1_93' title='bbox 892 1153 975 1226; x_wconf 71' lang='lat' dir='ltr'><strong>legis:</strong></span> <span class='ocrx_word' id='word_1_94' title='bbox 988 1170 1049 1211; x_wconf 91' lang='lat' dir='ltr'><strong>nam</strong></span> <span class='ocrx_word' id='word_1_95' title='bbox 1061 1169 1108 1226; x_wconf 89' lang='lat' dir='ltr'><strong>per</strong></span> <span class='ocrx_word' id='word_1_96' title='bbox 1119 1169 1166 1228; x_wconf 86' lang='lat' dir='ltr'><strong>ge·</strong></span> <span class='ocrx_word' id='word_1_97' title='bbox 1201 1156 1348 1228; x_wconf 81' lang='lat' dir='ltr'><strong>obligatio,</strong></span> <span class='ocrx_word' id='word_1_98' title='bbox 1363 1157 1490 1229; x_wconf 87' lang='lat' dir='ltr'><strong>quamvis</strong></span> <span class='ocrx_word' id='word_1_99' title='bbox 1511 1155 1579 1213; x_wconf 89' lang='lat' dir='ltr'><strong>baec</strong></span> <span class='ocrx_word' id='word_1_100' title='bbox 1601 1160 1636 1214; x_wconf 90' lang='lat' dir='ltr'><strong>sit</strong></span> <span class='ocrx_word' id='word_1_101' title='bbox 1655 1158 1721 1230; x_wconf 87' lang='lat' dir='ltr'><strong>legis</strong></span> <span class='ocrx_word' id='word_1_102' title='bbox 1735 1157 1866 1228; x_wconf 88' lang='lat' dir='ltr'><strong>allectus,</strong></span> 
     </span>
    </p>

    <p class='ocr_par' dir='ltr' id='par_1_8' title="bbox 360 1237 2012 1864">
     <span class='ocr_line' id='line_1_10' title="bbox 364 1237 1998 1320; baseline 0.005 -24"><span class='ocrx_word' id='word_1_103' title='bbox 364 1254 416 1296; x_wconf 89' lang='lat' dir='ltr'><strong>nus</strong></span> <span class='ocrx_word' id='word_1_104' title='bbox 437 1237 504 1297; x_wconf 91' lang='lat' dir='ltr'><strong>illud</strong></span> <span class='ocrx_word' id='word_1_105' title='bbox 526 1239 701 1312; x_wconf 86' lang='lat' dir='ltr'><strong>excluditur,</strong></span> <span class='ocrx_word' id='word_1_106' title='bbox 718 1249 749 1299; x_wconf 92' lang='lat' dir='ltr'><strong>ut</strong></span> <span class='ocrx_word' id='word_1_107' title='bbox 763 1259 816 1299; x_wconf 90' lang='lat' dir='ltr'><strong>non</strong></span> <span class='ocrx_word' id='word_1_108' title='bbox 831 1244 867 1299; x_wconf 87' lang='lat' dir='ltr'><strong>eit</strong></span> <span class='ocrx_word' id='word_1_109' title='bbox 880 1243 1037 1317; x_wconf 63' lang='lat' dir='ltr'><strong>abrogabo,</strong></span> <span class='ocrx_word' id='word_1_110' title='bbox 1053 1257 1115 1300; x_wconf 88' lang='lat' dir='ltr'><strong>nam</strong></span> <span class='ocrx_word' id='word_1_111' title='bbox 1133 1251 1164 1301; x_wconf 90' lang='lat' dir='ltr'><strong>ut</strong></span> <span class='ocrx_word' id='word_1_112' title='bbox 1202 1252 1261 1303; x_wconf 91' lang='lat' dir='ltr'><strong>ium</strong></span> <span class='ocrx_word' id='word_1_113' title='bbox 1275 1247 1358 1303; x_wconf 88' lang='lat' dir='ltr'><strong>etiarn</strong></span> <span class='ocrx_word' id='word_1_114' title='bbox 1372 1245 1475 1303; x_wconf 90' lang='lat' dir='ltr'><strong>dicitur</strong></span> <span class='ocrx_word' id='word_1_115' title='bbox 1488 1261 1549 1304; x_wconf 91' lang='lat' dir='ltr'><strong>asse</strong></span> <span class='ocrx_word' id='word_1_116' title='bbox 1564 1246 1709 1320; x_wconf 79' lang='lat' dir='ltr'><strong>obligatio,</strong></span> <span class='ocrx_word' id='word_1_117' title='bbox 1725 1246 1772 1304; x_wconf 91' lang='lat' dir='ltr'><strong>sed</strong></span> <span class='ocrx_word' id='word_1_118' title='bbox 1788 1248 1948 1320; x_wconf 77' lang='lat' dir='ltr'><strong>promissio,</strong></span> <span class='ocrx_word' id='word_1_119' title='bbox 1964 1271 1998 1304; x_wconf 73' lang='lat' dir='ltr'><strong>es</strong></span> 
     </span>
     <span class='ocr_line' id='line_1_11' title="bbox 363 1323 2000 1411; baseline 0.006 -27"><span class='ocrx_word' id='word_1_120' title='bbox 363 1326 465 1385; x_wconf 90' lang='lat' dir='ltr'><strong>dicitur</strong></span> <span class='ocrx_word' id='word_1_121' title='bbox 477 1329 502 1384; x_wconf 97' lang='lat' dir='ltr'><strong>in</strong></span> <span class='ocrx_word' id='word_1_122' title='bbox 518 1328 536 1386; x_wconf 92' lang='lat' dir='ltr'><strong>l.</strong></span> <span class='ocrx_word' id='word_1_123' title='bbox 559 1332 619 1401; x_wconf 78' lang='lat' dir='ltr'><strong>lul,</strong></span> <span class='ocrx_word' id='word_1_124' title='bbox 634 1330 662 1386; x_wconf 87' lang='lat' dir='ltr'><strong>li.</strong></span> <span class='ocrx_word' id='word_1_125' title='bbox 674 1331 707 1388; x_wconf 92' lang='lat' dir='ltr'><strong>de</strong></span> <span class='ocrx_word' id='word_1_126' title='bbox 722 1333 829 1390; x_wconf 88' lang='lat' dir='ltr'><strong>verbor.</strong></span> <span class='ocrx_word' id='word_1_127' title='bbox 845 1333 987 1406; x_wconf 86' lang='lat' dir='ltr'><strong>significet.</strong></span> <span class='ocrx_word' id='word_1_128' title='bbox 1002 1333 1166 1408; x_wconf 78' lang='lat' dir='ltr'><strong>derogetur</strong></span> <span class='ocrx_word' id='word_1_129' title='bbox 1199 1352 1255 1411; x_wconf 86' lang='lat' dir='ltr'><strong>qua</strong></span> <span class='ocrx_word' id='word_1_130' title='bbox 1275 1336 1404 1408; x_wconf 83' lang='lat' dir='ltr'><strong>obligatio</strong></span> <span class='ocrx_word' id='word_1_131' title='bbox 1418 1339 1555 1394; x_wconf 89' lang='lat' dir='ltr'><strong>nascitur.</strong></span> <span class='ocrx_word' id='word_1_132' title='bbox 1571 1335 1625 1394; x_wconf 85' lang='lat' dir='ltr'><strong>Sed</strong></span> <span class='ocrx_word' id='word_1_133' title='bbox 1638 1337 1706 1394; x_wconf 90' lang='lat' dir='ltr'><strong>baec</strong></span> <span class='ocrx_word' id='word_1_134' title='bbox 1723 1337 1839 1395; x_wconf 89' lang='lat' dir='ltr'><strong>obiectio</strong></span> <span class='ocrx_word' id='word_1_135' title='bbox 1853 1323 1926 1410; x_wconf 82' lang='lat' dir='ltr'><strong>par&#39;ai</strong></span> <span class='ocrx_word' id='word_1_136' title='bbox 1942 1351 2000 1394; x_wconf 92' lang='lat' dir='ltr'><strong>mo·</strong></span> 
     </span>
     <span class='ocr_line' id='line_1_12' title="bbox 363 1416 2000 1501; baseline 0.005 -26"><span class='ocrx_word' id='word_1_137' title='bbox 363 1416 434 1493; x_wconf 82' lang='lat' dir='ltr'><strong>lapi,</strong></span> <span class='ocrx_word' id='word_1_138' title='bbox 453 1433 522 1476; x_wconf 85' lang='lat' dir='ltr'><strong>cum</strong></span> <span class='ocrx_word' id='word_1_139' title='bbox 534 1437 608 1494; x_wconf 85' lang='lat' dir='ltr'><strong>pars</strong></span> <span class='ocrx_word' id='word_1_140' title='bbox 623 1419 811 1490; x_wconf 82' lang='lat' dir='ltr'><strong>delrabliur,·</strong></span> <span class='ocrx_word' id='word_1_141' title='bbox 825 1421 990 1495; x_wconf 85' lang='lat' dir='ltr'><strong>abropaiur</strong></span> <span class='ocrx_word' id='word_1_142' title='bbox 1006 1421 1073 1497; x_wconf 82' lang='lat' dir='ltr'><strong>lapi,</strong></span> <span class='ocrx_word' id='word_1_143' title='bbox 1097 1439 1165 1480; x_wconf 78' lang='lat' dir='ltr'><strong>cua:</strong></span> <span class='ocrx_word' id='word_1_144' title='bbox 1200 1428 1281 1484; x_wconf 90' lang='lat' dir='ltr'><strong>menti</strong></span> <span class='ocrx_word' id='word_1_145' title='bbox 1301 1434 1364 1495; x_wconf 85' lang='lat' dir='ltr'><strong>est,</strong></span> <span class='ocrx_word' id='word_1_146' title='bbox 1380 1429 1444 1500; x_wconf 88' lang='lat' dir='ltr'><strong>quia</strong></span> <span class='ocrx_word' id='word_1_147' title='bbox 1465 1427 1523 1486; x_wconf 89' lang='lat' dir='ltr'><strong>sola</strong></span> <span class='ocrx_word' id='word_1_148' title='bbox 1544 1428 1619 1485; x_wconf 88' lang='lat' dir='ltr'><strong>vocis</strong></span> <span class='ocrx_word' id='word_1_149' title='bbox 1637 1429 1858 1501; x_wconf 87' lang='lat' dir='ltr'><strong>interpretatione</strong></span> <span class='ocrx_word' id='word_1_150' title='bbox 1874 1427 2000 1485; x_wconf 83' lang='lat' dir='ltr'><strong>dissolri·</strong></span> 
     </span>
     <span class='ocr_line' id='line_1_13' title="bbox 360 1509 2012 1589; baseline 0.005 -25"><span class='ocrx_word' id='word_1_151' title='bbox 360 1524 486 1584; x_wconf 79' lang='lat' dir='ltr'><strong>prorsas</strong></span> <span class='ocrx_word' id='word_1_152' title='bbox 499 1509 622 1567; x_wconf 85' lang='lat' dir='ltr'><strong>tollitur.</strong></span> <span class='ocrx_word' id='word_1_153' title='bbox 633 1512 710 1569; x_wconf 91' lang='lat' dir='ltr'><strong>Unde</strong></span> <span class='ocrx_word' id='word_1_154' title='bbox 724 1513 804 1570; x_wconf 89' lang='lat' dir='ltr'><strong>etlam</strong></span> <span class='ocrx_word' id='word_1_155' title='bbox 816 1513 882 1570; x_wconf 84' lang='lat' dir='ltr'><strong>dixit</strong></span> <span class='ocrx_word' id='word_1_156' title='bbox 893 1517 1019 1572; x_wconf 81' lang='lat' dir='ltr'><strong>bactani.</strong></span> <span class='ocrx_word' id='word_1_157' title='bbox 1028 1513 1046 1570; x_wconf 92' lang='grc' dir='ltr'><strong>Ι.</strong></span> <span class='ocrx_word' id='word_1_158' title='bbox 1056 1519 1083 1586; x_wconf 85' lang='lat' dir='ltr'><strong>ll,</strong></span> <span class='ocrx_word' id='word_1_159' title='bbox 1095 1529 1122 1572; x_wconf 83' lang='lat' dir='ltr'><strong>c.</strong></span> <span class='ocrx_word' id='word_1_160' title='bbox 1137 1521 1164 1587; x_wconf 86' lang='grc'><strong>8,·</strong></span> <span class='ocrx_word' id='word_1_161' title='bbox 1200 1523 1261 1574; x_wconf 89' lang='lat' dir='ltr'><strong>tur:</strong></span> <span class='ocrx_word' id='word_1_162' title='bbox 1279 1517 1366 1588; x_wconf 88' lang='lat' dir='ltr'><strong>posita</strong></span> <span class='ocrx_word' id='word_1_163' title='bbox 1380 1523 1470 1573; x_wconf 90' lang='lat' dir='ltr'><strong>autem</strong></span> <span class='ocrx_word' id='word_1_164' title='bbox 1484 1523 1528 1574; x_wconf 84' lang='lat' dir='ltr'><strong>est</strong></span> <span class='ocrx_word' id='word_1_165' title='bbox 1541 1516 1573 1572; x_wconf 92' lang='lat' dir='ltr'><strong>ad</strong></span> <span class='ocrx_word' id='word_1_166' title='bbox 1585 1517 1778 1589; x_wconf 90' lang='lat' dir='ltr'><strong>explicandum</strong></span> <span class='ocrx_word' id='word_1_167' title='bbox 1790 1519 1874 1589; x_wconf 84' lang='lat' dir='ltr'><strong>magis</strong></span> <span class='ocrx_word' id='word_1_168' title='bbox 1895 1515 2012 1587; x_wconf 68' lang='lat' dir='ltr'><strong>actum,⁸</strong></span> 
     </span>
     <span class='ocr_line' id='line_1_14' title="bbox 363 1597 2000 1680; baseline 0.004 -26"><span class='ocrx_word' id='word_1_169' title='bbox 363 1597 397 1654; x_wconf 90' lang='lat' dir='ltr'><strong>de</strong></span> <span class='ocrx_word' id='word_1_170' title='bbox 413 1597 471 1670; x_wconf 87' lang='lat' dir='ltr'><strong>lega</strong></span> <span class='ocrx_word' id='word_1_171' title='bbox 490 1599 621 1656; x_wconf 89' lang='lat' dir='ltr'><strong>naturali:</strong></span> <span class='ocrx_word' id='word_1_172' title='bbox 642 1605 741 1674; x_wconf 84' lang='lat' dir='ltr'><strong>Neque</strong></span> <span class='ocrx_word' id='word_1_173' title='bbox 760 1618 799 1659; x_wconf 79' lang='lat' dir='ltr'><strong>es</strong></span> <span class='ocrx_word' id='word_1_174' title='bbox 814 1603 874 1660; x_wconf 84' lang='lat' dir='ltr'><strong>loc</strong></span> <span class='ocrx_word' id='word_1_175' title='bbox 892 1603 1033 1677; x_wconf 71' lang='lat' dir='ltr'><strong>derogari</strong></span> <span class='ocrx_word' id='word_1_176' title='bbox 1049 1603 1166 1677; x_wconf 68' lang='grc' dir='ltr'><strong>αὶίρτιὶά</strong></span> <span class='ocrx_word' id='word_1_177' title='bbox 1202 1609 1227 1662; x_wconf 90' lang='lat' dir='ltr'><strong>in</strong></span> <span class='ocrx_word' id='word_1_178' title='bbox 1248 1623 1306 1680; x_wconf 90' lang='lat' dir='ltr'><strong>quo</strong></span> <span class='ocrx_word' id='word_1_179' title='bbox 1326 1607 1494 1678; x_wconf 87' lang='lat' dir='ltr'><strong>dispensatio</strong></span> <span class='ocrx_word' id='word_1_180' title='bbox 1514 1607 1647 1664; x_wconf 90' lang='lat' dir='ltr'><strong>consistit.</strong></span> <span class='ocrx_word' id='word_1_181' title='bbox 1673 1608 1714 1664; x_wconf 76' lang='lat' dir='ltr'><strong>ed</strong></span> <span class='ocrx_word' id='word_1_182' title='bbox 1736 1608 1913 1664; x_wconf 87' lang='lat' dir='ltr'><strong>abiectionem</strong></span> <span class='ocrx_word' id='word_1_183' title='bbox 1932 1620 2000 1678; x_wconf 91' lang='lat' dir='ltr'><strong>ergo</strong></span> 
     </span>
     <span class='ocr_line' id='line_1_15' title="bbox 363 1684 2001 1769; baseline 0.005 -27"><span class='ocrx_word' id='word_1_184' title='bbox 363 1684 447 1749; x_wconf 85' lang='lat' dir='ltr'><strong>iicet,</strong></span> <span class='ocrx_word' id='word_1_185' title='bbox 464 1704 555 1762; x_wconf 84' lang='lat' dir='ltr'><strong>aeque</strong></span> <span class='ocrx_word' id='word_1_186' title='bbox 567 1705 689 1763; x_wconf 85' lang='lat' dir='ltr'><strong>prorsus</strong></span> <span class='ocrx_word' id='word_1_187' title='bbox 702 1689 776 1755; x_wconf 87' lang='lat' dir='ltr'><strong>tolli.</strong></span> <span class='ocrx_word' id='word_1_188' title='bbox 795 1707 828 1748; x_wconf 90' lang='lat' dir='ltr'><strong>ex</strong></span> <span class='ocrx_word' id='word_1_189' title='bbox 842 1693 930 1750; x_wconf 84' lang='lat' dir='ltr'><strong>Cicer.</strong></span> <span class='ocrx_word' id='word_1_190' title='bbox 939 1692 985 1750; x_wconf 93' lang='lat' dir='ltr'><strong>lib.</strong></span> <span class='ocrx_word' id='word_1_191' title='bbox 1001 1693 1070 1751; x_wconf 60' lang='lat' dir='ltr'><strong>:ade</strong></span> <span class='ocrx_word' id='word_1_192' title='bbox 1084 1709 1166 1765; x_wconf 89' lang='lat' dir='ltr'><strong>repu-</strong></span> <span class='ocrx_word' id='word_1_193' title='bbox 1204 1696 1401 1769; x_wconf 90' lang='lat' dir='ltr'><strong>respondetur,</strong></span> <span class='ocrx_word' id='word_1_194' title='bbox 1421 1696 1595 1753; x_wconf 83' lang='lat' dir='ltr'><strong>relaxationis</strong></span> <span class='ocrx_word' id='word_1_195' title='bbox 1609 1698 1717 1753; x_wconf 91' lang='lat' dir='ltr'><strong>nomine</strong></span> <span class='ocrx_word' id='word_1_196' title='bbox 1732 1697 1843 1768; x_wconf 88' lang='lat' dir='ltr'><strong>intelligi</strong></span> <span class='ocrx_word' id='word_1_197' title='bbox 1857 1702 1951 1752; x_wconf 90' lang='lat' dir='ltr'><strong>actum</strong></span> <span class='ocrx_word' id='word_1_198' title='bbox 1965 1694 2001 1750; x_wconf 93' lang='lat' dir='ltr'><strong>il·</strong></span> 
     </span>
     <span class='ocr_line' id='line_1_16' title="bbox 362 1775 2002 1864; baseline 0.004 -30"><span class='ocrx_word' id='word_1_199' title='bbox 362 1775 443 1834; x_wconf 89' lang='lat' dir='ltr'><strong>blica.</strong></span> <span class='ocrx_word' id='word_1_200' title='bbox 461 1778 512 1835; x_wconf 87' lang='lat' dir='ltr'><strong>Sed</strong></span> <span class='ocrx_word' id='word_1_201' title='bbox 536 1779 588 1835; x_wconf 91' lang='lat' dir='ltr'><strong>boo</strong></span> <span class='ocrx_word' id='word_1_202' title='bbox 609 1780 691 1836; x_wconf 92' lang='lat' dir='ltr'><strong>etiam</strong></span> <span class='ocrx_word' id='word_1_203' title='bbox 711 1788 803 1852; x_wconf 88' lang='lat' dir='ltr'><strong>potest</strong></span> <span class='ocrx_word' id='word_1_204' title='bbox 825 1782 994 1855; x_wconf 88' lang='lat' dir='ltr'><strong>impugnari,</strong></span> <span class='ocrx_word' id='word_1_205' title='bbox 1016 1785 1080 1857; x_wconf 93' lang='lat' dir='ltr'><strong>quia</strong></span> <span class='ocrx_word' id='word_1_206' title='bbox 1101 1783 1167 1840; x_wconf 88' lang='lat' dir='ltr'><strong>licei</strong></span> <span class='ocrx_word' id='word_1_207' title='bbox 1201 1786 1276 1864; x_wconf 82' lang='lat' dir='ltr'><strong>lum,</strong></span> <span class='ocrx_word' id='word_1_208' title='bbox 1299 1801 1354 1858; x_wconf 87' lang='lat' dir='ltr'><strong>quo</strong></span> <span class='ocrx_word' id='word_1_209' title='bbox 1376 1785 1502 1856; x_wconf 84' lang='lat' dir='ltr'><strong>superior</strong></span> <span class='ocrx_word' id='word_1_210' title='bbox 1522 1784 1628 1843; x_wconf 90' lang='lat' dir='ltr'><strong>relaxat</strong></span> <span class='ocrx_word' id='word_1_211' title='bbox 1648 1785 1757 1844; x_wconf 84' lang='lat' dir='ltr'><strong>subdito</strong></span> <span class='ocrx_word' id='word_1_212' title='bbox 1779 1786 1847 1858; x_wconf 86' lang='lat' dir='ltr'><strong>legis</strong></span> <span class='ocrx_word' id='word_1_213' title='bbox 1862 1783 2002 1857; x_wconf 89' lang='lat' dir='ltr'><strong>obligatio·</strong></span> 
     </span>
    </p>
   </div>
   <div class='ocr_carea' id='block_1_3' title="bbox 206 1866 2000 1952">
    <p class='ocr_par' dir='ltr' id='par_1_9' title="bbox 206 1866 2000 1952">
     <span class='ocr_line' id='line_1_17' title="bbox 206 1866 2000 1952; baseline 0.003 -30"><span class='ocrx_word' id='word_1_214' title='bbox 206 1933 209 1939; x_wconf 24' lang='grc'>1</span> <span class='ocrx_word' id='word_1_215' title='bbox 275 1949 276 1952; x_wconf 8' lang='lat'>¹</span> <span class='ocrx_word' id='word_1_216' title='bbox 368 1867 457 1923; x_wconf 88' lang='lat' dir='ltr'><strong>omnis</strong></span> <span class='ocrx_word' id='word_1_217' title='bbox 471 1866 637 1939; x_wconf 87' lang='lat' dir='ltr'><strong>dispensatio</strong></span> <span class='ocrx_word' id='word_1_218' title='bbox 652 1871 688 1925; x_wconf 89' lang='lat' dir='ltr'><strong>ait</strong></span> <span class='ocrx_word' id='word_1_219' title='bbox 701 1869 835 1942; x_wconf 89' lang='lat' dir='ltr'><strong>quaedam</strong></span> <span class='ocrx_word' id='word_1_220' title='bbox 851 1873 919 1928; x_wconf 89' lang='lat' dir='ltr'><strong>iuris</strong></span> <span class='ocrx_word' id='word_1_221' title='bbox 933 1872 1162 1946; x_wconf 90' lang='lat' dir='ltr'><strong>derogatio,non</strong></span> <span class='ocrx_word' id='word_1_222' title='bbox 1201 1883 1323 1947; x_wconf 89' lang='lat' dir='ltr'><strong>nem,at</strong></span> <span class='ocrx_word' id='word_1_223' title='bbox 1335 1875 1568 1945; x_wconf 87' lang='lat' dir='ltr'><strong>allectum,unde</strong></span> <span class='ocrx_word' id='word_1_224' title='bbox 1582 1875 1693 1948; x_wconf 89' lang='lat' dir='ltr'><strong>perinde</strong></span> <span class='ocrx_word' id='word_1_225' title='bbox 1707 1880 1749 1932; x_wconf 87' lang='lat' dir='ltr'><strong>est</strong></span> <span class='ocrx_word' id='word_1_226' title='bbox 1767 1874 1872 1949; x_wconf 84' lang='lat' dir='ltr'><strong>dicere,</strong></span> <span class='ocrx_word' id='word_1_227' title='bbox 1888 1873 2000 1944; x_wconf 89' lang='lat' dir='ltr'><strong>dispen·</strong></span> 
     </span>
    </p>
   </div>
   <div class='ocr_carea' id='block_1_4' title="bbox 363 1959 1999 2037">
    <p class='ocr_par' dir='ltr' id='par_1_10' title="bbox 363 1959 1999 2037">
     <span class='ocr_line' id='line_1_18' title="bbox 363 1959 1999 2037; baseline 0.002 -23"><span class='ocrx_word' id='word_1_228' title='bbox 363 1965 455 2014; x_wconf 90' lang='lat' dir='ltr'><strong>tamen</strong></span> <span class='ocrx_word' id='word_1_229' title='bbox 477 1972 493 2015; x_wconf 87' lang='lat' dir='ltr'><strong>a</strong></span> <span class='ocrx_word' id='word_1_230' title='bbox 513 1959 652 2015; x_wconf 87' lang='lat' dir='ltr'><strong>contrario</strong></span> <span class='ocrx_word' id='word_1_231' title='bbox 674 1962 762 2015; x_wconf 89' lang='lat' dir='ltr'><strong>omnis</strong></span> <span class='ocrx_word' id='word_1_232' title='bbox 782 1961 924 2034; x_wconf 83' lang='lat' dir='ltr'><strong>derogatio</strong></span> <span class='ocrx_word' id='word_1_233' title='bbox 945 1962 1013 2035; x_wconf 86' lang='lat' dir='ltr'><strong>legis</strong></span> <span class='ocrx_word' id='word_1_234' title='bbox 1031 1961 1165 2018; x_wconf 88' lang='lat' dir='ltr'><strong>humanae</strong></span> <span class='ocrx_word' id='word_1_235' title='bbox 1201 1967 1335 2022; x_wconf 87' lang='lat' dir='ltr'><strong>salionem</strong></span> <span class='ocrx_word' id='word_1_236' title='bbox 1355 1979 1416 2022; x_wconf 88' lang='lat' dir='ltr'><strong>csse</strong></span> <span class='ocrx_word' id='word_1_237' title='bbox 1436 1963 1646 2037; x_wconf 87' lang='lat' dir='ltr'><strong>relaxationem,</strong></span> <span class='ocrx_word' id='word_1_238' title='bbox 1662 1981 1694 2022; x_wconf 92' lang='lat' dir='ltr'><strong>ac</strong></span> <span class='ocrx_word' id='word_1_239' title='bbox 1708 1965 1801 2022; x_wconf 87' lang='lat' dir='ltr'><strong>dicare</strong></span> <span class='ocrx_word' id='word_1_240' title='bbox 1814 1980 1876 2022; x_wconf 88' lang='lat' dir='ltr'><strong>csse</strong></span> <span class='ocrx_word' id='word_1_241' title='bbox 1894 1971 1999 2035; x_wconf 88' lang='lat' dir='ltr'><strong>actum,</strong></span> 
     </span>
    </p>
   </div>
   <div class='ocr_carea' id='block_1_5' title="bbox 257 2047 2002 2129">
    <p class='ocr_par' dir='ltr' id='par_1_11' title="bbox 257 2047 2002 2129">
     <span class='ocr_line' id='line_1_19' title="bbox 257 2047 2002 2129; baseline 0.005 -26"><span class='ocrx_word' id='word_1_242' title='bbox 257 2073 260 2087; x_wconf 83' lang='lat'><em>=</em></span> <span class='ocrx_word' id='word_1_243' title='bbox 362 2047 470 2105; x_wconf 84' lang='lat' dir='ltr'><strong>videtur</strong></span> <span class='ocrx_word' id='word_1_244' title='bbox 495 2063 555 2104; x_wconf 90' lang='lat' dir='ltr'><strong>esse</strong></span> <span class='ocrx_word' id='word_1_245' title='bbox 575 2047 757 2120; x_wconf 85' lang='lat' dir='ltr'><strong>dispensatio:</strong></span> <span class='ocrx_word' id='word_1_246' title='bbox 778 2067 841 2108; x_wconf 90' lang='lat' dir='ltr'><strong>nam</strong></span> <span class='ocrx_word' id='word_1_247' title='bbox 863 2053 884 2108; x_wconf 89' lang='lat' dir='ltr'><strong>si</strong></span> <span class='ocrx_word' id='word_1_248' title='bbox 905 2067 969 2125; x_wconf 89' lang='lat' dir='ltr'><strong>pare</strong></span> <span class='ocrx_word' id='word_1_249' title='bbox 990 2053 1083 2124; x_wconf 88' lang='lat' dir='ltr'><strong>aliqua</strong></span> <span class='ocrx_word' id='word_1_250' title='bbox 1098 2051 1165 2124; x_wconf 88' lang='lat' dir='ltr'><strong>legis</strong></span> <span class='ocrx_word' id='word_1_251' title='bbox 1201 2071 1256 2128; x_wconf 90' lang='lat' dir='ltr'><strong>quo</strong></span> <span class='ocrx_word' id='word_1_252' title='bbox 1278 2055 1321 2112; x_wconf 89' lang='lat' dir='ltr'><strong>lex</strong></span> <span class='ocrx_word' id='word_1_253' title='bbox 1342 2055 1607 2113; x_wconf 87' lang='lat' dir='ltr'><strong>relaxatur.·Potcst</strong></span> <span class='ocrx_word' id='word_1_254' title='bbox 1626 2057 1709 2112; x_wconf 85' lang='lat' dir='ltr'><strong>etiam</strong></span> <span class='ocrx_word' id='word_1_255' title='bbox 1721 2055 1852 2129; x_wconf 90' lang='lat' dir='ltr'><strong>distingui</strong></span> <span class='ocrx_word' id='word_1_256' title='bbox 1872 2055 2002 2113; x_wconf 80' lang='lat' dir='ltr'><strong>relaxatio</strong></span> 
     </span>
    </p>
   </div>
   <div class='ocr_carea' id='block_1_6' title="bbox 307 2140 2055 4731">
    <p class='ocr_par' dir='ltr' id='par_1_12' title="bbox 307 2140 2055 4731">
     <span class='ocr_line' id='line_1_20' title="bbox 363 2140 2002 2218; baseline 0.006 -26"><span class='ocrx_word' id='word_1_257' title='bbox 363 2151 414 2208; x_wconf 93' lang='lat' dir='ltr'><strong>pro</strong></span> <span class='ocrx_word' id='word_1_258' title='bbox 430 2143 490 2202; x_wconf 86' lang='lat' dir='ltr'><strong>¹tota</strong></span> <span class='ocrx_word' id='word_1_259' title='bbox 515 2141 710 2195; x_wconf 88' lang='lat' dir='ltr'><strong>communitate</strong></span> <span class='ocrx_word' id='word_1_260' title='bbox 726 2140 884 2214; x_wconf 86' lang='lat' dir='ltr'><strong>auleratur,</strong></span> <span class='ocrx_word' id='word_1_261' title='bbox 904 2147 947 2198; x_wconf 88' lang='lat' dir='ltr'><strong>est</strong></span> <span class='ocrx_word' id='word_1_262' title='bbox 960 2142 1070 2214; x_wconf 88' lang='lat' dir='ltr'><strong>propria</strong></span> <span class='ocrx_word' id='word_1_263' title='bbox 1085 2140 1165 2198; x_wconf 91' lang='lat' dir='ltr'><strong>dero·</strong></span> <span class='ocrx_word' id='word_1_264' title='bbox 1204 2146 1229 2201; x_wconf 91' lang='lat' dir='ltr'><strong>in</strong></span> <span class='ocrx_word' id='word_1_265' title='bbox 1251 2147 1369 2203; x_wconf 80' lang='lat' dir='ltr'><strong>activam</strong></span> <span class='ocrx_word' id='word_1_266' title='bbox 1384 2151 1412 2201; x_wconf 91' lang='lat' dir='ltr'><strong>et</strong></span> <span class='ocrx_word' id='word_1_267' title='bbox 1426 2145 1577 2218; x_wconf 78' lang='lat' dir='ltr'><strong>passivam,</strong></span> <span class='ocrx_word' id='word_1_268' title='bbox 1592 2149 1620 2201; x_wconf 91' lang='lat' dir='ltr'><strong>et</strong></span> <span class='ocrx_word' id='word_1_269' title='bbox 1633 2145 1808 2218; x_wconf 87' lang='lat' dir='ltr'><strong>responderi,</strong></span> <span class='ocrx_word' id='word_1_270' title='bbox 1824 2149 1943 2203; x_wconf 77' lang='lat' dir='ltr'><strong>activam</strong></span> <span class='ocrx_word' id='word_1_271' title='bbox 1957 2159 2002 2202; x_wconf 92' lang='lat' dir='ltr'><strong>re·</strong></span> 
     </span>
     <span class='ocr_line' id='line_1_21' title="bbox 362 2227 2055 2308; baseline 0.005 -26"><span class='ocrx_word' id='word_1_272' title='bbox 362 2227 451 2300; x_wconf 71' lang='lat' dir='ltr'><strong>gotio:</strong></span> <span class='ocrx_word' id='word_1_273' title='bbox 467 2233 496 2284; x_wconf 89' lang='lat' dir='ltr'><strong>et</strong></span> <span class='ocrx_word' id='word_1_274' title='bbox 510 2233 602 2284; x_wconf 89' lang='lat' dir='ltr'><strong>tamen</strong></span> <span class='ocrx_word' id='word_1_275' title='bbox 615 2243 667 2283; x_wconf 91' lang='lat' dir='ltr'><strong>non</strong></span> <span class='ocrx_word' id='word_1_276' title='bbox 680 2228 790 2286; x_wconf 88' lang='lat' dir='ltr'><strong>dicatur</strong></span> <span class='ocrx_word' id='word_1_277' title='bbox 801 2229 984 2303; x_wconf 87' lang='lat' dir='ltr'><strong>dispensatio,</strong></span> <span class='ocrx_word' id='word_1_278' title='bbox 1000 2233 1063 2304; x_wconf 85' lang='lat' dir='ltr'><strong>quia</strong></span> <span class='ocrx_word' id='word_1_279' title='bbox 1080 2230 1114 2288; x_wconf 91' lang='lat' dir='ltr'><strong>de</strong></span> <span class='ocrx_word' id='word_1_280' title='bbox 1122 2247 1165 2287; x_wconf 90' lang='lat' dir='ltr'><strong>ra·</strong></span> <span class='ocrx_word' id='word_1_281' title='bbox 1202 2233 1367 2291; x_wconf 87' lang='lat' dir='ltr'><strong>laxationem</strong></span> <span class='ocrx_word' id='word_1_282' title='bbox 1393 2248 1455 2290; x_wconf 88' lang='lat' dir='ltr'><strong>esse</strong></span> <span class='ocrx_word' id='word_1_283' title='bbox 1480 2236 1567 2306; x_wconf 88' lang='lat' dir='ltr'><strong>ipsam</strong></span> <span class='ocrx_word' id='word_1_284' title='bbox 1590 2234 1837 2307; x_wconf 88' lang='lat' dir='ltr'><strong>dispensationem,</strong></span> <span class='ocrx_word' id='word_1_285' title='bbox 1862 2236 2000 2308; x_wconf 82' lang='lat' dir='ltr'><strong>passivam</strong></span> <span class='ocrx_word' id='word_1_286' title='bbox 2051 2259 2055 2273; x_wconf 84' lang='lat'><strong>·</strong></span> 
     </span>
     <span class='ocr_line' id='line_1_22' title="bbox 362 2315 1999 2394; baseline 0.004 -21"><span class='ocrx_word' id='word_1_287' title='bbox 362 2316 435 2374; x_wconf 92' lang='lat' dir='ltr'><strong>tione</strong></span> <span class='ocrx_word' id='word_1_288' title='bbox 450 2315 661 2389; x_wconf 88' lang='lat' dir='ltr'><strong>dispensationis</strong></span> <span class='ocrx_word' id='word_1_289' title='bbox 672 2319 741 2393; x_wconf 88' lang='lat' dir='ltr'><strong>legis</strong></span> <span class='ocrx_word' id='word_1_290' title='bbox 752 2336 813 2377; x_wconf 85' lang='lat' dir='ltr'><strong>esse</strong></span> <span class='ocrx_word' id='word_1_291' title='bbox 825 2320 948 2394; x_wconf 83' lang='lat' dir='ltr'><strong>ridetur,</strong></span> <span class='ocrx_word' id='word_1_292' title='bbox 959 2329 988 2379; x_wconf 90' lang='lat' dir='ltr'><strong>ut</strong></span> <span class='ocrx_word' id='word_1_293' title='bbox 1001 2322 1096 2379; x_wconf 88' lang='lat' dir='ltr'><strong>eadem</strong></span> <span class='ocrx_word' id='word_1_294' title='bbox 1108 2321 1163 2393; x_wconf 89' lang='lat' dir='ltr'><strong>lex,</strong></span> <span class='ocrx_word' id='word_1_295' title='bbox 1201 2338 1265 2380; x_wconf 88' lang='lat' dir='ltr'><strong>raro</strong></span> <span class='ocrx_word' id='word_1_296' title='bbox 1282 2339 1347 2380; x_wconf 87' lang='lat' dir='ltr'><strong>esse</strong></span> <span class='ocrx_word' id='word_1_297' title='bbox 1365 2322 1576 2394; x_wconf 90' lang='lat' dir='ltr'><strong>dispensationis</strong></span> <span class='ocrx_word' id='word_1_298' title='bbox 1590 2323 1731 2382; x_wconf 86' lang='lat' dir='ltr'><strong>ellectum.</strong></span> <span class='ocrx_word' id='word_1_299' title='bbox 1747 2326 1783 2382; x_wconf 81' lang='lat' dir='ltr'><strong>Et</strong></span> <span class='ocrx_word' id='word_1_300' title='bbox 1796 2324 1865 2382; x_wconf 90' lang='lat' dir='ltr'><strong>idem</strong></span> <span class='ocrx_word' id='word_1_301' title='bbox 1881 2325 1999 2382; x_wconf 82' lang='lat' dir='ltr'><strong>revolvi·</strong></span> 
     </span>
     <span class='ocr_line' id='line_1_23' title="bbox 365 2406 1996 2487; baseline 0.004 -25"><span class='ocrx_word' id='word_1_302' title='bbox 365 2413 447 2478; x_wconf 90' lang='lat' dir='ltr'><strong>prout</strong></span> <span class='ocrx_word' id='word_1_303' title='bbox 463 2423 511 2480; x_wconf 91' lang='grc' dir='ltr'>ρετ</span> <span class='ocrx_word' id='word_1_304' title='bbox 525 2406 754 2479; x_wconf 86' lang='lat' dir='ltr'><strong>dispensationem</strong></span> <span class='ocrx_word' id='word_1_305' title='bbox 771 2410 925 2484; x_wconf 87' lang='lat' dir='ltr'><strong>relaxatur,</strong></span> <span class='ocrx_word' id='word_1_306' title='bbox 937 2413 1013 2470; x_wconf 88' lang='lat' dir='ltr'><strong>circa</strong></span> <span class='ocrx_word' id='word_1_307' title='bbox 1026 2411 1163 2485; x_wconf 84' lang='lat' dir='ltr'><strong>quosdam</strong></span> <span class='ocrx_word' id='word_1_308' title='bbox 1202 2419 1258 2485; x_wconf 71' lang='lat' dir='ltr'><strong>tur,</strong></span> <span class='ocrx_word' id='word_1_309' title='bbox 1270 2427 1333 2470; x_wconf 90' lang='lat' dir='ltr'><strong>nam</strong></span> <span class='ocrx_word' id='word_1_310' title='bbox 1344 2413 1432 2470; x_wconf 82' lang='lat' dir='ltr'><strong>activa</strong></span> <span class='ocrx_word' id='word_1_311' title='bbox 1445 2413 1572 2469; x_wconf 84' lang='lat' dir='ltr'><strong>relaxatio</strong></span> <span class='ocrx_word' id='word_1_312' title='bbox 1582 2413 1645 2470; x_wconf 90' lang='lat' dir='ltr'><strong>nibil</strong></span> <span class='ocrx_word' id='word_1_313' title='bbox 1660 2420 1702 2471; x_wconf 90' lang='lat' dir='ltr'><strong>est</strong></span> <span class='ocrx_word' id='word_1_314' title='bbox 1713 2413 1799 2486; x_wconf 88' lang='lat' dir='ltr'><strong>allud,</strong></span> <span class='ocrx_word' id='word_1_315' title='bbox 1811 2429 1894 2487; x_wconf 87' lang='lat' dir='ltr'><strong>quam</strong></span> <span class='ocrx_word' id='word_1_316' title='bbox 1906 2421 1996 2484; x_wconf 89' lang='lat' dir='ltr'><strong>actus,</strong></span> 
     </span>
     <span class='ocr_line' id='line_1_24' title="bbox 307 2483 1999 2577; baseline 0.003 -23"><span class='ocrx_word' id='word_1_317' title='bbox 307 2525 312 2532; x_wconf 92' lang='lat'>·</span> <span class='ocrx_word' id='word_1_318' title='bbox 366 2496 493 2570; x_wconf 86' lang='lat' dir='ltr'><strong>tollatur,</strong></span> <span class='ocrx_word' id='word_1_319' title='bbox 506 2483 531 2554; x_wconf 85' lang='lat' dir='ltr'><strong>in</strong></span> <span class='ocrx_word' id='word_1_320' title='bbox 549 2514 578 2554; x_wconf 90' lang='lat' dir='ltr'><strong>se</strong></span> <span class='ocrx_word' id='word_1_321' title='bbox 592 2513 656 2555; x_wconf 83' lang='lat' dir='ltr'><strong>aero</strong></span> <span class='ocrx_word' id='word_1_322' title='bbox 668 2506 784 2557; x_wconf 87' lang='lat' dir='ltr'><strong>mancat.</strong></span> <span class='ocrx_word' id='word_1_323' title='bbox 797 2503 900 2559; x_wconf 89' lang='lat' dir='ltr'><strong>Nomen</strong></span> <span class='ocrx_word' id='word_1_324' title='bbox 913 2509 1005 2560; x_wconf 90' lang='lat' dir='ltr'><strong>autem</strong></span> <span class='ocrx_word' id='word_1_325' title='bbox 1020 2502 1165 2560; x_wconf 90' lang='lat' dir='ltr'><strong>relaxatio·</strong></span> <span class='ocrx_word' id='word_1_326' title='bbox 1204 2519 1260 2577; x_wconf 88' lang='lat' dir='ltr'><strong>quo</strong></span> <span class='ocrx_word' id='word_1_327' title='bbox 1282 2501 1423 2560; x_wconf 84' lang='lat' dir='ltr'><strong>vinculum</strong></span> <span class='ocrx_word' id='word_1_328' title='bbox 1444 2503 1510 2576; x_wconf 87' lang='lat' dir='ltr'><strong>legis</strong></span> <span class='ocrx_word' id='word_1_329' title='bbox 1532 2502 1660 2560; x_wconf 79' lang='lat' dir='ltr'><strong>solvitur.</strong></span> <span class='ocrx_word' id='word_1_330' title='bbox 1676 2505 1753 2563; x_wconf 89' lang='lat' dir='ltr'><strong>Unde</strong></span> <span class='ocrx_word' id='word_1_331' title='bbox 1772 2505 1861 2561; x_wconf 83' lang='lat' dir='ltr'><strong>obiter</strong></span> <span class='ocrx_word' id='word_1_332' title='bbox 1875 2503 1999 2577; x_wconf 89' lang='lat' dir='ltr'><strong>intelllgi-</strong></span> 
     </span>
     <span class='ocr_line' id='line_1_25' title="bbox 365 2581 2000 2666; baseline 0.004 -22"><span class='ocrx_word' id='word_1_333' title='bbox 365 2588 408 2644; x_wconf 85' lang='lat' dir='ltr'><strong>nis</strong></span> <span class='ocrx_word' id='word_1_334' title='bbox 423 2588 523 2659; x_wconf 89' lang='lat' dir='ltr'><strong>optima</strong></span> <span class='ocrx_word' id='word_1_335' title='bbox 539 2590 648 2645; x_wconf 90' lang='lat' dir='ltr'><strong>retineri</strong></span> <span class='ocrx_word' id='word_1_336' title='bbox 662 2595 767 2660; x_wconf 89' lang='lat' dir='ltr'><strong>potest,</strong></span> <span class='ocrx_word' id='word_1_337' title='bbox 782 2591 847 2664; x_wconf 88' lang='lat' dir='ltr'><strong>quin</strong></span> <span class='ocrx_word' id='word_1_338' title='bbox 860 2581 886 2648; x_wconf 86' lang='lat' dir='ltr'><strong>in</strong></span> <span class='ocrx_word' id='word_1_339' title='bbox 901 2591 1166 2664; x_wconf 88' lang='lat' dir='ltr'><strong>ipsometindicatur</strong></span> <span class='ocrx_word' id='word_1_340' title='bbox 1185 2595 1188 2604; x_wconf 77' lang='grc'>’</span> <span class='ocrx_word' id='word_1_341' title='bbox 1204 2599 1272 2664; x_wconf 88' lang='lat' dir='ltr'><strong>tur,</strong></span> <span class='ocrx_word' id='word_1_342' title='bbox 1294 2593 1525 2666; x_wconf 87' lang='lat' dir='ltr'><strong>dispensationem</strong></span> <span class='ocrx_word' id='word_1_343' title='bbox 1546 2593 1637 2666; x_wconf 90' lang='lat' dir='ltr'><strong>quoad</strong></span> <span class='ocrx_word' id='word_1_344' title='bbox 1655 2595 1785 2652; x_wconf 87' lang='lat' dir='ltr'><strong>ellectum</strong></span> <span class='ocrx_word' id='word_1_345' title='bbox 1800 2609 1880 2651; x_wconf 87' lang='lat' dir='ltr'><strong>auum</strong></span> <span class='ocrx_word' id='word_1_346' title='bbox 1896 2600 2000 2651; x_wconf 89' lang='lat' dir='ltr'><strong>tantum</strong></span> 
     </span>
     <span class='ocr_line' id='line_1_26' title="bbox 317 2677 2001 2757; baseline 0.004 -24"><span class='ocrx_word' id='word_1_347' title='bbox 317 2695 326 2710; x_wconf 91' lang='lat'><strong>·</strong></span> <span class='ocrx_word' id='word_1_348' title='bbox 366 2677 521 2749; x_wconf 84' lang='lat' dir='ltr'><strong>vinculum,</strong></span> <span class='ocrx_word' id='word_1_349' title='bbox 538 2677 612 2751; x_wconf 85' lang='lat' dir='ltr'><strong>quod</strong></span> <span class='ocrx_word' id='word_1_350' title='bbox 631 2679 775 2746; x_wconf 86' lang='lat' dir='ltr'><strong>aulcrtur,</strong></span> <span class='ocrx_word' id='word_1_351' title='bbox 788 2697 841 2737; x_wconf 93' lang='lat' dir='ltr'><strong>non</strong></span> <span class='ocrx_word' id='word_1_352' title='bbox 855 2679 974 2755; x_wconf 89' lang='lat' dir='ltr'><strong>anlerrl,</strong></span> <span class='ocrx_word' id='word_1_353' title='bbox 987 2691 1035 2738; x_wconf 89' lang='lat' dir='ltr'><strong>aut</strong></span> <span class='ocrx_word' id='word_1_354' title='bbox 1048 2697 1162 2754; x_wconf 88' lang='lat' dir='ltr'><strong>prorsus</strong></span> <span class='ocrx_word' id='word_1_355' title='bbox 1201 2685 1333 2756; x_wconf 82' lang='lat' dir='ltr'><strong>privative</strong></span> <span class='ocrx_word' id='word_1_356' title='bbox 1348 2685 1448 2757; x_wconf 92' lang='lat' dir='ltr'><strong>opponi</strong></span> <span class='ocrx_word' id='word_1_357' title='bbox 1461 2683 1570 2741; x_wconf 82' lang='lat' dir='ltr'><strong>effectui</strong></span> <span class='ocrx_word' id='word_1_358' title='bbox 1585 2685 1668 2757; x_wconf 86' lang='lat' dir='ltr'><strong>legis,</strong></span> <span class='ocrx_word' id='word_1_359' title='bbox 1683 2685 1749 2757; x_wconf 82' lang='lat' dir='ltr'><strong>qaria</strong></span> <span class='ocrx_word' id='word_1_360' title='bbox 1764 2701 1817 2741; x_wconf 93' lang='lat' dir='ltr'><strong>non</strong></span> <span class='ocrx_word' id='word_1_361' title='bbox 1830 2684 1936 2741; x_wconf 83' lang='lat' dir='ltr'><strong>inducit</strong></span> <span class='ocrx_word' id='word_1_362' title='bbox 1952 2699 2001 2756; x_wconf 90' lang='lat' dir='ltr'><strong>po·</strong></span> 
     </span>
     <span class='ocr_line' id='line_1_27' title="bbox 364 2766 2001 2846; baseline 0.004 -22"><span class='ocrx_word' id='word_1_363' title='bbox 364 2767 443 2836; x_wconf 90' lang='lat' dir='ltr'><strong>tolli,</strong></span> <span class='ocrx_word' id='word_1_364' title='bbox 458 2766 506 2825; x_wconf 90' lang='lat' dir='ltr'><strong>aed</strong></span> <span class='ocrx_word' id='word_1_365' title='bbox 525 2767 609 2824; x_wconf 90' lang='lat' dir='ltr'><strong>laxari</strong></span> <span class='ocrx_word' id='word_1_366' title='bbox 624 2775 730 2826; x_wconf 90' lang='lat' dir='ltr'><strong>tantum</strong></span> <span class='ocrx_word' id='word_1_367' title='bbox 741 2790 749 2842; x_wconf 66' lang='grc' dir='ltr'><strong>ς</strong></span> <span class='ocrx_word' id='word_1_368' title='bbox 761 2776 789 2827; x_wconf 91' lang='lat' dir='ltr'><strong>at</strong></span> <span class='ocrx_word' id='word_1_369' title='bbox 799 2771 859 2828; x_wconf 91' lang='lat' dir='ltr'><strong>ideo</strong></span> <span class='ocrx_word' id='word_1_370' title='bbox 871 2772 1013 2845; x_wconf 90' lang='lat' dir='ltr'><strong>abrogatio</strong></span> <span class='ocrx_word' id='word_1_371' title='bbox 1025 2787 1079 2829; x_wconf 94' lang='lat' dir='ltr'><strong>non</strong></span> <span class='ocrx_word' id='word_1_372' title='bbox 1091 2769 1165 2830; x_wconf 89' lang='lat' dir='ltr'><strong>dica·</strong></span> <span class='ocrx_word' id='word_1_373' title='bbox 1201 2775 1312 2832; x_wconf 89' lang='lat' dir='ltr'><strong>sitivum</strong></span> <span class='ocrx_word' id='word_1_374' title='bbox 1332 2774 1477 2846; x_wconf 80' lang='lat' dir='ltr'><strong>ellectum,</strong></span> <span class='ocrx_word' id='word_1_375' title='bbox 1494 2773 1542 2830; x_wconf 89' lang='lat' dir='ltr'><strong>sed</strong></span> <span class='ocrx_word' id='word_1_376' title='bbox 1563 2771 1633 2830; x_wconf 89' lang='lat' dir='ltr'><strong>tollit</strong></span> <span class='ocrx_word' id='word_1_377' title='bbox 1653 2772 1803 2831; x_wconf 87' lang='lat' dir='ltr'><strong>vinculum.</strong></span> <span class='ocrx_word' id='word_1_378' title='bbox 1821 2775 1855 2830; x_wconf 87' lang='lat' dir='ltr'><strong>Et</strong></span> <span class='ocrx_word' id='word_1_379' title='bbox 1868 2773 1930 2830; x_wconf 88' lang='lat' dir='ltr'><strong>idco</strong></span> <span class='ocrx_word' id='word_1_380' title='bbox 1945 2769 2001 2830; x_wconf 79' lang='lat' dir='ltr'><strong>ala·</strong></span> 
     </span>
     <span class='ocr_line' id='line_1_28' title="bbox 366 2849 2000 2937; baseline 0.002 -23"><span class='ocrx_word' id='word_1_381' title='bbox 366 2863 412 2914; x_wconf 90' lang='lat' dir='ltr'><strong>tur</strong></span> <span class='ocrx_word' id='word_1_382' title='bbox 425 2859 535 2930; x_wconf 89' lang='lat' dir='ltr'><strong>propria</strong></span> <span class='ocrx_word' id='word_1_383' title='bbox 553 2857 700 2928; x_wconf 79' lang='lat' dir='ltr'><strong>relaxatio,</strong></span> <span class='ocrx_word' id='word_1_384' title='bbox 716 2859 831 2933; x_wconf 86' lang='lat' dir='ltr'><strong>ideoque</strong></span> <span class='ocrx_word' id='word_1_385' title='bbox 845 2862 926 2919; x_wconf 89' lang='lat' dir='ltr'><strong>etiem</strong></span> <span class='ocrx_word' id='word_1_386' title='bbox 942 2849 1043 2918; x_wconf 85' lang='lat' dir='ltr'><strong>ablatio</strong></span> <span class='ocrx_word' id='word_1_387' title='bbox 1057 2863 1118 2918; x_wconf 90' lang='lat' dir='ltr'><strong>sius</strong></span> <span class='ocrx_word' id='word_1_388' title='bbox 1131 2879 1163 2919; x_wconf 88' lang='lat' dir='ltr'><strong>cx</strong></span> <span class='ocrx_word' id='word_1_389' title='bbox 1203 2870 1293 2922; x_wconf 91' lang='lat' dir='ltr'><strong>tntum</strong></span> <span class='ocrx_word' id='word_1_390' title='bbox 1309 2863 1427 2935; x_wconf 89' lang='lat' dir='ltr'><strong>speciale</strong></span> <span class='ocrx_word' id='word_1_391' title='bbox 1442 2861 1483 2920; x_wconf 83' lang='lat' dir='ltr'><strong>rel</strong></span> <span class='ocrx_word' id='word_1_392' title='bbox 1499 2863 1636 2935; x_wconf 79' lang='lat' dir='ltr'><strong>privatum</strong></span> <span class='ocrx_word' id='word_1_393' title='bbox 1650 2863 1785 2937; x_wconf 88' lang='lat' dir='ltr'><strong>derogans</strong></span> <span class='ocrx_word' id='word_1_394' title='bbox 1800 2861 1947 2920; x_wconf 87' lang='lat' dir='ltr'><strong>universali</strong></span> <span class='ocrx_word' id='word_1_395' title='bbox 1962 2862 2000 2918; x_wconf 92' lang='lat' dir='ltr'><strong>la-</strong></span> 
     </span>
     <span class='ocr_line' id='line_1_29' title="bbox 366 2947 2054 3028; baseline 0.005 -26"><span class='ocrx_word' id='word_1_396' title='bbox 366 2953 458 3020; x_wconf 88' lang='lat' dir='ltr'><strong>parts,</strong></span> <span class='ocrx_word' id='word_1_397' title='bbox 474 2947 537 3004; x_wconf 87' lang='lat' dir='ltr'><strong>licet</strong></span> <span class='ocrx_word' id='word_1_398' title='bbox 556 2949 578 3004; x_wconf 90' lang='lat' dir='ltr'><strong>si</strong></span> <span class='ocrx_word' id='word_1_399' title='bbox 592 2957 727 3020; x_wconf 87' lang='lat' dir='ltr'><strong>perpetua</strong></span> <span class='ocrx_word' id='word_1_400' title='bbox 740 2951 793 3020; x_wconf 88' lang='lat' dir='ltr'><strong>sit,</strong></span> <span class='ocrx_word' id='word_1_401' title='bbox 809 2957 837 3008; x_wconf 90' lang='lat' dir='ltr'><strong>et</strong></span> <span class='ocrx_word' id='word_1_402' title='bbox 847 2967 896 3022; x_wconf 89' lang='lat' dir='ltr'><strong>pro</strong></span> <span class='ocrx_word' id='word_1_403' title='bbox 909 2958 966 3009; x_wconf 90' lang='lat' dir='ltr'><strong>tota</strong></span> <span class='ocrx_word' id='word_1_404' title='bbox 978 2954 1162 3008; x_wconf 87' lang='lat' dir='ltr'><strong>communita·</strong></span> <span class='ocrx_word' id='word_1_405' title='bbox 1200 2955 1243 3028; x_wconf 90' lang='lat' dir='ltr'><strong>gi,</strong></span> <span class='ocrx_word' id='word_1_406' title='bbox 1260 2954 1325 3012; x_wconf 86' lang='lat' dir='ltr'><strong>licet</strong></span> <span class='ocrx_word' id='word_1_407' title='bbox 1345 2953 1400 3010; x_wconf 89' lang='lat' dir='ltr'><strong>dici</strong></span> <span class='ocrx_word' id='word_1_408' title='bbox 1421 2955 1508 3025; x_wconf 89' lang='lat' dir='ltr'><strong>possit</strong></span> <span class='ocrx_word' id='word_1_409' title='bbox 1527 2953 1658 3010; x_wconf 82' lang='lat' dir='ltr'><strong>relaxatio</strong></span> <span class='ocrx_word' id='word_1_410' title='bbox 1673 2954 1754 3028; x_wconf 87' lang='lat' dir='ltr'><strong>iuris,</strong></span> <span class='ocrx_word' id='word_1_411' title='bbox 1769 2971 1823 3011; x_wconf 92' lang='lat' dir='ltr'><strong>non</strong></span> <span class='ocrx_word' id='word_1_412' title='bbox 1838 2959 1929 3027; x_wconf 89' lang='lat' dir='ltr'><strong>potest</strong></span> <span class='ocrx_word' id='word_1_413' title='bbox 1945 2953 2001 3010; x_wconf 89' lang='lat' dir='ltr'><strong>dici</strong></span> <span class='ocrx_word' id='word_1_414' title='bbox 2049 2957 2054 2966; x_wconf 88' lang='grc'><em>“</em></span> 
     </span>
     <span class='ocr_line' id='line_1_30' title="bbox 366 3033 2002 3117; baseline 0.005 -25"><span class='ocrx_word' id='word_1_415' title='bbox 366 3043 408 3110; x_wconf 89' lang='lat' dir='ltr'><strong>ta,</strong></span> <span class='ocrx_word' id='word_1_416' title='bbox 426 3053 480 3093; x_wconf 92' lang='lat' dir='ltr'><strong>non</strong></span> <span class='ocrx_word' id='word_1_417' title='bbox 500 3036 602 3094; x_wconf 88' lang='lat' dir='ltr'><strong>dicitur</strong></span> <span class='ocrx_word' id='word_1_418' title='bbox 623 3040 731 3111; x_wconf 85' lang='lat' dir='ltr'><strong>proprie</strong></span> <span class='ocrx_word' id='word_1_419' title='bbox 749 3033 931 3112; x_wconf 86' lang='lat' dir='ltr'><strong>dispensatio,</strong></span> <span class='ocrx_word' id='word_1_420' title='bbox 946 3041 995 3099; x_wconf 90' lang='lat' dir='ltr'><strong>sed</strong></span> <span class='ocrx_word' id='word_1_421' title='bbox 1008 3041 1161 3116; x_wconf 72' lang='lat' dir='ltr'><strong>derogatio:</strong></span> <span class='ocrx_word' id='word_1_422' title='bbox 1200 3045 1382 3117; x_wconf 82' lang='lat' dir='ltr'><strong>dispensatio,</strong></span> <span class='ocrx_word' id='word_1_423' title='bbox 1397 3045 1460 3116; x_wconf 89' lang='lat' dir='ltr'><strong>quia</strong></span> <span class='ocrx_word' id='word_1_424' title='bbox 1478 3059 1532 3099; x_wconf 93' lang='lat' dir='ltr'><strong>non</strong></span> <span class='ocrx_word' id='word_1_425' title='bbox 1547 3050 1589 3100; x_wconf 90' lang='lat' dir='ltr'><strong>cat</strong></span> <span class='ocrx_word' id='word_1_426' title='bbox 1609 3044 1738 3102; x_wconf 87' lang='lat' dir='ltr'><strong>relaxatio</strong></span> <span class='ocrx_word' id='word_1_427' title='bbox 1752 3060 1840 3117; x_wconf 86' lang='lat' dir='ltr'><strong>pura,</strong></span> <span class='ocrx_word' id='word_1_428' title='bbox 1858 3051 1890 3101; x_wconf 93' lang='lat' dir='ltr'><strong>ut</strong></span> <span class='ocrx_word' id='word_1_429' title='bbox 1903 3045 1942 3101; x_wconf 88' lang='lat' dir='ltr'><strong>sic</strong></span> <span class='ocrx_word' id='word_1_430' title='bbox 1957 3043 2002 3100; x_wconf 92' lang='lat' dir='ltr'><strong>di·</strong></span> 
     </span>
     <span class='ocr_line' id='line_1_31' title="bbox 366 3127 2001 3208; baseline 0.005 -26"><span class='ocrx_word' id='word_1_431' title='bbox 366 3127 534 3184; x_wconf 87' lang='lat' dir='ltr'><strong>econtrario</strong></span> <span class='ocrx_word' id='word_1_432' title='bbox 552 3143 617 3184; x_wconf 84' lang='lat' dir='ltr'><strong>vero</strong></span> <span class='ocrx_word' id='word_1_433' title='bbox 632 3128 654 3183; x_wconf 93' lang='lat' dir='ltr'><strong>si</strong></span> <span class='ocrx_word' id='word_1_434' title='bbox 666 3128 709 3185; x_wconf 86' lang='lat' dir='ltr'><strong>lex</strong></span> <span class='ocrx_word' id='word_1_435' title='bbox 719 3135 776 3186; x_wconf 91' lang='lat' dir='ltr'><strong>tota</strong></span> <span class='ocrx_word' id='word_1_436' title='bbox 787 3129 939 3202; x_wconf 88' lang='lat' dir='ltr'><strong>relaxetur,</strong></span> <span class='ocrx_word' id='word_1_437' title='bbox 951 3133 1031 3189; x_wconf 88' lang='lat' dir='ltr'><strong>etiam</strong></span> <span class='ocrx_word' id='word_1_438' title='bbox 1043 3148 1094 3205; x_wconf 91' lang='lat' dir='ltr'><strong>pro</strong></span> <span class='ocrx_word' id='word_1_439' title='bbox 1109 3138 1165 3189; x_wconf 92' lang='lat' dir='ltr'><strong>tota</strong></span> <span class='ocrx_word' id='word_1_440' title='bbox 1202 3150 1263 3191; x_wconf 89' lang='lat' dir='ltr'><strong>cem</strong></span> <span class='ocrx_word' id='word_1_441' title='bbox 1277 3173 1284 3205; x_wconf 98' lang='lat'><strong>,</strong></span> <span class='ocrx_word' id='word_1_442' title='bbox 1300 3149 1350 3189; x_wconf 89' lang='lat' dir='ltr'><strong>nae</strong></span> <span class='ocrx_word' id='word_1_443' title='bbox 1372 3149 1420 3206; x_wconf 91' lang='lat' dir='ltr'><strong>per</strong></span> <span class='ocrx_word' id='word_1_444' title='bbox 1440 3147 1469 3189; x_wconf 90' lang='lat' dir='ltr'><strong>se</strong></span> <span class='ocrx_word' id='word_1_445' title='bbox 1490 3133 1594 3204; x_wconf 90' lang='lat' dir='ltr'><strong>primo,</strong></span> <span class='ocrx_word' id='word_1_446' title='bbox 1612 3133 1659 3190; x_wconf 87' lang='lat' dir='ltr'><strong>sed</strong></span> <span class='ocrx_word' id='word_1_447' title='bbox 1680 3133 1758 3208; x_wconf 87' lang='lat' dir='ltr'><strong>quasi</strong></span> <span class='ocrx_word' id='word_1_448' title='bbox 1778 3149 1950 3206; x_wconf 87' lang='lat' dir='ltr'><strong>consequens</strong></span> <span class='ocrx_word' id='word_1_449' title='bbox 1964 3131 2001 3190; x_wconf 90' lang='lat' dir='ltr'><strong>ad</strong></span> 
     </span>
     <span class='ocr_line' id='line_1_32' title="bbox 366 3216 2002 3296; baseline 0.002 -23"><span class='ocrx_word' id='word_1_450' title='bbox 366 3216 577 3287; x_wconf 88' lang='lat' dir='ltr'><strong>communitate,</strong></span> <span class='ocrx_word' id='word_1_451' title='bbox 598 3216 631 3274; x_wconf 92' lang='lat' dir='ltr'><strong>ad</strong></span> <span class='ocrx_word' id='word_1_452' title='bbox 647 3233 733 3274; x_wconf 91' lang='lat' dir='ltr'><strong>unum</strong></span> <span class='ocrx_word' id='word_1_453' title='bbox 749 3226 854 3276; x_wconf 87' lang='lat' dir='ltr'><strong>tantum</strong></span> <span class='ocrx_word' id='word_1_454' title='bbox 869 3227 981 3290; x_wconf 89' lang='lat' dir='ltr'><strong>actum,</strong></span> <span class='ocrx_word' id='word_1_455' title='bbox 998 3221 1038 3278; x_wconf 86' lang='lat' dir='ltr'><strong>rel</strong></span> <span class='ocrx_word' id='word_1_456' title='bbox 1054 3219 1165 3280; x_wconf 87' lang='lat' dir='ltr'><strong>ad&#39;csr·</strong></span> <span class='ocrx_word' id='word_1_457' title='bbox 1203 3223 1282 3280; x_wconf 89' lang='lat' dir='ltr'><strong>ellam</strong></span> <span class='ocrx_word' id='word_1_458' title='bbox 1304 3222 1516 3296; x_wconf 83' lang='lat' dir='ltr'><strong>obligationem:</strong></span> <span class='ocrx_word' id='word_1_459' title='bbox 1538 3221 1657 3280; x_wconf 86' lang='lat' dir='ltr'><strong>definitio</strong></span> <span class='ocrx_word' id='word_1_460' title='bbox 1677 3228 1769 3279; x_wconf 75' lang='lat' dir='ltr'><strong>atatem</strong></span> <span class='ocrx_word' id='word_1_461' title='bbox 1789 3221 1871 3279; x_wconf 89' lang='lat' dir='ltr'><strong>debet</strong></span> <span class='ocrx_word' id='word_1_462' title='bbox 1887 3221 2002 3294; x_wconf 86' lang='lat' dir='ltr'><strong>intelligi</strong></span> 
     </span>
     <span class='ocr_line' id='line_1_33' title="bbox 366 3305 2003 3386; baseline 0.002 -24"><span class='ocrx_word' id='word_1_463' title='bbox 366 3315 426 3362; x_wconf 93' lang='lat' dir='ltr'><strong>tum</strong></span> <span class='ocrx_word' id='word_1_464' title='bbox 452 3311 577 3378; x_wconf 87' lang='lat' dir='ltr'><strong>tempus,</strong></span> <span class='ocrx_word' id='word_1_465' title='bbox 593 3305 637 3364; x_wconf 90' lang='lat' dir='ltr'><strong>ille</strong></span> <span class='ocrx_word' id='word_1_466' title='bbox 657 3311 765 3379; x_wconf 89' lang='lat' dir='ltr'><strong>proprie</strong></span> <span class='ocrx_word' id='word_1_467' title='bbox 780 3309 891 3367; x_wconf 88' lang='lat' dir='ltr'><strong>dicetur</strong></span> <span class='ocrx_word' id='word_1_468' title='bbox 903 3309 1085 3384; x_wconf 89' lang='lat' dir='ltr'><strong>dispensatio,</strong></span> <span class='ocrx_word' id='word_1_469' title='bbox 1101 3313 1166 3386; x_wconf 85' lang='lat' dir='ltr'><strong>qula</strong></span> <span class='ocrx_word' id='word_1_470' title='bbox 1199 3312 1234 3369; x_wconf 88' lang='lat' dir='ltr'><strong>de</strong></span> <span class='ocrx_word' id='word_1_471' title='bbox 1254 3328 1322 3384; x_wconf 89' lang='lat' dir='ltr'><strong>pura</strong></span> <span class='ocrx_word' id='word_1_472' title='bbox 1341 3310 1520 3380; x_wconf 86' lang='lat' dir='ltr'><strong>relaxatione,</strong></span> <span class='ocrx_word' id='word_1_473' title='bbox 1535 3317 1564 3368; x_wconf 88' lang='lat' dir='ltr'><strong>et</strong></span> <span class='ocrx_word' id='word_1_474' title='bbox 1582 3327 1631 3383; x_wconf 90' lang='lat' dir='ltr'><strong>per</strong></span> <span class='ocrx_word' id='word_1_475' title='bbox 1651 3327 1681 3368; x_wconf 91' lang='lat' dir='ltr'><strong>se</strong></span> <span class='ocrx_word' id='word_1_476' title='bbox 1695 3313 1782 3383; x_wconf 92' lang='lat' dir='ltr'><strong>primo</strong></span> <span class='ocrx_word' id='word_1_477' title='bbox 1797 3313 1915 3381; x_wconf 69' lang='lat' dir='ltr'><strong>intenta:</strong></span> <span class='ocrx_word' id='word_1_478' title='bbox 1937 3309 2003 3367; x_wconf 91' lang='lat' dir='ltr'><strong>talis</strong></span> 
     </span>
     <span class='ocr_line' id='line_1_34' title="bbox 366 3395 2003 3474; baseline 0.004 -24"><span class='ocrx_word' id='word_1_479' title='bbox 366 3411 416 3468; x_wconf 90' lang='lat' dir='ltr'><strong>per</strong></span> <span class='ocrx_word' id='word_1_480' title='bbox 438 3395 512 3453; x_wconf 90' lang='lat' dir='ltr'><strong>illam</strong></span> <span class='ocrx_word' id='word_1_481' title='bbox 536 3410 588 3452; x_wconf 90' lang='lat' dir='ltr'><strong>non</strong></span> <span class='ocrx_word' id='word_1_482' title='bbox 610 3397 715 3454; x_wconf 88' lang='lat' dir='ltr'><strong>tollitur</strong></span> <span class='ocrx_word' id='word_1_483' title='bbox 730 3398 789 3471; x_wconf 89' lang='lat' dir='ltr'><strong>lex,</strong></span> <span class='ocrx_word' id='word_1_484' title='bbox 804 3399 851 3457; x_wconf 91' lang='lat' dir='ltr'><strong>sed</strong></span> <span class='ocrx_word' id='word_1_485' title='bbox 868 3402 1064 3474; x_wconf 89' lang='lat' dir='ltr'><strong>suspenditur,</strong></span> <span class='ocrx_word' id='word_1_486' title='bbox 1078 3408 1107 3458; x_wconf 92' lang='lat' dir='ltr'><strong>et</strong></span> <span class='ocrx_word' id='word_1_487' title='bbox 1120 3401 1165 3459; x_wconf 89' lang='lat' dir='ltr'><strong>illa</strong></span> <span class='ocrx_word' id='word_1_488' title='bbox 1199 3395 1271 3458; x_wconf 85' lang='lat' dir='ltr'><strong>enim</strong></span> <span class='ocrx_word' id='word_1_489' title='bbox 1285 3406 1329 3458; x_wconf 90' lang='lat' dir='ltr'><strong>ast</strong></span> <span class='ocrx_word' id='word_1_490' title='bbox 1342 3400 1499 3472; x_wconf 86' lang='lat' dir='ltr'><strong>disputatio.</strong></span> <span class='ocrx_word' id='word_1_491' title='bbox 1516 3404 1550 3458; x_wconf 77' lang='lat' dir='ltr'><strong>At</strong></span> <span class='ocrx_word' id='word_1_492' title='bbox 1562 3416 1628 3458; x_wconf 84' lang='lat' dir='ltr'><strong>vero</strong></span> <span class='ocrx_word' id='word_1_493' title='bbox 1642 3399 1810 3472; x_wconf 88' lang='lat' dir='ltr'><strong>dispensatio</strong></span> <span class='ocrx_word' id='word_1_494' title='bbox 1827 3403 1885 3474; x_wconf 89' lang='lat' dir='ltr'><strong>ipsa</strong></span> <span class='ocrx_word' id='word_1_495' title='bbox 1905 3401 2003 3473; x_wconf 89' lang='lat' dir='ltr'><strong>positi-</strong></span> 
     </span>
     <span class='ocr_line' id='line_1_35' title="bbox 366 3484 2002 3563; baseline 0.001 -19"><span class='ocrx_word' id='word_1_496' title='bbox 366 3484 447 3544; x_wconf 86' lang='lat' dir='ltr'><strong>etlam</strong></span> <span class='ocrx_word' id='word_1_497' title='bbox 464 3491 507 3542; x_wconf 89' lang='lat' dir='ltr'><strong>est</strong></span> <span class='ocrx_word' id='word_1_498' title='bbox 519 3486 654 3559; x_wconf 89' lang='lat' dir='ltr'><strong>quaedam</strong></span> <span class='ocrx_word' id='word_1_499' title='bbox 669 3487 810 3544; x_wconf 88' lang='lat' dir='ltr'><strong>relaxatio.</strong></span> <span class='ocrx_word' id='word_1_500' title='bbox 1200 3505 1266 3548; x_wconf 83' lang='lat' dir='ltr'><strong>rum</strong></span> <span class='ocrx_word' id='word_1_501' title='bbox 1280 3489 1415 3563; x_wconf 88' lang='lat' dir='ltr'><strong>quidest,</strong></span> <span class='ocrx_word' id='word_1_502' title='bbox 1430 3494 1458 3547; x_wconf 88' lang='lat' dir='ltr'><strong>et</strong></span> <span class='ocrx_word' id='word_1_503' title='bbox 1471 3490 1607 3546; x_wconf 88' lang='lat' dir='ltr'><strong>contrarie</strong></span> <span class='ocrx_word' id='word_1_504' title='bbox 1622 3491 1769 3561; x_wconf 91' lang='lat' dir='ltr'><strong>opponitur</strong></span> <span class='ocrx_word' id='word_1_505' title='bbox 1782 3490 1851 3563; x_wconf 79' lang='lat' dir='ltr'><strong>legi3</strong></span> <span class='ocrx_word' id='word_1_506' title='bbox 1864 3495 1909 3546; x_wconf 89' lang='lat' dir='ltr'><strong>est</strong></span> <span class='ocrx_word' id='word_1_507' title='bbox 1924 3489 2002 3546; x_wconf 89' lang='lat' dir='ltr'><strong>caim</strong></span> 
     </span>
     <span class='ocr_line' id='line_1_36' title="bbox 407 3576 1999 3654; baseline 0.002 -21"><span class='ocrx_word' id='word_1_508' title='bbox 407 3576 432 3633; x_wconf 86' lang='lat' dir='ltr'><strong>l.</strong></span> <span class='ocrx_word' id='word_1_509' title='bbox 449 3577 540 3632; x_wconf 78' lang='lat' dir='ltr'><strong>Altera</strong></span> <span class='ocrx_word' id='word_1_510' title='bbox 560 3576 676 3635; x_wconf 90' lang='lat' dir='ltr'><strong>obiectio</strong></span> <span class='ocrx_word' id='word_1_511' title='bbox 698 3593 757 3634; x_wconf 88' lang='lat' dir='ltr'><strong>esse</strong></span> <span class='ocrx_word' id='word_1_512' title='bbox 778 3584 884 3653; x_wconf 89' lang='lat' dir='ltr'><strong>potest,</strong></span> <span class='ocrx_word' id='word_1_513' title='bbox 906 3582 971 3654; x_wconf 88' lang='lat' dir='ltr'><strong>quia</strong></span> <span class='ocrx_word' id='word_1_514' title='bbox 991 3579 1165 3654; x_wconf 79' lang='lat' dir='ltr'><strong>privilegium</strong></span> <span class='ocrx_word' id='word_1_515' title='bbox 1200 3588 1280 3638; x_wconf 88' lang='lat' dir='ltr'><strong>actus</strong></span> <span class='ocrx_word' id='word_1_516' title='bbox 1295 3580 1346 3654; x_wconf 85' lang='lat' dir='ltr'><strong>legi</strong></span> <span class='ocrx_word' id='word_1_517' title='bbox 1361 3581 1537 3651; x_wconf 90' lang='lat' dir='ltr'><strong>contrarius,</strong></span> <span class='ocrx_word' id='word_1_518' title='bbox 1550 3595 1605 3636; x_wconf 93' lang='lat' dir='ltr'><strong>non</strong></span> <span class='ocrx_word' id='word_1_519' title='bbox 1617 3581 1738 3652; x_wconf 85' lang='lat' dir='ltr'><strong>integra,</strong></span> <span class='ocrx_word' id='word_1_520' title='bbox 1752 3579 1799 3636; x_wconf 89' lang='lat' dir='ltr'><strong>aed</strong></span> <span class='ocrx_word' id='word_1_521' title='bbox 1812 3595 1846 3637; x_wconf 86' lang='lat' dir='ltr'><strong>ox</strong></span> <span class='ocrx_word' id='word_1_522' title='bbox 1856 3585 1931 3651; x_wconf 88' lang='lat' dir='ltr'><strong>parte</strong></span> <span class='ocrx_word' id='word_1_523' title='bbox 1945 3579 1999 3636; x_wconf 92' lang='lat' dir='ltr'><strong>tol·</strong></span> 
     </span>
     <span class='ocr_line' id='line_1_37' title="bbox 367 3665 1999 3742; baseline 0.001 -20"><span class='ocrx_word' id='word_1_524' title='bbox 367 3666 449 3722; x_wconf 88' lang='lat' dir='ltr'><strong>etiam</strong></span> <span class='ocrx_word' id='word_1_525' title='bbox 469 3676 513 3723; x_wconf 87' lang='lat' dir='ltr'><strong>ast</strong></span> <span class='ocrx_word' id='word_1_526' title='bbox 533 3665 663 3724; x_wconf 87' lang='lat' dir='ltr'><strong>relaxatio</strong></span> <span class='ocrx_word' id='word_1_527' title='bbox 677 3668 745 3724; x_wconf 88' lang='lat' dir='ltr'><strong>iuris</strong></span> <span class='ocrx_word' id='word_1_528' title='bbox 760 3666 871 3725; x_wconf 91' lang='lat' dir='ltr'><strong>bumanl</strong></span> <span class='ocrx_word' id='word_1_529' title='bbox 886 3712 894 3742; x_wconf 84' lang='lat'><strong>,</strong></span> <span class='ocrx_word' id='word_1_530' title='bbox 908 3677 937 3726; x_wconf 92' lang='lat' dir='ltr'><strong>et</strong></span> <span class='ocrx_word' id='word_1_531' title='bbox 949 3679 1041 3729; x_wconf 90' lang='lat' dir='ltr'><strong>tamen</strong></span> <span class='ocrx_word' id='word_1_532' title='bbox 1056 3687 1110 3727; x_wconf 94' lang='lat' dir='ltr'><strong>non</strong></span> <span class='ocrx_word' id='word_1_533' title='bbox 1124 3676 1167 3726; x_wconf 91' lang='lat' dir='ltr'><strong>est</strong></span> <span class='ocrx_word' id='word_1_534' title='bbox 1200 3668 1258 3726; x_wconf 88' lang='lat' dir='ltr'><strong>lene</strong></span> <span class='ocrx_word' id='word_1_535' title='bbox 1269 3669 1397 3736; x_wconf 81' lang='lat' dir='ltr'><strong>ellectum</strong></span> <span class='ocrx_word' id='word_1_536' title='bbox 1409 3669 1480 3736; x_wconf 81' lang='lat' dir='ltr'><strong>eius.</strong></span> <span class='ocrx_word' id='word_1_537' title='bbox 1491 3669 1530 3726; x_wconf 82' lang='lat' dir='ltr'><strong>Ex</strong></span> <span class='ocrx_word' id='word_1_538' title='bbox 1542 3685 1597 3742; x_wconf 87' lang='lat' dir='ltr'><strong>quo</strong></span> <span class='ocrx_word' id='word_1_539' title='bbox 1609 3675 1718 3741; x_wconf 90' lang='lat' dir='ltr'><strong>poterat</strong></span> <span class='ocrx_word' id='word_1_540' title='bbox 1729 3669 1772 3725; x_wconf 89' lang='lat' dir='ltr'><strong>bic</strong></span> <span class='ocrx_word' id='word_1_541' title='bbox 1783 3670 1896 3726; x_wconf 89' lang='lat' dir='ltr'><strong>excitari</strong></span> <span class='ocrx_word' id='word_1_542' title='bbox 1909 3683 1999 3742; x_wconf 83' lang='lat' dir='ltr'><strong>quae-</strong></span> 
     </span>
     <span class='ocr_line' id='line_1_38' title="bbox 366 3754 1998 3833; baseline 0.002 -22"><span class='ocrx_word' id='word_1_543' title='bbox 366 3754 541 3828; x_wconf 87' lang='lat' dir='ltr'><strong>dlspensatio.</strong></span> <span class='ocrx_word' id='word_1_544' title='bbox 566 3759 681 3828; x_wconf 87' lang='lat' dir='ltr'><strong>Propter</strong></span> <span class='ocrx_word' id='word_1_545' title='bbox 695 3756 748 3814; x_wconf 88' lang='lat' dir='ltr'><strong>boo</strong></span> <span class='ocrx_word' id='word_1_546' title='bbox 762 3758 845 3831; x_wconf 89' lang='lat' dir='ltr'><strong>aliqui</strong></span> <span class='ocrx_word' id='word_1_547' title='bbox 860 3761 948 3817; x_wconf 84' lang='lat' dir='ltr'><strong>varias</strong></span> <span class='ocrx_word' id='word_1_548' title='bbox 963 3759 1076 3818; x_wconf 91' lang='lat' dir='ltr'><strong>tradunt</strong></span> <span class='ocrx_word' id='word_1_549' title='bbox 1089 3760 1166 3818; x_wconf 84' lang='lat' dir='ltr'><strong>dilia-</strong></span> <span class='ocrx_word' id='word_1_550' title='bbox 1200 3761 1271 3831; x_wconf 84' lang='lat' dir='ltr'><strong>etio,</strong></span> <span class='ocrx_word' id='word_1_551' title='bbox 1287 3759 1412 3833; x_wconf 83' lang='lat' dir='ltr'><strong>quisnam</strong></span> <span class='ocrx_word' id='word_1_552' title='bbox 1427 3760 1462 3817; x_wconf 87' lang='lat' dir='ltr'><strong>eit</strong></span> <span class='ocrx_word' id='word_1_553' title='bbox 1477 3760 1520 3816; x_wconf 88' lang='lat' dir='ltr'><strong>bic</strong></span> <span class='ocrx_word' id='word_1_554' title='bbox 1534 3766 1627 3829; x_wconf 85' lang='lat' dir='ltr'><strong>actua,</strong></span> <span class='ocrx_word' id='word_1_555' title='bbox 1643 3759 1669 3815; x_wconf 95' lang='lat' dir='ltr'><strong>in</strong></span> <span class='ocrx_word' id='word_1_556' title='bbox 1683 3775 1741 3832; x_wconf 83' lang='lat' dir='ltr'><strong>quo</strong></span> <span class='ocrx_word' id='word_1_557' title='bbox 1752 3759 1916 3832; x_wconf 89' lang='lat' dir='ltr'><strong>dispensatio</strong></span> <span class='ocrx_word' id='word_1_558' title='bbox 1928 3773 1998 3815; x_wconf 91' lang='lat' dir='ltr'><strong>con·</strong></span> 
     </span>
     <span class='ocr_line' id='line_1_39' title="bbox 367 3845 2001 3921; baseline 0.001 -20"><span class='ocrx_word' id='word_1_559' title='bbox 367 3846 468 3901; x_wconf 87' lang='lat' dir='ltr'><strong>rentias</strong></span> <span class='ocrx_word' id='word_1_560' title='bbox 483 3846 553 3902; x_wconf 89' lang='lat' dir='ltr'><strong>inter</strong></span> <span class='ocrx_word' id='word_1_561' title='bbox 563 3845 735 3918; x_wconf 75' lang='lat' dir='ltr'><strong>privilegium</strong></span> <span class='ocrx_word' id='word_1_562' title='bbox 750 3854 778 3903; x_wconf 92' lang='lat' dir='ltr'><strong>et</strong></span> <span class='ocrx_word' id='word_1_563' title='bbox 787 3847 1032 3919; x_wconf 86' lang='lat' dir='ltr'><strong>dispensationem,</strong></span> <span class='ocrx_word' id='word_1_564' title='bbox 1046 3849 1095 3907; x_wconf 87' lang='lat' dir='ltr'><strong>aed</strong></span> <span class='ocrx_word' id='word_1_565' title='bbox 1109 3866 1164 3907; x_wconf 91' lang='lat' dir='ltr'><strong>me·</strong></span> <span class='ocrx_word' id='word_1_566' title='bbox 1200 3849 1289 3917; x_wconf 88' lang='lat' dir='ltr'><strong>sistit,</strong></span> <span class='ocrx_word' id='word_1_567' title='bbox 1310 3854 1338 3905; x_wconf 90' lang='lat' dir='ltr'><strong>et</strong></span> <span class='ocrx_word' id='word_1_568' title='bbox 1357 3865 1390 3905; x_wconf 87' lang='lat' dir='ltr'><strong>an</strong></span> <span class='ocrx_word' id='word_1_569' title='bbox 1411 3850 1447 3906; x_wconf 90' lang='lat' dir='ltr'><strong>sit</strong></span> <span class='ocrx_word' id='word_1_570' title='bbox 1465 3848 1594 3921; x_wconf 87' lang='lat' dir='ltr'><strong>rationis,</strong></span> <span class='ocrx_word' id='word_1_571' title='bbox 1609 3848 1652 3905; x_wconf 83' lang='lat' dir='ltr'><strong>rel</strong></span> <span class='ocrx_word' id='word_1_572' title='bbox 1671 3847 1820 3908; x_wconf 85' lang='lat' dir='ltr'><strong>voluntatis</strong></span> <span class='ocrx_word' id='word_1_573' title='bbox 1834 3855 1929 3905; x_wconf 86' lang='lat' dir='ltr'><strong>actus:</strong></span> <span class='ocrx_word' id='word_1_574' title='bbox 1950 3845 2001 3903; x_wconf 90' lang='lat' dir='ltr'><strong>sed</strong></span> 
     </span>
     <span class='ocr_line' id='line_1_40' title="bbox 368 3933 2000 4011; baseline 0.001 -21"><span class='ocrx_word' id='word_1_575' title='bbox 368 3934 422 3990; x_wconf 89' lang='lat' dir='ltr'><strong>lius</strong></span> <span class='ocrx_word' id='word_1_576' title='bbox 442 3933 486 3990; x_wconf 90' lang='lat' dir='ltr'><strong>illa</strong></span> <span class='ocrx_word' id='word_1_577' title='bbox 507 3935 674 4006; x_wconf 90' lang='lat' dir='ltr'><strong>comparatio</strong></span> <span class='ocrx_word' id='word_1_578' title='bbox 695 3937 858 3994; x_wconf 85' lang='lat' dir='ltr'><strong>tractabitur</strong></span> <span class='ocrx_word' id='word_1_579' title='bbox 879 3939 905 3993; x_wconf 94' lang='lat' dir='ltr'><strong>in</strong></span> <span class='ocrx_word' id='word_1_580' title='bbox 919 3938 964 3994; x_wconf 92' lang='lat' dir='ltr'><strong>lib.</strong></span> <span class='ocrx_word' id='word_1_581' title='bbox 981 3940 1055 4011; x_wconf 88' lang='lat' dir='ltr'><strong>illll,</strong></span> <span class='ocrx_word' id='word_1_582' title='bbox 1072 3938 1117 3995; x_wconf 93' lang='lat' dir='ltr'><strong>ubi</strong></span> <span class='ocrx_word' id='word_1_583' title='bbox 1132 3939 1165 3996; x_wconf 92' lang='lat' dir='ltr'><strong>dc</strong></span> <span class='ocrx_word' id='word_1_584' title='bbox 1200 3955 1254 3995; x_wconf 93' lang='lat' dir='ltr'><strong>non</strong></span> <span class='ocrx_word' id='word_1_585' title='bbox 1269 3945 1378 4010; x_wconf 90' lang='lat' dir='ltr'><strong>oportet</strong></span> <span class='ocrx_word' id='word_1_586' title='bbox 1392 3939 1418 3993; x_wconf 91' lang='lat' dir='ltr'><strong>ln</strong></span> <span class='ocrx_word' id='word_1_587' title='bbox 1436 3938 1725 4010; x_wconf 89' lang='lat' dir='ltr'><strong>hocimmorari,nam</strong></span> <span class='ocrx_word' id='word_1_588' title='bbox 1737 3937 1865 4009; x_wconf 87' lang='lat' dir='ltr'><strong>applicari</strong></span> <span class='ocrx_word' id='word_1_589' title='bbox 1881 3941 2000 4008; x_wconf 88' lang='lat' dir='ltr'><strong>possunt</strong></span> 
     </span>
     <span class='ocr_line' id='line_1_41' title="bbox 369 4024 1998 4104; baseline 0.001 -24"><span class='ocrx_word' id='word_1_590' title='bbox 369 4024 517 4097; x_wconf 83' lang='lat' dir='ltr'><strong>privilegiis</strong></span> <span class='ocrx_word' id='word_1_591' title='bbox 536 4024 654 4083; x_wconf 88' lang='lat' dir='ltr'><strong>dicetur.</strong></span> <span class='ocrx_word' id='word_1_592' title='bbox 675 4027 755 4104; x_wconf 85' lang='lat' dir='ltr'><strong>Nunc</strong></span> <span class='ocrx_word' id='word_1_593' title='bbox 774 4042 843 4100; x_wconf 85' lang='lat' dir='ltr'><strong>ergo</strong></span> <span class='ocrx_word' id='word_1_594' title='bbox 858 4026 977 4086; x_wconf 87' lang='lat' dir='ltr'><strong>breviter</strong></span> <span class='ocrx_word' id='word_1_595' title='bbox 993 4027 1048 4085; x_wconf 91' lang='lat' dir='ltr'><strong>dici</strong></span> <span class='ocrx_word' id='word_1_596' title='bbox 1062 4035 1162 4102; x_wconf 87' lang='lat' dir='ltr'><strong>potest,</strong></span> <span class='ocrx_word' id='word_1_597' title='bbox 1199 4044 1264 4085; x_wconf 93' lang='lat' dir='ltr'><strong>cum</strong></span> <span class='ocrx_word' id='word_1_598' title='bbox 1280 4029 1454 4100; x_wconf 88' lang='lat' dir='ltr'><strong>proportione</strong></span> <span class='ocrx_word' id='word_1_599' title='bbox 1467 4026 1541 4084; x_wconf 88' lang='lat' dir='ltr'><strong>dicta</strong></span> <span class='ocrx_word' id='word_1_600' title='bbox 1555 4027 1588 4085; x_wconf 90' lang='lat' dir='ltr'><strong>de</strong></span> <span class='ocrx_word' id='word_1_601' title='bbox 1603 4028 1672 4102; x_wconf 87' lang='lat' dir='ltr'><strong>lege.</strong></span> <span class='ocrx_word' id='word_1_602' title='bbox 1686 4030 1726 4085; x_wconf 83' lang='lat' dir='ltr'><strong>lit</strong></span> <span class='ocrx_word' id='word_1_603' title='bbox 1738 4028 1780 4084; x_wconf 91' lang='lat' dir='ltr'><strong>bic</strong></span> <span class='ocrx_word' id='word_1_604' title='bbox 1792 4026 1879 4084; x_wconf 90' lang='lat' dir='ltr'><strong>multo</strong></span> <span class='ocrx_word' id='word_1_605' title='bbox 1892 4027 1998 4084; x_wconf 90' lang='lat' dir='ltr'><strong>clarius</strong></span> 
     </span>
     <span class='ocr_line' id='line_1_42' title="bbox 367 4113 2000 4190; baseline -0.001 -18"><span class='ocrx_word' id='word_1_606' title='bbox 367 4115 537 4188; x_wconf 80' lang='lat' dir='ltr'><strong>privilegium</strong></span> <span class='ocrx_word' id='word_1_607' title='bbox 550 4156 557 4186; x_wconf 92' lang='lat'><strong>,</strong></span> <span class='ocrx_word' id='word_1_608' title='bbox 572 4113 647 4189; x_wconf 88' lang='lat' dir='ltr'><strong>quod</strong></span> <span class='ocrx_word' id='word_1_609' title='bbox 664 4115 749 4172; x_wconf 91' lang='lat' dir='ltr'><strong>luerit</strong></span> <span class='ocrx_word' id='word_1_610' title='bbox 763 4119 926 4190; x_wconf 86' lang='lat' dir='ltr'><strong>contraius,</strong></span> <span class='ocrx_word' id='word_1_611' title='bbox 941 4124 969 4174; x_wconf 83' lang='lat' dir='ltr'><strong>et</strong></span> <span class='ocrx_word' id='word_1_612' title='bbox 982 4117 1049 4176; x_wconf 92' lang='lat' dir='ltr'><strong>iilud</strong></span> <span class='ocrx_word' id='word_1_613' title='bbox 1063 4117 1167 4176; x_wconf 88' lang='lat' dir='ltr'><strong>relaxa·</strong></span> <span class='ocrx_word' id='word_1_614' title='bbox 1199 4124 1257 4189; x_wconf 89' lang='lat' dir='ltr'><strong>cst,</strong></span> <span class='ocrx_word' id='word_1_615' title='bbox 1279 4118 1511 4189; x_wconf 88' lang='lat' dir='ltr'><strong>dispensationem</strong></span> <span class='ocrx_word' id='word_1_616' title='bbox 1530 4131 1582 4174; x_wconf 91' lang='lat' dir='ltr'><strong>non</strong></span> <span class='ocrx_word' id='word_1_617' title='bbox 1597 4131 1658 4174; x_wconf 90' lang='lat' dir='ltr'><strong>csse</strong></span> <span class='ocrx_word' id='word_1_618' title='bbox 1671 4118 1723 4174; x_wconf 88' lang='lat' dir='ltr'><strong>nisi</strong></span> <span class='ocrx_word' id='word_1_619' title='bbox 1738 4124 1833 4174; x_wconf 89' lang='lat' dir='ltr'><strong>actum</strong></span> <span class='ocrx_word' id='word_1_620' title='bbox 1849 4116 2000 4172; x_wconf 82' lang='lat' dir='ltr'><strong>voluntatis</strong></span> 
     </span>
     <span class='ocr_line' id='line_1_43' title="bbox 366 4204 1998 4282; baseline 0 -22"><span class='ocrx_word' id='word_1_621' title='bbox 366 4205 448 4276; x_wconf 81' lang='lat' dir='ltr'><strong>verit,</strong></span> <span class='ocrx_word' id='word_1_622' title='bbox 463 4219 523 4261; x_wconf 89' lang='lat' dir='ltr'><strong>esse</strong></span> <span class='ocrx_word' id='word_1_623' title='bbox 540 4204 784 4277; x_wconf 88' lang='lat' dir='ltr'><strong>dispensationem:</strong></span> <span class='ocrx_word' id='word_1_624' title='bbox 801 4205 865 4264; x_wconf 93' lang='lat' dir='ltr'><strong>illud</strong></span> <span class='ocrx_word' id='word_1_625' title='bbox 878 4213 969 4264; x_wconf 88' lang='lat' dir='ltr'><strong>autem</strong></span> <span class='ocrx_word' id='word_1_626' title='bbox 980 4208 1163 4282; x_wconf 85' lang='lat' dir='ltr'><strong>privilegium,</strong></span> <span class='ocrx_word' id='word_1_627' title='bbox 1199 4208 1346 4280; x_wconf 90' lang='lat' dir='ltr'><strong>principis,</strong></span> <span class='ocrx_word' id='word_1_628' title='bbox 1370 4223 1426 4281; x_wconf 88' lang='lat' dir='ltr'><strong>quo</strong></span> <span class='ocrx_word' id='word_1_629' title='bbox 1446 4205 1523 4278; x_wconf 85' lang='lat' dir='ltr'><strong>vult,</strong></span> <span class='ocrx_word' id='word_1_630' title='bbox 1540 4205 1656 4264; x_wconf 88' lang='lat' dir='ltr'><strong>liberum</strong></span> <span class='ocrx_word' id='word_1_631' title='bbox 1669 4221 1730 4263; x_wconf 88' lang='lat' dir='ltr'><strong>ease</strong></span> <span class='ocrx_word' id='word_1_632' title='bbox 1746 4205 1887 4263; x_wconf 92' lang='lat' dir='ltr'><strong>subditum</strong></span> <span class='ocrx_word' id='word_1_633' title='bbox 1902 4220 1919 4261; x_wconf 86' lang='lat' dir='ltr'><strong>a</strong></span> <span class='ocrx_word' id='word_1_634' title='bbox 1933 4206 1998 4276; x_wconf 89' lang='lat' dir='ltr'><strong>iugo</strong></span> 
     </span>
     <span class='ocr_line' id='line_1_44' title="bbox 367 4293 2002 4370; baseline 0.001 -20"><span class='ocrx_word' id='word_1_635' title='bbox 367 4293 442 4368; x_wconf 91' lang='lat' dir='ltr'><strong>quod</strong></span> <span class='ocrx_word' id='word_1_636' title='bbox 462 4310 516 4350; x_wconf 91' lang='lat' dir='ltr'><strong>noo</strong></span> <span class='ocrx_word' id='word_1_637' title='bbox 540 4294 622 4351; x_wconf 86' lang='lat' dir='ltr'><strong>inerit</strong></span> <span class='ocrx_word' id='word_1_638' title='bbox 642 4295 808 4369; x_wconf 88' lang='lat' dir='ltr'><strong>contraius,</strong></span> <span class='ocrx_word' id='word_1_639' title='bbox 826 4312 880 4353; x_wconf 93' lang='lat' dir='ltr'><strong>non</strong></span> <span class='ocrx_word' id='word_1_640' title='bbox 894 4313 955 4354; x_wconf 89' lang='lat' dir='ltr'><strong>esse</strong></span> <span class='ocrx_word' id='word_1_641' title='bbox 969 4296 1163 4356; x_wconf 88' lang='lat' dir='ltr'><strong>relaxationem</strong></span> <span class='ocrx_word' id='word_1_642' title='bbox 1199 4295 1267 4370; x_wconf 87' lang='lat' dir='ltr'><strong>legis</strong></span> <span class='ocrx_word' id='word_1_643' title='bbox 1283 4310 1367 4368; x_wconf 82' lang='lat' dir='ltr'><strong>sarae,</strong></span> <span class='ocrx_word' id='word_1_644' title='bbox 1383 4294 1474 4370; x_wconf 87' lang='lat' dir='ltr'><strong>aliquo</strong></span> <span class='ocrx_word' id='word_1_645' title='bbox 1489 4295 1616 4353; x_wconf 88' lang='lat' dir='ltr'><strong>exteriori</strong></span> <span class='ocrx_word' id='word_1_646' title='bbox 1636 4297 1714 4369; x_wconf 91' lang='lat' dir='ltr'><strong>signo</strong></span> <span class='ocrx_word' id='word_1_647' title='bbox 1729 4295 1899 4353; x_wconf 82' lang='lat' dir='ltr'><strong>sufficienter</strong></span> <span class='ocrx_word' id='word_1_648' title='bbox 1912 4295 2002 4351; x_wconf 87' lang='lat' dir='ltr'><strong>mani·</strong></span> 
     </span>
     <span class='ocr_line' id='line_1_45' title="bbox 367 4383 1340 4460; baseline 0.001 -19"><span class='ocrx_word' id='word_1_649' title='bbox 367 4384 454 4458; x_wconf 85' lang='lat' dir='ltr'><strong>iuris,</strong></span> <span class='ocrx_word' id='word_1_650' title='bbox 469 4383 584 4459; x_wconf 86' lang='lat' dir='ltr'><strong>ideoque</strong></span> <span class='ocrx_word' id='word_1_651' title='bbox 604 4399 654 4442; x_wconf 90' lang='lat' dir='ltr'><strong>nec</strong></span> <span class='ocrx_word' id='word_1_652' title='bbox 668 4384 899 4457; x_wconf 88' lang='lat' dir='ltr'><strong>dispensationem</strong></span> <span class='ocrx_word' id='word_1_653' title='bbox 913 4402 989 4460; x_wconf 89' lang='lat' dir='ltr'><strong>esse,</strong></span> <span class='ocrx_word' id='word_1_654' title='bbox 1004 4395 1033 4446; x_wconf 90' lang='lat' dir='ltr'><strong>et</strong></span> <span class='ocrx_word' id='word_1_655' title='bbox 1047 4391 1086 4446; x_wconf 87' lang='lat' dir='ltr'><strong>lta</strong></span> <span class='ocrx_word' id='word_1_656' title='bbox 1099 4388 1164 4446; x_wconf 91' lang='lat' dir='ltr'><strong>nibil</strong></span> <span class='ocrx_word' id='word_1_657' title='bbox 1199 4385 1340 4444; x_wconf 86' lang='lat' dir='ltr'><strong>iestatum.</strong></span> 
     </span>
     <span class='ocr_line' id='line_1_46' title="bbox 366 4474 1162 4550; baseline 0.006 -19"><span class='ocrx_word' id='word_1_658' title='bbox 366 4474 501 4532; x_wconf 88' lang='lat' dir='ltr'><strong>contineri</strong></span> <span class='ocrx_word' id='word_1_659' title='bbox 520 4474 573 4530; x_wconf 87' lang='lat' dir='ltr'><strong>sub</strong></span> <span class='ocrx_word' id='word_1_660' title='bbox 592 4474 761 4549; x_wconf 87' lang='lat' dir='ltr'><strong>delinitione,</strong></span> <span class='ocrx_word' id='word_1_661' title='bbox 775 4477 852 4550; x_wconf 89' lang='lat' dir='ltr'><strong>quod</strong></span> <span class='ocrx_word' id='word_1_662' title='bbox 867 4477 1034 4550; x_wconf 88' lang='lat' dir='ltr'><strong>dispensatio</strong></span> <span class='ocrx_word' id='word_1_663' title='bbox 1048 4496 1102 4537; x_wconf 92' lang='lat' dir='ltr'><strong>non</strong></span> <span class='ocrx_word' id='word_1_664' title='bbox 1117 4481 1162 4538; x_wconf 89' lang='lat' dir='ltr'><strong>sit.</strong></span> 
     </span>
     <span class='ocr_line' id='line_1_47' title="bbox 366 4545 1706 4641; baseline 0.005 -18"><span class='ocrx_word' id='word_1_665' title='bbox 366 4565 415 4623; x_wconf 83' lang='lat' dir='ltr'><strong>Vel</strong></span> <span class='ocrx_word' id='word_1_666' title='bbox 429 4565 510 4622; x_wconf 90' lang='lat' dir='ltr'><strong>etiam</strong></span> <span class='ocrx_word' id='word_1_667' title='bbox 524 4563 616 4622; x_wconf 86' lang='lat' dir='ltr'><strong>dicere</strong></span> <span class='ocrx_word' id='word_1_668' title='bbox 630 4581 796 4639; x_wconf 88' lang='lat' dir='ltr'><strong>possumus,</strong></span> <span class='ocrx_word' id='word_1_669' title='bbox 808 4566 1037 4641; x_wconf 84' lang='lat' dir='ltr'><strong>dispensationem</strong></span> <span class='ocrx_word' id='word_1_670' title='bbox 1049 4585 1110 4627; x_wconf 89' lang='lat' dir='ltr'><strong>esse</strong></span> <span class='ocrx_word' id='word_1_671' title='bbox 1122 4585 1165 4628; x_wconf 88' lang='lat' dir='ltr'><strong>re·</strong></span> <span class='ocrx_word' id='word_1_672' title='bbox 1487 4545 1627 4618; x_wconf 74' lang='lat' dir='ltr'>CAPUT</span> <span class='ocrx_word' id='word_1_673' title='bbox 1647 4549 1706 4616; x_wconf 73' lang='lat' dir='ltr'><strong>XI·</strong></span> 
     </span>
     <span class='ocr_line' id='line_1_48' title="bbox 368 4655 1165 4731; baseline 0.005 -19"><span class='ocrx_word' id='word_1_674' title='bbox 368 4655 531 4713; x_wconf 85' lang='lat' dir='ltr'><strong>laxationem</strong></span> <span class='ocrx_word' id='word_1_675' title='bbox 555 4655 622 4712; x_wconf 85' lang='lat' dir='ltr'><strong>iuria</strong></span> <span class='ocrx_word' id='word_1_676' title='bbox 646 4670 695 4728; x_wconf 91' lang='lat' dir='ltr'><strong>per</strong></span> <span class='ocrx_word' id='word_1_677' title='bbox 717 4656 831 4714; x_wconf 92' lang='lat' dir='ltr'><strong>modum</strong></span> <span class='ocrx_word' id='word_1_678' title='bbox 852 4665 933 4716; x_wconf 86' lang='lat' dir='ltr'><strong>actus</strong></span> <span class='ocrx_word' id='word_1_679' title='bbox 958 4658 1093 4731; x_wconf 81' lang='lat' dir='ltr'><strong>secundi,</strong></span> <span class='ocrx_word' id='word_1_680' title='bbox 1115 4675 1165 4717; x_wconf 87' lang='lat' dir='ltr'><strong>seu</strong></span> 
     </span>
    </p>
   </div>
   <div class='ocr_carea' id='block_1_7' title="bbox 367 4737 1955 5091">
    <p class='ocr_par' dir='ltr' id='par_1_13' title="bbox 367 4737 1955 4924">
     <span class='ocr_line' id='line_1_49' title="bbox 367 4737 1955 4822; baseline -0.004 -18"><span class='ocrx_word' id='word_1_681' title='bbox 367 4747 550 4816; x_wconf 71' lang='lat' dir='ltr'><strong>transeuntis:</strong></span> <span class='ocrx_word' id='word_1_682' title='bbox 573 4744 744 4819; x_wconf 84' lang='lat' dir='ltr'><strong>privilegium</strong></span> <span class='ocrx_word' id='word_1_683' title='bbox 767 4751 858 4804; x_wconf 71' lang='lat' dir='ltr'><strong>auum</strong></span> <span class='ocrx_word' id='word_1_684' title='bbox 880 4749 1032 4806; x_wconf 86' lang='lat' dir='ltr'><strong>concedere</strong></span> <span class='ocrx_word' id='word_1_685' title='bbox 1052 4747 1164 4822; x_wconf 88' lang='lat' dir='ltr'><strong>aliquod</strong></span> <span class='ocrx_word' id='word_1_686' title='bbox 1238 4746 1283 4802; x_wconf 81' lang='lat' dir='ltr'><strong>De</strong></span> <span class='ocrx_word' id='word_1_687' title='bbox 1296 4737 1452 4815; x_wconf 83' lang='lat' dir='ltr'><strong>effectibus</strong></span> <span class='ocrx_word' id='word_1_688' title='bbox 1465 4739 1697 4818; x_wconf 78' lang='lat' dir='ltr'><strong>dispensationis</strong></span> <span class='ocrx_word' id='word_1_689' title='bbox 1709 4741 1863 4801; x_wconf 79' lang='lat' dir='ltr'><strong>bemanus</strong></span> <span class='ocrx_word' id='word_1_690' title='bbox 1872 4738 1955 4818; x_wconf 79' lang='lat' dir='ltr'><strong>lepis.</strong></span> 
     </span>
     <span class='ocr_line' id='line_1_50' title="bbox 367 4834 1657 4924; baseline 0.005 -32"><span class='ocrx_word' id='word_1_691' title='bbox 367 4836 411 4892; x_wconf 90' lang='lat' dir='ltr'><strong>ius</strong></span> <span class='ocrx_word' id='word_1_692' title='bbox 425 4851 473 4910; x_wconf 89' lang='lat' dir='ltr'><strong>per</strong></span> <span class='ocrx_word' id='word_1_693' title='bbox 486 4834 598 4893; x_wconf 90' lang='lat' dir='ltr'><strong>modum</strong></span> <span class='ocrx_word' id='word_1_694' title='bbox 613 4840 693 4892; x_wconf 82' lang='lat' dir='ltr'><strong>actara</strong></span> <span class='ocrx_word' id='word_1_695' title='bbox 707 4837 802 4909; x_wconf 87' lang='lat' dir='ltr'><strong>primi,</strong></span> <span class='ocrx_word' id='word_1_696' title='bbox 814 4845 843 4894; x_wconf 88' lang='lat' dir='ltr'><strong>et</strong></span> <span class='ocrx_word' id='word_1_697' title='bbox 854 4841 1054 4913; x_wconf 86' lang='lat' dir='ltr'><strong>permanentia,</strong></span> <span class='ocrx_word' id='word_1_698' title='bbox 1066 4844 1094 4896; x_wconf 91' lang='lat' dir='ltr'><strong>et</strong></span> <span class='ocrx_word' id='word_1_699' title='bbox 1104 4839 1165 4896; x_wconf 91' lang='lat' dir='ltr'><strong>ideo</strong></span> <span class='ocrx_word' id='word_1_700' title='bbox 1649 4908 1657 4924; x_wconf 48' lang='lat'><strong>·</strong></span> 
     </span>
    </p>

    <p class='ocr_par' dir='ltr' id='par_1_14' title="bbox 367 4909 1721 4999">
     <span class='ocr_line' id='line_1_51' title="bbox 367 4909 1721 4999; baseline 0.004 -17"><span class='ocrx_word' id='word_1_701' title='bbox 367 4941 420 4983; x_wconf 92' lang='lat' dir='ltr'><strong>non</strong></span> <span class='ocrx_word' id='word_1_702' title='bbox 441 4941 502 4982; x_wconf 85' lang='lat' dir='ltr'><strong>csse</strong></span> <span class='ocrx_word' id='word_1_703' title='bbox 522 4926 632 4999; x_wconf 90' lang='lat' dir='ltr'><strong>propria</strong></span> <span class='ocrx_word' id='word_1_704' title='bbox 652 4927 738 4999; x_wconf 90' lang='lat' dir='ltr'><strong>ipsam</strong></span> <span class='ocrx_word' id='word_1_705' title='bbox 758 4926 968 4996; x_wconf 87' lang='lat' dir='ltr'><strong>relaxationem,</strong></span> <span class='ocrx_word' id='word_1_706' title='bbox 984 4928 1031 4986; x_wconf 88' lang='lat' dir='ltr'><strong>aed</strong></span> <span class='ocrx_word' id='word_1_707' title='bbox 1046 4943 1107 4986; x_wconf 89' lang='lat' dir='ltr'><strong>esse</strong></span> <span class='ocrx_word' id='word_1_708' title='bbox 1122 4929 1164 4986; x_wconf 87' lang='lat' dir='ltr'><strong>ius</strong></span> <span class='ocrx_word' id='word_1_709' title='bbox 1477 4909 1721 4973; x_wconf 68' lang='lat' dir='ltr'><strong>Slfflfflfflllm</strong></span> 
     </span>
    </p>

    <p class='ocr_par' dir='ltr' id='par_1_15' title="bbox 368 5015 1164 5091">
     <span class='ocr_line' id='line_1_52' title="bbox 368 5015 1164 5091; baseline 0.003 -19"><span class='ocrx_word' id='word_1_710' title='bbox 368 5016 464 5073; x_wconf 87' lang='lat' dir='ltr'><strong>utendi</strong></span> <span class='ocrx_word' id='word_1_711' title='bbox 478 5015 568 5088; x_wconf 88' lang='lat' dir='ltr'><strong>aliqua</strong></span> <span class='ocrx_word' id='word_1_712' title='bbox 583 5031 628 5088; x_wconf 87' lang='lat' dir='ltr'><strong>re,</strong></span> <span class='ocrx_word' id='word_1_713' title='bbox 643 5016 685 5073; x_wconf 82' lang='lat' dir='ltr'><strong>ael</strong></span> <span class='ocrx_word' id='word_1_714' title='bbox 699 5015 830 5074; x_wconf 81' lang='lat' dir='ltr'><strong>insultate</strong></span> <span class='ocrx_word' id='word_1_715' title='bbox 842 5019 984 5091; x_wconf 85' lang='lat' dir='ltr'><strong>supposita</strong></span> <span class='ocrx_word' id='word_1_716' title='bbox 996 5019 1164 5077; x_wconf 87' lang='lat' dir='ltr'><strong>relaxatione</strong></span> 
     </span>
    </p>
   </div>
   <div class='ocr_carea' id='block_1_8' title="bbox 367 5081 2003 5206">
    <p class='ocr_par' dir='ltr' id='par_1_16' title="bbox 367 5081 2003 5206">
     <span class='ocr_line' id='line_1_53' title="bbox 367 5081 2003 5206; baseline 0.002 -43"><span class='ocrx_word' id='word_1_717' title='bbox 367 5105 469 5164; x_wconf 88' lang='lat' dir='ltr'><strong>lactan</strong></span> <span class='ocrx_word' id='word_1_718' title='bbox 486 5104 606 5177; x_wconf 88' lang='lat' dir='ltr'><strong>principe</strong></span> <span class='ocrx_word' id='word_1_719' title='bbox 620 5147 628 5176; x_wconf 90' lang='lat'><strong>,</strong></span> <span class='ocrx_word' id='word_1_720' title='bbox 644 5106 760 5179; x_wconf 90' lang='lat' dir='ltr'><strong>ideoque</strong></span> <span class='ocrx_word' id='word_1_721' title='bbox 773 5121 826 5163; x_wconf 91' lang='lat' dir='ltr'><strong>non</strong></span> <span class='ocrx_word' id='word_1_722' title='bbox 841 5113 896 5166; x_wconf 90' lang='lat' dir='ltr'><strong>tam</strong></span> <span class='ocrx_word' id='word_1_723' title='bbox 910 5123 983 5177; x_wconf 89' lang='lat' dir='ltr'><strong>esse,</strong></span> <span class='ocrx_word' id='word_1_724' title='bbox 1000 5123 1083 5181; x_wconf 87' lang='lat' dir='ltr'><strong>quam</strong></span> <span class='ocrx_word' id='word_1_725' title='bbox 1098 5123 1164 5180; x_wconf 90' lang='lat' dir='ltr'><strong>sup·</strong></span> <span class='ocrx_word' id='word_1_726' title='bbox 1199 5085 1225 5137; x_wconf 83' lang='lat'><strong>¹·</strong></span> <span class='ocrx_word' id='word_1_727' title='bbox 1233 5082 1469 5206; x_wconf 47' lang='lat' dir='ltr'><strong>gffflsvffiffi‘uuffi</strong></span> <span class='ocrx_word' id='word_1_728' title='bbox 1479 5081 2003 5206; x_wconf 40' lang='lat' dir='ltr'><strong>ffiscffiffl-ssfffflgzffiffiffiff</strong></span> 
     </span>
    </p>
   </div>
   <div class='ocr_carea' id='block_1_9' title="bbox 366 5192 2004 5380">
    <p class='ocr_par' dir='ltr' id='par_1_17' title="bbox 366 5192 2004 5380">
     <span class='ocr_line' id='line_1_54' title="bbox 366 5192 2003 5290; baseline 0.003 -21"><span class='ocrx_word' id='word_1_729' title='bbox 366 5209 470 5269; x_wconf 67' lang='grc' dir='ltr'>Ρθῦθῑθ</span> <span class='ocrx_word' id='word_1_730' title='bbox 491 5192 731 5265; x_wconf 59' lang='lat' dir='ltr'><strong>disl³l³¹¹³¹¹fi⁰¹¹0¹1b</strong></span> <span class='ocrx_word' id='word_1_731' title='bbox 748 5196 801 5254; x_wconf 60' lang='lat' dir='ltr'><strong>sed</strong></span> <span class='ocrx_word' id='word_1_732' title='bbox 819 5197 1164 5273; x_wconf 55' lang='grc' dir='ltr'><strong>1η(501)(ΜῖῑθΓῙοΗῊΙΝΙῘ·</strong></span> <span class='ocrx_word' id='word_1_733' title='bbox 1232 5223 1619 5290; x_wconf 87' lang='lat' dir='ltr'><strong>pensationis.—ilispcnsatio,</strong></span> <span class='ocrx_word' id='word_1_734' title='bbox 1635 5222 1777 5273; x_wconf 82' lang='lat' dir='ltr'><strong>formaliter</strong></span> <span class='ocrx_word' id='word_1_735' title='bbox 1792 5221 1934 5287; x_wconf 87' lang='lat' dir='ltr'><strong>loquendo,</strong></span> <span class='ocrx_word' id='word_1_736' title='bbox 1952 5238 2003 5276; x_wconf 92' lang='lat' dir='ltr'><strong>non</strong></span> 
     </span>
     <span class='ocr_line' id='line_1_55' title="bbox 367 5284 2004 5380; baseline -0.001 -33"><span class='ocrx_word' id='word_1_737' title='bbox 367 5285 575 5348; x_wconf 76' lang='lat' dir='ltr'><strong>sinobacurior</strong></span> <span class='ocrx_word' id='word_1_738' title='bbox 595 5290 653 5358; x_wconf 86' lang='lat' dir='ltr'><strong>eal,</strong></span> <span class='ocrx_word' id='word_1_739' title='bbox 674 5291 703 5345; x_wconf 84' lang='lat' dir='ltr'><strong>al</strong></span> <span class='ocrx_word' id='word_1_740' title='bbox 722 5284 756 5344; x_wconf 89' lang='lat' dir='ltr'><strong>do</strong></span> <span class='ocrx_word' id='word_1_741' title='bbox 775 5285 821 5345; x_wconf 89' lang='lat' dir='ltr'><strong>illa</strong></span> <span class='ocrx_word' id='word_1_742' title='bbox 840 5285 966 5347; x_wconf 86' lang='lat' dir='ltr'><strong>dicemus</strong></span> <span class='ocrx_word' id='word_1_743' title='bbox 987 5289 1049 5348; x_wconf 83' lang='lat' dir='ltr'><strong>laco</strong></span> <span class='ocrx_word' id='word_1_744' title='bbox 1063 5291 1159 5348; x_wconf 85' lang='lat' dir='ltr'><strong>citata:</strong></span> <span class='ocrx_word' id='word_1_745' title='bbox 1234 5301 1319 5362; x_wconf 87' lang='lat' dir='ltr'><strong>potest</strong></span> <span class='ocrx_word' id='word_1_746' title='bbox 1339 5295 1454 5358; x_wconf 86' lang='lat' dir='ltr'><strong>obligare</strong></span> <span class='ocrx_word' id='word_1_747' title='bbox 1474 5297 1562 5345; x_wconf 88' lang='lat' dir='ltr'><strong>actum</strong></span> <span class='ocrx_word' id='word_1_748' title='bbox 1580 5293 1739 5346; x_wconf 88' lang='lat' dir='ltr'><strong>contrarium</strong></span> <span class='ocrx_word' id='word_1_749' title='bbox 1751 5293 1806 5358; x_wconf 92' lang='lat' dir='ltr'><strong>illi,</strong></span> <span class='ocrx_word' id='word_1_750' title='bbox 1820 5293 1847 5344; x_wconf 90' lang='lat' dir='ltr'><strong>in</strong></span> <span class='ocrx_word' id='word_1_751' title='bbox 1859 5305 1911 5358; x_wconf 90' lang='lat' dir='ltr'><strong>quo</strong></span> <span class='ocrx_word' id='word_1_752' title='bbox 1923 5291 2004 5380; x_wconf 64' lang='lat' dir='ltr'><strong>iltdl·</strong></span> 
     </span>
    </p>
   </div>
   <div class='ocr_carea' id='block_1_10' title="bbox 0 0 2152 6244">
    <p class='ocr_par' dir='ltr' id='par_1_18' title="bbox 0 0 2152 6244">
     <span class='ocr_line' id='line_1_56' title="bbox 0 0 2152 6244; baseline 0 0"><span class='ocrx_word' id='word_1_753' title='bbox 0 0 2152 6244; x_wconf 95' lang='lat' dir='ltr'><strong> </strong></span> 
     </span>
    </p>
   </div>
  </div>
 </body>
</html>
