4278 6242
856 371 1061 484 aarorxxxv.
1672 361 1735 428 too

142 503 358 575 matrimonium,
381 509 522 576 quatenus
541 509 704 562 conmotus
724 501 863 560 humanus
883 506 937 569 est,
973 511 1060 572 nunt,
1081 507 1110 559 et
1129 515 1162 560 es
1182 503 1311 562 omnibus
1325 503 1453 562 adductis
1467 503 1593 564 convinci
1606 503 1731 578 videtur,
1748 500 1780 566 et¹

142 599 227 665 potest
247 594 349 651 irritari
373 609 425 666 per
449 594 536 668 legem
560 593 719 666 Ecclesiae,
736 598 767 650 ut
781 596 937 650 constater
974 591 1182 649 confirmabitur
1206 593 1322 667 amplius
1346 610 1380 652 ex
1404 593 1525 653 dicendis
1545 597 1572 652 in
1587 596 1773 668 sequentihus.

140 683 300 756 tridentino,
318 699 386 758 ergo
400 683 422 740 si
437 683 563 741 absoluta
577 683 723 757 prohibitio
738 681 841 740 sulicit
855 680 889 738 ad
902 681 939 736 ir·
972 681 1051 738 Retio
1072 671 1138 739 ¹rero
1159 683 1218 740 eius
1240 683 1278 740 lta
1292 691 1385 756 potest
1398 685 1540 757 explicari,
1553 686 1617 758 quin
1631 685 1776 758 prohibere

141 772 275 832 ritandum
289 779 476 847 contractum,
493 788 545 830 cur
560 779 640 831 antea
653 788 708 830 non
724 771 791 830 lecit
803 771 829 827 in
843 767 939 828 notri·
973 778 1077 842 actum,
1087 779 1117 829 et
1131 772 1239 830 irritare
1252 773 1342 845 illum,
1356 780 1422 830 snnt
1435 775 1551 833 effectus
1565 773 1645 832 valde
1659 775 1772 850 diversi,

141 866 226 924 tnonio
241 862 433 922 clandestino?
972 875 1051 935 ergo,
1067 869 1098 920 ut
1110 877 1159 934 per
1173 862 1260 937 legem
1274 865 1349 936 bant,
1363 864 1465 922 debent
1477 879 1526 936 per
1540 865 1601 924 eius
1614 867 1698 924 rerba
1713 869 1772 926 sul·

175 953 348 1028 Respondent
372 952 488 1026 amplius
514 952 588 1010 iuxta
608 951 731 1009 ultimam
746 949 936 1008 limitationem
972 951 1096 1010 ficienter
1107 953 1249 1028 explicari,
1262 954 1310 1012 sed
1322 970 1370 1028 per
1380 956 1471 1014 solum
1482 957 1597 1016 verbnm
1609 957 1773 1038 probibendi

141 1046 266 1117 positam,
283 1044 342 1101 ideo
358 1060 412 1100 non
426 1044 563 1115 irritasse,
579 1043 644 1116 quia
657 1057 706 1116 per
720 1041 787 1098 alias
801 1040 875 1113 leges
890 1056 936 1098 oe·
971 1057 1026 1098 non
1039 1044 1193 1116 explicatur
1207 1045 1323 1102 ellectus
1338 1046 1473 1118 irritandi,
1486 1064 1552 1121 ergo
1565 1065 1619 1106 non
1632 1051 1662 1106 iit
1674 1065 1706 1107 es
1722 1065 1771 1108 na·

141 1138 249 1194 ironicas
264 1135 464 1196 sustinebatur.
477 1132 530 1192 Sed
544 1138 652 1204 contra,
669 1133 733 1207 quia
748 1132 790 1188 lea
804 1131 937 1189 canonica
973 1138 1037 1190 tura
1051 1134 1091 1189 rei
1105 1149 1153 1204 per
1167 1134 1256 1208 legem
1267 1142 1388 1194 utentem
1400 1152 1469 1209 pure
1480 1145 1509 1195 et
1519 1139 1677 1212 simpliciter
1688 1142 1773 1199 verbo

142 1241 276 1300 nunqrtem
291 1225 367 1298 lecit,
377 1232 408 1282 ut
422 1223 484 1281 talis
498 1229 579 1281 actus
589 1229 664 1280 esset
675 1221 795 1292 validos,
808 1207 856 1278 sed
869 1237 934 1292 sup·
971 1223 1149 1298 prohibendi,
1175 1227 1352 1300 quantumvis
1372 1227 1475 1284 directe
1495 1235 1523 1287 ει
1537 1230 1664 1302 specifice
1678 1237 1772 1289 actum

141 1318 229 1390 posuit
243 1315 375 1385 validum,
390 1321 418 1372 et
431 1314 466 1371 ad
480 1329 620 1371 summurn
634 1311 802 1381 declaravit,
819 1311 937 1368 validum
971 1312 1125 1385 probibeat.
1141 1315 1311 1372 antecedens
1330 1316 1436 1373 clarum
1451 1324 1504 1373 est.
1520 1319 1589 1376 Tum
1604 1321 1669 1392 quia
1683 1321 1776 1392 prohi-

58 1463 61 1470 ,
141 1423 209 1480 esse,
226 1405 359 1480 quamdiu
381 1419 430 1477 per
445 1403 532 1476 legem
551 1402 699 1461 humanam
724 1417 778 1458 non
800 1401 933 1458 irritatur.
972 1403 1037 1460 bere
1052 1403 1143 1460 solum
1156 1411 1200 1461 est
1214 1405 1384 1477 praecipere,
1396 1411 1424 1462 et
1437 1407 1569 1480 obligare,
1582 1414 1613 1466 ut
1627 1415 1706 1467 actus
1718 1427 1773 1467 non

140 1499 229 1558 Solum
244 1512 315 1570 ergo
329 1494 524 1553 declarabatur
538 1490 657 1550 validum
671 1508 704 1550 eo
720 1498 852 1564 ternpore,
869 1490 935 1564 quia
971 1495 1033 1562 liat,
1056 1494 1165 1552 irritare
1184 1501 1276 1552 sutem
1292 1511 1345 1552 uon
1360 1502 1403 1553 εει
1416 1499 1592 1570 praecipere,
1608 1498 1654 1556 sed
1669 1499 1771 1572 lacere,

139 1605 183 1661 per
199 1588 285 1661 legem
304 1586 494 1659 prohibentem
509 1600 563 1641 non
579 1577 748 1648 irritabatur,
763 1589 791 1640 et
805 1598 857 1638 oon
869 1582 935 1655 quia
971 1582 1077 1639 scilicet
1091 1583 1263 1640 inefficacem
1277 1585 1391 1642 reddere
1407 1586 1590 1658 voluntatem,
1603 1588 1646 1645 vel
1656 1604 1772 1647 consen·

139 1695 184 1752 per
197 1678 275 1735 aliam
289 1676 378 1751 legem
392 1680 613 1745 sustentaretur,
629 1673 672 1729 rel
692 1673 794 1745 potius,
810 1672 874 1744 qtvia
888 1688 936 1744 per
972 1688 1033 1728 sum
1055 1675 1135 1741 eius,
1157 1681 1205 1731 aut
1225 1673 1395 1732 inhabilitate
1414 1692 1568 1748 personam.
1585 1679 1654 1734 Tum
1674 1679 1767 1754 etiarn,

140 1768 287 1826 naturalem
311 1767 400 1840 legem
424 1764 645 1834 sustentabatur,
672 1768 702 1819 ut
720 1765 761 1818 sic
779 1761 887 1832 dicam;
909 1767 937 1818 et
971 1764 1036 1836 quia
1051 1763 1087 1820 illi
1101 1763 1157 1820 diro
1170 1763 1286 1820 effectus
1300 1773 1367 1822 sunt
1382 1766 1497 1823 invicem
1511 1768 1686 1840 separabiles,
1702 1785 1765 1826 nam

139 1859 188 1918 hee
203 1859 293 1916 solum
308 1857 442 1915 declarari
457 1861 565 1928 poterat
578 1869 626 1928 per
640 1853 727 1927 legem
743 1851 937 1921 bunranahr,et
971 1867 1051 1925 saepe
1069 1853 1234 1925 prohibetur
1248 1859 1344 1927 actus,
1363 1861 1392 1912 et
1404 1870 1458 1912 non
1476 1857 1616 1928 irritatur,
1633 1863 1665 1914 ut
1679 1855 1727 1930 p'er
1741 1875 1770 1915 se

139 1949 306 2008 declaratum
325 1946 377 2004 luit
394 1962 444 2018 per
460 1944 662 2015 Tridentinum3
688 1957 758 2016 qrrae
783 1942 934 1999 declaratio
969 1948 997 1999 ει
1015 1958 1048 2000 es
1068 1943 1150 2000 dietis
1171 1950 1297 2016 constat,
1320 1947 1373 2003 imo
1394 1962 1475 2018 saepe
1496 1947 1659 2018 prohibetur
1675 1955 1768 2020 actus,

138 2055 188 2099 non
201 2038 318 2098 addebat
332 2037 451 2095 valorem
466 2037 554 2108 actui,
570 2033 618 2092 sed
632 2034 710 2091 illum
724 2032 908 2106 supponebat.
970 2031 1018 2106 qui
1032 2033 1134 2090 irritari
1147 2049 1202 2091 non
1219 2040 1320 2107 potest,
1329 2041 1361 2092 ut
1373 2051 1438 2092 curn
1450 2037 1532 2095 alicui
1544 2037 1681 2095 sacerdoti
1693 2054 1772 2110 prae·

971 2123 1090 2195 cipitur,
1112 2140 1146 2180 ne
1166 2124 1319 2196 sacrificet,
1340 2135 1389 2182 aut
1401 2125 1554 2200 episcopo,
1570 2143 1603 2184 ne
1618 2129 1735 2186 ordinet.
1752 2131 1775 2186 l:

378 2212 527 2274 desotatae
540 2216 686 2272 doctoris.
970 2215 1111 2270 contrario
1129 2214 1211 2271 etiam
1226 2213 1364 2271 interdum
1380 2215 1501 2272 irritatur
1516 2223 1611 2286 actus,
1627 2217 1649 2272 si
1666 2218 1728 2287 liat,
1745 2218 1775 2275 li-

971 2309 1017 2362 cet
1029 2319 1087 2361 non
1102 2303 1291 2376 prohibentur,
1299 2319 1332 2360 ne
1344 2304 1402 2374 tint,
1417 2311 1448 2362 ut
1458 2305 1491 2362 de
1501 2306 1562 2379 lege
1574 2321 1641 2378 pure
1652 2307 1775 2365 irritante

176 2403 218 2458 tt.
234 2401 272 2459 llt
290 2412 372 2470 ergo,
393 2394 468 2469 quod
489 2410 586 2452 verum
601 2409 662 2452 esse
678 2407 795 2464 censeo,
812 2391 933 2451 breviter
970 2392 1143 2451 dictumest.
1159 2395 1229 2451 Sunt
1242 2409 1308 2468 ergo
1323 2393 1362 2451 illi
1375 2395 1431 2452 duo
1444 2395 1559 2452 ellectus
1573 2396 1684 2453 diversi.

136 2487 288 2560 declarem,
315 2485 443 2556 adverto,
469 2499 551 2558 posse
570 2500 620 2542 nos
639 2485 715 2558 loqui
731 2499 786 2540 uno
801 2481 885 2540 modo
902 2481 935 2538 de
1009 2483 1101 2540 Prinne
1115 2498 1180 2541 vero
1193 2483 1410 2556 consequentia,
1426 2486 1568 2556 nimirum,
1584 2487 1773 2546 necessarium

137 2578 193 2653 lege
212 2592 282 2651 pure
301 2575 463 2649 prohibente
477 2591 511 2632 ex
526 2575 585 2632 sols
599 2577 639 2632 rei
654 2581 763 2642 natura,
780 2589 842 2643 seu,
860 2570 934 2646 quod
970 2589 1031 2630 esse
1045 2579 1196 2647 utrumque
1210 2566 1358 2648 'significari
1373 2588 1422 2646 per
1436 2576 1520 2633 verba
1533 2575 1613 2649 legis,
1633 2583 1664 2634 ut
1678 2593 1726 2648 per
1741 2579 1774 2635 il·

136 2667 203 2726 idenn
217 2673 271 2739 est,
287 2672 389 2724 attenta
405 2666 464 2723 sola
477 2667 625 2723 verborum
639 2665 677 2736 vi,
692 2664 837 2737 supposita
853 2663 934 2734 signi·
971 2663 1025 2720 lam
1039 2663 1114 2734 liant,
1128 2669 1239 2719 constat
1253 2678 1286 2720 ex
1301 2670 1402 2720 natura
1415 2669 1443 2722 et
1456 2670 1590 2737 potestate
1604 2666 1672 2740 legis
1685 2672 1714 2724 et
1727 2682 1775 2722 vo·

136 2761 258 2816 hcetinne
274 2758 401 2830 propria,
417 2761 445 2813 et
458 2757 581 2829 rigorose
595 2755 671 2812 verbi
686 2751 856 2826 prohibendi,
872 2753 930 2808 sine
971 2750 1083 2810 lunulis
1105 2751 1250 2809 hunrenae.
1268 2753 1336 2809 Nam
1361 2752 1427 2810 licet
1453 2754 1526 2826 apud
1550 2758 1635 2812 heum
1649 2755 1775 2812 volrrntas

136 2848 281 2918 additione,
297 2849 468 2916 extensione,
484 2852 533 2902 aut
546 2845 769 2918 interpretatione
783 2841 875 2914 alique
889 2844 930 2898 in·
971 2841 1092 2899 sulliciat
1106 2842 1140 2899 ad
1156 2841 1344 2915 operandum,
1361 2845 1438 2916 ¹inter
1452 2845 1574 2902 homines
1589 2862 1643 2903 non
1658 2846 1774 2916 sullicit,

135 2940 171 2996 ris
185 2936 371 3012 positivi.hlio
383 2951 448 2994 vero
459 2935 541 2992 modo
553 2935 628 3009 loqui
641 2947 791 3006 possumus
802 2932 837 2988 de
848 2933 932 2990 verbo
971 2931 1021 2989 nisi
1035 2933 1157 2990 exterius
1178 2932 1347 2990 sullicienter
1361 2936 1542 3006 exprimatur,
1555 2940 1587 2992 ut
1600 2937 1626 2992 in
1640 2936 1774 3008 principio

136 3028 295 3101 prohibendi
316 3033 348 3084 ut
366 3026 511 3098 ampliato,
529 3039 578 3081 seu
592 3032 706 3082 ostenso
724 3038 772 3095 per
789 3022 876 3096 legem
891 3021 937 3078 ali·
971 3021 1054 3079 huius
1071 3024 1212 3091 materiae,
1228 3029 1257 3079 ει
1272 3025 1298 3078 in
1314 3025 1429 3080 materie
1443 3024 1477 3081 de
1490 3027 1616 3082 censuris
1630 3031 1775 3082 ostensum

136 3135 219 3194 quarn
237 3119 388 3176 humanam
406 3115 618 3173 constituentem
639 3113 762 3186 regulam
782 3113 935 3186 generalem
973 3117 1031 3183 est,
1054 3122 1082 3168 et
1101 3117 1144 3168 est
1165 3111 1278 3184 vulgare
1301 3111 1328 3167 in
1351 3114 1425 3170 ornni
1446 3116 1557 3172 materia
1576 3115 1609 3172 de
1630 3114 1735 3174 indiciis
1748 3121 1776 3172 ει

135 3212 174 3267 sic
193 3211 423 3281 interpretantem
443 3205 560 3262 iuridice
577 3219 690 3261 sensum
704 3203 773 3275 legis
787 3201 934 3274 prohiben-
972 3201 1173 3258 contractibus.
1191 3203 1226 3258 Et
1246 3201 1306 3260 ideo
1327 3204 1410 3261 verba
1425 3204 1544 3262 humana
1564 3221 1618 3262 non
1634 3204 1696 3277 plus
1711 3220 1775 3278 ope-

136 3300 180 3368 tis,
196 3303 227 3355 ut
240 3299 295 3354 virn
311 3295 411 3353 hebeat
426 3294 567 3364 irritantis,
583 3293 688 3350 etiamsi
702 3307 751 3365 per
764 3292 853 3348 solum
870 3306 932 3347 uer·
972 3297 1080 3358 rantur,
1094 3306 1179 3364 quam
1194 3291 1357 3364 significent.
1371 3295 1398 3350 Si
1414 3309 1480 3366 ergo
1495 3297 1576 3352 verba
1590 3295 1658 3368 legis
1671 3311 1725 3352 non
1741 3295 1776 3351 si·

135 3387 198 3446 hum
223 3386 386 3461 prohibendi
410 3386 467 3441 sine
485 3381 625 3440 additione
645 3381 788 3440 clausulae
801 3381 937 3438 irritantis
971 3380 1102 3452 gnilicant
1131 3380 1207 3439 illum
1235 3381 1374 3455 duplicem
1395 3384 1548 3457 ellectum,
1574 3401 1629 3441 non
1656 3392 1775 3457 possunt

135 3479 249 3536 leretur.
265 3478 360 3550 Opinio
374 3491 442 3550 crgo
456 3474 611 3532 communis
628 3487 713 3546 supra
726 3472 812 3528 relata
827 3471 937 3528 videtur
973 3475 1119 3544 utrumque
1134 3471 1256 3529 efficere.
1267 3473 1344 3541 Quod
1360 3481 1454 3531 autern
1466 3474 1579 3530 verbum
1591 3476 1680 3532 solnm
1695 3491 1774 3546 prae·

134 3568 184 3625 boc
198 3568 346 3642 posteriori
362 3564 445 3622 modo
460 3563 624 3636 procedere,
639 3569 668 3619 et
681 3567 772 3634 potest
787 3559 895 3618 fundari
909 3563 937 3617 in
971 3561 1127 3632 captivum,
1149 3568 1198 3617 eut
1218 3561 1415 3634 prohibitivum
1430 3580 1482 3619 non
1499 3564 1632 3634 significet
1645 3563 1774 3621 ellectum

133 3657 205 3715 dicta
218 3657 280 3730 lege
293 3672 354 3712 noro
369 3653 501 3720 dubiem,
513 3653 556 3714 rel
567 3653 593 3709 in
606 3653 666 3708 aliis
678 3652 785 3708 iuribus
796 3650 933 3721 civilibus,
972 3648 1106 3720 irritandi,
1115 3650 1292 3708 monilestum
1304 3652 1579 3724 etiamvidetur,turn
1590 3669 1623 3709 ex
1636 3647 1774 3724 primaeva

133 3755 180 3805 aut
198 3747 361 3815 canonicis,
382 3745 414 3801 de
433 3746 534 3818 quihus
549 3748 658 3816 oportet
671 3741 831 3816 singillatim
845 3740 936 3797 dicere
970 3741 1143 3812 impositione
1166 3740 1226 3796 talis
1248 3741 1336 3812 verbi,
1360 3758 1412 3798 non
1427 3749 1469 3798 est
1482 3742 1553 3798 enirn
1568 3743 1724 3815 impositum
1740 3742 1775 3800 ad

132 3837 157 3892 in
171 3836 310 3910 capitibus
326 3834 517 3908 sequentihus,
529 3849 604 3890 nunc
617 3832 706 3892 solum
719 3833 745 3888 in
757 3831 841 3902 priori
853 3847 937 3888 sensu
972 3831 1179 3904 significandum
1195 3831 1336 3896 effectum,
1348 3846 1431 3905 quem
1444 3832 1485 3888 lex
1498 3847 1587 3904 perse
1601 3832 1712 3905 efficiat,
1726 3833 1774 3890 sed

131 3924 287 4000 quaestioni
305 3923 528 3982 satisfaciendum
543 3929 594 3981 est.
971 3919 1101 3978 moralem
1116 3919 1414 3995 obligationem,quam
1429 3921 1544 3994 imponit
1555 3920 1677 3995 subdito,
1689 3938 1774 3996 quern

172 4019 216 4075 1³.
231 4014 297 4071 llico
313 4029 390 4086 ergo,
403 4029 436 4070 ex
451 4014 508 4070 sola
522 4014 561 4071 rei
575 4017 674 4070 natura
688 4011 776 4084 legem
790 4025 858 4083 pure
874 4025 938 4082 pro·
972 4025 1082 4068 movere
1102 4010 1235 4082 intendit,
1252 4018 1282 4068 ut
1295 4011 1397 4084 aliquid
1411 4011 1506 4084 iaciat,
1522 4011 1564 4069 vel
1579 4011 1719 4084 cohibere,
1736 4029 1770 4070 ne

131 4105 270 4164 bibentem
287 4120 341 4160 non
350 4104 462 4162 ‚irritare
476 4110 581 4176 actum,
593 4103 644 4158 nisi
660 4101 712 4159 alio
724 4100 806 4158 modo
823 4100 883 4158 talis
897 4101 935 4157 el·
972 4101 1068 4159 iaciat:
1086 4108 1145 4159 tum
1159 4089 1242 4158 etiarh
1253 4117 1286 4158 cx
1298 4103 1436 4159 communi
1448 4119 1500 4159 usu
1512 4101 1584 4159 illius
1596 4103 1680 4173 verbi,
1690 4119 1775 4176 quem

130 4198 239 4264 lectus,
254 4210 304 4250 seu
322 4195 436 4251 intentio
452 4193 615 4267 legislatoris
629 4192 800 4250 sufficienter
814 4192 937 4250 declare·
973 4207 1055 4248 usum
1072 4192 1139 4247 satis
1153 4190 1271 4262 probant
1285 4192 1387 4265 omnia,
1399 4207 1470 4266 quse
1485 4199 1582 4250 contra
1597 4208 1774 4253 communem

129 4291 185 4343 tur.
208 4287 284 4342 llaec
309 4286 424 4342 assertio
449 4283 558 4341 ridetur
583 4299 644 4342 esse
663 4282 819 4355 specialiter
840 4287 938 4339 contra
972 4281 1136 4338 sententiam
1155 4279 1330 4339 adduximus.
1346 4283 1432 4339 Recte
1446 4297 1513 4356 ergo
1526 4283 1720 4356 concluditur,
1737 4285 1775 4342 le·

129 4375 247 4432 Baldnm
261 4375 288 4431 in
303 4387 365 4446 cap.
381 4377 462 4431 Nom
475 4375 759 4448 concupiscentiam,
772 4370 807 4428 de
821 4374 935 4429 constit.
970 4387 1033 4445 gem
1048 4371 1129 4427 latam
1141 4385 1189 4443 per
1203 4370 1292 4427 solum
1305 4370 1373 4428 illud
1387 4372 1500 4430 verbum
1511 4388 1545 4429 es
1556 4380 1656 4430 nature
1667 4374 1706 4431 rei
1718 4389 1774 4431 non
1854 4435 1859 4441 ,

129 4465 154 4520 in
170 4467 266 4536 princ.
283 4463 330 4520 uhi
351 4462 505 4520 nullitatenr
525 4469 606 4520 actus
626 4461 753 4535 prohibiti
772 4468 855 4518 vocat
874 4476 939 4532 poe·
971 4461 1079 4518 irritare
1093 4465 1197 4531 actum,
1215 4475 1298 4532 quern
1314 4462 1447 4532 prohihet.

129 4569 190 4611 nam
213 4551 370 4610 naturalem
390 4552 469 4624 eius,
488 4555 563 4625 quic
577 4567 672 4613 corne,
689 4551 791 4624 inquit,
806 4549 883 4624 qood
895 4554 939 4608 est
1014 4555 1058 4610 ll.
1073 4552 1110 4607 Et
1130 4550 1285 4608 confirmari
1301 4558 1392 4623 potest
1405 4551 1472 4609 baec
1487 4553 1554 4611 ratio
1567 4568 1600 4610 es
1615 4552 1661 4611 illo
1674 4554 1775 4627 princi·

126 4641 328 4716 probibitores,
355 4639 539 4698 naturaiiter
554 4647 598 4698 cst
610 4639 789 4698 invalidum.
806 4639 885 4708 Quod
899 4639 939 4697 di·
971 4640 1016 4713 pio
1030 4638 1108 4696 valde
1122 4645 1306 4698 consentaneo
1322 4641 1438 4699 naturali
1455 4643 1565 4713 lumini,
1586 4643 1661 4716 quod
1675 4645 1702 4700 in
1716 4660 1773 4701 ma·

129 4739 205 4790 ctum
221 4732 321 4804 probat
337 4733 402 4788 ileo.
417 4733 443 4787 in
457 4745 520 4803 cap.
533 4735 562 4788 t.
576 4730 609 4786 de
619 4731 732 4788 constit.
746 4730 809 4788 lect.
827 4735 893 4802 l,n.
909 4736 935 4788 5.
973 4732 1041 4788 teria
1052 4730 1147 4787 odiosa
1158 4731 1241 4787 rerba
1252 4737 1317 4788 sunt
1330 4733 1529 4806 restringenda,
1539 4732 1631 4807 quoad
1643 4735 1700 4791 heri
1711 4751 1776 4807 pos·

128 4823 180 4880 Sed
194 4823 368 4880 contrarium
387 4828 463 4878 recte
476 4820 571 4878 docuit
585 4820 670 4878 Felin.
684 4820 721 4878 ibi
736 4837 811 4878 num.
827 4829 854 4891 5,
871 4835 936 4878 cunr
973 4823 1010 4880 sit
1025 4822 1096 4878 intra
1111 4837 1208 4878 eorum
1222 4820 1416 4892 proprietates,
1429 4825 1615 4896 potiusquam
1629 4824 1776 4882 extenden-

127 4912 223 4970 lnnoc.
242 4911 268 4967 in
282 4925 344 4982 cap.
361 4912 398 4968 Si
411 4925 490 4976 cere,
513 4909 546 4967 de
565 4917 681 4967 sentent.
698 4924 807 4967 excom.
823 4917 852 4968 et
866 4910 937 4979 aliis,
972 4911 1024 4982 da,
1049 4909 1097 4967 sed
1111 4910 1225 4967 irritatio
1241 4915 1323 4966 actus
1337 4917 1381 4968 est
1394 4910 1472 4968 valde
1487 4912 1579 4969 odiosa
1597 4918 1624 4969 ot
1637 4913 1716 4971 valde
1731 4930 1773 4971 re·

128 5017 198 5076 quos
221 5000 314 5058 reiert.
337 4999 414 5058 Unde
434 5000 504 5058 hanc
526 5002 704 5057 assertionem
725 5001 852 5058 existimo
875 5016 937 5059 esse
973 5016 1099 5074 pugnans
1121 5006 1249 5070 naturae,
1272 5001 1336 5073 quia
1357 5000 1560 5072 quodammodo
1580 5003 1670 5059 aulert
1688 5003 1776 5076 quod·

127 5092 314 5149 communiter
336 5095 493 5162 receptam,
518 5089 582 5164 quia
607 5091 734 5161 inristae,
751 5100 783 5147 ιιι
808 5091 872 5162 disi,
890 5090 936 5164 qui
971 5091 1035 5149 dam
1058 5090 1186 5148 naturale
1206 5089 1267 5162 ius,
1288 5088 1371 5146 nnodo
1385 5092 1412 5146 in
1427 5092 1613 5162 superioribus
1626 5092 1772 5165 explicato,

127 5183 285 5254 oppositum
309 5181 410 5237 sentire
427 5179 564 5250 ridentur,
580 5178 730 5238 tundantur
746 5180 772 5236 in
786 5181 846 5238 iure
862 5181 936 5253 posi·
972 5197 1039 5255 ergo
1058 5197 1112 5237 non
1131 5179 1214 5237 debet
1226 5179 1334 5236 extendi
1350 5178 1463 5236 verbum
1478 5179 1636 5252 prohibendi
1650 5181 1684 5238 ad
1698 5182 1774 5242 hunc

127 5273 201 5343 tivo;
225 5271 269 5328 alii
291 5285 355 5328 vero
380 5269 450 5328 hanc
471 5269 648 5327 assertionem
665 5278 696 5326 ut
710 5276 817 5326 certem
832 5284 937 5341 suppo·
971 5271 1113 5342 ellectum,
1124 5284 1206 5343 quern
1219 5267 1251 5326 de
1267 5285 1296 5325 se
1310 5285 1365 5326 non
1381 5269 1526 5342 significat,
1540 5271 1592 5327 nisi
1607 5271 1659 5328 alia
1672 5273 1765 5344 verba,
