4294 6238
845 290 1080 344 oavnrxxvn.
1674 278 1736 344 259

116 429 193 489 posse
207 416 343 475 revocari
357 417 446 491 legent
457 429 506 490 per
518 415 609 475 solutu
621 423 715 476 actum
729 419 870 476 internum
884 431 932 474 vo·
968 433 984 474 c
998 416 1116 491 edatur,
1138 414 1332 492 distinguenda
1350 419 1404 475 erit
1425 417 1609 480 manifestatio
1628 421 1778 482 voluntatis

116 507 228 564 laeuus
260 507 402 580 principis
425 506 555 578 nolentis,
577 513 610 564 ut
631 507 674 565 las
699 507 818 579 amplius
837 505 931 564 duret.
967 505 1100 579 principis
1115 522 1131 563 a
1144 507 1381 580 promulgatione,
1397 523 1459 564 nam
1475 510 1543 567 haec
1561 512 1677 584 requirit
1690 529 1775 585 pecu·

115 595 190 665 Quod
203 597 376 668 potesttieri
390 597 545 662 verisimile,
557 597 655 671 quiesi
669 599 696 653 in
712 597 845 670 principio
860 595 934 668 prin·
967 595 1062 654 liarem
1083 597 1294 668 solemnitatem,
1311 611 1394 670 quam
1413 613 1545 672 negamus
1565 615 1625 660 esse
1647 617 1776 659 necessa·

114 702 180 757 ceps
202 686 313 756 terret,
334 692 364 742 et
385 683 575 758 promulgaret
595 685 682 758 legem
704 686 762 742 sine
782 685 933 742 intentione
968 687 1038 742 riam
1059 685 1093 742 ad
1120 701 1218 757 puram
1239 687 1442 743 revocationem
1466 687 1544 762 legis.
1568 691 1634 758 Quia
1655 691 1777 749 sufficiet

114 775 279 848 obligandi,
302 775 370 833 licet
387 776 508 832 exterius
529 780 674 846 putaretur
688 774 730 831 lea
747 767 819 846 la'ta3
836 771 935 830 nibilo-
970 775 1110 848 quaelibet
1120 776 1303 833 manifestatio
1317 776 1469 834 voluntatis
1481 794 1530 850 pro
1545 779 1595 852 his,
1608 780 1710 854 quibus
1718 783 1776 840 lm-

114 866 207 921 nainus
224 865 276 922 illa
297 881 352 922 non
367 871 442 922 esset
458 879 522 922 vera
538 863 594 934 lev,
609 879 661 920 nee
677 879 726 937 per
741 879 770 920 se
790 861 933 938 obligaret,
970 863 1087 921 mediate
1102 865 1148 920 lit:
1165 880 1215 937 pro
1234 864 1294 921 aliis
1310 880 1375 920 vero
1393 866 1458 922 satis
1473 867 1525 924 erit
1538 868 1685 950 divulgatio
1704 870 1777 928 illius

114 954 163 1011 sed
174 953 213 1010 ad
230 970 380 1012 summum
397 971 431 1013 ex
445 953 613 1011 conscientia
627 955 801 1010 erroneadc
817 951 935 1025 denique
972 951 1083 1009 notitiae
1097 967 1146 1026 per
1160 951 1343 1010 sufficientem
1362 953 1472 1024 lamam,
1485 963 1533 1012 aut
1548 957 1777 1035 testificationem,

115 1043 184 1100 licet
197 1043 321 1114 demus,
334 1042 433 1100 debere
448 1042 519 1100 lasne
533 1041 705 1102 voluntatem
721 1043 849 1116 principis
862 1048 937 1098 exte·
971 1043 1009 1098 ita
1025 1049 1056 1098 ut
1069 1043 1273 1114 quamprimum
1287 1041 1388 1115 aliquis
1402 1043 1474 1101 illam
1488 1045 1609 1104 notitiem
1619 1063 1779 1123 consequa·

116 1135 177 1189 rpus
200 1133 328 1205 ostendi,
351 1131 529 1190 nihilominus
550 1148 603 1189 non
624 1134 678 1189 erit
697 1134 853 1190 neccssaria
873 1146 937 1202 pro·
972 1138 1029 1200 tur,
1045 1131 1128 1202 priori
1145 1131 1203 1203 lege
1219 1139 1347 1188 revocata
1364 1148 1418 1189 non
1433 1134 1778 1210 obligetur.Supponimus

117 1225 276 1298 mulgatin,
292 1222 341 1280 sed
356 1222 495 1286 sufficiet,
511 1227 541 1280 ut
554 1237 733 1296 quocumque
749 1221 829 1278 modo
844 1221 878 1279 de
893 1219 937 1277 illa
972 1222 1063 1290 enim,
1080 1221 1209 1292 principis
1223 1219 1369 1280 decretum
1386 1223 1460 1281 dioto
1475 1225 1556 1284 modo
1574 1227 1777 1287 manilestatum

119 1313 304 1370 sufficienter
317 1318 437 1368 constet
974 1310 1075 1379 luisse,
1091 1316 1123 1366 ut
1143 1309 1185 1365 les
1199 1325 1232 1367 ex
1252 1316 1320 1368 tunc
1340 1327 1394 1368 non
1416 1313 1557 1388 obligaret.
1574 1318 1688 1375 Aliunde
1710 1335 1775 1378 vero

159 1408 188 1459 8.
201 1402 272 1459 ffilri
284 1399 511 1474 distinguendum
525 1398 634 1458 videtur
645 1399 716 1456 inter
737 1399 938 1455 revocationem
974 1396 1115 1470 probabile
1126 1403 1179 1468 est,
1188 1399 1321 1458 internam
1334 1405 1557 1461 retractationem
1569 1406 1716 1465 voluntatis
1727 1424 1776 1481 per

120 1507 239 1563 puram,
255 1498 285 1548 et
307 1505 356 1564 per
377 1505 406 1546 se
426 1496 531 1547 uotum
552 1491 664 1562 laetam,
683 1500 712 1546 et
736 1487 938 1546 revocetionem
974 1503 1004 1544 ss
1019 1505 1100 1561 posse
1114 1487 1244 1546 sufficere
1259 1489 1293 1546 ad
1317 1490 1463 1549 tollendam
1477 1492 1582 1568 legem,
1597 1499 1620 1552 si
1640 1514 1780 1571 suppona-

121 1585 243 1640 miatam
266 1598 333 1639 cum
351 1581 442 1654 aliqua
457 1579 621 1654 obligatione
639 1580 788 1650 contrarie,
811 1587 839 1636 et
859 1577 938 1651 quasi
976 1565 1022 1634 tt'rr
1036 1578 1164 1651 princepe
1178 1577 1302 1636 absolute
1317 1579 1397 1647 velle,
1415 1589 1444 1638 ut
1458 1598 1491 1638 ex
1507 1590 1573 1642 tuno
1588 1601 1642 1643 non
1659 1588 1773 1664 obliget,

122 1677 350 1747 consequentem
370 1669 403 1727 ad
422 1669 505 1727 illam.
521 1671 555 1726 El
568 1669 653 1743 primo
667 1667 815 1724 dicendum
828 1673 888 1735 est,
904 1665 938 1723 ad
974 1669 1037 1741 quia
1052 1669 1147 1725 statlm
1158 1675 1280 1725 cessaret
1290 1667 1415 1743 obligatio
1426 1687 1458 1729 ex
1474 1671 1582 1731 delectu
1593 1691 1694 1734 causae
1708 1695 1775 1738 con-

120 1762 465 1833 revocationem,quaaer
473 1759 637 1832 obligatione
652 1756 936 1828 contrariasequitur,
975 1759 1126 1829 servantis3
1139 1772 1202 1814 nam
1217 1757 1291 1815 sieut
1301 1758 1344 1816 lex
1358 1761 1385 1816 in
1399 1761 1455 1818 fieri
1466 1763 1565 1835 pendet
1576 1767 1609 1823 ab
1623 1767 1724 1828 interna
1735 1773 1777 1830 in·

120 1853 319 1908 necessariam
336 1864 398 1908 esse
419 1848 683 1922 promulgationem,
702 1845 777 1920 quod
797 1845 936 1918 procedit,
978 1849 1114 1920 tentione,
1141 1849 1178 1904 ita
1198 1848 1267 1905 etin
1284 1852 1459 1920 conservari,
1475 1859 1502 1909 et
1520 1855 1558 1911 ita
1572 1859 1696 1928 procedit
1710 1865 1778 1921 ratio

123 1942 181 1997 sive
194 1941 245 1998 illa
265 1939 396 2012 obligatio
411 1939 447 1994 sit
467 1935 500 1994 ed
521 1944 615 1994 actum
635 1941 834 2010 repugnantem
853 1936 939 2007 priori
975 1951 1060 2008 supra
1074 1935 1239 2008 prolledine
1253 1937 1455 1996 lacta.Ettunc
1471 1948 1777 2020 consequenterdicen·

124 2032 195 2104 legi,
212 2030 274 2086 sive
297 2029 333 2084 ait
345 2029 470 2098 praecise
483 2025 518 2084 ad
539 2042 592 2082 non
607 2023 739 2083 utendum
761 2024 844 2096 priori
864 2023 937 2098 lege,
975 2025 1042 2083 dum
1057 2033 1111 2098 est,
1126 2024 1333 2100 obligationem,
1344 2043 1415 2101 quae
1431 2029 1593 2104 relinquitur
1606 2037 1632 2092 in
1645 2038 1773 2114 subditis,

125 2135 179 2177 seu
201 2118 240 2176 ad
262 2117 338 2175 illam
358 2132 413 2174 non
433 2114 609 2173 servandum.
631 2115 785 2184 Probatur,
806 2116 872 2187 quia
891 2112 939 2170 illa
974 2130 1036 2172 esse
1050 2129 1123 2172 mere
1137 2131 1187 2188 per
1200 2114 1330 2172 accidens
1340 2132 1374 2174 ex
1387 2119 1444 2174 sola
1463 2120 1615 2192 ignorantia
1628 2131 1658 2183 et
1666 2127 1775 2189 fictione

126 2209 266 2281 obligatio
282 2207 431 2278 imponitur
445 2221 493 2278 per
508 2219 605 2262 novam
619 2203 718 2278 legem,
734 2218 802 2277 ergo
816 2201 849 2259 ad
867 2202 939 2260 illam
975 2202 1219 2278 legislatorisqnam
1230 2206 1253 2260 si
1265 2202 1299 2261 de
1310 2205 1451 2264 voluntate
1462 2210 1522 2266 eius
1534 2220 1775 2286 constaret,etiam

126 2298 222 2372 legem
240 2297 393 2370 requiritur
408 2294 611 2370 promulgatio,
624 2293 794 2368 quiaeadem
808 2298 852 2349 est
871 2293 940 2349 ratio
975 2309 1024 2366 per
1039 2293 1244 2366 revelationem,
1262 2294 1305 2352 lex
1319 2311 1367 2368 per
1381 2312 1409 2353 se
1423 2314 1478 2354 non
1493 2299 1710 2376 obligamentis
1725 2324 1775 2367 au·

127 2387 163 2446 de
177 2388 237 2457 illa,
253 2402 327 2462 quae
344 2386 379 2444 de
393 2388 504 2456 ceteris,
520 2401 586 2442 cum
600 2382 783 2458 promulgatio
797 2383 834 2440 sit
848 2381 882 2439 de
898 2397 942 2438 ra·
975 2391 1031 2440 tem
1042 2381 1169 2440 voluntas
1183 2382 1311 2455 principis
1322 2386 1432 2442 omnino
1447 2388 1640 2450 irrationabilis
1650 2405 1732 2470 esset,
1744 2407 1775 2458 et

128 2477 206 2535 tione
222 2478 313 2550 legis,
330 2483 361 2533 ut
375 2474 438 2532 talis
450 2479 503 2531 est.
518 2475 591 2548 Ergo
605 2473 639 2530 ad
657 2471 760 2530 dictam
781 2471 942 2545 abrogatio·
975 2479 1072 2529 contra
1087 2471 1205 2529 debitam
1220 2473 1456 2545 gubernationem.

130 2583 196 2625 nem
216 2565 317 2622 eadem
344 2563 525 2638 promulgatio
546 2563 701 2620 necessaria
726 2570 781 2619 est.
803 2561 940 2619 Probatur
1015 2558 1091 2621 Unde
1102 2561 1164 2618 dico
1175 2563 1310 2621 tertimUt
1320 2563 1463 2638 abrogatis
1474 2566 1541 2638 legis
1552 2573 1633 2628 ctiam
1645 2589 1714 2645 pura
1727 2577 1775 2635 de·

131 2655 353 2730 consequentia,
371 2653 511 2726 quietalis
529 2653 668 2710 revocatio
681 2658 725 2709 est
744 2651 858 2708 effectus
878 2664 943 2721 pro·
976 2651 1033 2708 bito
1044 2650 1124 2708 modo
1141 2651 1196 2723 liat,
1209 2650 1317 2723 publice
1331 2655 1508 2726 proponenda
1521 2665 1574 2728 est,
1587 2661 1713 2731 prudenti
1729 2682 1773 2723 ar·

132 2748 210 2819 priae
221 2746 300 2819 legis,
314 2746 367 2801 imo
378 2751 422 2800 est
443 2743 521 2816 quasi
532 2743 718 2814 accessorius,
730 2748 758 2798 et
769 2755 942 2814 consequens
976 2741 1057 2798 bitrio
1071 2740 1308 2813 legislatorislloc
1323 2743 1440 2800 suadent
1452 2744 1543 2818 aliquo
1559 2748 1640 2808 modo
1654 2755 1774 2814 rabones

133 2835 170 2892 ad
188 2835 277 2892 aliurn
291 2835 470 2905 primarium,
486 2831 533 2905 qui
546 2840 589 2889 est
607 2831 745 2888 contrarie
759 2830 887 2903 obligatio
904 2829 942 2888 le·
978 2833 1082 2904 primae
1095 2830 1299 2888 sententiae.Et
1312 2833 1379 2904 quie
1392 2833 1441 2890 nisi
1455 2837 1591 2896 revocatio
1603 2841 1637 2897 sit
1651 2843 1771 2920 publica,

131 2929 192 3000 ὄιες
207 2941 276 3000 ergo
298 2925 414 2998 requirit
439 2923 526 2994 legem
547 2920 625 2994 plene
645 2921 843 2993 constitutam,
857 2927 943 2994 atque
978 2927 1098 2994 possunt
1116 2919 1194 2976 lacile
1214 2920 1292 2993 sequi
1312 2921 1450 2992 scandala,
1472 2925 1539 2983 dum
1559 2927 1641 3002 aliqui
1663 2942 1775 3007 propter

132 3018 205 3075 adeo
219 3015 435 3090 promulgatam.
458 3011 536 3071 llnde
551 3013 590 3084 lit,
608 3012 679 3068 banc
693 3009 943 3083 promulgationem
979 3010 1110 3083 privatam
1127 3009 1248 3066 notitiam
1262 3009 1351 3082 legem
1362 3027 1415 3067 non
1431 3021 1551 3072 servant.
1559 3017 1636 3075 Unde
1644 3021 1717 3081 sicut
1729 3041 1777 3080 ex·

133 3107 234 3164 eodem
253 3103 354 3176 modo,
369 3109 396 3159 el
419 3117 484 3159 cum
498 3101 599 3158 eisdem
615 3099 821 3158 conditionibus
831 3101 876 3156 laic
895 3116 943 3171 po·
977 3098 1060 3171 pedit,
1076 3113 1250 3156 communem
1265 3099 1454 3172 obligationem
1467 3101 1501 3159 de
1515 3119 1544 3162 se
1559 3107 1639 3166 simul
1653 3109 1775 3186 incipere

133 3195 251 3266 stulari,
267 3196 342 3250 sicut
364 3192 397 3249 nd
419 3191 507 3264 legem
528 3190 683 3246 necessaria
702 3197 754 3246 est.
771 3188 847 3247 Unde
867 3191 943 3246 sicut
977 3189 1003 3245 in
1017 3188 1112 3245 eodem
1133 3188 1211 3258 looo;
1226 3187 1263 3243 ita
1282 3188 1400 3261 expedit,
1417 3191 1607 3268 obligationem
1621 3205 1775 3260 communis

134 3285 178 3343 lex
194 3293 260 3342 ante
278 3281 525 3355 promulgationem
539 3295 593 3337 non
608 3277 727 3351 obligat,
742 3279 803 3335 licet
817 3278 943 3350 privatim
977 3277 1150 3366 obligationis
1160 3292 1221 3333 esse
1231 3277 1283 3333 iam
1295 3279 1443 3351 publicam,
1455 3289 1482 3360 et
1495 3298 1670 3344 communem
1681 3292 1774 3364 quoad

135 3376 262 3444 sciatur,
278 3373 316 3428 ita
328 3373 355 3426 in
375 3369 508 3442 praesenti
524 3366 586 3424 talis
600 3367 642 3425 lex
661 3373 725 3423 ante
746 3367 943 3440 promulgatio·
976 3381 1082 3439 omnes,
1095 3374 1228 3440 quantum
1243 3367 1387 3424 commode
1401 3369 1457 3425 beri
1471 3375 1568 3441 possit.
1582 3375 1617 3432 Et
1629 3375 1689 3434 ideo
1703 3397 1772 3438 norn-

136 3479 200 3519 nem
214 3475 280 3517 cum
308 3466 431 3531 tempore
449 3456 602 3514 sufficiente
616 3455 650 3513 ad
672 3455 862 3529 obligationem
882 3455 942 3512 eius
976 3471 1059 3530 quam
1074 3454 1303 3526 praesumendum
1317 3463 1378 3528 est,
1394 3458 1542 3531 principem
1558 3463 1675 3523 voluisse
1694 3476 1775 3528 ιιιιιι

137 3568 192 3608 ,οῃ
206 3549 346 3620 “obligat
360 3548 394 3602 ab
420 3545 487 3618 alia,
506 3547 636 3619 quianon
652 3545 727 3617 prius
743 3543 824 3600 babet
844 3560 942 3601 secun
976 3543 1019 3599 vel
1032 3543 1110 3600 aliter
1125 3543 1212 3618 legem
1228 3558 1368 3616 revocare,
1381 3545 1430 3603 nisi
1444 3547 1643 3611 evidentissime
1654 3564 1773 3618 constet.

136 3643 246 3699 dapum
262 3637 408 3705 ellectum,
424 3650 506 3709 quam
521 3635 691 3707 primarium.
707 3634 771 3690 Etc
793 3648 940 3705 converso,
977 3633 1034 3690 biri
1054 3638 1157 3705 autem,
1178 3631 1288 3689 modurn
1308 3633 1390 3691 huius
1411 3637 1638 3712 promulgationis
1659 3648 1775 3723 relinqui

136 3731 211 3787 sicul
226 3733 292 3800 post
312 3725 559 3799 promulgationem
581 3730 609 3780 et
622 3730 732 3796 tempus
746 3721 885 3779 sufficiens
900 3724 942 3780 lex
976 3723 1088 3779 arbitrio
1109 3724 1258 3794 principie,
1273 3725 1338 3797 quia
1351 3724 1378 3780 ln
1397 3727 1458 3784 iure
1473 3743 1526 3784 non
1541 3737 1583 3786 eet
1596 3741 1706 3808 certus,
1722 3753 1774 3796 nec

137 3821 261 3894 obligat,
275 3817 356 3873 etiam
374 3815 502 3888 privatim
517 3815 657 3887 ignorata,
674 3813 799 3887 quamvis
813 3815 941 3884 ignorans
976 3811 1118 3884 definitum
1141 3827 1192 3868 nec
1214 3811 1322 3868 videtur
1343 3816 1541 3886 necessarium,
1556 3821 1583 3878 in
1599 3829 1775 3886 revocatione

136 3907 334 3966 invincibiliter
358 3911 527 3975 excusetur5
549 3903 585 3961 ita
606 3905 633 3959 in
654 3905 788 3974 praesenti
809 3903 851 3960 lex
872 3903 941 3960 haec
977 3900 1080 3958 servari
1095 3915 1202 3958 omnem
1214 3902 1345 3974 temporis
1356 3903 1526 3979 dilationem,
1539 3925 1609 3982 quae
1620 3928 1670 3985 pro
1682 3914 1774 3990 legum

136 3997 315 4072 promulgate
337 3994 407 4051 tollit
425 3992 614 4066 obligationem
633 3994 733 4064 prioris
753 3991 834 4067 legis,
850 4008 898 4064 per
913 4007 942 4048 se
976 3990 1193 4065 promulgatione
1211 3992 1417 4064 praescribitur.
1432 3996 1499 4068 Quia
1518 4014 1572 4056 non
1591 4011 1634 4058 est
1653 4008 1774 4079 aequalis

137 4087 291 4163 loquendo,
308 4087 435 4159 quemvis
446 4083 468 4138 si
479 4083 630 4157 ignoretur,
642 4097 674 4139 er
686 4081 855 4138 conscientia
864 4095 942 4138 erro·
977 4081 1062 4150 ratio,
1078 4097 1167 4155 neque
1180 4089 1301 4155 oportet,
1318 4084 1392 4156 quod
1406 4085 1432 4142 in
1447 4085 1567 4145 levorem
1580 4092 1775 4154 introductum

137 4193 190 4234 nea
204 4176 327 4247 obligare
341 4172 438 4246 possit.
975 4177 1029 4242 est,
1044 4169 1190 4227 extendere
1204 4170 1238 4227 ad
1253 4174 1381 4244 rigorem.
1398 4174 1521 4234 stabitur
1534 4194 1602 4253 ergo
1623 4193 1774 4243 consuetu·

177 4266 246 4324 Dico
257 4261 392 4320 seeundo:
403 4263 474 4319 Pura
485 4260 625 4318 revocatio
637 4259 703 4335 legis
712 4275 797 4333 perse
810 4265 838 4316 et
849 4275 943 4317 essen·
975 4259 1043 4331 dini,
1055 4259 1096 4316 vel
1107 4259 1210 4316 actuali
1221 4261 1359 4333 prinicipis
1371 4263 1548 4336 dispositioni.
1556 4271 1645 4343 Atque
1656 4273 1695 4329 ita
1707 4290 1775 4332 con·

137 4357 239 4415 tialiter
252 4371 307 4412 non
319 4351 434 4428 requirit
444 4349 841 4424 promulgationem.Prcbatur
856 4365 941 4425 argu·
976 4356 1031 4406 stat
1043 4349 1135 4410 etiam.
1150 4349 1261 4422 quaudo
1283 4350 1394 4423 incipiat
1407 4353 1473 4411 baec
1489 4355 1632 4432 abnegatio
1648 4360 1713 4433 legia
1728 4363 1776 4422 ha·

138 4453 233 4505 mento
257 4443 395 4500 secundae
409 4442 568 4498 sententiae.
586 4440 621 4496 Et
639 4442 703 4513 quia
722 4439 783 4496 talis
803 4441 941 4496 revocatio
976 4437 1042 4494 bere
1057 4453 1139 4495 suum
1153 4437 1298 4511 ellectum,
1311 4455 1373 4496 nam
1386 4442 1413 4498 in
1429 4442 1481 4499 hoc
1495 4443 1630 4518 dependet
1644 4465 1659 4506 a
1674 4453 1774 4521 princi-

138 4554 191 4593 nnn
205 4537 235 4593 lit
252 4549 301 4606 per
313 4534 429 4606 aliquam
444 4531 541 4603 legem,
551 4527 584 4586 ad
598 4545 680 4603 quam
692 4529 778 4586 solam
792 4536 835 4586 est
846 4544 944 4586 neces·
976 4531 1016 4600 pis
1031 4527 1186 4601 voluntate3
1201 4528 1336 4585 ordinarie
1351 4547 1415 4587 vero
1429 4532 1552 4606 incipite
1566 4535 1710 4597 sufficienti
1724 4557 1776 4614 pu·

139 4629 210 4684 saria
225 4623 471 4698 promulgatiosn
487 4635 551 4677 vero
566 4619 627 4676 talis
644 4620 782 4677 revocatio
792 4635 842 4693 per
855 4635 885 4676 se
899 4635 942 4677 re·
975 4617 1132 4675 blicationc:
1145 4617 1300 4690 applicatur
1314 4627 1406 4677 autem
1418 4622 1445 4677 in
1460 4624 1628 4698 particulari,
1641 4643 1705 4686 com
1719 4634 1776 4704 pri·

140 4717 232 4790 quirat
248 4713 345 4770 saltem
360 4711 467 4785 signum
481 4717 639 4781 externum,
652 4709 788 4767 incertum
802 4717 853 4766 est.
864 4709 943 4768 Vide-
976 4724 1052 4765 mum
1067 4708 1193 4780 pervenit
1206 4710 1345 4767 revocatio
1357 4709 1391 4767 ad
1406 4711 1625 4788 uniuscuiusque
1639 4719 1774 4796 notitiam,

140 4813 186 4863 q„
196 4805 270 4860 enim
285 4799 438 4873 probabile,
450 4815 510 4856 esse
525 4799 722 4865 necessarium,
733 4798 797 4872 quia
809 4799 883 4855 sicut
894 4815 941 4855 vo·
976 4796 1100 4870 quemvis
1110 4795 1179 4852 haec
1190 4798 1699 4880 magispropterconscientiam,quam
1710 4827 1776 4882 pro·

141 4895 232 4950 luntas
242 4890 362 4948 humana
374 4903 427 4944 non
438 4893 531 4961 potest
542 4885 642 4944 habere
653 4887 781 4944 ellectum
793 4887 940 4959 positivum
975 4893 1037 4960 pter
1049 4887 1249 4944 revocationem
1262 4887 1327 4962 legis
1339 4889 1492 4948 secundum
1510 4901 1714 4964 se,necessaria
1728 4902 1773 4960 sit.

142 4985 216 5040 epm
236 4979 322 5038 aqum
341 4977 495 5048 hominem,
509 4975 561 5032 nisi
575 4975 612 5032 illi
629 4977 790 5048 intimetur3
805 4977 843 5032 ita
862 4975 941 5034 etiam
1014 4979 1051 5034 lle
1071 4977 1214 5034 effectibus
1234 4983 1324 5035 autem
1346 4978 1426 5036 huius
1447 4977 1630 5055 abrogationis
1650 4986 1714 5044 nibil
1735 4990 1777 5048 di·

142 5087 230 5146 neque
244 5070 375 5129 ellectum
389 5065 621 5139 privativum,seu
637 5065 787 5122 ablativum
798 5066 943 5140 obligatio·
976 5065 1095 5124 cendum
1116 5072 1259 5139 superest;
1281 5081 1344 5124 narn
1370 5082 1418 5139 per
1438 5084 1467 5124 se
1488 5071 1577 5130 solum
1602 5076 1729 5134 consistit
1749 5081 1775 5137 in

143 5164 193 5236 nis,
206 5175 269 5218 nam
283 5157 465 5216 videturesse
479 5153 572 5213 eadem
586 5157 668 5213 ratio.
677 5153 755 5214 Unde
768 5155 791 5212 si
806 5154 859 5214 hoc
874 5171 942 5214 oon·
980 5157 1115 5216 ablatione
1134 5155 1212 5232 legis.
1232 5155 1309 5216 Unde
1328 5164 1399 5231 quot
1420 5159 1521 5219 luerint
1536 5162 1653 5221 ellectus
1669 5168 1779 5240 positivi
