4278 6242
439 391 501 458 lta
1151 412 1252 462 arnan
1267 413 1300 462 v.
1327 491 1336 502 ⁶

397 536 581 594 considerata.
593 538 709 611 Oportet
721 553 788 614 ergo
801 553 951 611 exponere,
977 553 1010 594 an
1026 537 1092 594 haec
1106 536 1203 610 regula
1239 537 1359 604 nullitas,
1376 542 1424 595 aut
1438 536 1515 595 ralor
1528 543 1627 608 aetus,
1642 538 1789 612 exquibus
1805 537 1876 596 duae
1889 545 2002 596 tanturn
2016 537 2051 596 ed

397 627 432 684 sit
445 626 580 685 indefinite
594 628 744 701 sumenda,
759 629 788 686 id
807 636 850 686 est
864 635 894 684 ut
914 627 955 686 lex
970 644 1040 700 pure
1055 626 1201 699 prohibens
1240 644 1297 684 rem
1317 635 1438 696 nostram
1461 628 1551 686 lacere
1573 627 1711 686 ridentur.
1727 629 1786 686 Una
1799 635 1857 701 est,
1875 631 1992 703 quando
2007 630 2051 688 lex

397 732 450 772 non
465 732 573 787 semper
594 718 698 789 irritet,
714 717 757 774 rel
771 717 951 791 generaliter,
967 726 1000 774 ut
1019 732 1159 790 nunquam
1174 732 1203 774 se
1238 718 1365 791 prohibet
1387 726 1501 791 actum,
1517 734 1571 775 non
1593 719 1693 775 intuitu
1712 719 1848 791 iustitiae,
1862 719 1912 776 sed
1933 720 2051 778 alterius

396 805 454 861 sola
467 805 564 878 irritet,
576 813 605 864 et
619 807 671 863 hoe
687 808 832 878 posteriori
843 807 923 864 modo
934 807 1086 873 intellecta,
1101 821 1134 862 aa
1150 806 1199 862 ali·
1238 809 1360 880 virtutis,
1377 815 1407 864 ut
1421 807 1571 880 religionis,
1583 807 1626 864 rel
1640 807 1817 878 liberalitatis,
1828 816 1880 866 aut
1893 809 2009 880 similis,
2024 816 2054 866 et

395 909 479 967 quam
499 896 686 967 exceptionem
707 896 836 969 patiatur.
858 898 925 953 Nam
947 897 970 953 ei
991 896 1058 952 ratio
1079 894 1151 951 laeta
1172 895 1197 950 io
1238 911 1291 952 noa
1303 895 1378 954 addit
1388 897 1539 955 clausulam
1549 897 1782 968 irritantem,tuao
1794 912 1938 971 nunquam
1950 898 2053 956 annul·

394 998 455 1055 cap.
470 985 550 1042 xliv.
566 984 654 1042 valida
668 994 729 1060 est,
744 985 853 1044 ridetur
867 985 1003 1058 probare,
1019 1000 1114 1058 puram
1129 985 1197 1058 legis
1238 987 1295 1043 lare
1307 985 1491 1045 aetumUnde
1503 1001 1551 1058 per
1560 992 1752 1059 argumentum
1762 1002 1777 1042 a
1788 990 1929 1044 contrario
1940 987 2048 1044 inseret

395 1073 602 1145 prohibitionem
614 1091 755 1149 nunquam
768 1077 873 1133 irritare
884 1082 991 1148 aetum,
1002 1076 1068 1147 quia
1082 1075 1196 1132 verbnm
1238 1075 1348 1149 aliquis,
1364 1078 1386 1132 si
1400 1075 1441 1133 lex
1458 1075 1599 1147 prohibeat
1614 1081 1706 1133 aetum
1720 1057 1818 1133 indulto
1834 1077 1968 1149 iustitiae,
1986 1077 2043 1134 hoe

391 1161 553 1235 prohibendi
575 1181 714 1239 nunquam
735 1167 870 1239 significat
889 1165 1064 1236 nullitatem,
1079 1164 1127 1222 sed
1143 1172 1203 1222 tan·
1238 1167 1297 1239 ipso
1312 1166 1417 1252 irriteqe
1439 1165 1531 1223 illum:
1548 1164 1624 1238 quod
1640 1171 1729 1220 tamen
1744 1164 1843 1222 neceb
1862 1165 1908 1223 illo
1923 1172 2047 1224 auctore

395 1259 452 1310 tum
468 1253 658 1328 obligationem
679 1272 733 1313 non
749 1254 1197 1330 laciend13sedverbalegisnun·
1238 1255 1414 1326 conceditur,
1429 1271 1480 1312 neo
1500 1270 1596 1312 veruna
1610 1259 1668 1328 est,
1684 1255 1821 1312 utstatim
1836 1254 1937 1314 dicam.
1955 1257 1993 1312 Et
2012 1257 2049 1312 ita

395 1357 478 1416 quam
493 1351 609 1416 possunt
623 1345 684 1415 plus
698 1345 820 1416 efficere,
836 1362 920 1419 quana
935 1340 1104 1419 signiticlnt3
1121 1361 1198 1419 orgo.
1238 1362 1270 1403 ex
1285 1345 1329 1402 illa
1341 1345 1436 1419 regula
1450 1361 1503 1401 non
1522 1343 1658 1415 habetur,
1673 1342 1784 1417 quando
1799 1351 1880 1402 aetus
1894 1347 1931 1401 sit
1950 1343 2051 1401 nullus

439 1432 469 1489 ln
493 1435 662 1490 eontrarium
686 1449 752 1491 aero
776 1441 834 1506 est,
852 1435 916 1508 quia
939 1449 1019 1507 saepe
1038 1435 1111 1507 leges
1134 1449 1203 1506 pure
1240 1442 1354 1509 propter
1375 1433 1462 1492 solam
1482 1433 1709 1506 prohibitionem,
1725 1432 1774 1490 sed
1793 1433 1903 1507 quando
1917 1435 1957 1492 sit
1977 1435 2051 1491 rali-

394 1522 569 1597 prohibentes
590 1522 718 1580 rideatur
732 1523 831 1580 habere
843 1523 917 1580 huno
928 1524 1056 1581 ellectum
1068 1540 1117 1596 per
1131 1539 1201 1598 sese,
1239 1525 1301 1592 dus,
1321 1542 1374 1582 noa
1390 1525 1514 1582 obstante
1529 1523 1591 1596 illa,
1608 1523 1683 1599 quod
1697 1523 1750 1580 iam
1764 1525 1896 1581 habemus
1910 1541 1946 1583 ex
1959 1541 2048 1597 gene·

394 1620 424 1670 et
437 1629 491 1671 non
513 1614 541 1669 in
560 1613 663 1671 virtute
677 1613 744 1687 legis
758 1631 818 1670 non
839 1613 973 1670 dubium.
991 1616 1050 1671 lloc
1065 1615 1091 1671 in
1110 1615 1204 1688 primis
1237 1615 1287 1673 nali
1300 1615 1395 1688 regula
1410 1617 1497 1687 posita
1511 1615 1538 1670 ln
1557 1629 1618 1688 cap.
1635 1615 1715 1672 xxv,
1733 1617 1784 1672 Per
1804 1614 1873 1672 hanc
1888 1631 1955 1672 vero
1969 1615 2051 1672 addi·

394 1703 527 1775 probatur
548 1703 581 1760 de
598 1702 657 1778 lege
670 1705 801 1776 naturali,
813 1719 875 1760 nam
887 1720 970 1776 supra
981 1703 1085 1762 dietum
1100 1712 1152 1778 est,
1164 1706 1204 1762 in·
1237 1712 1294 1777 tur,
1311 1705 1383 1762 illam
1397 1704 1580 1762 universalem
1594 1703 1718 1776 regulam
1733 1719 1874 1777 nunquam
1886 1707 1943 1777 pati
1956 1719 2045 1762 exce·

394 1791 504 1850 tendum
525 1793 633 1851 irritare
653 1801 763 1867 aetum3
779 1798 807 1851 et
827 1800 916 1852 tamen
930 1795 957 1851 in
977 1794 1023 1851 illa
1037 1811 1091 1853 non
1106 1811 1204 1867 possu-
1237 1797 1358 1868 ptionem
1373 1795 1398 1851 in
1413 1793 1534 1867 legibus,
1549 1809 1620 1868 quae
1634 1808 1687 1850 non
1708 1795 1885 1852 constituunt
1898 1801 1999 1852 aotam
2020 1797 2047 1852 in

395 1898 459 1939 nnus
479 1881 647 1955 distinguere
662 1883 745 1940 rerba
759 1884 918 1941 irritantiaa
931 1885 1022 1941 rerbis
1036 1885 1204 1958 prohibenti·
1237 1885 1491 1941 materiaiustitiae.
1507 1883 1585 1950 thod
1600 1881 1663 1940 lieet
1676 1884 1793 1942 lormsse
1808 1899 1904 1940 rerum
1918 1887 1965 1956 sit,
1984 1901 2042 1943 non

394 1971 459 2046 bus;
481 1975 667 2046 nequeetiom
681 1973 748 2030 inea
760 1972 853 2032 locum
866 1972 1203 2049 habetdeeisiolegisnon
1237 1980 1328 2031 tamen
1347 1973 1429 2030 solvit
1448 1972 1626 2029 obiectionom
1647 1972 1749 2030 laetam
1768 1972 1803 2030 de
1828 1972 1889 2046 lege
1908 1974 2047 2046 naturali,

394 2059 527 2129 dubium,
551 2078 616 2119 curn
633 2062 681 2120 illa
696 2064 731 2119 sit
743 2077 817 2120 mere
831 2065 958 2137 positiva,
973 2071 1002 2122 et
1016 2081 1068 2122 non
1083 2065 1205 2124 declaret
1236 2078 1308 2137 quae
1332 2060 1470 2120 interdum
1494 2061 1583 2120 reddit
1606 2061 1714 2120 nullum
1739 2071 1832 2120 actum
1860 2062 2047 2135 prohibitum,

395 2158 502 2209 tantum
525 2153 570 2209 ius
590 2152 730 2225 natarale3
745 2167 812 2226 ergo
828 2157 954 2211 convenit
968 2154 1020 2212 hoo
1040 2154 1125 2213 alicui
1144 2155 1203 2230 lege
1238 2155 1344 2226 etipmsi
1363 2152 1508 2226 prohibitio
1523 2167 1576 2210 non
1596 2155 1733 2225 pertineat
1746 2153 1779 2210 ad
1800 2155 1945 2211 materiam
1965 2155 2049 2211 insti-

394 2242 558 2298 naturalior
574 2249 652 2314 parte
668 2242 797 2300 materiae
809 2242 932 2299 habentis
942 2243 1064 2300 eamdem
1075 2245 1204 2303 indecen·
1238 2245 1303 2316 tiae,
1316 2243 1364 2300 sed
1378 2242 1540 2316 honestatis,
1552 2242 1595 2300 rel
1607 2245 1726 2316 pietatis,
1739 2249 1787 2300 aut
1798 2244 2004 2317 observantiae,
2018 2251 2051 2302 nt

396 2331 461 2388 tiam
477 2333 504 2388 in
516 2333 787 2404 continuatione,seu
799 2335 1008 2391 conservatione
1020 2341 1110 2406 notus,
1119 2351 1202 2408 qoam
1236 2342 1280 2391 est
1292 2333 1435 2407 prohibitio
1449 2333 1613 2392 matrimonii
1627 2335 1697 2391 inter
1715 2332 1831 2406 iratres,
1847 2333 1890 2391 vel
1910 2337 1986 2392 inter
1999 2351 2049 2406 pa·

397 2421 493 2479 habuit
504 2423 528 2478 in
551 2423 638 2495 prima
652 2423 805 2496 allectione,
819 2439 885 2497 ergo
900 2425 972 2481 idem
987 2424 1087 2497 poterit
1098 2426 1203 2482 contin·
1238 2433 1308 2483 trem
1318 2432 1345 2482 et
1356 2424 1447 2498 tiliam,
1458 2431 1514 2482 ete.
1527 2423 1602 2483 Unde
1614 2425 1696 2480 etiam
1707 2420 1871 2498 relinquitur
1881 2423 2046 2496 difficultas,

399 2525 465 2583 gere
481 2512 509 2568 in
530 2511 588 2585 lege
602 2513 718 2584 positiva
737 2512 897 2585 prohibente
916 2521 1020 2570 aetum.
1035 2515 1103 2571 Nam
1118 2516 1140 2570 si
1159 2529 1204 2570 ea·
1237 2533 1290 2573 cur
1308 2532 1362 2573 non
1378 2515 1414 2573 sit
1434 2514 1505 2572 idem
1518 2515 1547 2571 in
1567 2514 1626 2588 lege
1640 2514 1754 2588 positiva
1768 2513 1840 2587 lata,
1855 2531 1883 2570 r.
1899 2531 1928 2587 g.
1946 2513 2050 2572 intuitu

398 2601 460 2659 dem
477 2603 563 2674 ratio,
580 2602 621 2660 rel
640 2603 791 2660 indecentia
806 2603 959 2660 inveniatur
980 2603 1006 2659 in
1025 2604 1082 2680 ipso
1097 2611 1162 2661 actu
1177 2605 1203 2661 in
1236 2604 1392 2678 religionis,
1408 2604 1430 2661 si
1449 2607 1591 2676 contingat
1611 2604 1711 2662 habere
1732 2619 1846 2662 causam
1865 2611 2046 2677 perpetuam,

398 2692 469 2750 iacto
487 2708 565 2766 esse,
581 2707 652 2766 quae
667 2693 717 2750 luit
729 2693 755 2749 in
769 2694 841 2764 lieri,
856 2692 1040 2766 intelligetur,
1057 2709 1106 2766 per
1120 2694 1202 2753 talem
1237 2711 1287 2753 seu
1300 2694 1423 2754 eamdem
1442 2697 1577 2760 rationem
1590 2696 1618 2751 in
1637 2697 1697 2767 ipse
1710 2693 1855 2752 duratione
1876 2703 1981 2768 actus,
1998 2711 2048 2752 seu

397 2780 485 2855 legem
504 2798 557 2839 non
573 2781 663 2840 solum
678 2782 830 2856 prohiberi,
846 2781 893 2838 sed
908 2783 990 2839 etiam
1004 2782 1122 2854 irritari,
1136 2785 1203 2857 quie
1237 2786 1354 2843 ellectns
1368 2786 1440 2858 eius,
1456 2800 1526 2859 quae
1540 2784 1593 2841 luit
1606 2785 1633 2840 in
1649 2784 1708 2857 ipso
1722 2786 1790 2842 lieri.

399 2869 640 2944 inpersererantia
651 2872 727 2928 oirca
737 2872 819 2929 talem
830 2877 923 2928 actum
934 2887 1042 2943 semper
1050 2873 1127 2930 fieret
1137 2889 1203 2930 eon·
1276 2881 1304 2934 2.
1320 2875 1380 2932 lilia
1401 2875 1500 2948 regala
1515 2872 1637 2930 eiusdem
1660 2875 1782 2931 auctoris
1795 2879 1853 2930 est:
1868 2875 1986 2942 Quoties
2006 2875 2048 2932 lex

397 2966 441 3018 tra
460 2960 559 3033 legem.
574 2963 609 3020 Et
622 2963 802 3018 confirmatur
815 2963 919 3035 primo,
935 2964 999 3036 qaia
1013 2963 1037 3018 in
1052 2961 1105 3034 hoe
1120 2978 1203 3020 sensu
1237 2965 1272 3023 ita
1287 2965 1409 3038 prohibet
1422 2965 1582 3036 simpliciter
1597 2969 1691 3022 aetina
1705 2971 1783 3021 certo
1803 2966 1896 3037 generi
1911 2981 2047 3038 persona·

397 3050 505 3109 ridetur
516 3053 617 3123 optime
635 3050 760 3124 intelligi,
773 3050 917 3109 etdelendi
930 3053 1084 3108 eommunis
1095 3060 1203 3111 senten·
1237 3072 1318 3128 rum,
1334 3062 1367 3114 ut
1379 3054 1503 3129 designet
1516 3053 1667 3127 legitimum
1681 3062 1824 3111 auctorem
1838 3053 1930 3124 illius,
1947 3069 2047 3114 eonse-

397 3143 535 3213 hanapia
553 3140 651 3214 relata,
664 3155 735 3214 quae
750 3143 860 3214 asserit,
873 3140 984 3214 quando
998 3141 1143 3215 probibitio
1156 3142 1203 3200 ha·
1237 3150 1353 3220 quenter
1378 3145 1486 3202 irritare
1505 3151 1602 3201 aetum
1623 3151 1719 3202 contra
1738 3143 1810 3200 illarn
1831 3143 2045 3216 prohibitionem

399 3230 448 3288 bet
461 3245 574 3288 eausam
593 3237 772 3302 perpetuam,
788 3229 887 3287 habere
905 3233 959 3287 vim
977 3231 1114 3301 irritandi,
1131 3233 1203 3290 ecili-
1238 3235 1356 3307 laetum,
1368 3235 1479 3291 etiamsi
1492 3232 1557 3289 nihil
1570 3231 1643 3290 eliud
1656 3239 1764 3304 praeter
1776 3231 1990 3305 prohibitionem
1999 3250 2045 3291 ex·

399 3327 461 3394 cet,
476 3322 499 3378 si
519 3322 688 3394 perpetuitas
703 3321 748 3378 illa
769 3337 821 3377 non
837 3321 971 3380 reseratur
985 3315 1019 3378 'ad
1040 3338 1203 3396 quamoum·
1237 3327 1399 3398 plicetlion
1410 3326 1530 3398 assignat
1542 3330 1635 3380 autem
1645 3324 1802 3396 generalem
1813 3325 1949 3381 rationem
1961 3325 2044 3382 huius

388 3428 452 3486 ‚que
465 3427 579 3470 causam
595 3412 739 3483 motivam,
756 3411 804 3468 sed
822 3411 856 3468 ad
875 3413 1053 3469 intrinsecam
1068 3415 1199 3470 rationem
1237 3416 1365 3490 regulae,
1381 3414 1428 3471 sed
1447 3415 1529 3470 variis
1542 3413 1672 3486 exemplis
1687 3413 1778 3486 legum
1797 3415 1998 3486 pertinentium
2011 3414 2044 3472 ad

396 3502 576 3576 pertinentem
596 3501 630 3559 ad
644 3501 842 3575 indecentiam,
857 3517 941 3576 quam
954 3502 995 3559 lex
1009 3505 1036 3558 in
1050 3511 1118 3561 actu
1134 3519 1201 3561 oon·
1237 3511 1412 3575 testamenta,
1429 3509 1457 3562 et
1471 3503 1659 3577 alienationes,
1673 3501 1747 3560 illam
1761 3504 1917 3562 confirmat.
1929 3505 1967 3562 Ut
1980 3509 2045 3561 sunt

399 3593 543 3666 sideravit,
555 3592 588 3650 ad
600 3590 799 3664 prohibendum
811 3591 899 3648 illum.
908 3593 1092 3651 confirmatur
1104 3609 1203 3652 secan.-
1236 3593 1314 3668 illae,
1330 3609 1401 3668 quae
1415 3590 1560 3666 probibent
1578 3591 1714 3665 aliquibus
1728 3593 1851 3665 personis
1871 3595 1987 3665 testari,
2003 3591 2044 3650 rel

400 3679 452 3754 deq
465 3698 528 3739 nana
539 3683 647 3756 quoties
657 3681 701 3739 lex
713 3681 841 3754 prohibet
851 3688 944 3739 actum
957 3682 1059 3739 intuitu
1073 3683 1201 3756 iustitiae,
1236 3682 1380 3756 designant
1394 3689 1500 3756 partem
1515 3681 1673 3755 legitimam,
1687 3681 1721 3738 de
1734 3696 1791 3754 qua
1804 3682 1899 3740 testmi
1912 3688 2041 3754 possunt.

400 3777 468 3828 tune
477 3771 622 3843 probibitio
631 3771 766 3829 incitesse
777 3771 1008 3830 iniustumactum
1021 3773 1200 3847 prohibitum,
1235 3773 1303 3830 ltem
1317 3771 1406 3846 leges,
1420 3786 1492 3845 quae
1505 3770 1649 3843 prohibent
1668 3769 1785 3828 alienare
1804 3777 1917 3844 propter
1931 3773 2044 3844 lneapa·

399 3876 467 3936 ergo
478 3876 587 3933 semper
597 3862 659 3918 talis
670 3861 712 3919 lex
727 3863 817 3919 irritet
828 3863 1004 3936 actum,quia
1016 3878 1124 3936 semper
1134 3863 1202 3921 obli·
1216 3847 1220 3856 ’
1236 3863 1360 3936 citatem,
1372 3861 1520 3919 iudicatam
1532 3861 1687 3920 secundum
1699 3861 1818 3936 aliquem
1829 3860 1943 3919 modum
1956 3877 1972 3919 a
1983 3862 2043 3936 lege
2113 3877 2114 3880 ¹

399 3957 447 4025 gat
460 3950 494 4009 ad
509 3950 657 4009 tollendam
672 3950 830 4008 iniustitiam
846 3950 964 4021 laetam,
988 3957 1016 4010 et
1030 3967 1201 4027 consequen·
1237 3954 1449 4025 praescriptum.
1465 3953 1495 4009 ln
1513 3951 1565 4008 hee
1580 3965 1647 4009 roro
1667 3951 1766 4026 regula
1779 3953 1805 4009 in
1824 3953 1922 4025 primis
1937 3951 2044 4009 deside-

400 4047 444 4099 ter
459 4040 563 4114 obligat
576 4041 602 4097 in
617 4036 785 4098 conscientia
796 4041 830 4098 ad
846 4041 1093 4116 restituendum,et
1107 4043 1141 4100 ad
1155 4042 1203 4100 ba·
1236 4048 1315 4101 ratur
1330 4043 1440 4114 propria
1455 4043 1514 4099 eius
1529 4041 1610 4098 ratio.
1622 4043 1656 4099 Et
1669 4049 1814 4114 praeterea
1826 4044 1852 4099 ia
1867 4043 1962 4100 multis
1977 4042 2043 4117 legi·

326 4149 331 4160 ·
399 4129 520 4190 bendum
536 4147 586 4203 pro
607 4131 724 4202 inlecto,
741 4130 814 4204 qaod
834 4131 939 4188 iactum
954 4132 1055 4204 luerat,
1070 4133 1144 4207 quod
1159 4141 1203 4192 est
1237 4132 1289 4188 bus
1302 4131 1386 4188 videri
1397 4129 1564 4203 potesthaeo
1575 4131 1672 4203 regula
1687 4146 1842 4204 repugnare
1856 4129 2041 4203 praecedenti.

401 4220 542 4279 annullare
566 4227 670 4278 acirim.
687 4222 810 4295 lienique
829 4220 882 4278 boe
902 4219 983 4278 modo
997 4221 1123 4279 ridentur
1141 4224 1202 4280 irri·
1235 4223 1304 4279 Nam
1325 4223 1401 4279 iuxta
1423 4214 1495 4278 bano
1519 4221 1644 4294 regulam
1668 4222 1710 4278 lex
1734 4221 1879 4294 prohibens
1907 4223 2042 4280 minorem

401 4317 459 4369 tare
476 4318 569 4369 actum
585 4311 687 4369 multae
703 4311 777 4384 leges
791 4311 895 4384 civiles,
916 4327 988 4385 quae
1008 4311 1045 4369 ita
1058 4311 1204 4384 prohibent
1237 4311 1376 4370 sexdecim
1396 4325 1530 4368 annorum
1544 4309 1673 4384 profiteri,
1689 4311 1810 4369 irritaret
1826 4317 1920 4369 aetum
1941 4319 2041 4370 eontra

401 4410 507 4474 aetum,
521 4407 552 4459 ut
565 4401 588 4458 si
602 4403 648 4458 liat
659 4407 756 4458 eontra
770 4399 871 4475 legem,
883 4401 964 4458 cedat
974 4401 998 4458 lo
1013 4402 1137 4460 iniuriam
1147 4410 1203 4461 ter·
1236 4399 1309 4459 illam
1322 4401 1470 4458 laetamen
1481 4400 1506 4456 vi
1520 4399 1719 4472 prohibitionis,
1731 4401 1837 4458 etiamsi
1851 4399 1970 4475 amplius
1981 4417 2037 4458 non

401 4493 449 4563 ιιι,
466 4499 499 4550 ut
514 4491 557 4550 lex
570 4490 719 4564 prohibens
732 4491 877 4549 meliorare
892 4491 976 4549 lilium
992 4491 1063 4549 ultra
1081 4495 1201 4567 tertiam,
1236 4489 1413 4564 procederet,
1429 4491 1493 4564 quia
1505 4494 1547 4546 est
1564 4487 1608 4546 lex
1622 4488 1768 4562 prohibens
1787 4496 1881 4548 actum
1892 4497 1982 4576 'certo
1997 4507 2044 4564 ge·

402 4588 450 4639 aut
466 4581 578 4638 similes:
591 4580 654 4637 illae
669 4582 779 4638 enimin
792 4582 961 4639 conscientia
974 4581 1140 4658 obligant,et
1154 4584 1204 4642 im·
1238 4581 1296 4638 neri
1306 4595 1499 4653 personarum,
1515 4584 1548 4635 nt
1559 4578 1655 4653 regula
1666 4577 1743 4636 dieii.
1755 4580 1934 4654 Consequens
1948 4585 2043 4638 autem

400 4671 515 4744 pentano
525 4673 646 4730 valorem
661 4671 921 4746 octogesimum
935 4688 984 4746 per
998 4674 1203 4735 uerbenatum
1236 4677 1265 4727 et
1279 4676 1322 4727 est
1335 4670 1436 4727 laisum
1450 4713 1457 4741 ,
1473 4676 1505 4726 at
1523 4673 1633 4726 constat
1646 4683 1680 4725 cx
1699 4670 1761 4726 tara
1774 4669 1901 4744 antiquo,
1916 4675 1947 4726 et
1959 4685 2043 4741 repu-

400 4759 574 4833 prohibentia
588 4761 748 4835 loquantur.
1236 4767 1304 4834 gnat
1317 4759 1400 4832 priori
1415 4759 1538 4833 regulae,
1554 4757 1619 4832 quia
1632 4756 1676 4814 illa
1689 4758 1834 4830 prohibitio
1849 4773 1902 4815 non
1917 4757 1948 4816 tit
1962 4757 2043 4816 titulo

440 4853 555 4924 Propter
569 4850 619 4907 has
637 4852 806 4922 posteriores
819 4851 940 4910 rationes
955 4849 1038 4909 rideri
1052 4859 1143 4925 polest
1156 4870 1203 4911 ne·
1236 4849 1364 4922 iustitiae,
1377 4847 1424 4906 sed
1439 4847 1587 4923 religionis.
1601 4845 1679 4914 Quod
1696 4847 1717 4903 si
1732 4847 1798 4904 haee
1815 4847 1911 4921 regula
1925 4849 2042 4906 restrin-

400 4939 562 5014 eessarium,
577 4941 695 5014 aliquam
709 4925 897 5014 exceptionem
913 4939 1012 4998 addere
1026 4943 1146 5016 generali
1159 4960 1202 5002 re-
1236 4946 1317 5014 gatur
1327 4938 1362 4997 ad
1375 4939 1462 5013 legem
1474 4937 1663 5011 prohibentem
1675 4937 1777 4994 intuitu
1791 4937 1918 5008 iustitiae,
1932 4939 1973 4994 sio
1988 4955 2042 4995 non

399 5029 479 5104 gulae
494 5045 577 5104 supra
596 5032 701 5104 positae
713 5031 739 5086 in
760 5030 847 5103 prima
860 5031 1019 5089 assertione.
1037 5033 1072 5089 Et
1090 5032 1126 5090 ita
1140 5049 1201 5091 sen·
1236 5036 1321 5089 erunt
1334 5029 1367 5086 ad
1383 5045 1444 5086 reni
1456 5028 1597 5101 exempla,
1613 5041 1684 5101 quae
1699 5027 1852 5084 alienantur
1865 5025 1898 5083 de
1911 5025 2039 5102 prodigo,

398 5123 432 5177 tit
445 5120 528 5194 Vasq.
541 5119 616 5178 dicta
630 5119 701 5193 disp.
718 5123 782 5194 164,
794 5135 855 5193 cap.
866 5125 894 5193 3,
912 5121 957 5178 ubi
973 5121 1076 5196 aliquas
1090 5125 1200 5197 regulas
1236 5121 1282 5196 qni
1301 5119 1455 5193 prohibitus
1467 5125 1510 5176 est
1528 5119 1662 5190 alienare,
1678 5117 1741 5190 quia
1760 5117 1805 5174 illa
1824 5117 1971 5189 prohibitio
1987 5133 2040 5174 non

398 5211 543 5268 constituit
557 5210 591 5268 ad
611 5209 835 5282 discernendum,
852 5210 962 5286 qnando
976 5227 1009 5268 ex
1023 5220 1101 5284 parte
1115 5220 1200 5272 mate·
1234 5211 1263 5268 fit
1277 5209 1355 5268 titulo
1372 5207 1475 5267 vitandi
1489 5209 1663 5280 iniustitiam,
1679 5207 1726 5264 sed
1747 5207 1847 5264 vitandi
1863 5207 2042 5281 prodigalita-

397 5299 468 5373 riae,
492 5298 535 5357 rel
549 5316 581 5358 ea
602 5302 706 5359 motivo
724 5299 792 5374 legis
812 5298 983 5374 prohibentis
1003 5301 1092 5376 colligi
1112 5303 1199 5376 possit
1235 5308 1292 5362 tem
1303 5307 1332 5360 et
1340 5299 1545 5374 dissipationem
1555 5299 1700 5357 bonorum.
1711 5298 1745 5355 Et
1756 5297 1880 5356 similiter
1891 5297 1934 5356 lex
1949 5299 2041 5372 probi·
