<?xml version="1.0" encoding="UTF-8"?>
<!DOCTYPE html PUBLIC "-//W3C//DTD XHTML 1.0 Transitional//EN"
    "http://www.w3.org/TR/xhtml1/DTD/xhtml1-transitional.dtd">
<html xmlns="http://www.w3.org/1999/xhtml" xml:lang="en" lang="en">
 <head>
  <title>
</title>
<meta http-equiv="Content-Type" content="text/html;charset=utf-8" />
  <meta name='ocr-system' content='tesseract 3.04.00' />
  <meta name='ocr-capabilities' content='ocr_page ocr_carea ocr_par ocr_line ocrx_word'/>
</head>
<body>
  <div class='ocr_page' id='page_1' title='image "./tractatusdelegi00sugoog/tractatusdelegi00sugoog_0505.png"; bbox 0 0 4260 6222; ppageno 0'>
   <div class='ocr_carea' id='block_1_1' title="bbox 404 271 1339 346">
    <p class='ocr_par' dir='ltr' id='par_1_1' title="bbox 404 271 1339 346">
     <span class='ocr_line' id='line_1_1' title="bbox 404 271 1339 346; baseline 0.001 -2"><span class='ocrx_word' id='word_1_1' title='bbox 404 278 468 344; x_wconf 77' lang='lat' dir='ltr'><strong>did</strong></span> <span class='ocrx_word' id='word_1_2' title='bbox 1104 296 1206 346; x_wconf 84' lang='lat' dir='ltr'><strong>arana</strong></span> <span class='ocrx_word' id='word_1_3' title='bbox 1220 297 1295 346; x_wconf 86' lang='lat' dir='ltr'><strong>vrrr.</strong></span> <span class='ocrx_word' id='word_1_4' title='bbox 1334 271 1339 284; x_wconf 89' lang='lat'>&#39;</span> 
     </span>
    </p>
   </div>
   <div class='ocr_carea' id='block_1_2' title="bbox 366 419 2001 3718">
    <p class='ocr_par' dir='ltr' id='par_1_2' title="bbox 366 419 2001 1484">
     <span class='ocr_line' id='line_1_2' title="bbox 367 419 1992 497; baseline 0.001 -19"><span class='ocrx_word' id='word_1_5' title='bbox 367 420 502 480; x_wconf 88' lang='lat' dir='ltr'><strong>ablatione</strong></span> <span class='ocrx_word' id='word_1_6' title='bbox 523 419 595 479; x_wconf 88' lang='lat' dir='ltr'><strong>illius</strong></span> <span class='ocrx_word' id='word_1_7' title='bbox 617 435 666 494; x_wconf 92' lang='lat' dir='ltr'><strong>per</strong></span> <span class='ocrx_word' id='word_1_8' title='bbox 687 421 822 479; x_wconf 91' lang='lat' dir='ltr'><strong>actionem</strong></span> <span class='ocrx_word' id='word_1_9' title='bbox 848 420 966 497; x_wconf 90' lang='lat' dir='ltr'><strong>aliquam</strong></span> <span class='ocrx_word' id='word_1_10' title='bbox 988 423 1167 491; x_wconf 90' lang='lat' dir='ltr'><strong>contrariam,</strong></span> <span class='ocrx_word' id='word_1_11' title='bbox 1204 428 1294 494; x_wconf 90' lang='lat' dir='ltr'><strong>potest</strong></span> <span class='ocrx_word' id='word_1_12' title='bbox 1313 421 1469 480; x_wconf 90' lang='lat' dir='ltr'><strong>renunciari</strong></span> <span class='ocrx_word' id='word_1_13' title='bbox 1490 437 1505 478; x_wconf 90' lang='lat' dir='ltr'><strong>a</strong></span> <span class='ocrx_word' id='word_1_14' title='bbox 1525 421 1736 494; x_wconf 69' lang='lat' dir='ltr'><strong>particularibus</strong></span> <span class='ocrx_word' id='word_1_15' title='bbox 1754 421 1881 495; x_wconf 88' lang='lat' dir='ltr'><strong>personis</strong></span> <span class='ocrx_word' id='word_1_16' title='bbox 1896 421 1992 494; x_wconf 78' lang='lat' dir='ltr'><strong>privile·</strong></span> 
     </span>
     <span class='ocr_line' id='line_1_3' title="bbox 367 511 1997 586; baseline 0 -18"><span class='ocrx_word' id='word_1_17' title='bbox 367 528 438 585; x_wconf 89' lang='lat' dir='ltr'><strong>quae</strong></span> <span class='ocrx_word' id='word_1_18' title='bbox 458 517 549 583; x_wconf 90' lang='lat' dir='ltr'><strong>potest</strong></span> <span class='ocrx_word' id='word_1_19' title='bbox 565 526 626 568; x_wconf 88' lang='lat' dir='ltr'><strong>esse</strong></span> <span class='ocrx_word' id='word_1_20' title='bbox 641 511 682 568; x_wconf 92' lang='lat' dir='ltr'><strong>vel</strong></span> <span class='ocrx_word' id='word_1_21' title='bbox 702 513 788 583; x_wconf 88' lang='lat' dir='ltr'><strong>ipsius</strong></span> <span class='ocrx_word' id='word_1_22' title='bbox 803 513 907 585; x_wconf 91' lang='lat' dir='ltr'><strong>proprii</strong></span> <span class='ocrx_word' id='word_1_23' title='bbox 922 512 1108 585; x_wconf 89' lang='lat' dir='ltr'><strong>privilegiarii,</strong></span> <span class='ocrx_word' id='word_1_24' title='bbox 1125 512 1166 568; x_wconf 90' lang='lat' dir='ltr'><strong>vel</strong></span> <span class='ocrx_word' id='word_1_25' title='bbox 1203 513 1279 586; x_wconf 91' lang='lat' dir='ltr'><strong>gium</strong></span> <span class='ocrx_word' id='word_1_26' title='bbox 1298 512 1485 585; x_wconf 80' lang='lat' dir='ltr'><strong>principaliter</strong></span> <span class='ocrx_word' id='word_1_27' title='bbox 1499 526 1664 569; x_wconf 88' lang='lat' dir='ltr'><strong>concessum</strong></span> <span class='ocrx_word' id='word_1_28' title='bbox 1678 515 1705 568; x_wconf 94' lang='lat' dir='ltr'><strong>in</strong></span> <span class='ocrx_word' id='word_1_29' title='bbox 1720 514 1834 585; x_wconf 81' lang='lat' dir='ltr'><strong>gratiam</strong></span> <span class='ocrx_word' id='word_1_30' title='bbox 1857 514 1997 568; x_wconf 87' lang='lat' dir='ltr'><strong>communi-</strong></span> 
     </span>
     <span class='ocr_line' id='line_1_4' title="bbox 367 599 1998 676; baseline -0.001 -18"><span class='ocrx_word' id='word_1_31' title='bbox 367 601 491 668; x_wconf 73' lang='lat' dir='ltr'><strong>alterius,</strong></span> <span class='ocrx_word' id='word_1_32' title='bbox 513 603 573 658; x_wconf 87' lang='lat' dir='ltr'><strong>Una</strong></span> <span class='ocrx_word' id='word_1_33' title='bbox 597 617 664 674; x_wconf 90' lang='lat' dir='ltr'><strong>ergo</strong></span> <span class='ocrx_word' id='word_1_34' title='bbox 686 602 758 657; x_wconf 93' lang='lat' dir='ltr'><strong>actio</strong></span> <span class='ocrx_word' id='word_1_35' title='bbox 779 601 953 675; x_wconf 89' lang='lat' dir='ltr'><strong>privilegiarii</strong></span> <span class='ocrx_word' id='word_1_36' title='bbox 975 602 1114 658; x_wconf 86' lang='lat' dir='ltr'><strong>sufficiens</strong></span> <span class='ocrx_word' id='word_1_37' title='bbox 1134 599 1168 656; x_wconf 90' lang='lat' dir='ltr'><strong>ad</strong></span> <span class='ocrx_word' id='word_1_38' title='bbox 1204 602 1277 676; x_wconf 86' lang='lat' dir='ltr'><strong>tatis,</strong></span> <span class='ocrx_word' id='word_1_39' title='bbox 1292 607 1324 658; x_wconf 92' lang='lat' dir='ltr'><strong>ut</strong></span> <span class='ocrx_word' id='word_1_40' title='bbox 1337 607 1380 658; x_wconf 89' lang='lat' dir='ltr'><strong>est</strong></span> <span class='ocrx_word' id='word_1_41' title='bbox 1394 600 1563 674; x_wconf 88' lang='lat' dir='ltr'><strong>privilegium</strong></span> <span class='ocrx_word' id='word_1_42' title='bbox 1578 601 1655 672; x_wconf 89' lang='lat' dir='ltr'><strong>cleri,</strong></span> <span class='ocrx_word' id='word_1_43' title='bbox 1671 609 1727 657; x_wconf 91' lang='lat' dir='ltr'><strong>tam</strong></span> <span class='ocrx_word' id='word_1_44' title='bbox 1742 601 1805 672; x_wconf 87' lang='lat' dir='ltr'><strong>tori,</strong></span> <span class='ocrx_word' id='word_1_45' title='bbox 1829 616 1998 674; x_wconf 89' lang='lat' dir='ltr'><strong>quumcano·</strong></span> 
     </span>
     <span class='ocr_line' id='line_1_5' title="bbox 367 690 1997 764; baseline 0.001 -16"><span class='ocrx_word' id='word_1_46' title='bbox 367 690 519 748; x_wconf 91' lang='lat' dir='ltr'><strong>tollendum</strong></span> <span class='ocrx_word' id='word_1_47' title='bbox 540 691 575 747; x_wconf 93' lang='lat' dir='ltr'><strong>ab</strong></span> <span class='ocrx_word' id='word_1_48' title='bbox 593 691 651 762; x_wconf 89' lang='lat' dir='ltr'><strong>ipso</strong></span> <span class='ocrx_word' id='word_1_49' title='bbox 665 692 837 764; x_wconf 89' lang='lat' dir='ltr'><strong>privilegium</strong></span> <span class='ocrx_word' id='word_1_50' title='bbox 853 701 981 748; x_wconf 89' lang='lat' dir='ltr'><strong>censetur</strong></span> <span class='ocrx_word' id='word_1_51' title='bbox 994 705 1054 748; x_wconf 91' lang='lat' dir='ltr'><strong>esse</strong></span> <span class='ocrx_word' id='word_1_52' title='bbox 1067 705 1169 746; x_wconf 88' lang='lat' dir='ltr'><strong>renuo·</strong></span> <span class='ocrx_word' id='word_1_53' title='bbox 1203 693 1262 762; x_wconf 87' lang='lat' dir='ltr'><strong>nia,</strong></span> <span class='ocrx_word' id='word_1_54' title='bbox 1282 696 1313 747; x_wconf 93' lang='lat' dir='ltr'><strong>ut</strong></span> <span class='ocrx_word' id='word_1_55' title='bbox 1333 706 1417 762; x_wconf 87' lang='lat' dir='ltr'><strong>supra</strong></span> <span class='ocrx_word' id='word_1_56' title='bbox 1431 693 1520 747; x_wconf 87' lang='lat' dir='ltr'><strong>risum</strong></span> <span class='ocrx_word' id='word_1_57' title='bbox 1534 697 1590 762; x_wconf 88' lang='lat' dir='ltr'><strong>est,</strong></span> <span class='ocrx_word' id='word_1_58' title='bbox 1605 696 1633 747; x_wconf 92' lang='lat' dir='ltr'><strong>et</strong></span> <span class='ocrx_word' id='word_1_59' title='bbox 1646 692 1673 747; x_wconf 93' lang='lat' dir='ltr'><strong>in</strong></span> <span class='ocrx_word' id='word_1_60' title='bbox 1688 692 1869 764; x_wconf 88' lang='lat' dir='ltr'><strong>sequentibus</strong></span> <span class='ocrx_word' id='word_1_61' title='bbox 1891 690 1997 750; x_wconf 88' lang='lat' dir='ltr'><strong>dicetur.</strong></span> 
     </span>
     <span class='ocr_line' id='line_1_6' title="bbox 367 779 1999 853; baseline 0.001 -16"><span class='ocrx_word' id='word_1_62' title='bbox 367 782 466 850; x_wconf 90' lang='lat' dir='ltr'><strong>olatio,</strong></span> <span class='ocrx_word' id='word_1_63' title='bbox 488 780 521 836; x_wconf 95' lang='lat' dir='ltr'><strong>de</strong></span> <span class='ocrx_word' id='word_1_64' title='bbox 536 796 592 853; x_wconf 87' lang='lat' dir='ltr'><strong>qua</strong></span> <span class='ocrx_word' id='word_1_65' title='bbox 606 783 631 836; x_wconf 96' lang='lat' dir='ltr'><strong>in</strong></span> <span class='ocrx_word' id='word_1_66' title='bbox 647 783 783 852; x_wconf 81' lang='lat' dir='ltr'><strong>praesenti</strong></span> <span class='ocrx_word' id='word_1_67' title='bbox 799 781 888 853; x_wconf 90' lang='lat' dir='ltr'><strong>capite</strong></span> <span class='ocrx_word' id='word_1_68' title='bbox 903 780 1048 838; x_wconf 90' lang='lat' dir='ltr'><strong>dicendum</strong></span> <span class='ocrx_word' id='word_1_69' title='bbox 1063 787 1117 837; x_wconf 88' lang='lat' dir='ltr'><strong>est.</strong></span> <span class='ocrx_word' id='word_1_70' title='bbox 1133 780 1168 836; x_wconf 83' lang='lat' dir='ltr'><strong>Et</strong></span> <span class='ocrx_word' id='word_1_71' title='bbox 1202 779 1348 836; x_wconf 89' lang='lat' dir='ltr'><strong>Posteriori</strong></span> <span class='ocrx_word' id='word_1_72' title='bbox 1362 785 1453 836; x_wconf 70' lang='lat' dir='ltr'><strong>auum</strong></span> <span class='ocrx_word' id='word_1_73' title='bbox 1467 779 1549 837; x_wconf 93' lang='lat' dir='ltr'><strong>modo</strong></span> <span class='ocrx_word' id='word_1_74' title='bbox 1561 797 1614 837; x_wconf 91' lang='lat' dir='ltr'><strong>oon</strong></span> <span class='ocrx_word' id='word_1_75' title='bbox 1627 787 1718 852; x_wconf 89' lang='lat' dir='ltr'><strong>potest</strong></span> <span class='ocrx_word' id='word_1_76' title='bbox 1728 780 1827 853; x_wconf 91' lang='lat' dir='ltr'><strong>aliquis</strong></span> <span class='ocrx_word' id='word_1_77' title='bbox 1848 784 1999 838; x_wconf 89' lang='lat' dir='ltr'><strong>renunciare</strong></span> 
     </span>
     <span class='ocr_line' id='line_1_7' title="bbox 367 868 1999 944; baseline 0 -18"><span class='ocrx_word' id='word_1_78' title='bbox 367 870 393 927; x_wconf 91' lang='lat' dir='ltr'><strong>in</strong></span> <span class='ocrx_word' id='word_1_79' title='bbox 408 871 501 942; x_wconf 91' lang='lat' dir='ltr'><strong>primis</strong></span> <span class='ocrx_word' id='word_1_80' title='bbox 518 885 655 942; x_wconf 90' lang='lat' dir='ltr'><strong>suppono,</strong></span> <span class='ocrx_word' id='word_1_81' title='bbox 668 870 838 944; x_wconf 88' lang='lat' dir='ltr'><strong>privilegium</strong></span> <span class='ocrx_word' id='word_1_82' title='bbox 849 870 951 927; x_wconf 90' lang='lat' dir='ltr'><strong>babens</strong></span> <span class='ocrx_word' id='word_1_83' title='bbox 962 876 1166 943; x_wconf 77' lang='lat' dir='ltr'><strong>permanentem</strong></span> <span class='ocrx_word' id='word_1_84' title='bbox 1203 868 1342 942; x_wconf 90' lang='lat' dir='ltr'><strong>privilegio</strong></span> <span class='ocrx_word' id='word_1_85' title='bbox 1359 869 1410 925; x_wconf 87' lang='lat' dir='ltr'><strong>sibi</strong></span> <span class='ocrx_word' id='word_1_86' title='bbox 1425 885 1571 943; x_wconf 90' lang='lat' dir='ltr'><strong>concesso,</strong></span> <span class='ocrx_word' id='word_1_87' title='bbox 1586 870 1661 943; x_wconf 93' lang='lat' dir='ltr'><strong>quod</strong></span> <span class='ocrx_word' id='word_1_88' title='bbox 1676 872 1800 927; x_wconf 89' lang='lat' dir='ltr'><strong>continet</strong></span> <span class='ocrx_word' id='word_1_89' title='bbox 1820 871 1902 926; x_wconf 91' lang='lat' dir='ltr'><strong>etiam</strong></span> <span class='ocrx_word' id='word_1_90' title='bbox 1917 873 1999 928; x_wconf 89' lang='lat' dir='ltr'><strong>insal-</strong></span> 
     </span>
     <span class='ocr_line' id='line_1_8' title="bbox 367 959 2001 1031; baseline 0 -13"><span class='ocrx_word' id='word_1_91' title='bbox 367 959 539 1018; x_wconf 87' lang='lat' dir='ltr'><strong>durationem</strong></span> <span class='ocrx_word' id='word_1_92' title='bbox 561 975 626 1016; x_wconf 90' lang='lat' dir='ltr'><strong>cum</strong></span> <span class='ocrx_word' id='word_1_93' title='bbox 646 965 738 1016; x_wconf 89' lang='lat' dir='ltr'><strong>tractu</strong></span> <span class='ocrx_word' id='word_1_94' title='bbox 753 961 911 1017; x_wconf 88' lang='lat' dir='ltr'><strong>successivo</strong></span> <span class='ocrx_word' id='word_1_95' title='bbox 927 963 953 1016; x_wconf 89' lang='lat' dir='ltr'><strong>in</strong></span> <span class='ocrx_word' id='word_1_96' title='bbox 969 959 1062 1016; x_wconf 89' lang='lat' dir='ltr'><strong>ordine</strong></span> <span class='ocrx_word' id='word_1_97' title='bbox 1077 959 1110 1015; x_wconf 93' lang='lat' dir='ltr'><strong>ad</strong></span> <span class='ocrx_word' id='word_1_98' title='bbox 1125 960 1177 1015; x_wconf 57' lang='lat' dir='ltr'><strong>ivr-1</strong></span> <span class='ocrx_word' id='word_1_99' title='bbox 1205 959 1307 1027; x_wconf 90' lang='lat' dir='ltr'><strong>terius,</strong></span> <span class='ocrx_word' id='word_1_100' title='bbox 1330 960 1375 1015; x_wconf 92' lang='lat' dir='ltr'><strong>cui</strong></span> <span class='ocrx_word' id='word_1_101' title='bbox 1395 974 1443 1031; x_wconf 91' lang='lat' dir='ltr'><strong>per</strong></span> <span class='ocrx_word' id='word_1_102' title='bbox 1462 959 1542 1017; x_wconf 89' lang='lat' dir='ltr'><strong>talem</strong></span> <span class='ocrx_word' id='word_1_103' title='bbox 1559 961 1790 1016; x_wconf 81' lang='lat' dir='ltr'><strong>renunciationem</strong></span> <span class='ocrx_word' id='word_1_104' title='bbox 1809 959 2001 1031; x_wconf 85' lang='lat' dir='ltr'><strong>praeiudicare·</strong></span> 
     </span>
     <span class='ocr_line' id='line_1_9' title="bbox 367 1047 2001 1122; baseline 0.002 -18"><span class='ocrx_word' id='word_1_105' title='bbox 367 1056 444 1105; x_wconf 92' lang='lat' dir='ltr'><strong>turas</strong></span> <span class='ocrx_word' id='word_1_106' title='bbox 459 1050 591 1117; x_wconf 84' lang='lat' dir='ltr'><strong>actiones,</strong></span> <span class='ocrx_word' id='word_1_107' title='bbox 607 1048 649 1105; x_wconf 89' lang='lat' dir='ltr'><strong>vel</strong></span> <span class='ocrx_word' id='word_1_108' title='bbox 664 1051 846 1122; x_wconf 77' lang='lat' dir='ltr'><strong>receptiones,</strong></span> <span class='ocrx_word' id='word_1_109' title='bbox 863 1057 913 1106; x_wconf 90' lang='lat' dir='ltr'><strong>aut</strong></span> <span class='ocrx_word' id='word_1_110' title='bbox 925 1049 1099 1106; x_wconf 89' lang='lat' dir='ltr'><strong>omissionem</strong></span> <span class='ocrx_word' id='word_1_111' title='bbox 1112 1048 1169 1104; x_wconf 91' lang='lat' dir='ltr'><strong>illa·</strong></span> <span class='ocrx_word' id='word_1_112' title='bbox 1204 1053 1260 1104; x_wconf 91' lang='lat' dir='ltr'><strong>tur.</strong></span> <span class='ocrx_word' id='word_1_113' title='bbox 1276 1049 1309 1106; x_wconf 84' lang='lat' dir='ltr'><strong>Et</strong></span> <span class='ocrx_word' id='word_1_114' title='bbox 1327 1049 1367 1104; x_wconf 91' lang='lat' dir='ltr'><strong>sic</strong></span> <span class='ocrx_word' id='word_1_115' title='bbox 1382 1048 1520 1120; x_wconf 89' lang='lat' dir='ltr'><strong>praelatus</strong></span> <span class='ocrx_word' id='word_1_116' title='bbox 1534 1064 1587 1104; x_wconf 92' lang='lat' dir='ltr'><strong>non</strong></span> <span class='ocrx_word' id='word_1_117' title='bbox 1602 1055 1693 1120; x_wconf 88' lang='lat' dir='ltr'><strong>potest</strong></span> <span class='ocrx_word' id='word_1_118' title='bbox 1708 1051 1874 1105; x_wconf 90' lang='lat' dir='ltr'><strong>renunciare</strong></span> <span class='ocrx_word' id='word_1_119' title='bbox 1896 1047 2001 1107; x_wconf 82' lang='lat' dir='ltr'><strong>libertati</strong></span> 
     </span>
     <span class='ocr_line' id='line_1_10' title="bbox 366 1137 1998 1212; baseline -0.001 -16"><span class='ocrx_word' id='word_1_120' title='bbox 366 1155 445 1210; x_wconf 88' lang='lat' dir='ltr'><strong>rum,</strong></span> <span class='ocrx_word' id='word_1_121' title='bbox 468 1137 654 1195; x_wconf 90' lang='lat' dir='ltr'><strong>renunciabilc</strong></span> <span class='ocrx_word' id='word_1_122' title='bbox 668 1153 727 1194; x_wconf 89' lang='lat' dir='ltr'><strong>esse</strong></span> <span class='ocrx_word' id='word_1_123' title='bbox 742 1140 849 1212; x_wconf 91' lang='lat' dir='ltr'><strong>abipso</strong></span> <span class='ocrx_word' id='word_1_124' title='bbox 865 1139 1060 1212; x_wconf 89' lang='lat' dir='ltr'><strong>privilegiario,</strong></span> <span class='ocrx_word' id='word_1_125' title='bbox 1076 1152 1125 1209; x_wconf 95' lang='lat' dir='ltr'><strong>per</strong></span> <span class='ocrx_word' id='word_1_126' title='bbox 1139 1151 1168 1192; x_wconf 92' lang='lat' dir='ltr'><strong>se</strong></span> <span class='ocrx_word' id='word_1_127' title='bbox 1203 1137 1343 1194; x_wconf 85' lang='lat' dir='ltr'><strong>Ecclesiae</strong></span> <span class='ocrx_word' id='word_1_128' title='bbox 1361 1138 1395 1195; x_wconf 91' lang='lat' dir='ltr'><strong>ad</strong></span> <span class='ocrx_word' id='word_1_129' title='bbox 1408 1140 1451 1194; x_wconf 91' lang='lat' dir='ltr'><strong>ius</strong></span> <span class='ocrx_word' id='word_1_130' title='bbox 1465 1153 1594 1195; x_wconf 90' lang='lat' dir='ltr'><strong>romanae</strong></span> <span class='ocrx_word' id='word_1_131' title='bbox 1604 1138 1743 1194; x_wconf 86' lang='lat' dir='ltr'><strong>Ecclesiae</strong></span> <span class='ocrx_word' id='word_1_132' title='bbox 1755 1138 1926 1208; x_wconf 85' lang='lat' dir='ltr'><strong>pertinentis,</strong></span> <span class='ocrx_word' id='word_1_133' title='bbox 1944 1154 1998 1210; x_wconf 93' lang='lat' dir='ltr'><strong>cap.</strong></span> 
     </span>
     <span class='ocr_line' id='line_1_11' title="bbox 368 1225 2001 1302; baseline -0.002 -16"><span class='ocrx_word' id='word_1_134' title='bbox 368 1227 517 1302; x_wconf 90' lang='lat' dir='ltr'><strong>loquendo.</strong></span> <span class='ocrx_word' id='word_1_135' title='bbox 535 1231 646 1302; x_wconf 89' lang='lat' dir='ltr'><strong>Loquor</strong></span> <span class='ocrx_word' id='word_1_136' title='bbox 659 1228 692 1284; x_wconf 91' lang='lat' dir='ltr'><strong>de</strong></span> <span class='ocrx_word' id='word_1_137' title='bbox 707 1229 847 1301; x_wconf 91' lang='lat' dir='ltr'><strong>privilegio</strong></span> <span class='ocrx_word' id='word_1_138' title='bbox 862 1234 1037 1302; x_wconf 84' lang='lat' dir='ltr'><strong>permanente</strong></span> <span class='ocrx_word' id='word_1_139' title='bbox 1053 1242 1170 1299; x_wconf 91' lang='lat' dir='ltr'><strong>permo·</strong></span> <span class='ocrx_word' id='word_1_140' title='bbox 1208 1229 1284 1284; x_wconf 85' lang='lat' dir='ltr'><strong>Cum</strong></span> <span class='ocrx_word' id='word_1_141' title='bbox 1303 1231 1447 1301; x_wconf 81' lang='lat' dir='ltr'><strong>tempore,</strong></span> <span class='ocrx_word' id='word_1_142' title='bbox 1472 1225 1506 1282; x_wconf 90' lang='lat' dir='ltr'><strong>de</strong></span> <span class='ocrx_word' id='word_1_143' title='bbox 1523 1227 1603 1283; x_wconf 91' lang='lat' dir='ltr'><strong>arbit.</strong></span> <span class='ocrx_word' id='word_1_144' title='bbox 1627 1227 1742 1284; x_wconf 87' lang='lat' dir='ltr'><strong>seclusis</strong></span> <span class='ocrx_word' id='word_1_145' title='bbox 1757 1243 1823 1282; x_wconf 89' lang='lat' dir='ltr'><strong>vero</strong></span> <span class='ocrx_word' id='word_1_146' title='bbox 1839 1228 1864 1282; x_wconf 90' lang='lat' dir='ltr'><strong>in</strong></span> <span class='ocrx_word' id='word_1_147' title='bbox 1881 1226 1921 1295; x_wconf 85' lang='lat' dir='ltr'><strong>bis</strong></span> <span class='ocrx_word' id='word_1_148' title='bbox 1939 1229 2001 1282; x_wconf 86' lang='lat' dir='ltr'><strong>casi-</strong></span> 
     </span>
     <span class='ocr_line' id='line_1_12' title="bbox 368 1315 2001 1392; baseline -0.003 -15"><span class='ocrx_word' id='word_1_149' title='bbox 368 1320 433 1377; x_wconf 93' lang='lat' dir='ltr'><strong>dum</strong></span> <span class='ocrx_word' id='word_1_150' title='bbox 451 1320 599 1390; x_wconf 88' lang='lat' dir='ltr'><strong>potentiae,</strong></span> <span class='ocrx_word' id='word_1_151' title='bbox 616 1335 664 1376; x_wconf 89' lang='lat' dir='ltr'><strong>seu</strong></span> <span class='ocrx_word' id='word_1_152' title='bbox 679 1325 759 1376; x_wconf 85' lang='lat' dir='ltr'><strong>actua</strong></span> <span class='ocrx_word' id='word_1_153' title='bbox 774 1320 865 1392; x_wconf 91' lang='lat' dir='ltr'><strong>primi,</strong></span> <span class='ocrx_word' id='word_1_154' title='bbox 883 1325 913 1376; x_wconf 90' lang='lat' dir='ltr'><strong>ut</strong></span> <span class='ocrx_word' id='word_1_155' title='bbox 927 1319 1072 1376; x_wconf 83' lang='lat' dir='ltr'><strong>excludam</strong></span> <span class='ocrx_word' id='word_1_156' title='bbox 1087 1318 1169 1390; x_wconf 93' lang='lat' dir='ltr'><strong>privi-</strong></span> <span class='ocrx_word' id='word_1_157' title='bbox 1205 1315 1275 1386; x_wconf 91' lang='lat' dir='ltr'><strong>bus,</strong></span> <span class='ocrx_word' id='word_1_158' title='bbox 1291 1319 1462 1390; x_wconf 88' lang='lat' dir='ltr'><strong>privilegium</strong></span> <span class='ocrx_word' id='word_1_159' title='bbox 1478 1319 1662 1375; x_wconf 85' lang='lat' dir='ltr'><strong>renunciabilc</strong></span> <span class='ocrx_word' id='word_1_160' title='bbox 1676 1325 1730 1390; x_wconf 89' lang='lat' dir='ltr'><strong>est,</strong></span> <span class='ocrx_word' id='word_1_161' title='bbox 1743 1325 1772 1374; x_wconf 90' lang='lat' dir='ltr'><strong>et</strong></span> <span class='ocrx_word' id='word_1_162' title='bbox 1786 1316 1821 1374; x_wconf 92' lang='lat' dir='ltr'><strong>de</strong></span> <span class='ocrx_word' id='word_1_163' title='bbox 1838 1316 1891 1372; x_wconf 93' lang='lat' dir='ltr'><strong>bac</strong></span> <span class='ocrx_word' id='word_1_164' title='bbox 1911 1332 2001 1372; x_wconf 89' lang='lat' dir='ltr'><strong>renun-</strong></span> 
     </span>
     <span class='ocr_line' id='line_1_13' title="bbox 367 1408 1588 1484; baseline -0.006 -16"><span class='ocrx_word' id='word_1_165' title='bbox 367 1411 486 1484; x_wconf 87' lang='lat' dir='ltr'><strong>legium,</strong></span> <span class='ocrx_word' id='word_1_166' title='bbox 503 1409 578 1482; x_wconf 92' lang='lat' dir='ltr'><strong>quod</strong></span> <span class='ocrx_word' id='word_1_167' title='bbox 594 1417 815 1466; x_wconf 88' lang='lat' dir='ltr'><strong>momentaneum</strong></span> <span class='ocrx_word' id='word_1_168' title='bbox 831 1410 911 1466; x_wconf 90' lang='lat' dir='ltr'><strong>babet</strong></span> <span class='ocrx_word' id='word_1_169' title='bbox 925 1410 1067 1480; x_wconf 81' lang='lat' dir='ltr'><strong>ellectum,</strong></span> <span class='ocrx_word' id='word_1_170' title='bbox 1084 1415 1111 1463; x_wconf 92' lang='lat' dir='ltr'><strong>et</strong></span> <span class='ocrx_word' id='word_1_171' title='bbox 1125 1423 1169 1462; x_wconf 88' lang='lat' dir='ltr'><strong>ao·</strong></span> <span class='ocrx_word' id='word_1_172' title='bbox 1205 1408 1322 1463; x_wconf 89' lang='lat' dir='ltr'><strong>ciatiooe</strong></span> <span class='ocrx_word' id='word_1_173' title='bbox 1336 1423 1409 1463; x_wconf 89' lang='lat' dir='ltr'><strong>nunc</strong></span> <span class='ocrx_word' id='word_1_174' title='bbox 1426 1413 1588 1464; x_wconf 88' lang='lat' dir='ltr'><strong>tractamus.</strong></span> 
     </span>
    </p>

    <p class='ocr_par' dir='ltr' id='par_1_3' title="bbox 368 1493 2001 3718">
     <span class='ocr_line' id='line_1_14' title="bbox 368 1493 2001 1570; baseline -0.004 -13"><span class='ocrx_word' id='word_1_175' title='bbox 368 1501 426 1558; x_wconf 91' lang='lat' dir='ltr'><strong>lum</strong></span> <span class='ocrx_word' id='word_1_176' title='bbox 447 1499 529 1555; x_wconf 91' lang='lat' dir='ltr'><strong>datur</strong></span> <span class='ocrx_word' id='word_1_177' title='bbox 551 1514 599 1570; x_wconf 92' lang='lat' dir='ltr'><strong>por</strong></span> <span class='ocrx_word' id='word_1_178' title='bbox 619 1497 731 1555; x_wconf 91' lang='lat' dir='ltr'><strong>modum</strong></span> <span class='ocrx_word' id='word_1_179' title='bbox 752 1499 966 1570; x_wconf 78' lang='lat' dir='ltr'><strong>dispensationis</strong></span> <span class='ocrx_word' id='word_1_180' title='bbox 987 1497 1107 1554; x_wconf 90' lang='lat' dir='ltr'><strong>tollentis</strong></span> <span class='ocrx_word' id='word_1_181' title='bbox 1122 1496 1168 1552; x_wconf 91' lang='lat' dir='ltr'><strong>ali·</strong></span> <span class='ocrx_word' id='word_1_182' title='bbox 1245 1500 1271 1551; x_wconf 85' lang='lat'><strong>3.</strong></span> <span class='ocrx_word' id='word_1_183' title='bbox 1297 1495 1425 1553; x_wconf 63' lang='lat' dir='ltr'><strong>&amp;caindo</strong></span> <span class='ocrx_word' id='word_1_184' title='bbox 1448 1511 1591 1567; x_wconf 86' lang='lat' dir='ltr'><strong>suppono,</strong></span> <span class='ocrx_word' id='word_1_185' title='bbox 1614 1495 1751 1568; x_wconf 89' lang='lat' dir='ltr'><strong>duplicem</strong></span> <span class='ocrx_word' id='word_1_186' title='bbox 1774 1511 1856 1567; x_wconf 89' lang='lat' dir='ltr'><strong>posse</strong></span> <span class='ocrx_word' id='word_1_187' title='bbox 1882 1493 2001 1569; x_wconf 77' lang='lat' dir='ltr'><strong>distingui</strong></span> 
     </span>
     <span class='ocr_line' id='line_1_15' title="bbox 368 1582 2000 1664; baseline -0.005 -18"><span class='ocrx_word' id='word_1_188' title='bbox 368 1589 442 1664; x_wconf 92' lang='lat' dir='ltr'><strong>quod</strong></span> <span class='ocrx_word' id='word_1_189' title='bbox 460 1589 613 1660; x_wconf 91' lang='lat' dir='ltr'><strong>vinculum,</strong></span> <span class='ocrx_word' id='word_1_190' title='bbox 626 1587 667 1643; x_wconf 91' lang='lat' dir='ltr'><strong>vel</strong></span> <span class='ocrx_word' id='word_1_191' title='bbox 683 1588 921 1660; x_wconf 74' lang='lat' dir='ltr'><strong>impedimentum,</strong></span> <span class='ocrx_word' id='word_1_192' title='bbox 935 1586 1001 1644; x_wconf 89' lang='lat' dir='ltr'><strong>illud</strong></span> <span class='ocrx_word' id='word_1_193' title='bbox 1012 1587 1081 1643; x_wconf 92' lang='lat' dir='ltr'><strong>enim</strong></span> <span class='ocrx_word' id='word_1_194' title='bbox 1095 1591 1169 1656; x_wconf 88' lang='lat' dir='ltr'><strong>post·</strong></span> <span class='ocrx_word' id='word_1_195' title='bbox 1206 1585 1439 1641; x_wconf 87' lang='lat' dir='ltr'><strong>renunciationem</strong></span> <span class='ocrx_word' id='word_1_196' title='bbox 1455 1582 1598 1656; x_wconf 89' lang='lat' dir='ltr'><strong>privilegii,</strong></span> <span class='ocrx_word' id='word_1_197' title='bbox 1617 1599 1698 1641; x_wconf 93' lang='lat' dir='ltr'><strong>unam</strong></span> <span class='ocrx_word' id='word_1_198' title='bbox 1721 1585 1919 1657; x_wconf 90' lang='lat' dir='ltr'><strong>impropriam,</strong></span> <span class='ocrx_word' id='word_1_199' title='bbox 1934 1584 2000 1640; x_wconf 89' lang='lat' dir='ltr'><strong>uliam</strong></span> 
     </span>
     <span class='ocr_line' id='line_1_16' title="bbox 368 1673 2000 1754; baseline -0.004 -18"><span class='ocrx_word' id='word_1_200' title='bbox 368 1694 452 1754; x_wconf 89' lang='lat' dir='ltr'><strong>quam</strong></span> <span class='ocrx_word' id='word_1_201' title='bbox 472 1677 556 1734; x_wconf 86' lang='lat' dir='ltr'><strong>semel</strong></span> <span class='ocrx_word' id='word_1_202' title='bbox 576 1683 619 1732; x_wconf 90' lang='lat' dir='ltr'><strong>est</strong></span> <span class='ocrx_word' id='word_1_203' title='bbox 640 1692 822 1745; x_wconf 89' lang='lat' dir='ltr'><strong>concessum,</strong></span> <span class='ocrx_word' id='word_1_204' title='bbox 841 1677 1029 1734; x_wconf 85' lang='lat' dir='ltr'><strong>renunciabilc</strong></span> <span class='ocrx_word' id='word_1_205' title='bbox 1045 1690 1097 1731; x_wconf 92' lang='lat' dir='ltr'><strong>non</strong></span> <span class='ocrx_word' id='word_1_206' title='bbox 1112 1683 1165 1744; x_wconf 90' lang='lat' dir='ltr'><strong>est,</strong></span> <span class='ocrx_word' id='word_1_207' title='bbox 1205 1673 1353 1746; x_wconf 86' lang='lat' dir='ltr'><strong>propriam.</strong></span> <span class='ocrx_word' id='word_1_208' title='bbox 1377 1675 1454 1730; x_wconf 87' lang='lat' dir='ltr'><strong>Prior</strong></span> <span class='ocrx_word' id='word_1_209' title='bbox 1473 1675 1601 1730; x_wconf 87' lang='lat' dir='ltr'><strong>consistit</strong></span> <span class='ocrx_word' id='word_1_210' title='bbox 1619 1673 1645 1729; x_wconf 91' lang='lat' dir='ltr'><strong>in</strong></span> <span class='ocrx_word' id='word_1_211' title='bbox 1658 1691 1738 1746; x_wconf 86' lang='lat' dir='ltr'><strong>puro</strong></span> <span class='ocrx_word' id='word_1_212' title='bbox 1760 1691 1815 1730; x_wconf 92' lang='lat' dir='ltr'><strong>non</strong></span> <span class='ocrx_word' id='word_1_213' title='bbox 1831 1691 1887 1731; x_wconf 92' lang='lat' dir='ltr'><strong>usu</strong></span> <span class='ocrx_word' id='word_1_214' title='bbox 1911 1675 2000 1731; x_wconf 91' lang='lat' dir='ltr'><strong>actuali</strong></span> 
     </span>
     <span class='ocr_line' id='line_1_17' title="bbox 369 1763 2000 1842; baseline -0.004 -18"><span class='ocrx_word' id='word_1_215' title='bbox 369 1770 434 1842; x_wconf 91' lang='lat' dir='ltr'><strong>quia</strong></span> <span class='ocrx_word' id='word_1_216' title='bbox 455 1767 538 1824; x_wconf 91' lang='lat' dir='ltr'><strong>semel</strong></span> <span class='ocrx_word' id='word_1_217' title='bbox 559 1766 661 1822; x_wconf 89' lang='lat' dir='ltr'><strong>lactum</strong></span> <span class='ocrx_word' id='word_1_218' title='bbox 683 1767 816 1822; x_wconf 89' lang='lat' dir='ltr'><strong>iniectum</strong></span> <span class='ocrx_word' id='word_1_219' title='bbox 837 1782 897 1823; x_wconf 88' lang='lat' dir='ltr'><strong>esse</strong></span> <span class='ocrx_word' id='word_1_220' title='bbox 917 1782 970 1822; x_wconf 90' lang='lat' dir='ltr'><strong>non</strong></span> <span class='ocrx_word' id='word_1_221' title='bbox 993 1770 1099 1838; x_wconf 90' lang='lat' dir='ltr'><strong>potest,</strong></span> <span class='ocrx_word' id='word_1_222' title='bbox 1119 1779 1169 1819; x_wconf 91' lang='lat' dir='ltr'><strong>seu</strong></span> <span class='ocrx_word' id='word_1_223' title='bbox 1206 1763 1355 1836; x_wconf 90' lang='lat' dir='ltr'><strong>privilegii,</strong></span> <span class='ocrx_word' id='word_1_224' title='bbox 1375 1769 1406 1819; x_wconf 88' lang='lat' dir='ltr'><strong>ut</strong></span> <span class='ocrx_word' id='word_1_225' title='bbox 1420 1777 1485 1819; x_wconf 91' lang='lat' dir='ltr'><strong>cum</strong></span> <span class='ocrx_word' id='word_1_226' title='bbox 1499 1764 1562 1836; x_wconf 90' lang='lat' dir='ltr'><strong>quia</strong></span> <span class='ocrx_word' id='word_1_227' title='bbox 1576 1763 1679 1820; x_wconf 91' lang='lat' dir='ltr'><strong>babens</strong></span> <span class='ocrx_word' id='word_1_228' title='bbox 1694 1764 1879 1822; x_wconf 85' lang='lat' dir='ltr'><strong>sufficientem</strong></span> <span class='ocrx_word' id='word_1_229' title='bbox 1898 1781 2000 1821; x_wconf 78' lang='lat' dir='ltr'><strong>excusa-</strong></span> 
     </span>
     <span class='ocr_line' id='line_1_18' title="bbox 369 1851 2000 1931; baseline -0.001 -19"><span class='ocrx_word' id='word_1_230' title='bbox 369 1857 444 1931; x_wconf 93' lang='lat' dir='ltr'><strong>quod</strong></span> <span class='ocrx_word' id='word_1_231' title='bbox 460 1857 581 1914; x_wconf 88' lang='lat' dir='ltr'><strong>ablatum</strong></span> <span class='ocrx_word' id='word_1_232' title='bbox 597 1863 650 1927; x_wconf 90' lang='lat' dir='ltr'><strong>est,</strong></span> <span class='ocrx_word' id='word_1_233' title='bbox 666 1855 757 1912; x_wconf 90' lang='lat' dir='ltr'><strong>redire</strong></span> <span class='ocrx_word' id='word_1_234' title='bbox 772 1872 825 1912; x_wconf 90' lang='lat' dir='ltr'><strong>noo</strong></span> <span class='ocrx_word' id='word_1_235' title='bbox 841 1864 943 1930; x_wconf 89' lang='lat' dir='ltr'><strong>potest,</strong></span> <span class='ocrx_word' id='word_1_236' title='bbox 960 1857 1107 1928; x_wconf 90' lang='lat' dir='ltr'><strong>praecipue</strong></span> <span class='ocrx_word' id='word_1_237' title='bbox 1121 1868 1170 1924; x_wconf 92' lang='lat' dir='ltr'><strong>per</strong></span> <span class='ocrx_word' id='word_1_238' title='bbox 1207 1853 1307 1909; x_wconf 89' lang='lat' dir='ltr'><strong>tionem</strong></span> <span class='ocrx_word' id='word_1_239' title='bbox 1326 1853 1359 1908; x_wconf 93' lang='lat' dir='ltr'><strong>ad</strong></span> <span class='ocrx_word' id='word_1_240' title='bbox 1372 1867 1425 1908; x_wconf 92' lang='lat' dir='ltr'><strong>non</strong></span> <span class='ocrx_word' id='word_1_241' title='bbox 1436 1851 1625 1924; x_wconf 89' lang='lat' dir='ltr'><strong>ieiunandum,</strong></span> <span class='ocrx_word' id='word_1_242' title='bbox 1637 1854 1815 1910; x_wconf 89' lang='lat' dir='ltr'><strong>nibilominus</strong></span> <span class='ocrx_word' id='word_1_243' title='bbox 1827 1856 1937 1924; x_wconf 90' lang='lat' dir='ltr'><strong>ieiunat,</strong></span> <span class='ocrx_word' id='word_1_244' title='bbox 1956 1855 2000 1910; x_wconf 89' lang='lat' dir='ltr'><strong>dici</strong></span> 
     </span>
     <span class='ocr_line' id='line_1_19' title="bbox 370 1942 2000 2020; baseline -0.003 -17"><span class='ocrx_word' id='word_1_245' title='bbox 370 1948 502 2020; x_wconf 92' lang='lat' dir='ltr'><strong>privatam</strong></span> <span class='ocrx_word' id='word_1_246' title='bbox 526 1947 645 2003; x_wconf 87' lang='lat' dir='ltr'><strong>bominis</strong></span> <span class='ocrx_word' id='word_1_247' title='bbox 666 1947 847 2004; x_wconf 89' lang='lat' dir='ltr'><strong>voluntatem.</strong></span> <span class='ocrx_word' id='word_1_248' title='bbox 871 1947 915 2002; x_wconf 91' lang='lat' dir='ltr'><strong>Sic</strong></span> <span class='ocrx_word' id='word_1_249' title='bbox 931 1944 1103 2017; x_wconf 87' lang='lat' dir='ltr'><strong>privilegium</strong></span> <span class='ocrx_word' id='word_1_250' title='bbox 1119 1943 1171 2000; x_wconf 92' lang='lat' dir='ltr'><strong>tol·</strong></span> <span class='ocrx_word' id='word_1_251' title='bbox 1208 1949 1300 2013; x_wconf 89' lang='lat' dir='ltr'><strong>potest</strong></span> <span class='ocrx_word' id='word_1_252' title='bbox 1320 1942 1475 1999; x_wconf 89' lang='lat' dir='ltr'><strong>renuntiare</strong></span> <span class='ocrx_word' id='word_1_253' title='bbox 1494 1942 1635 2016; x_wconf 90' lang='lat' dir='ltr'><strong>privilegio</strong></span> <span class='ocrx_word' id='word_1_254' title='bbox 1650 1960 1711 2000; x_wconf 89' lang='lat' dir='ltr'><strong>suo.</strong></span> <span class='ocrx_word' id='word_1_255' title='bbox 1727 1946 1845 2016; x_wconf 86' lang='lat' dir='ltr'><strong>Proprie</strong></span> <span class='ocrx_word' id='word_1_256' title='bbox 1866 1951 1952 2000; x_wconf 88' lang='lat' dir='ltr'><strong>autem</strong></span> <span class='ocrx_word' id='word_1_257' title='bbox 1965 1960 2000 1999; x_wconf 92' lang='lat' dir='ltr'><strong>re-</strong></span> 
     </span>
     <span class='ocr_line' id='line_1_20' title="bbox 370 2027 1999 2110; baseline -0.002 -18"><span class='ocrx_word' id='word_1_258' title='bbox 370 2036 430 2094; x_wconf 91' lang='lat' dir='ltr'><strong>lens</strong></span> <span class='ocrx_word' id='word_1_259' title='bbox 444 2036 675 2110; x_wconf 77' lang='lat' dir='ltr'><strong>irregularitatem</strong></span> <span class='ocrx_word' id='word_1_260' title='bbox 690 2037 844 2092; x_wconf 89' lang='lat' dir='ltr'><strong>renunciari</strong></span> <span class='ocrx_word' id='word_1_261' title='bbox 858 2052 911 2092; x_wconf 91' lang='lat' dir='ltr'><strong>non</strong></span> <span class='ocrx_word' id='word_1_262' title='bbox 927 2042 1028 2106; x_wconf 90' lang='lat' dir='ltr'><strong>potest,</strong></span> <span class='ocrx_word' id='word_1_263' title='bbox 1041 2036 1171 2107; x_wconf 90' lang='lat' dir='ltr'><strong>quianon</strong></span> <span class='ocrx_word' id='word_1_264' title='bbox 1208 2035 1335 2089; x_wconf 83' lang='lat' dir='ltr'><strong>nuntiare</strong></span> <span class='ocrx_word' id='word_1_265' title='bbox 1354 2032 1507 2104; x_wconf 88' lang='lat' dir='ltr'><strong>privilegio,</strong></span> <span class='ocrx_word' id='word_1_266' title='bbox 1522 2048 1576 2088; x_wconf 90' lang='lat' dir='ltr'><strong>non</strong></span> <span class='ocrx_word' id='word_1_267' title='bbox 1589 2027 1697 2090; x_wconf 81' lang='lat' dir='ltr'><strong>tantum</strong></span> <span class='ocrx_word' id='word_1_268' title='bbox 1712 2041 1824 2090; x_wconf 90' lang='lat' dir='ltr'><strong>estnon</strong></span> <span class='ocrx_word' id='word_1_269' title='bbox 1847 2034 1887 2090; x_wconf 92' lang='lat' dir='ltr'><strong>uti</strong></span> <span class='ocrx_word' id='word_1_270' title='bbox 1901 2032 1956 2105; x_wconf 92' lang='lat' dir='ltr'><strong>illo,</strong></span> <span class='ocrx_word' id='word_1_271' title='bbox 1968 2041 1999 2089; x_wconf 90' lang='lat' dir='ltr'><strong>at·</strong></span> 
     </span>
     <span class='ocr_line' id='line_1_21' title="bbox 369 2121 1999 2200; baseline -0.002 -19"><span class='ocrx_word' id='word_1_272' title='bbox 369 2131 462 2196; x_wconf 89' lang='lat' dir='ltr'><strong>potest</strong></span> <span class='ocrx_word' id='word_1_273' title='bbox 479 2125 560 2181; x_wconf 91' lang='lat' dir='ltr'><strong>homo</strong></span> <span class='ocrx_word' id='word_1_274' title='bbox 574 2123 648 2180; x_wconf 93' lang='lat' dir='ltr'><strong>illam</strong></span> <span class='ocrx_word' id='word_1_275' title='bbox 662 2127 779 2200; x_wconf 88' lang='lat' dir='ltr'><strong>priorem</strong></span> <span class='ocrx_word' id='word_1_276' title='bbox 793 2125 1026 2198; x_wconf 85' lang='lat' dir='ltr'><strong>irregularitatem</strong></span> <span class='ocrx_word' id='word_1_277' title='bbox 1042 2123 1068 2178; x_wconf 93' lang='lat' dir='ltr'><strong>in</strong></span> <span class='ocrx_word' id='word_1_278' title='bbox 1080 2137 1108 2177; x_wconf 89' lang='lat' dir='ltr'><strong>sc</strong></span> <span class='ocrx_word' id='word_1_279' title='bbox 1123 2123 1172 2177; x_wconf 89' lang='lat' dir='ltr'><strong>ite·</strong></span> <span class='ocrx_word' id='word_1_280' title='bbox 1207 2124 1261 2178; x_wconf 90' lang='lat' dir='ltr'><strong>iam</strong></span> <span class='ocrx_word' id='word_1_281' title='bbox 1278 2121 1441 2190; x_wconf 89' lang='lat' dir='ltr'><strong>voluntarie,</strong></span> <span class='ocrx_word' id='word_1_282' title='bbox 1457 2121 1504 2177; x_wconf 90' lang='lat' dir='ltr'><strong>sed</strong></span> <span class='ocrx_word' id='word_1_283' title='bbox 1518 2128 1561 2178; x_wconf 89' lang='lat' dir='ltr'><strong>est</strong></span> <span class='ocrx_word' id='word_1_284' title='bbox 1574 2121 1670 2178; x_wconf 90' lang='lat' dir='ltr'><strong>tollere</strong></span> <span class='ocrx_word' id='word_1_285' title='bbox 1684 2139 1699 2178; x_wconf 91' lang='lat' dir='ltr'><strong>a</strong></span> <span class='ocrx_word' id='word_1_286' title='bbox 1711 2139 1738 2179; x_wconf 88' lang='grc' dir='ltr'><strong>εε</strong></span> <span class='ocrx_word' id='word_1_287' title='bbox 1751 2125 1795 2178; x_wconf 92' lang='lat' dir='ltr'><strong>ius</strong></span> <span class='ocrx_word' id='word_1_288' title='bbox 1808 2129 1838 2179; x_wconf 90' lang='lat' dir='ltr'><strong>et</strong></span> <span class='ocrx_word' id='word_1_289' title='bbox 1854 2129 1999 2194; x_wconf 88' lang='lat' dir='ltr'><strong>potestatem</strong></span> 
     </span>
     <span class='ocr_line' id='line_1_22' title="bbox 369 2209 1999 2286; baseline -0.002 -16"><span class='ocrx_word' id='word_1_290' title='bbox 369 2229 433 2270; x_wconf 77' lang='lat' dir='ltr'><strong>riam</strong></span> <span class='ocrx_word' id='word_1_291' title='bbox 454 2215 555 2270; x_wconf 89' lang='lat' dir='ltr'><strong>iacere.</strong></span> <span class='ocrx_word' id='word_1_292' title='bbox 572 2214 616 2270; x_wconf 91' lang='lat' dir='ltr'><strong>Sic</strong></span> <span class='ocrx_word' id='word_1_293' title='bbox 632 2215 711 2271; x_wconf 91' lang='lat' dir='ltr'><strong>etiam</strong></span> <span class='ocrx_word' id='word_1_294' title='bbox 726 2216 772 2286; x_wconf 92' lang='lat' dir='ltr'><strong>qui</strong></span> <span class='ocrx_word' id='word_1_295' title='bbox 786 2213 1017 2286; x_wconf 86' lang='lat' dir='ltr'><strong>dispensationem</strong></span> <span class='ocrx_word' id='word_1_296' title='bbox 1036 2213 1091 2268; x_wconf 91' lang='lat' dir='ltr'><strong>voti</strong></span> <span class='ocrx_word' id='word_1_297' title='bbox 1104 2211 1172 2268; x_wconf 91' lang='lat' dir='ltr'><strong>obti-</strong></span> <span class='ocrx_word' id='word_1_298' title='bbox 1208 2210 1318 2284; x_wconf 73' lang='lat' dir='ltr'><strong>utendi,</strong></span> <span class='ocrx_word' id='word_1_299' title='bbox 1337 2211 1487 2267; x_wconf 75' lang='lat' dir='ltr'><strong>sicutenim</strong></span> <span class='ocrx_word' id='word_1_300' title='bbox 1502 2211 1569 2266; x_wconf 88' lang='lat' dir='ltr'><strong>baec</strong></span> <span class='ocrx_word' id='word_1_301' title='bbox 1583 2209 1638 2268; x_wconf 93' lang='lat' dir='ltr'><strong>duo</strong></span> <span class='ocrx_word' id='word_1_302' title='bbox 1653 2211 1730 2268; x_wconf 90' lang='lat' dir='ltr'><strong>valde</strong></span> <span class='ocrx_word' id='word_1_303' title='bbox 1744 2211 1869 2268; x_wconf 84' lang='lat' dir='ltr'><strong>diversa:</strong></span> <span class='ocrx_word' id='word_1_304' title='bbox 1890 2227 1948 2268; x_wconf 90' lang='lat' dir='ltr'><strong>nam</strong></span> <span class='ocrx_word' id='word_1_305' title='bbox 1961 2227 1999 2282; x_wconf 89' lang='lat' dir='ltr'><strong>per</strong></span> 
     </span>
     <span class='ocr_line' id='line_1_23' title="bbox 371 2289 1998 2375; baseline -0.001 -18"><span class='ocrx_word' id='word_1_306' title='bbox 371 2303 443 2373; x_wconf 91' lang='lat' dir='ltr'><strong>nuit,</strong></span> <span class='ocrx_word' id='word_1_307' title='bbox 457 2310 486 2361; x_wconf 91' lang='lat' dir='ltr'><strong>et</strong></span> <span class='ocrx_word' id='word_1_308' title='bbox 499 2301 580 2360; x_wconf 88' lang='lat' dir='ltr'><strong>semel</strong></span> <span class='ocrx_word' id='word_1_309' title='bbox 596 2305 761 2375; x_wconf 77' lang='lat' dir='ltr'><strong>acceptavit,</strong></span> <span class='ocrx_word' id='word_1_310' title='bbox 777 2289 830 2360; x_wconf 87' lang='lat' dir='ltr'><strong>non</strong></span> <span class='ocrx_word' id='word_1_311' title='bbox 847 2309 937 2374; x_wconf 89' lang='lat' dir='ltr'><strong>potest</strong></span> <span class='ocrx_word' id='word_1_312' title='bbox 950 2301 1066 2374; x_wconf 88' lang='lat' dir='ltr'><strong>amplius</strong></span> <span class='ocrx_word' id='word_1_313' title='bbox 1082 2300 1118 2357; x_wconf 94' lang='lat' dir='ltr'><strong>iili</strong></span> <span class='ocrx_word' id='word_1_314' title='bbox 1129 2315 1171 2356; x_wconf 90' lang='lat' dir='ltr'><strong>re·</strong></span> <span class='ocrx_word' id='word_1_315' title='bbox 1209 2301 1295 2358; x_wconf 91' lang='lat' dir='ltr'><strong>solam</strong></span> <span class='ocrx_word' id='word_1_316' title='bbox 1316 2300 1489 2372; x_wconf 89' lang='lat' dir='ltr'><strong>negationem</strong></span> <span class='ocrx_word' id='word_1_317' title='bbox 1509 2316 1579 2357; x_wconf 90' lang='lat' dir='ltr'><strong>usus</strong></span> <span class='ocrx_word' id='word_1_318' title='bbox 1601 2318 1653 2356; x_wconf 93' lang='lat' dir='ltr'><strong>non</strong></span> <span class='ocrx_word' id='word_1_319' title='bbox 1676 2301 1781 2360; x_wconf 84' lang='lat' dir='ltr'><strong>tollitur</strong></span> <span class='ocrx_word' id='word_1_320' title='bbox 1801 2309 1941 2374; x_wconf 88' lang='lat' dir='ltr'><strong>potestas,</strong></span> <span class='ocrx_word' id='word_1_321' title='bbox 1960 2301 1998 2356; x_wconf 86' lang='lat' dir='ltr'><strong>scd</strong></span> 
     </span>
     <span class='ocr_line' id='line_1_24' title="bbox 371 2393 1999 2466; baseline -0.002 -17"><span class='ocrx_word' id='word_1_322' title='bbox 371 2394 523 2463; x_wconf 70' lang='lat' dir='ltr'><strong>nunciare,</strong></span> <span class='ocrx_word' id='word_1_323' title='bbox 540 2395 604 2464; x_wconf 90' lang='lat' dir='ltr'><strong>quia</strong></span> <span class='ocrx_word' id='word_1_324' title='bbox 619 2409 671 2449; x_wconf 89' lang='lat' dir='ltr'><strong>noe</strong></span> <span class='ocrx_word' id='word_1_325' title='bbox 687 2401 776 2466; x_wconf 90' lang='lat' dir='ltr'><strong>potest</strong></span> <span class='ocrx_word' id='word_1_326' title='bbox 790 2395 907 2466; x_wconf 89' lang='lat' dir='ltr'><strong>priorem</strong></span> <span class='ocrx_word' id='word_1_327' title='bbox 923 2393 1112 2465; x_wconf 81' lang='lat' dir='ltr'><strong>obligationem</strong></span> <span class='ocrx_word' id='word_1_328' title='bbox 1129 2404 1172 2446; x_wconf 89' lang='lat' dir='ltr'><strong>re·</strong></span> <span class='ocrx_word' id='word_1_329' title='bbox 1209 2397 1314 2447; x_wconf 90' lang='lat' dir='ltr'><strong>tantum</strong></span> <span class='ocrx_word' id='word_1_330' title='bbox 1331 2406 1386 2446; x_wconf 93' lang='lat' dir='ltr'><strong>non</strong></span> <span class='ocrx_word' id='word_1_331' title='bbox 1400 2395 1545 2446; x_wconf 84' lang='lat' dir='ltr'><strong>exercetur</strong></span> <span class='ocrx_word' id='word_1_332' title='bbox 1560 2397 1650 2463; x_wconf 80' lang='lat' dir='ltr'><strong>actus3</strong></span> <span class='ocrx_word' id='word_1_333' title='bbox 1667 2397 1699 2447; x_wconf 89' lang='lat' dir='ltr'><strong>ut</strong></span> <span class='ocrx_word' id='word_1_334' title='bbox 1711 2394 1809 2465; x_wconf 89' lang='lat' dir='ltr'><strong>siquis</strong></span> <span class='ocrx_word' id='word_1_335' title='bbox 1824 2393 1999 2463; x_wconf 90' lang='lat' dir='ltr'><strong>babeatprivi·</strong></span> 
     </span>
     <span class='ocr_line' id='line_1_25' title="bbox 371 2479 1997 2556; baseline -0.002 -18"><span class='ocrx_word' id='word_1_336' title='bbox 371 2498 486 2556; x_wconf 92' lang='lat' dir='ltr'><strong>parare,</strong></span> <span class='ocrx_word' id='word_1_337' title='bbox 509 2483 573 2540; x_wconf 91' lang='lat' dir='ltr'><strong>lieet</strong></span> <span class='ocrx_word' id='word_1_338' title='bbox 593 2485 683 2554; x_wconf 88' lang='lat' dir='ltr'><strong>possit</strong></span> <span class='ocrx_word' id='word_1_339' title='bbox 702 2499 803 2543; x_wconf 93' lang='lat' dir='ltr'><strong>novum</strong></span> <span class='ocrx_word' id='word_1_340' title='bbox 824 2491 919 2540; x_wconf 91' lang='lat' dir='ltr'><strong>votum</strong></span> <span class='ocrx_word' id='word_1_341' title='bbox 935 2483 967 2539; x_wconf 91' lang='lat' dir='ltr'><strong>de</strong></span> <span class='ocrx_word' id='word_1_342' title='bbox 982 2497 1052 2538; x_wconf 90' lang='lat' dir='ltr'><strong>novo</strong></span> <span class='ocrx_word' id='word_1_343' title='bbox 1069 2479 1170 2536; x_wconf 89' lang='lat' dir='ltr'><strong>lacere.</strong></span> <span class='ocrx_word' id='word_1_344' title='bbox 1209 2481 1308 2552; x_wconf 89' lang='lat' dir='ltr'><strong>legium</strong></span> <span class='ocrx_word' id='word_1_345' title='bbox 1326 2479 1452 2553; x_wconf 88' lang='lat' dir='ltr'><strong>loquendi</strong></span> <span class='ocrx_word' id='word_1_346' title='bbox 1468 2495 1532 2536; x_wconf 89' lang='lat' dir='ltr'><strong>oum</strong></span> <span class='ocrx_word' id='word_1_347' title='bbox 1547 2481 1796 2550; x_wconf 81' lang='lat' dir='ltr'><strong>excommunicato,</strong></span> <span class='ocrx_word' id='word_1_348' title='bbox 1809 2489 1839 2538; x_wconf 90' lang='lat' dir='ltr'><strong>et</strong></span> <span class='ocrx_word' id='word_1_349' title='bbox 1855 2481 1922 2537; x_wconf 92' lang='lat' dir='ltr'><strong>nolit</strong></span> <span class='ocrx_word' id='word_1_350' title='bbox 1937 2481 1997 2554; x_wconf 91' lang='lat' dir='ltr'><strong>loqui</strong></span> 
     </span>
     <span class='ocr_line' id='line_1_26' title="bbox 372 2569 1999 2645; baseline -0.001 -17"><span class='ocrx_word' id='word_1_351' title='bbox 372 2573 412 2628; x_wconf 91' lang='lat' dir='ltr'><strong>lta</strong></span> <span class='ocrx_word' id='word_1_352' title='bbox 432 2572 510 2627; x_wconf 87' lang='lat' dir='ltr'><strong>etiam</strong></span> <span class='ocrx_word' id='word_1_353' title='bbox 532 2572 579 2644; x_wconf 90' lang='lat' dir='ltr'><strong>qui</strong></span> <span class='ocrx_word' id='word_1_354' title='bbox 600 2580 643 2628; x_wconf 91' lang='lat' dir='ltr'><strong>est</strong></span> <span class='ocrx_word' id='word_1_355' title='bbox 663 2570 835 2645; x_wconf 87' lang='lat' dir='ltr'><strong>dispensatus</strong></span> <span class='ocrx_word' id='word_1_356' title='bbox 855 2575 882 2628; x_wconf 93' lang='lat' dir='ltr'><strong>in</strong></span> <span class='ocrx_word' id='word_1_357' title='bbox 899 2570 1091 2643; x_wconf 90' lang='lat' dir='ltr'><strong>impedimento</strong></span> <span class='ocrx_word' id='word_1_358' title='bbox 1107 2585 1174 2625; x_wconf 89' lang='lat' dir='ltr'><strong>con·</strong></span> <span class='ocrx_word' id='word_1_359' title='bbox 1208 2571 1313 2627; x_wconf 89' lang='lat' dir='ltr'><strong>etiamsi</strong></span> <span class='ocrx_word' id='word_1_360' title='bbox 1329 2570 1427 2641; x_wconf 79' lang='lat' dir='ltr'><strong>possit,</strong></span> <span class='ocrx_word' id='word_1_361' title='bbox 1443 2585 1499 2626; x_wconf 92' lang='lat' dir='ltr'><strong>non</strong></span> <span class='ocrx_word' id='word_1_362' title='bbox 1510 2585 1539 2626; x_wconf 90' lang='lat' dir='ltr'><strong>se</strong></span> <span class='ocrx_word' id='word_1_363' title='bbox 1552 2571 1640 2642; x_wconf 90' lang='lat' dir='ltr'><strong>privat</strong></span> <span class='ocrx_word' id='word_1_364' title='bbox 1651 2569 1798 2643; x_wconf 80' lang='lat' dir='ltr'><strong>potestate,</strong></span> <span class='ocrx_word' id='word_1_365' title='bbox 1812 2588 1863 2628; x_wconf 89' lang='lat' dir='ltr'><strong>seu</strong></span> <span class='ocrx_word' id='word_1_366' title='bbox 1875 2578 1937 2628; x_wconf 88' lang='lat' dir='ltr'><strong>actu</strong></span> <span class='ocrx_word' id='word_1_367' title='bbox 1951 2577 1999 2626; x_wconf 89' lang='lat' dir='ltr'><strong>tan·</strong></span> 
     </span>
     <span class='ocr_line' id='line_1_27' title="bbox 373 2647 1999 2734; baseline -0.001 -18"><span class='ocrx_word' id='word_1_368' title='bbox 373 2661 573 2733; x_wconf 88' lang='lat' dir='ltr'><strong>sanguinitatis,</strong></span> <span class='ocrx_word' id='word_1_369' title='bbox 591 2676 646 2717; x_wconf 91' lang='lat' dir='ltr'><strong>non</strong></span> <span class='ocrx_word' id='word_1_370' title='bbox 663 2669 753 2732; x_wconf 88' lang='lat' dir='ltr'><strong>potest</strong></span> <span class='ocrx_word' id='word_1_371' title='bbox 768 2662 804 2718; x_wconf 91' lang='lat' dir='ltr'><strong>illi</strong></span> <span class='ocrx_word' id='word_1_372' title='bbox 815 2663 925 2734; x_wconf 92' lang='lat' dir='ltr'><strong>proprie</strong></span> <span class='ocrx_word' id='word_1_373' title='bbox 936 2661 1108 2717; x_wconf 88' lang='lat' dir='ltr'><strong>renunciare.</strong></span> <span class='ocrx_word' id='word_1_374' title='bbox 1122 2659 1172 2716; x_wconf 90' lang='lat' dir='ltr'><strong>Po·</strong></span> <span class='ocrx_word' id='word_1_375' title='bbox 1210 2667 1279 2717; x_wconf 91' lang='lat' dir='ltr'><strong>tum.</strong></span> <span class='ocrx_word' id='word_1_376' title='bbox 1303 2660 1476 2733; x_wconf 77' lang='lat' dir='ltr'><strong>Privttsgiom</strong></span> <span class='ocrx_word' id='word_1_377' title='bbox 1490 2666 1600 2730; x_wconf 90' lang='lat' dir='ltr'><strong>antem,</strong></span> <span class='ocrx_word' id='word_1_378' title='bbox 1616 2660 1649 2716; x_wconf 90' lang='lat' dir='ltr'><strong>de</strong></span> <span class='ocrx_word' id='word_1_379' title='bbox 1664 2676 1720 2734; x_wconf 90' lang='lat' dir='ltr'><strong>quo</strong></span> <span class='ocrx_word' id='word_1_380' title='bbox 1735 2647 1908 2732; x_wconf 84' lang='lat' dir='ltr'><strong>tractamus,</strong></span> <span class='ocrx_word' id='word_1_381' title='bbox 1924 2665 1947 2716; x_wconf 91' lang='lat' dir='ltr'><strong>in</strong></span> <span class='ocrx_word' id='word_1_382' title='bbox 1960 2677 1999 2732; x_wconf 90' lang='lat' dir='ltr'><strong>po·</strong></span> 
     </span>
     <span class='ocr_line' id='line_1_28' title="bbox 372 2749 1998 2822; baseline -0.001 -16"><span class='ocrx_word' id='word_1_383' title='bbox 372 2751 437 2807; x_wconf 89' lang='lat' dir='ltr'><strong>terit</strong></span> <span class='ocrx_word' id='word_1_384' title='bbox 457 2749 564 2822; x_wconf 91' lang='lat' dir='ltr'><strong>quidem</strong></span> <span class='ocrx_word' id='word_1_385' title='bbox 585 2749 628 2804; x_wconf 89' lang='lat' dir='ltr'><strong>ille</strong></span> <span class='ocrx_word' id='word_1_386' title='bbox 643 2765 695 2805; x_wconf 90' lang='lat' dir='ltr'><strong>noa</strong></span> <span class='ocrx_word' id='word_1_387' title='bbox 711 2750 874 2807; x_wconf 87' lang='lat' dir='ltr'><strong>contrahere</strong></span> <span class='ocrx_word' id='word_1_388' title='bbox 890 2750 1111 2820; x_wconf 89' lang='lat' dir='ltr'><strong>matrimonium,</strong></span> <span class='ocrx_word' id='word_1_389' title='bbox 1127 2749 1174 2820; x_wconf 93' lang='lat' dir='ltr'><strong>qui</strong></span> <span class='ocrx_word' id='word_1_390' title='bbox 1209 2757 1312 2807; x_wconf 90' lang='lat' dir='ltr'><strong>testate</strong></span> <span class='ocrx_word' id='word_1_391' title='bbox 1327 2750 1466 2820; x_wconf 91' lang='lat' dir='ltr'><strong>consistit,</strong></span> <span class='ocrx_word' id='word_1_392' title='bbox 1483 2755 1514 2805; x_wconf 94' lang='lat' dir='ltr'><strong>ut</strong></span> <span class='ocrx_word' id='word_1_393' title='bbox 1527 2749 1691 2821; x_wconf 83' lang='lat' dir='ltr'><strong>explicatum</strong></span> <span class='ocrx_word' id='word_1_394' title='bbox 1706 2758 1764 2818; x_wconf 89' lang='lat' dir='ltr'><strong>est,</strong></span> <span class='ocrx_word' id='word_1_395' title='bbox 1780 2759 1810 2807; x_wconf 90' lang='lat' dir='ltr'><strong>et</strong></span> <span class='ocrx_word' id='word_1_396' title='bbox 1824 2752 1885 2808; x_wconf 91' lang='lat' dir='ltr'><strong>ideo</strong></span> <span class='ocrx_word' id='word_1_397' title='bbox 1901 2752 1942 2807; x_wconf 87' lang='lat' dir='ltr'><strong>illc</strong></span> <span class='ocrx_word' id='word_1_398' title='bbox 1955 2766 1998 2806; x_wconf 87' lang='lat' dir='ltr'><strong>non</strong></span> 
     </span>
     <span class='ocr_line' id='line_1_29' title="bbox 373 2829 1999 2912; baseline 0 -16"><span class='ocrx_word' id='word_1_399' title='bbox 373 2847 417 2896; x_wconf 86' lang='lat' dir='ltr'><strong>est</strong></span> <span class='ocrx_word' id='word_1_400' title='bbox 437 2839 520 2896; x_wconf 88' lang='lat' dir='ltr'><strong>veluti</strong></span> <span class='ocrx_word' id='word_1_401' title='bbox 541 2854 609 2896; x_wconf 90' lang='lat' dir='ltr'><strong>usus</strong></span> <span class='ocrx_word' id='word_1_402' title='bbox 629 2838 701 2895; x_wconf 88' lang='lat' dir='ltr'><strong>illius</strong></span> <span class='ocrx_word' id='word_1_403' title='bbox 716 2829 943 2912; x_wconf 85' lang='lat' dir='ltr'><strong>dispensationis,</strong></span> <span class='ocrx_word' id='word_1_404' title='bbox 960 2839 1023 2895; x_wconf 89' lang='lat' dir='ltr'><strong>licet</strong></span> <span class='ocrx_word' id='word_1_405' title='bbox 1037 2847 1171 2905; x_wconf 81' lang='lat' dir='ltr'><strong>remotus,</strong></span> <span class='ocrx_word' id='word_1_406' title='bbox 1210 2859 1280 2898; x_wconf 90' lang='lat' dir='ltr'><strong>usus</strong></span> <span class='ocrx_word' id='word_1_407' title='bbox 1299 2842 1382 2897; x_wconf 90' lang='lat' dir='ltr'><strong>etiam</strong></span> <span class='ocrx_word' id='word_1_408' title='bbox 1400 2839 1574 2896; x_wconf 84' lang='lat' dir='ltr'><strong>¹voluntarius</strong></span> <span class='ocrx_word' id='word_1_409' title='bbox 1594 2855 1642 2912; x_wconf 92' lang='lat' dir='ltr'><strong>per</strong></span> <span class='ocrx_word' id='word_1_410' title='bbox 1655 2857 1684 2896; x_wconf 89' lang='lat' dir='ltr'><strong>se</strong></span> <span class='ocrx_word' id='word_1_411' title='bbox 1697 2847 1726 2897; x_wconf 91' lang='lat' dir='ltr'><strong>et</strong></span> <span class='ocrx_word' id='word_1_412' title='bbox 1739 2841 1889 2898; x_wconf 89' lang='lat' dir='ltr'><strong>intrinsece</strong></span> <span class='ocrx_word' id='word_1_413' title='bbox 1907 2847 1999 2897; x_wconf 88' lang='lat' dir='ltr'><strong>nonest</strong></span> 
     </span>
     <span class='ocr_line' id='line_1_30' title="bbox 374 2928 1998 3004; baseline -0.002 -18"><span class='ocrx_word' id='word_1_414' title='bbox 374 2937 401 2987; x_wconf 91' lang='lat' dir='ltr'><strong>et</strong></span> <span class='ocrx_word' id='word_1_415' title='bbox 411 2938 543 3004; x_wconf 90' lang='lat' dir='ltr'><strong>tanquam</strong></span> <span class='ocrx_word' id='word_1_416' title='bbox 559 2945 669 2985; x_wconf 86' lang='lat' dir='ltr'><strong>acarrsa</strong></span> <span class='ocrx_word' id='word_1_417' title='bbox 681 2945 729 3000; x_wconf 89' lang='lat' dir='ltr'><strong>per</strong></span> <span class='ocrx_word' id='word_1_418' title='bbox 741 2930 879 2998; x_wconf 90' lang='lat' dir='ltr'><strong>accidens,</strong></span> <span class='ocrx_word' id='word_1_419' title='bbox 892 2929 1009 2998; x_wconf 90' lang='lat' dir='ltr'><strong>scilicet,</strong></span> <span class='ocrx_word' id='word_1_420' title='bbox 1018 2934 1173 2985; x_wconf 88' lang='lat' dir='ltr'><strong>removente</strong></span> <span class='ocrx_word' id='word_1_421' title='bbox 1212 2933 1320 3002; x_wconf 90' lang='lat' dir='ltr'><strong>propria</strong></span> <span class='ocrx_word' id='word_1_422' title='bbox 1333 2929 1503 2986; x_wconf 83' lang='lat' dir='ltr'><strong>renarociatio</strong></span> <span class='ocrx_word' id='word_1_423' title='bbox 1518 2928 1665 3003; x_wconf 76' lang='lat' dir='ltr'><strong>privilegii,</strong></span> <span class='ocrx_word' id='word_1_424' title='bbox 1682 2945 1714 2985; x_wconf 89' lang='lat' dir='ltr'><strong>an</strong></span> <span class='ocrx_word' id='word_1_425' title='bbox 1731 2945 1795 2985; x_wconf 90' lang='lat' dir='ltr'><strong>vero</strong></span> <span class='ocrx_word' id='word_1_426' title='bbox 1813 2933 1851 2986; x_wconf 90' lang='lat' dir='ltr'><strong>sit</strong></span> <span class='ocrx_word' id='word_1_427' title='bbox 1866 2933 1966 3002; x_wconf 88' lang='lat' dir='ltr'><strong>signum</strong></span> <span class='ocrx_word' id='word_1_428' title='bbox 1976 2929 1998 2983; x_wconf 92' lang='lat' dir='ltr'><strong>il-</strong></span> 
     </span>
     <span class='ocr_line' id='line_1_31' title="bbox 375 3015 1998 3093; baseline -0.001 -18"><span class='ocrx_word' id='word_1_429' title='bbox 375 3019 538 3093; x_wconf 75' lang='lat' dir='ltr'><strong>prohibeas,</strong></span> <span class='ocrx_word' id='word_1_430' title='bbox 556 3033 610 3072; x_wconf 92' lang='lat' dir='ltr'><strong>non</strong></span> <span class='ocrx_word' id='word_1_431' title='bbox 629 3026 720 3074; x_wconf 91' lang='lat' dir='ltr'><strong>tamen</strong></span> <span class='ocrx_word' id='word_1_432' title='bbox 735 3023 824 3090; x_wconf 90' lang='lat' dir='ltr'><strong>potest</strong></span> <span class='ocrx_word' id='word_1_433' title='bbox 837 3020 875 3074; x_wconf 91' lang='lat' dir='ltr'><strong>ita</strong></span> <span class='ocrx_word' id='word_1_434' title='bbox 890 3019 1050 3074; x_wconf 88' lang='lat' dir='ltr'><strong>renunciare</strong></span> <span class='ocrx_word' id='word_1_435' title='bbox 1067 3015 1175 3087; x_wconf 90' lang='lat' dir='ltr'><strong>dispen·</strong></span> <span class='ocrx_word' id='word_1_436' title='bbox 1212 3021 1278 3090; x_wconf 91' lang='lat' dir='ltr'><strong>lius,</strong></span> <span class='ocrx_word' id='word_1_437' title='bbox 1292 3020 1361 3075; x_wconf 87' lang='lat' dir='ltr'><strong>inira</strong></span> <span class='ocrx_word' id='word_1_438' title='bbox 1375 3019 1510 3075; x_wconf 86' lang='lat' dir='ltr'><strong>dicemus.</strong></span> <span class='ocrx_word' id='word_1_439' title='bbox 1526 3019 1707 3076; x_wconf 87' lang='lat' dir='ltr'><strong>Renunciatio</strong></span> <span class='ocrx_word' id='word_1_440' title='bbox 1721 3035 1788 3091; x_wconf 91' lang='lat' dir='ltr'><strong>ergo</strong></span> <span class='ocrx_word' id='word_1_441' title='bbox 1808 3022 1936 3092; x_wconf 86' lang='lat' dir='ltr'><strong>privilegii</strong></span> <span class='ocrx_word' id='word_1_442' title='bbox 1947 3036 1998 3090; x_wconf 91' lang='lat' dir='ltr'><strong>pro-</strong></span> 
     </span>
     <span class='ocr_line' id='line_1_32' title="bbox 376 3106 1999 3187; baseline -0.001 -23"><span class='ocrx_word' id='word_1_443' title='bbox 376 3109 486 3179; x_wconf 86' lang='lat' dir='ltr'><strong>sationi,</strong></span> <span class='ocrx_word' id='word_1_444' title='bbox 505 3113 536 3164; x_wconf 89' lang='lat' dir='ltr'><strong>ut</strong></span> <span class='ocrx_word' id='word_1_445' title='bbox 549 3107 683 3165; x_wconf 89' lang='lat' dir='ltr'><strong>reddatse</strong></span> <span class='ocrx_word' id='word_1_446' title='bbox 696 3107 837 3165; x_wconf 92' lang='lat' dir='ltr'><strong>inhabilem</strong></span> <span class='ocrx_word' id='word_1_447' title='bbox 849 3107 882 3165; x_wconf 93' lang='lat' dir='ltr'><strong>ad</strong></span> <span class='ocrx_word' id='word_1_448' title='bbox 893 3108 945 3187; x_wconf 74' lang='lat' dir='ltr'><strong>tale</strong></span> <span class='ocrx_word' id='word_1_449' title='bbox 958 3106 1172 3174; x_wconf 71' lang='lat' dir='ltr'><strong>matrimonium,</strong></span> <span class='ocrx_word' id='word_1_450' title='bbox 1212 3108 1270 3180; x_wconf 88' lang='lat' dir='ltr'><strong>pria</strong></span> <span class='ocrx_word' id='word_1_451' title='bbox 1290 3115 1332 3164; x_wconf 91' lang='lat' dir='ltr'><strong>est</strong></span> <span class='ocrx_word' id='word_1_452' title='bbox 1347 3108 1500 3164; x_wconf 91' lang='lat' dir='ltr'><strong>voluntaria</strong></span> <span class='ocrx_word' id='word_1_453' title='bbox 1519 3107 1673 3175; x_wconf 86' lang='lat' dir='ltr'><strong>abdicatio,</strong></span> <span class='ocrx_word' id='word_1_454' title='bbox 1689 3114 1717 3165; x_wconf 89' lang='lat' dir='ltr'><strong>et</strong></span> <span class='ocrx_word' id='word_1_455' title='bbox 1730 3109 1863 3167; x_wconf 79' lang='lat' dir='ltr'><strong>refutatio</strong></span> <span class='ocrx_word' id='word_1_456' title='bbox 1888 3111 1954 3166; x_wconf 89' lang='lat' dir='ltr'><strong>illius</strong></span> <span class='ocrx_word' id='word_1_457' title='bbox 1966 3112 1999 3164; x_wconf 87' lang='lat' dir='ltr'><strong>ie·</strong></span> 
     </span>
     <span class='ocr_line' id='line_1_33' title="bbox 377 3195 1997 3272; baseline -0.001 -18"><span class='ocrx_word' id='word_1_458' title='bbox 377 3199 440 3272; x_wconf 90' lang='lat' dir='ltr'><strong>quia</strong></span> <span class='ocrx_word' id='word_1_459' title='bbox 461 3198 513 3255; x_wconf 92' lang='lat' dir='ltr'><strong>boc</strong></span> <span class='ocrx_word' id='word_1_460' title='bbox 534 3212 588 3254; x_wconf 89' lang='lat' dir='ltr'><strong>non</strong></span> <span class='ocrx_word' id='word_1_461' title='bbox 610 3203 653 3254; x_wconf 89' lang='lat' dir='ltr'><strong>est</strong></span> <span class='ocrx_word' id='word_1_462' title='bbox 673 3198 699 3254; x_wconf 89' lang='lat' dir='ltr'><strong>ia</strong></span> <span class='ocrx_word' id='word_1_463' title='bbox 720 3198 861 3254; x_wconf 88' lang='lat' dir='ltr'><strong>volontate</strong></span> <span class='ocrx_word' id='word_1_464' title='bbox 875 3198 952 3268; x_wconf 89' lang='lat' dir='ltr'><strong>eius,</strong></span> <span class='ocrx_word' id='word_1_465' title='bbox 969 3196 1015 3253; x_wconf 91' lang='lat' dir='ltr'><strong>sed</strong></span> <span class='ocrx_word' id='word_1_466' title='bbox 1031 3195 1127 3268; x_wconf 90' lang='lat' dir='ltr'><strong>pendet</strong></span> <span class='ocrx_word' id='word_1_467' title='bbox 1142 3209 1174 3250; x_wconf 82' lang='lat' dir='ltr'><strong>cx</strong></span> <span class='ocrx_word' id='word_1_468' title='bbox 1212 3198 1259 3269; x_wconf 92' lang='lat' dir='ltr'><strong>ris,</strong></span> <span class='ocrx_word' id='word_1_469' title='bbox 1275 3205 1303 3254; x_wconf 91' lang='lat' dir='ltr'><strong>et</strong></span> <span class='ocrx_word' id='word_1_470' title='bbox 1317 3197 1473 3270; x_wconf 89' lang='lat' dir='ltr'><strong>potestatis,</strong></span> <span class='ocrx_word' id='word_1_471' title='bbox 1489 3211 1574 3270; x_wconf 87' lang='lat' dir='ltr'><strong>quarn</strong></span> <span class='ocrx_word' id='word_1_472' title='bbox 1591 3198 1765 3270; x_wconf 87' lang='lat' dir='ltr'><strong>privi&#39;egium</strong></span> <span class='ocrx_word' id='word_1_473' title='bbox 1781 3199 1959 3268; x_wconf 76' lang='lat' dir='ltr'><strong>concedebat,</strong></span> <span class='ocrx_word' id='word_1_474' title='bbox 1972 3215 1997 3253; x_wconf 82' lang='lat' dir='ltr'><strong>er</strong></span> 
     </span>
     <span class='ocr_line' id='line_1_34' title="bbox 375 3283 1997 3360; baseline -0.002 -17"><span class='ocrx_word' id='word_1_475' title='bbox 375 3288 517 3345; x_wconf 91' lang='lat' dir='ltr'><strong>voluntate</strong></span> <span class='ocrx_word' id='word_1_476' title='bbox 535 3286 659 3360; x_wconf 85' lang='lat' dir='ltr'><strong>praelati,</strong></span> <span class='ocrx_word' id='word_1_477' title='bbox 675 3290 721 3360; x_wconf 94' lang='lat' dir='ltr'><strong>qui</strong></span> <span class='ocrx_word' id='word_1_478' title='bbox 736 3295 825 3359; x_wconf 89' lang='lat' dir='ltr'><strong>potest</strong></span> <span class='ocrx_word' id='word_1_479' title='bbox 839 3287 947 3360; x_wconf 90' lang='lat' dir='ltr'><strong>quidem</strong></span> <span class='ocrx_word' id='word_1_480' title='bbox 965 3287 1050 3343; x_wconf 90' lang='lat' dir='ltr'><strong>simile</strong></span> <span class='ocrx_word' id='word_1_481' title='bbox 1062 3283 1177 3357; x_wconf 88' lang='lat' dir='ltr'><strong>impedi·</strong></span> <span class='ocrx_word' id='word_1_482' title='bbox 1212 3303 1265 3360; x_wconf 91' lang='lat' dir='ltr'><strong>qua</strong></span> <span class='ocrx_word' id='word_1_483' title='bbox 1287 3287 1420 3344; x_wconf 91' lang='lat' dir='ltr'><strong>ablatione</strong></span> <span class='ocrx_word' id='word_1_484' title='bbox 1441 3289 1640 3360; x_wconf 87' lang='lat' dir='ltr'><strong>consequitur,</strong></span> <span class='ocrx_word' id='word_1_485' title='bbox 1661 3295 1692 3343; x_wconf 90' lang='lat' dir='ltr'><strong>ut</strong></span> <span class='ocrx_word' id='word_1_486' title='bbox 1705 3303 1759 3344; x_wconf 91' lang='lat' dir='ltr'><strong>non</strong></span> <span class='ocrx_word' id='word_1_487' title='bbox 1774 3290 1864 3360; x_wconf 89' lang='lat' dir='ltr'><strong>possit</strong></span> <span class='ocrx_word' id='word_1_488' title='bbox 1878 3289 1936 3360; x_wconf 89' lang='lat' dir='ltr'><strong>quis</strong></span> <span class='ocrx_word' id='word_1_489' title='bbox 1952 3305 1997 3342; x_wconf 88' lang='lat' dir='ltr'><strong>arn-</strong></span> 
     </span>
     <span class='ocr_line' id='line_1_35' title="bbox 375 3375 1997 3450; baseline -0.002 -16"><span class='ocrx_word' id='word_1_490' title='bbox 375 3387 497 3434; x_wconf 88' lang='lat' dir='ltr'><strong>mentum</strong></span> <span class='ocrx_word' id='word_1_491' title='bbox 521 3379 622 3434; x_wconf 90' lang='lat' dir='ltr'><strong>iterum</strong></span> <span class='ocrx_word' id='word_1_492' title='bbox 643 3378 799 3450; x_wconf 87' lang='lat' dir='ltr'><strong>imponere,</strong></span> <span class='ocrx_word' id='word_1_493' title='bbox 821 3377 978 3434; x_wconf 83' lang='lat' dir='ltr'><strong>revocando</strong></span> <span class='ocrx_word' id='word_1_494' title='bbox 999 3375 1176 3448; x_wconf 89' lang='lat' dir='ltr'><strong>dispensatio·</strong></span> <span class='ocrx_word' id='word_1_495' title='bbox 1213 3376 1281 3446; x_wconf 89' lang='lat' dir='ltr'><strong>plius</strong></span> <span class='ocrx_word' id='word_1_496' title='bbox 1295 3377 1334 3432; x_wconf 92' lang='lat' dir='ltr'><strong>uti</strong></span> <span class='ocrx_word' id='word_1_497' title='bbox 1345 3375 1390 3433; x_wconf 90' lang='lat' dir='ltr'><strong>tali</strong></span> <span class='ocrx_word' id='word_1_498' title='bbox 1403 3376 1557 3447; x_wconf 86' lang='lat' dir='ltr'><strong>privilegio,</strong></span> <span class='ocrx_word' id='word_1_499' title='bbox 1569 3377 1632 3448; x_wconf 92' lang='lat' dir='ltr'><strong>quia</strong></span> <span class='ocrx_word' id='word_1_500' title='bbox 1644 3392 1723 3432; x_wconf 90' lang='lat' dir='ltr'><strong>nemo</strong></span> <span class='ocrx_word' id='word_1_501' title='bbox 1735 3383 1830 3448; x_wconf 89' lang='lat' dir='ltr'><strong>potest</strong></span> <span class='ocrx_word' id='word_1_502' title='bbox 1841 3379 1881 3436; x_wconf 91' lang='lat' dir='ltr'><strong>uti</strong></span> <span class='ocrx_word' id='word_1_503' title='bbox 1892 3393 1928 3438; x_wconf 83' lang='lat' dir='ltr'><strong>re,</strong></span> <span class='ocrx_word' id='word_1_504' title='bbox 1939 3392 1997 3448; x_wconf 87' lang='lat' dir='ltr'><strong>qnae</strong></span> 
     </span>
     <span class='ocr_line' id='line_1_36' title="bbox 376 3463 1996 3539; baseline -0.005 -15"><span class='ocrx_word' id='word_1_505' title='bbox 376 3483 455 3538; x_wconf 77' lang='lat' dir='ltr'><strong>nem,</strong></span> <span class='ocrx_word' id='word_1_506' title='bbox 479 3473 567 3522; x_wconf 89' lang='lat' dir='ltr'><strong>tamen</strong></span> <span class='ocrx_word' id='word_1_507' title='bbox 584 3466 751 3539; x_wconf 87' lang='lat' dir='ltr'><strong>speculative</strong></span> <span class='ocrx_word' id='word_1_508' title='bbox 767 3466 919 3539; x_wconf 88' lang='lat' dir='ltr'><strong>loquendo,</strong></span> <span class='ocrx_word' id='word_1_509' title='bbox 935 3465 1092 3520; x_wconf 89' lang='lat' dir='ltr'><strong>censebitur</strong></span> <span class='ocrx_word' id='word_1_510' title='bbox 1105 3463 1175 3520; x_wconf 91' lang='lat' dir='ltr'><strong>idem</strong></span> <span class='ocrx_word' id='word_1_511' title='bbox 1212 3468 1266 3522; x_wconf 91' lang='lat' dir='ltr'><strong>iam</strong></span> <span class='ocrx_word' id='word_1_512' title='bbox 1288 3482 1342 3520; x_wconf 90' lang='lat' dir='ltr'><strong>non</strong></span> <span class='ocrx_word' id='word_1_513' title='bbox 1361 3471 1412 3521; x_wconf 87' lang='lat' dir='ltr'><strong>est.</strong></span> <span class='ocrx_word' id='word_1_514' title='bbox 1435 3463 1541 3522; x_wconf 84' lang='lat' dir='ltr'><strong>Undae</strong></span> <span class='ocrx_word' id='word_1_515' title='bbox 1561 3465 1664 3521; x_wconf 91' lang='lat' dir='ltr'><strong>lortiori</strong></span> <span class='ocrx_word' id='word_1_516' title='bbox 1680 3467 1722 3528; x_wconf 86' lang='lat' dir='ltr'><strong>iit,</strong></span> <span class='ocrx_word' id='word_1_517' title='bbox 1740 3473 1771 3522; x_wconf 91' lang='lat' dir='ltr'><strong>ut</strong></span> <span class='ocrx_word' id='word_1_518' title='bbox 1783 3481 1840 3521; x_wconf 92' lang='lat' dir='ltr'><strong>non</strong></span> <span class='ocrx_word' id='word_1_519' title='bbox 1856 3469 1937 3538; x_wconf 87' lang='lat' dir='ltr'><strong>possit</strong></span> <span class='ocrx_word' id='word_1_520' title='bbox 1948 3465 1996 3536; x_wconf 90' lang='lat' dir='ltr'><strong>quis</strong></span> 
     </span>
     <span class='ocr_line' id='line_1_37' title="bbox 377 3553 1996 3628; baseline -0.003 -16"><span class='ocrx_word' id='word_1_521' title='bbox 377 3559 403 3613; x_wconf 93' lang='lat' dir='ltr'><strong>in</strong></span> <span class='ocrx_word' id='word_1_522' title='bbox 418 3559 519 3628; x_wconf 89' lang='lat' dir='ltr'><strong>specie,</strong></span> <span class='ocrx_word' id='word_1_523' title='bbox 537 3572 591 3612; x_wconf 93' lang='lat' dir='ltr'><strong>non</strong></span> <span class='ocrx_word' id='word_1_524' title='bbox 605 3570 733 3628; x_wconf 88' lang='lat' dir='ltr'><strong>numero,</strong></span> <span class='ocrx_word' id='word_1_525' title='bbox 749 3572 814 3612; x_wconf 89' lang='lat' dir='ltr'><strong>eum</strong></span> <span class='ocrx_word' id='word_1_526' title='bbox 829 3571 873 3626; x_wconf 95' lang='lat' dir='ltr'><strong>eo,</strong></span> <span class='ocrx_word' id='word_1_527' title='bbox 889 3553 963 3627; x_wconf 91' lang='lat' dir='ltr'><strong>quod</strong></span> <span class='ocrx_word' id='word_1_528' title='bbox 979 3568 1026 3624; x_wconf 92' lang='lat' dir='ltr'><strong>per</strong></span> <span class='ocrx_word' id='word_1_529' title='bbox 1038 3554 1177 3624; x_wconf 87' lang='lat' dir='ltr'><strong>dispensa·</strong></span> <span class='ocrx_word' id='word_1_530' title='bbox 1212 3555 1328 3628; x_wconf 88' lang='lat' dir='ltr'><strong>amplius</strong></span> <span class='ocrx_word' id='word_1_531' title='bbox 1352 3553 1422 3611; x_wconf 91' lang='lat' dir='ltr'><strong>licite</strong></span> <span class='ocrx_word' id='word_1_532' title='bbox 1445 3556 1483 3610; x_wconf 90' lang='lat' dir='ltr'><strong>uti</strong></span> <span class='ocrx_word' id='word_1_533' title='bbox 1505 3553 1551 3610; x_wconf 90' lang='lat' dir='ltr'><strong>tali</strong></span> <span class='ocrx_word' id='word_1_534' title='bbox 1573 3555 1729 3627; x_wconf 89' lang='lat' dir='ltr'><strong>privilegio,</strong></span> <span class='ocrx_word' id='word_1_535' title='bbox 1751 3557 1815 3626; x_wconf 91' lang='lat' dir='ltr'><strong>quin</strong></span> <span class='ocrx_word' id='word_1_536' title='bbox 1831 3572 1910 3611; x_wconf 91' lang='lat' dir='ltr'><strong>nemo</strong></span> <span class='ocrx_word' id='word_1_537' title='bbox 1925 3561 1996 3627; x_wconf 87' lang='lat' dir='ltr'><strong>petest</strong></span> 
     </span>
     <span class='ocr_line' id='line_1_38' title="bbox 377 3641 1995 3718; baseline -0.005 -16"><span class='ocrx_word' id='word_1_538' title='bbox 377 3647 476 3702; x_wconf 91' lang='lat' dir='ltr'><strong>tionem</strong></span> <span class='ocrx_word' id='word_1_539' title='bbox 492 3645 612 3701; x_wconf 90' lang='lat' dir='ltr'><strong>ablatum</strong></span> <span class='ocrx_word' id='word_1_540' title='bbox 630 3645 689 3701; x_wconf 88' lang='lat' dir='ltr'><strong>luit.</strong></span> <span class='ocrx_word' id='word_1_541' title='bbox 707 3647 765 3701; x_wconf 88' lang='lat' dir='ltr'><strong>Non</strong></span> <span class='ocrx_word' id='word_1_542' title='bbox 779 3659 846 3718; x_wconf 89' lang='lat' dir='ltr'><strong>ergo</strong></span> <span class='ocrx_word' id='word_1_543' title='bbox 859 3648 1012 3698; x_wconf 87' lang='lat' dir='ltr'><strong>tractamus</strong></span> <span class='ocrx_word' id='word_1_544' title='bbox 1024 3641 1057 3698; x_wconf 91' lang='lat' dir='ltr'><strong>de</strong></span> <span class='ocrx_word' id='word_1_545' title='bbox 1069 3642 1177 3712; x_wconf 89' lang='lat' dir='ltr'><strong>dispen·</strong></span> <span class='ocrx_word' id='word_1_546' title='bbox 1214 3646 1285 3702; x_wconf 89' lang='lat' dir='ltr'><strong>licite</strong></span> <span class='ocrx_word' id='word_1_547' title='bbox 1310 3661 1374 3701; x_wconf 93' lang='lat' dir='ltr'><strong>cum</strong></span> <span class='ocrx_word' id='word_1_548' title='bbox 1399 3644 1559 3715; x_wconf 91' lang='lat' dir='ltr'><strong>deceptione</strong></span> <span class='ocrx_word' id='word_1_549' title='bbox 1583 3650 1611 3699; x_wconf 90' lang='lat' dir='ltr'><strong>et</strong></span> <span class='ocrx_word' id='word_1_550' title='bbox 1635 3644 1758 3700; x_wconf 88' lang='lat' dir='ltr'><strong>nullitate</strong></span> <span class='ocrx_word' id='word_1_551' title='bbox 1779 3644 1899 3717; x_wconf 89' lang='lat' dir='ltr'><strong>aliquem</strong></span> <span class='ocrx_word' id='word_1_552' title='bbox 1919 3652 1995 3698; x_wconf 86' lang='lat' dir='ltr'><strong>actoru</strong></span> 
     </span>
    </p>
   </div>
   <div class='ocr_carea' id='block_1_3' title="bbox 378 3729 2094 3810">
    <p class='ocr_par' dir='ltr' id='par_1_4' title="bbox 378 3729 2094 3810">
     <span class='ocr_line' id='line_1_39' title="bbox 378 3729 2094 3810; baseline -0.002 -22"><span class='ocrx_word' id='word_1_553' title='bbox 378 3735 497 3805; x_wconf 89' lang='lat' dir='ltr'><strong>satione,</strong></span> <span class='ocrx_word' id='word_1_554' title='bbox 519 3732 565 3789; x_wconf 91' lang='lat' dir='ltr'><strong>sed</strong></span> <span class='ocrx_word' id='word_1_555' title='bbox 581 3731 613 3788; x_wconf 91' lang='lat' dir='ltr'><strong>do</strong></span> <span class='ocrx_word' id='word_1_556' title='bbox 630 3733 769 3805; x_wconf 87' lang='lat' dir='ltr'><strong>privilegio</strong></span> <span class='ocrx_word' id='word_1_557' title='bbox 785 3733 893 3804; x_wconf 91' lang='lat' dir='ltr'><strong>proprie</strong></span> <span class='ocrx_word' id='word_1_558' title='bbox 907 3737 1029 3802; x_wconf 80' lang='lat' dir='ltr'><strong>stimplo,</strong></span> <span class='ocrx_word' id='word_1_559' title='bbox 1044 3729 1119 3785; x_wconf 85' lang='lat' dir='ltr'><strong>etde</strong></span> <span class='ocrx_word' id='word_1_560' title='bbox 1132 3729 1177 3784; x_wconf 82' lang='lat' dir='ltr'><strong>illo</strong></span> <span class='ocrx_word' id='word_1_561' title='bbox 1211 3749 1355 3790; x_wconf 84' lang='lat' dir='ltr'><strong>exercere:</strong></span> <span class='ocrx_word' id='word_1_562' title='bbox 1379 3733 1439 3789; x_wconf 91' lang='lat' dir='ltr'><strong>talis</strong></span> <span class='ocrx_word' id='word_1_563' title='bbox 1460 3739 1550 3789; x_wconf 88' lang='lat' dir='ltr'><strong>antem</strong></span> <span class='ocrx_word' id='word_1_564' title='bbox 1569 3739 1644 3788; x_wconf 90' lang='lat' dir='ltr'><strong>esset</strong></span> <span class='ocrx_word' id='word_1_565' title='bbox 1658 3748 1726 3788; x_wconf 91' lang='lat' dir='ltr'><strong>usus</strong></span> <span class='ocrx_word' id='word_1_566' title='bbox 1741 3733 1875 3804; x_wconf 92' lang='lat' dir='ltr'><strong>privilegii</strong></span> <span class='ocrx_word' id='word_1_567' title='bbox 1891 3733 1938 3788; x_wconf 90' lang='lat' dir='ltr'><strong>iam</strong></span> <span class='ocrx_word' id='word_1_568' title='bbox 1953 3747 1994 3786; x_wconf 91' lang='lat' dir='ltr'><strong>non</strong></span> <span class='ocrx_word' id='word_1_569' title='bbox 2093 3807 2094 3810; x_wconf 7' lang='grc' dir='ltr'><strong>Ἴ</strong></span> 
     </span>
    </p>
   </div>
   <div class='ocr_carea' id='block_1_4' title="bbox 377 3820 1995 3896">
    <p class='ocr_par' dir='ltr' id='par_1_5' title="bbox 377 3820 1995 3896">
     <span class='ocr_line' id='line_1_40' title="bbox 377 3820 1995 3896; baseline -0.002 -18"><span class='ocrx_word' id='word_1_570' title='bbox 377 3823 512 3896; x_wconf 90' lang='lat' dir='ltr'><strong>dicimus,</strong></span> <span class='ocrx_word' id='word_1_571' title='bbox 525 3822 557 3879; x_wconf 92' lang='lat' dir='ltr'><strong>de</strong></span> <span class='ocrx_word' id='word_1_572' title='bbox 570 3838 599 3878; x_wconf 89' lang='lat' dir='ltr'><strong>se</strong></span> <span class='ocrx_word' id='word_1_573' title='bbox 611 3837 643 3878; x_wconf 93' lang='lat' dir='ltr'><strong>ac</strong></span> <span class='ocrx_word' id='word_1_574' title='bbox 655 3838 703 3894; x_wconf 91' lang='lat' dir='ltr'><strong>per</strong></span> <span class='ocrx_word' id='word_1_575' title='bbox 715 3839 743 3878; x_wconf 87' lang='lat' dir='ltr'><strong>se</strong></span> <span class='ocrx_word' id='word_1_576' title='bbox 757 3822 893 3895; x_wconf 90' lang='lat' dir='ltr'><strong>loquendo</strong></span> <span class='ocrx_word' id='word_1_577' title='bbox 904 3863 912 3893; x_wconf 94' lang='lat'><strong>,</strong></span> <span class='ocrx_word' id='word_1_578' title='bbox 925 3820 1107 3877; x_wconf 88' lang='lat' dir='ltr'><strong>renunciabilc</strong></span> <span class='ocrx_word' id='word_1_579' title='bbox 1116 3834 1176 3875; x_wconf 90' lang='lat' dir='ltr'><strong>esse</strong></span> <span class='ocrx_word' id='word_1_580' title='bbox 1211 3825 1360 3882; x_wconf 83' lang='lat' dir='ltr'><strong>existentis.</strong></span> <span class='ocrx_word' id='word_1_581' title='bbox 1380 3826 1446 3880; x_wconf 91' lang='lat' dir='ltr'><strong>item</strong></span> <span class='ocrx_word' id='word_1_582' title='bbox 1459 3824 1482 3878; x_wconf 91' lang='lat' dir='ltr'><strong>si</strong></span> <span class='ocrx_word' id='word_1_583' title='bbox 1495 3823 1661 3895; x_wconf 92' lang='lat' dir='ltr'><strong>privilegium</strong></span> <span class='ocrx_word' id='word_1_584' title='bbox 1674 3821 1847 3879; x_wconf 86' lang='lat' dir='ltr'><strong>concedebat</strong></span> <span class='ocrx_word' id='word_1_585' title='bbox 1864 3839 1949 3887; x_wconf 86' lang='lat' dir='ltr'><strong>usum,</strong></span> <span class='ocrx_word' id='word_1_586' title='bbox 1959 3821 1995 3893; x_wconf 91' lang='lat' dir='ltr'><strong>qni</strong></span> 
     </span>
    </p>
   </div>
   <div class='ocr_carea' id='block_1_5' title="bbox 379 3911 2094 3986">
    <p class='ocr_par' dir='ltr' id='par_1_6' title="bbox 379 3911 2094 3986">
     <span class='ocr_line' id='line_1_41' title="bbox 379 3911 2094 3986; baseline -0.004 -16"><span class='ocrx_word' id='word_1_587' title='bbox 379 3913 413 3968; x_wconf 86' lang='lat' dir='ltr'><strong>ab</strong></span> <span class='ocrx_word' id='word_1_588' title='bbox 433 3913 492 3983; x_wconf 84' lang='lat' dir='ltr'><strong>ipso</strong></span> <span class='ocrx_word' id='word_1_589' title='bbox 514 3911 706 3983; x_wconf 79' lang='lat' dir='ltr'><strong>privilegiario.</strong></span> <span class='ocrx_word' id='word_1_590' title='bbox 729 3913 787 3968; x_wconf 83' lang='lat' dir='ltr'><strong>Hoc</strong></span> <span class='ocrx_word' id='word_1_591' title='bbox 808 3913 880 3968; x_wconf 87' lang='lat' dir='ltr'><strong>enim</strong></span> <span class='ocrx_word' id='word_1_592' title='bbox 898 3911 987 3966; x_wconf 80' lang='lat' dir='ltr'><strong>emnia</strong></span> <span class='ocrx_word' id='word_1_593' title='bbox 999 3912 1060 3964; x_wconf 80' lang='lat' dir='ltr'><strong>iura</strong></span> <span class='ocrx_word' id='word_1_594' title='bbox 1077 3923 1177 3980; x_wconf 76' lang='lat' dir='ltr'><strong>suppo·</strong></span> <span class='ocrx_word' id='word_1_595' title='bbox 1213 3917 1270 3971; x_wconf 88' lang='lat' dir='ltr'><strong>sine</strong></span> <span class='ocrx_word' id='word_1_596' title='bbox 1294 3911 1433 3986; x_wconf 89' lang='lat' dir='ltr'><strong>privilegio</strong></span> <span class='ocrx_word' id='word_1_597' title='bbox 1454 3929 1508 3968; x_wconf 93' lang='lat' dir='ltr'><strong>non</strong></span> <span class='ocrx_word' id='word_1_598' title='bbox 1523 3911 1631 3982; x_wconf 89' lang='lat' dir='ltr'><strong>licebat,</strong></span> <span class='ocrx_word' id='word_1_599' title='bbox 1647 3912 1698 3968; x_wconf 90' lang='lat' dir='ltr'><strong>iam</strong></span> <span class='ocrx_word' id='word_1_600' title='bbox 1712 3911 1756 3966; x_wconf 92' lang='lat' dir='ltr'><strong>ille</strong></span> <span class='ocrx_word' id='word_1_601' title='bbox 1771 3927 1842 3967; x_wconf 87' lang='lat' dir='ltr'><strong>usus</strong></span> <span class='ocrx_word' id='word_1_602' title='bbox 1858 3928 1907 3968; x_wconf 92' lang='lat' dir='ltr'><strong>non</strong></span> <span class='ocrx_word' id='word_1_603' title='bbox 1922 3917 1995 3984; x_wconf 86' lang='lat' dir='ltr'><strong>potest</strong></span> <span class='ocrx_word' id='word_1_604' title='bbox 2093 3949 2094 3972; x_wconf 53' lang='lat'>2</span> 
     </span>
    </p>
   </div>
   <div class='ocr_carea' id='block_1_6' title="bbox 378 3998 1996 4788">
    <p class='ocr_par' dir='ltr' id='par_1_7' title="bbox 378 3998 1995 4341">
     <span class='ocr_line' id='line_1_42' title="bbox 378 3998 1994 4077; baseline -0.005 -17"><span class='ocrx_word' id='word_1_605' title='bbox 378 4008 462 4069; x_wconf 81' lang='lat' dir='ltr'><strong>nunt,</strong></span> <span class='ocrx_word' id='word_1_606' title='bbox 484 4007 515 4055; x_wconf 86' lang='lat' dir='ltr'><strong>ul</strong></span> <span class='ocrx_word' id='word_1_607' title='bbox 532 4005 605 4072; x_wconf 81' lang='lat' dir='ltr'><strong>patet</strong></span> <span class='ocrx_word' id='word_1_608' title='bbox 624 4015 655 4056; x_wconf 80' lang='lat' dir='ltr'><strong>et</strong></span> <span class='ocrx_word' id='word_1_609' title='bbox 674 4015 735 4071; x_wconf 80' lang='lat' dir='ltr'><strong>cap.</strong></span> <span class='ocrx_word' id='word_1_610' title='bbox 757 4002 791 4056; x_wconf 81' lang='lat' dir='ltr'><strong>Si</strong></span> <span class='ocrx_word' id='word_1_611' title='bbox 806 3998 841 4056; x_wconf 77' lang='lat' dir='ltr'><strong>de</strong></span> <span class='ocrx_word' id='word_1_612' title='bbox 855 4003 951 4064; x_wconf 79' lang='lat' dir='ltr'><strong>terra,</strong></span> <span class='ocrx_word' id='word_1_613' title='bbox 970 4005 997 4054; x_wconf 75' lang='lat' dir='ltr'><strong>el</strong></span> <span class='ocrx_word' id='word_1_614' title='bbox 1010 4013 1072 4068; x_wconf 89' lang='lat' dir='ltr'><strong>cap.</strong></span> <span class='ocrx_word' id='word_1_615' title='bbox 1089 4004 1178 4053; x_wconf 76' lang='lat' dir='ltr'><strong>Acce·</strong></span> <span class='ocrx_word' id='word_1_616' title='bbox 1213 4004 1301 4077; x_wconf 86' lang='lat' dir='ltr'><strong>magis</strong></span> <span class='ocrx_word' id='word_1_617' title='bbox 1323 4003 1424 4072; x_wconf 88' lang='lat' dir='ltr'><strong>licere,</strong></span> <span class='ocrx_word' id='word_1_618' title='bbox 1445 4016 1528 4074; x_wconf 92' lang='lat' dir='ltr'><strong>quam</strong></span> <span class='ocrx_word' id='word_1_619' title='bbox 1550 4009 1640 4057; x_wconf 87' lang='lat' dir='ltr'><strong>antea.</strong></span> <span class='ocrx_word' id='word_1_620' title='bbox 1654 4001 1731 4058; x_wconf 92' lang='lat' dir='ltr'><strong>Unda</strong></span> <span class='ocrx_word' id='word_1_621' title='bbox 1745 4000 1856 4058; x_wconf 89' lang='lat' dir='ltr'><strong>tandem</strong></span> <span class='ocrx_word' id='word_1_622' title='bbox 1871 4003 1915 4070; x_wconf 87' lang='lat' dir='ltr'><strong>fit,</strong></span> <span class='ocrx_word' id='word_1_623' title='bbox 1934 4007 1960 4056; x_wconf 90' lang='lat' dir='ltr'><strong>nt</strong></span> <span class='ocrx_word' id='word_1_624' title='bbox 1970 4015 1994 4053; x_wconf 87' lang='grc' dir='ltr'><strong>ει</strong></span> 
     </span>
     <span class='ocr_line' id='line_1_43' title="bbox 379 4087 1995 4163; baseline -0.002 -17"><span class='ocrx_word' id='word_1_625' title='bbox 379 4090 524 4154; x_wconf 73' lang='lat' dir='ltr'><strong>(letalibus,</strong></span> <span class='ocrx_word' id='word_1_626' title='bbox 540 4091 573 4147; x_wconf 92' lang='lat' dir='ltr'><strong>de</strong></span> <span class='ocrx_word' id='word_1_627' title='bbox 588 4088 708 4160; x_wconf 83' lang='lat' dir='ltr'><strong>privileg.</strong></span> <span class='ocrx_word' id='word_1_628' title='bbox 726 4105 752 4144; x_wconf 87' lang='lat' dir='ltr'><strong>c.</strong></span> <span class='ocrx_word' id='word_1_629' title='bbox 770 4087 817 4144; x_wconf 78' lang='lat' dir='ltr'><strong>Ad</strong></span> <span class='ocrx_word' id='word_1_630' title='bbox 826 4087 1033 4163; x_wconf 83' lang='lat' dir='ltr'><strong>apostolicam,</strong></span> <span class='ocrx_word' id='word_1_631' title='bbox 1048 4087 1081 4143; x_wconf 89' lang='lat' dir='ltr'><strong>de</strong></span> <span class='ocrx_word' id='word_1_632' title='bbox 1096 4103 1177 4161; x_wconf 88' lang='lat' dir='ltr'><strong>regu·</strong></span> <span class='ocrx_word' id='word_1_633' title='bbox 1213 4091 1259 4151; x_wconf 90' lang='lat' dir='ltr'><strong>lali</strong></span> <span class='ocrx_word' id='word_1_634' title='bbox 1281 4093 1488 4148; x_wconf 81' lang='lat' dir='ltr'><strong>rectractatione</strong></span> <span class='ocrx_word' id='word_1_635' title='bbox 1507 4091 1611 4146; x_wconf 88' lang='lat' dir='ltr'><strong>oriatur</strong></span> <span class='ocrx_word' id='word_1_636' title='bbox 1630 4090 1760 4162; x_wconf 87' lang='lat' dir='ltr'><strong>obligatio</strong></span> <span class='ocrx_word' id='word_1_637' title='bbox 1781 4106 1836 4146; x_wconf 92' lang='lat' dir='ltr'><strong>non</strong></span> <span class='ocrx_word' id='word_1_638' title='bbox 1852 4089 1939 4147; x_wconf 85' lang='lat' dir='ltr'><strong>artandi</strong></span> <span class='ocrx_word' id='word_1_639' title='bbox 1951 4103 1995 4143; x_wconf 89' lang='lat' dir='ltr'><strong>am·</strong></span> 
     </span>
     <span class='ocr_line' id='line_1_44' title="bbox 380 4176 1995 4254; baseline -0.005 -17"><span class='ocrx_word' id='word_1_640' title='bbox 380 4180 493 4250; x_wconf 88' lang='lat' dir='ltr'><strong>laribus,</strong></span> <span class='ocrx_word' id='word_1_641' title='bbox 507 4179 525 4234; x_wconf 85' lang='lat' dir='ltr'><strong>l.</strong></span> <span class='ocrx_word' id='word_1_642' title='bbox 542 4182 634 4252; x_wconf 82' lang='lat' dir='ltr'><strong>siquis</strong></span> <span class='ocrx_word' id='word_1_643' title='bbox 644 4181 675 4234; x_wconf 81' lang='lat' dir='ltr'><strong>iva</strong></span> <span class='ocrx_word' id='word_1_644' title='bbox 685 4177 900 4245; x_wconf 72' lang='lat' dir='ltr'><strong>conscribendo,</strong></span> <span class='ocrx_word' id='word_1_645' title='bbox 917 4181 948 4234; x_wconf 88' lang='lat' dir='ltr'><strong>C.</strong></span> <span class='ocrx_word' id='word_1_646' title='bbox 961 4177 1102 4249; x_wconf 72' lang='lat' dir='ltr'><strong>depactis,</strong></span> <span class='ocrx_word' id='word_1_647' title='bbox 1117 4177 1177 4249; x_wconf 89' lang='lat' dir='ltr'><strong>qui·</strong></span> <span class='ocrx_word' id='word_1_648' title='bbox 1213 4183 1283 4254; x_wconf 90' lang='lat' dir='ltr'><strong>plius</strong></span> <span class='ocrx_word' id='word_1_649' title='bbox 1297 4180 1343 4237; x_wconf 89' lang='lat' dir='ltr'><strong>tali</strong></span> <span class='ocrx_word' id='word_1_650' title='bbox 1359 4179 1517 4252; x_wconf 86' lang='lat' dir='ltr'><strong>privilegio,</strong></span> <span class='ocrx_word' id='word_1_651' title='bbox 1533 4180 1599 4252; x_wconf 93' lang='lat' dir='ltr'><strong>quia</strong></span> <span class='ocrx_word' id='word_1_652' title='bbox 1613 4193 1645 4234; x_wconf 93' lang='lat' dir='ltr'><strong>eo</strong></span> <span class='ocrx_word' id='word_1_653' title='bbox 1659 4181 1735 4250; x_wconf 91' lang='lat' dir='ltr'><strong>ipso,</strong></span> <span class='ocrx_word' id='word_1_654' title='bbox 1750 4178 1825 4252; x_wconf 90' lang='lat' dir='ltr'><strong>quod</strong></span> <span class='ocrx_word' id='word_1_655' title='bbox 1842 4195 1885 4234; x_wconf 90' lang='lat' dir='ltr'><strong>res</strong></span> <span class='ocrx_word' id='word_1_656' title='bbox 1899 4176 1995 4232; x_wconf 84' lang='lat' dir='ltr'><strong>titillici-</strong></span> 
     </span>
     <span class='ocr_line' id='line_1_45' title="bbox 380 4267 1995 4341; baseline -0.002 -17"><span class='ocrx_word' id='word_1_657' title='bbox 380 4269 432 4325; x_wconf 89' lang='lat' dir='ltr'><strong>bus</strong></span> <span class='ocrx_word' id='word_1_658' title='bbox 448 4269 516 4324; x_wconf 88' lang='lat' dir='ltr'><strong>locis</strong></span> <span class='ocrx_word' id='word_1_659' title='bbox 535 4268 645 4324; x_wconf 89' lang='lat' dir='ltr'><strong>Glossae</strong></span> <span class='ocrx_word' id='word_1_660' title='bbox 659 4274 687 4322; x_wconf 90' lang='lat' dir='ltr'><strong>et</strong></span> <span class='ocrx_word' id='word_1_661' title='bbox 700 4267 829 4323; x_wconf 91' lang='lat' dir='ltr'><strong>doctores</strong></span> <span class='ocrx_word' id='word_1_662' title='bbox 843 4267 894 4323; x_wconf 89' lang='lat' dir='ltr'><strong>alia</strong></span> <span class='ocrx_word' id='word_1_663' title='bbox 908 4267 967 4323; x_wconf 89' lang='lat' dir='ltr'><strong>iura</strong></span> <span class='ocrx_word' id='word_1_664' title='bbox 982 4267 1110 4323; x_wconf 78' lang='lat' dir='ltr'><strong>raserunt</strong></span> <span class='ocrx_word' id='word_1_665' title='bbox 1213 4278 1256 4340; x_wconf 89' lang='lat' dir='ltr'><strong>ta,</strong></span> <span class='ocrx_word' id='word_1_666' title='bbox 1275 4271 1362 4325; x_wconf 92' lang='lat' dir='ltr'><strong>oritur</strong></span> <span class='ocrx_word' id='word_1_667' title='bbox 1383 4267 1507 4340; x_wconf 85' lang='lat' dir='ltr'><strong>obligatio</strong></span> <span class='ocrx_word' id='word_1_668' title='bbox 1528 4267 1629 4323; x_wconf 91' lang='lat' dir='ltr'><strong>vitandi</strong></span> <span class='ocrx_word' id='word_1_669' title='bbox 1648 4267 1730 4324; x_wconf 90' lang='lat' dir='ltr'><strong>illam.</strong></span> <span class='ocrx_word' id='word_1_670' title='bbox 1751 4273 1843 4341; x_wconf 78' lang='lat' dir='ltr'><strong>Atque</strong></span> <span class='ocrx_word' id='word_1_671' title='bbox 1859 4270 1895 4324; x_wconf 90' lang='lat' dir='ltr'><strong>ita</strong></span> <span class='ocrx_word' id='word_1_672' title='bbox 1909 4267 1950 4338; x_wconf 91' lang='lat' dir='ltr'><strong>qni</strong></span> <span class='ocrx_word' id='word_1_673' title='bbox 1963 4279 1995 4320; x_wconf 88' lang='lat' dir='ltr'><strong>re·</strong></span> 
     </span>
    </p>

    <p class='ocr_par' dir='ltr' id='par_1_8' title="bbox 380 4353 1996 4788">
     <span class='ocr_line' id='line_1_46' title="bbox 420 4353 1995 4430; baseline -0.004 -16"><span class='ocrx_word' id='word_1_674' title='bbox 420 4363 447 4414; x_wconf 80' lang='lat'><strong>2.</strong></span> <span class='ocrx_word' id='word_1_675' title='bbox 464 4358 529 4412; x_wconf 86' lang='lat' dir='ltr'><strong>llice</strong></span> <span class='ocrx_word' id='word_1_676' title='bbox 543 4364 633 4412; x_wconf 91' lang='lat' dir='ltr'><strong>autem</strong></span> <span class='ocrx_word' id='word_1_677' title='bbox 646 4373 700 4430; x_wconf 87' lang='lat' dir='ltr'><strong>per</strong></span> <span class='ocrx_word' id='word_1_678' title='bbox 715 4372 744 4412; x_wconf 90' lang='lat' dir='ltr'><strong>se</strong></span> <span class='ocrx_word' id='word_1_679' title='bbox 759 4354 915 4430; x_wconf 79' lang='lat' dir='ltr'><strong>loquendo,</strong></span> <span class='ocrx_word' id='word_1_680' title='bbox 934 4356 1066 4428; x_wconf 90' lang='lat' dir='ltr'><strong>quiahoc</strong></span> <span class='ocrx_word' id='word_1_681' title='bbox 1083 4362 1178 4426; x_wconf 87' lang='lat' dir='ltr'><strong>posto·</strong></span> <span class='ocrx_word' id='word_1_682' title='bbox 1212 4361 1326 4415; x_wconf 88' lang='lat' dir='ltr'><strong>nunciat</strong></span> <span class='ocrx_word' id='word_1_683' title='bbox 1348 4356 1490 4430; x_wconf 87' lang='lat' dir='ltr'><strong>privilegio</strong></span> <span class='ocrx_word' id='word_1_684' title='bbox 1509 4356 1535 4411; x_wconf 90' lang='lat' dir='ltr'><strong>ln</strong></span> <span class='ocrx_word' id='word_1_685' title='bbox 1551 4355 1671 4412; x_wconf 84' lang='lat' dir='ltr'><strong>savorem</strong></span> <span class='ocrx_word' id='word_1_686' title='bbox 1687 4355 1810 4422; x_wconf 89' lang='lat' dir='ltr'><strong>alterius,</strong></span> <span class='ocrx_word' id='word_1_687' title='bbox 1829 4373 1862 4414; x_wconf 90' lang='lat' dir='ltr'><strong>eo</strong></span> <span class='ocrx_word' id='word_1_688' title='bbox 1876 4359 1932 4428; x_wconf 90' lang='lat' dir='ltr'><strong>ipso</strong></span> <span class='ocrx_word' id='word_1_689' title='bbox 1943 4353 1995 4410; x_wconf 89' lang='lat' dir='ltr'><strong>obli·</strong></span> 
     </span>
     <span class='ocr_line' id='line_1_47' title="bbox 381 4441 1994 4523; baseline -0.002 -21"><span class='ocrx_word' id='word_1_690' title='bbox 381 4447 418 4504; x_wconf 89' lang='lat' dir='ltr'><strong>lat</strong></span> <span class='ocrx_word' id='word_1_691' title='bbox 432 4454 531 4502; x_wconf 88' lang='lat' dir='ltr'><strong>natura</strong></span> <span class='ocrx_word' id='word_1_692' title='bbox 547 4446 686 4518; x_wconf 90' lang='lat' dir='ltr'><strong>privilegii,</strong></span> <span class='ocrx_word' id='word_1_693' title='bbox 703 4448 723 4503; x_wconf 90' lang='lat' dir='ltr'><strong>si</strong></span> <span class='ocrx_word' id='word_1_694' title='bbox 737 4445 770 4502; x_wconf 90' lang='lat' dir='ltr'><strong>ad</strong></span> <span class='ocrx_word' id='word_1_695' title='bbox 786 4448 876 4516; x_wconf 87' lang='lat' dir='ltr'><strong>ipsum</strong></span> <span class='ocrx_word' id='word_1_696' title='bbox 892 4446 1099 4518; x_wconf 87' lang='lat' dir='ltr'><strong>privilegiarium</strong></span> <span class='ocrx_word' id='word_1_697' title='bbox 1115 4462 1177 4516; x_wconf 90' lang='lat' dir='ltr'><strong>pro·</strong></span> <span class='ocrx_word' id='word_1_698' title='bbox 1212 4448 1353 4523; x_wconf 44' lang='lat' dir='ltr'><strong>gntortilli</strong></span> <span class='ocrx_word' id='word_1_699' title='bbox 1374 4446 1407 4503; x_wconf 94' lang='lat' dir='ltr'><strong>ad</strong></span> <span class='ocrx_word' id='word_1_700' title='bbox 1429 4462 1482 4502; x_wconf 94' lang='lat' dir='ltr'><strong>non</strong></span> <span class='ocrx_word' id='word_1_701' title='bbox 1504 4463 1585 4503; x_wconf 92' lang='lat' dir='ltr'><strong>usum</strong></span> <span class='ocrx_word' id='word_1_702' title='bbox 1607 4447 1668 4503; x_wconf 91' lang='lat' dir='ltr'><strong>talis</strong></span> <span class='ocrx_word' id='word_1_703' title='bbox 1688 4447 1840 4519; x_wconf 91' lang='lat' dir='ltr'><strong>privilegii,</strong></span> <span class='ocrx_word' id='word_1_704' title='bbox 1861 4463 1906 4502; x_wconf 89' lang='lat' dir='ltr'><strong>seu</strong></span> <span class='ocrx_word' id='word_1_705' title='bbox 1921 4441 1994 4518; x_wconf 78' lang='lat' dir='ltr'><strong>tqnod</strong></span> 
     </span>
     <span class='ocr_line' id='line_1_48' title="bbox 380 4534 1996 4610; baseline -0.002 -20"><span class='ocrx_word' id='word_1_706' title='bbox 380 4537 489 4607; x_wconf 89' lang='lat' dir='ltr'><strong>prium,</strong></span> <span class='ocrx_word' id='word_1_707' title='bbox 509 4542 536 4591; x_wconf 92' lang='lat' dir='ltr'><strong>et</strong></span> <span class='ocrx_word' id='word_1_708' title='bbox 556 4537 634 4608; x_wconf 89' lang='lat' dir='ltr'><strong>quasi</strong></span> <span class='ocrx_word' id='word_1_709' title='bbox 653 4534 835 4608; x_wconf 82' lang='lat' dir='ltr'><strong>adaequatum</strong></span> <span class='ocrx_word' id='word_1_710' title='bbox 850 4543 1042 4608; x_wconf 79' lang='lat' dir='ltr'><strong>comparetur3</strong></span> <span class='ocrx_word' id='word_1_711' title='bbox 1060 4553 1121 4591; x_wconf 89' lang='lat' dir='ltr'><strong>num</strong></span> <span class='ocrx_word' id='word_1_712' title='bbox 1137 4549 1178 4591; x_wconf 92' lang='lat' dir='ltr'><strong>re·</strong></span> <span class='ocrx_word' id='word_1_713' title='bbox 1212 4538 1281 4595; x_wconf 88' lang='lat' dir='ltr'><strong>idem</strong></span> <span class='ocrx_word' id='word_1_714' title='bbox 1300 4537 1359 4610; x_wconf 73' lang='lat' dir='ltr'><strong>esti</strong></span> <span class='ocrx_word' id='word_1_715' title='bbox 1381 4535 1429 4593; x_wconf 91' lang='lat' dir='ltr'><strong>dat</strong></span> <span class='ocrx_word' id='word_1_716' title='bbox 1449 4537 1525 4592; x_wconf 89' lang='lat' dir='ltr'><strong>alteri</strong></span> <span class='ocrx_word' id='word_1_717' title='bbox 1546 4539 1589 4592; x_wconf 91' lang='lat' dir='ltr'><strong>ius</strong></span> <span class='ocrx_word' id='word_1_718' title='bbox 1610 4543 1705 4594; x_wconf 91' lang='lat' dir='ltr'><strong>contra</strong></span> <span class='ocrx_word' id='word_1_719' title='bbox 1728 4553 1809 4592; x_wconf 89' lang='lat' dir='ltr'><strong>usum</strong></span> <span class='ocrx_word' id='word_1_720' title='bbox 1827 4536 1962 4609; x_wconf 78' lang='lat' dir='ltr'><strong>privilegii,</strong></span> <span class='ocrx_word' id='word_1_721' title='bbox 1975 4539 1996 4587; x_wconf 91' lang='lat' dir='ltr'><strong>et</strong></span> 
     </span>
     <span class='ocr_line' id='line_1_49' title="bbox 382 4623 1994 4699; baseline -0.002 -20"><span class='ocrx_word' id='word_1_722' title='bbox 382 4633 480 4696; x_wconf 91' lang='lat' dir='ltr'><strong>spectu</strong></span> <span class='ocrx_word' id='word_1_723' title='bbox 501 4624 572 4681; x_wconf 88' lang='lat' dir='ltr'><strong>illius</strong></span> <span class='ocrx_word' id='word_1_724' title='bbox 591 4625 751 4681; x_wconf 87' lang='lat' dir='ltr'><strong>beneficium</strong></span> <span class='ocrx_word' id='word_1_725' title='bbox 767 4625 896 4699; x_wconf 87' lang='lat' dir='ltr'><strong>privilegii</strong></span> <span class='ocrx_word' id='word_1_726' title='bbox 910 4641 962 4681; x_wconf 90' lang='lat' dir='ltr'><strong>non</strong></span> <span class='ocrx_word' id='word_1_727' title='bbox 977 4633 1020 4682; x_wconf 90' lang='lat' dir='ltr'><strong>ost</strong></span> <span class='ocrx_word' id='word_1_728' title='bbox 1034 4633 1181 4696; x_wconf 89' lang='lat' dir='ltr'><strong>coactum,</strong></span> <span class='ocrx_word' id='word_1_729' title='bbox 1213 4633 1416 4699; x_wconf 84' lang='lat' dir='ltr'><strong>consequenter</strong></span> <span class='ocrx_word' id='word_1_730' title='bbox 1434 4625 1572 4698; x_wconf 90' lang='lat' dir='ltr'><strong>obligatur</strong></span> <span class='ocrx_word' id='word_1_731' title='bbox 1589 4627 1645 4697; x_wconf 89' lang='lat' dir='ltr'><strong>ipse</strong></span> <span class='ocrx_word' id='word_1_732' title='bbox 1660 4625 1693 4682; x_wconf 93' lang='lat' dir='ltr'><strong>ad</strong></span> <span class='ocrx_word' id='word_1_733' title='bbox 1708 4641 1760 4681; x_wconf 91' lang='lat' dir='ltr'><strong>non</strong></span> <span class='ocrx_word' id='word_1_734' title='bbox 1777 4641 1858 4682; x_wconf 90' lang='lat' dir='ltr'><strong>usum</strong></span> <span class='ocrx_word' id='word_1_735' title='bbox 1875 4623 1994 4697; x_wconf 85' lang='lat' dir='ltr'><strong>privilegii,</strong></span> 
     </span>
     <span class='ocr_line' id='line_1_50' title="bbox 382 4713 1993 4788; baseline -0.003 -17"><span class='ocrx_word' id='word_1_736' title='bbox 382 4714 432 4772; x_wconf 86' lang='lat' dir='ltr'><strong>ne’c</strong></span> <span class='ocrx_word' id='word_1_737' title='bbox 456 4715 598 4771; x_wconf 89' lang='lat' dir='ltr'><strong>conlertur</strong></span> <span class='ocrx_word' id='word_1_738' title='bbox 612 4715 712 4787; x_wconf 92' lang='lat' dir='ltr'><strong>invito,</strong></span> <span class='ocrx_word' id='word_1_739' title='bbox 732 4715 848 4787; x_wconf 91' lang='lat' dir='ltr'><strong>ideoque</strong></span> <span class='ocrx_word' id='word_1_740' title='bbox 863 4715 1005 4772; x_wconf 90' lang='lat' dir='ltr'><strong>abeodem</strong></span> <span class='ocrx_word' id='word_1_741' title='bbox 1025 4715 1179 4771; x_wconf 88' lang='lat' dir='ltr'><strong>renunciari</strong></span> <span class='ocrx_word' id='word_1_742' title='bbox 1215 4727 1274 4774; x_wconf 91' lang='lat' dir='ltr'><strong>tum</strong></span> <span class='ocrx_word' id='word_1_743' title='bbox 1301 4717 1366 4788; x_wconf 89' lang='lat' dir='ltr'><strong>quia</strong></span> <span class='ocrx_word' id='word_1_744' title='bbox 1384 4721 1493 4770; x_wconf 90' lang='lat' dir='ltr'><strong>tenetur</strong></span> <span class='ocrx_word' id='word_1_745' title='bbox 1512 4730 1622 4770; x_wconf 90' lang='lat' dir='ltr'><strong>servare</strong></span> <span class='ocrx_word' id='word_1_746' title='bbox 1646 4715 1688 4770; x_wconf 88' lang='lat' dir='ltr'><strong>ius</strong></span> <span class='ocrx_word' id='word_1_747' title='bbox 1709 4713 1787 4770; x_wconf 90' lang='lat' dir='ltr'><strong>alteri</strong></span> <span class='ocrx_word' id='word_1_748' title='bbox 1807 4715 1889 4770; x_wconf 89' lang='lat' dir='ltr'><strong>semel</strong></span> <span class='ocrx_word' id='word_1_749' title='bbox 1907 4714 1993 4780; x_wconf 78' lang='lat' dir='ltr'><strong>datum,</strong></span> 
     </span>
    </p>
   </div>
   <div class='ocr_carea' id='block_1_7' title="bbox 381 4801 2094 4878">
    <p class='ocr_par' dir='ltr' id='par_1_9' title="bbox 381 4801 2094 4878">
     <span class='ocr_line' id='line_1_51' title="bbox 381 4801 2094 4878; baseline -0.005 -18"><span class='ocrx_word' id='word_1_750' title='bbox 381 4811 488 4877; x_wconf 90' lang='lat' dir='ltr'><strong>potest,</strong></span> <span class='ocrx_word' id='word_1_751' title='bbox 510 4804 532 4859; x_wconf 91' lang='lat' dir='ltr'><strong>si</strong></span> <span class='ocrx_word' id='word_1_752' title='bbox 554 4803 625 4860; x_wconf 91' lang='lat' dir='ltr'><strong>velit.</strong></span> <span class='ocrx_word' id='word_1_753' title='bbox 649 4804 789 4876; x_wconf 87' lang='lat' dir='ltr'><strong>Contingit</strong></span> <span class='ocrx_word' id='word_1_754' title='bbox 807 4811 918 4873; x_wconf 89' lang='lat' dir='ltr'><strong>eutem,</strong></span> <span class='ocrx_word' id='word_1_755' title='bbox 939 4801 1108 4878; x_wconf 85' lang='lat' dir='ltr'><strong>privilegium</strong></span> <span class='ocrx_word' id='word_1_756' title='bbox 1125 4820 1177 4859; x_wconf 90' lang='lat' dir='ltr'><strong>non</strong></span> <span class='ocrx_word' id='word_1_757' title='bbox 1214 4807 1369 4862; x_wconf 89' lang='lat' dir='ltr'><strong>tumeliam</strong></span> <span class='ocrx_word' id='word_1_758' title='bbox 1386 4805 1449 4878; x_wconf 90' lang='lat' dir='ltr'><strong>quia</strong></span> <span class='ocrx_word' id='word_1_759' title='bbox 1464 4810 1573 4860; x_wconf 89' lang='lat' dir='ltr'><strong>tenetur</strong></span> <span class='ocrx_word' id='word_1_760' title='bbox 1587 4819 1641 4859; x_wconf 93' lang='lat' dir='ltr'><strong>non</strong></span> <span class='ocrx_word' id='word_1_761' title='bbox 1656 4804 1696 4859; x_wconf 87' lang='lat' dir='ltr'><strong>uti</strong></span> <span class='ocrx_word' id='word_1_762' title='bbox 1713 4803 1771 4860; x_wconf 90' lang='lat' dir='ltr'><strong>iure</strong></span> <span class='ocrx_word' id='word_1_763' title='bbox 1782 4804 1838 4866; x_wconf 68' lang='lat' dir='ltr'><strong>&#39;um</strong></span> <span class='ocrx_word' id='word_1_764' title='bbox 1855 4818 1900 4875; x_wconf 92' lang='lat' dir='ltr'><strong>per</strong></span> <span class='ocrx_word' id='word_1_765' title='bbox 1914 4815 1995 4857; x_wconf 88' lang='lat' dir='ltr'><strong>renuo·</strong></span> <span class='ocrx_word' id='word_1_766' title='bbox 2093 4825 2094 4828; x_wconf 33' lang='lat'>¹</span> 
     </span>
    </p>
   </div>
   <div class='ocr_carea' id='block_1_8' title="bbox 382 4892 1996 5234">
    <p class='ocr_par' dir='ltr' id='par_1_10' title="bbox 382 4892 1482 4973">
     <span class='ocr_line' id='line_1_52' title="bbox 382 4892 1482 4973; baseline 0 -25"><span class='ocrx_word' id='word_1_767' title='bbox 382 4909 462 4966; x_wconf 88' lang='lat' dir='ltr'><strong>posse</strong></span> <span class='ocrx_word' id='word_1_768' title='bbox 480 4893 633 4949; x_wconf 86' lang='lat' dir='ltr'><strong>renunciari</strong></span> <span class='ocrx_word' id='word_1_769' title='bbox 648 4892 681 4948; x_wconf 90' lang='lat' dir='ltr'><strong>ab</strong></span> <span class='ocrx_word' id='word_1_770' title='bbox 696 4893 799 4966; x_wconf 90' lang='lat' dir='ltr'><strong>aliquo,</strong></span> <span class='ocrx_word' id='word_1_771' title='bbox 815 4894 861 4967; x_wconf 90' lang='lat' dir='ltr'><strong>qui</strong></span> <span class='ocrx_word' id='word_1_772' title='bbox 878 4893 922 4948; x_wconf 91' lang='lat' dir='ltr'><strong>illo</strong></span> <span class='ocrx_word' id='word_1_773' title='bbox 935 4893 1048 4965; x_wconf 84' lang='lat' dir='ltr'><strong>gaudet,</strong></span> <span class='ocrx_word' id='word_1_774' title='bbox 1062 4894 1178 4973; x_wconf 75' lang='lat' dir='ltr'><strong>quiavel</strong></span> <span class='ocrx_word' id='word_1_775' title='bbox 1213 4895 1356 4950; x_wconf 88' lang='lat' dir='ltr'><strong>elationem</strong></span> <span class='ocrx_word' id='word_1_776' title='bbox 1372 4893 1482 4948; x_wconf 87' lang='lat' dir='ltr'><strong>amisso.</strong></span> 
     </span>
    </p>

    <p class='ocr_par' dir='ltr' id='par_1_11' title="bbox 382 4977 1996 5234">
     <span class='ocr_line' id='line_1_53' title="bbox 382 4977 1996 5055; baseline -0.004 -18"><span class='ocrx_word' id='word_1_777' title='bbox 382 4999 434 5040; x_wconf 91' lang='lat' dir='ltr'><strong>noo</strong></span> <span class='ocrx_word' id='word_1_778' title='bbox 450 4989 492 5038; x_wconf 90' lang='lat' dir='ltr'><strong>est</strong></span> <span class='ocrx_word' id='word_1_779' title='bbox 507 4985 646 5053; x_wconf 89' lang='lat' dir='ltr'><strong>proprium</strong></span> <span class='ocrx_word' id='word_1_780' title='bbox 662 4982 829 5053; x_wconf 88' lang='lat' dir='ltr'><strong>sulviectum,</strong></span> <span class='ocrx_word' id='word_1_781' title='bbox 844 4983 889 5037; x_wconf 90' lang='lat' dir='ltr'><strong>cui</strong></span> <span class='ocrx_word' id='word_1_782' title='bbox 905 4983 998 5039; x_wconf 91' lang='lat' dir='ltr'><strong>datum</strong></span> <span class='ocrx_word' id='word_1_783' title='bbox 1013 4990 1056 5038; x_wconf 89' lang='lat' dir='ltr'><strong>est</strong></span> <span class='ocrx_word' id='word_1_784' title='bbox 1071 4984 1179 5055; x_wconf 87' lang='lat' dir='ltr'><strong>privile·</strong></span> <span class='ocrx_word' id='word_1_785' title='bbox 1254 4989 1280 5041; x_wconf 84' lang='lat' dir='ltr'><strong>l.</strong></span> <span class='ocrx_word' id='word_1_786' title='bbox 1297 4984 1325 5039; x_wconf 93' lang='lat' dir='ltr'><strong>ln</strong></span> <span class='ocrx_word' id='word_1_787' title='bbox 1342 4983 1477 5053; x_wconf 88' lang='lat' dir='ltr'><strong>praesenti</strong></span> <span class='ocrx_word' id='word_1_788' title='bbox 1491 4997 1558 5055; x_wconf 91' lang='lat' dir='ltr'><strong>ergo</strong></span> <span class='ocrx_word' id='word_1_789' title='bbox 1572 4981 1605 5037; x_wconf 89' lang='lat' dir='ltr'><strong>de</strong></span> <span class='ocrx_word' id='word_1_790' title='bbox 1621 4981 1731 5054; x_wconf 89' lang='lat' dir='ltr'><strong>propria</strong></span> <span class='ocrx_word' id='word_1_791' title='bbox 1748 4982 1942 5039; x_wconf 88' lang='lat' dir='ltr'><strong>renunciatione</strong></span> <span class='ocrx_word' id='word_1_792' title='bbox 1952 4977 1996 5049; x_wconf 90' lang='lat' dir='ltr'><strong>pri·</strong></span> 
     </span>
     <span class='ocr_line' id='line_1_54' title="bbox 382 5071 1994 5146; baseline -0.005 -18"><span class='ocrx_word' id='word_1_793' title='bbox 382 5073 468 5143; x_wconf 87' lang='lat' dir='ltr'><strong>glum,</strong></span> <span class='ocrx_word' id='word_1_794' title='bbox 483 5079 511 5126; x_wconf 86' lang='lat' dir='ltr'><strong>et</strong></span> <span class='ocrx_word' id='word_1_795' title='bbox 526 5080 636 5142; x_wconf 92' lang='lat' dir='ltr'><strong>propter</strong></span> <span class='ocrx_word' id='word_1_796' title='bbox 650 5071 723 5143; x_wconf 92' lang='lat' dir='ltr'><strong>quod</strong></span> <span class='ocrx_word' id='word_1_797' title='bbox 740 5079 783 5127; x_wconf 87' lang='lat' dir='ltr'><strong>est</strong></span> <span class='ocrx_word' id='word_1_798' title='bbox 796 5072 903 5140; x_wconf 88' lang='lat' dir='ltr'><strong>datum,</strong></span> <span class='ocrx_word' id='word_1_799' title='bbox 916 5073 956 5128; x_wconf 90' lang='lat' dir='ltr'><strong>vel</strong></span> <span class='ocrx_word' id='word_1_800' title='bbox 970 5075 1097 5145; x_wconf 89' lang='lat' dir='ltr'><strong>quianon</strong></span> <span class='ocrx_word' id='word_1_801' title='bbox 1115 5091 1179 5145; x_wconf 90' lang='lat' dir='ltr'><strong>pen·</strong></span> <span class='ocrx_word' id='word_1_802' title='bbox 1214 5072 1302 5146; x_wconf 87' lang='lat' dir='ltr'><strong>vilegii</strong></span> <span class='ocrx_word' id='word_1_803' title='bbox 1321 5079 1488 5144; x_wconf 90' lang='lat' dir='ltr'><strong>tractamus,</strong></span> <span class='ocrx_word' id='word_1_804' title='bbox 1503 5087 1574 5143; x_wconf 89' lang='lat' dir='ltr'><strong>quac</strong></span> <span class='ocrx_word' id='word_1_805' title='bbox 1588 5078 1753 5142; x_wconf 89' lang='lat' dir='ltr'><strong>potestatem</strong></span> <span class='ocrx_word' id='word_1_806' title='bbox 1767 5073 1854 5144; x_wconf 88' lang='lat' dir='ltr'><strong>ipsam</strong></span> <span class='ocrx_word' id='word_1_807' title='bbox 1867 5077 1892 5126; x_wconf 88' lang='lat' dir='ltr'><strong>et</strong></span> <span class='ocrx_word' id='word_1_808' title='bbox 1905 5072 1944 5125; x_wconf 89' lang='lat' dir='ltr'><strong>ius</strong></span> <span class='ocrx_word' id='word_1_809' title='bbox 1955 5081 1994 5122; x_wconf 87' lang='lat' dir='ltr'><strong>aa·</strong></span> 
     </span>
     <span class='ocr_line' id='line_1_55' title="bbox 383 5157 1994 5234; baseline -0.004 -17"><span class='ocrx_word' id='word_1_810' title='bbox 383 5162 430 5217; x_wconf 89' lang='lat' dir='ltr'><strong>dat</strong></span> <span class='ocrx_word' id='word_1_811' title='bbox 448 5160 599 5232; x_wconf 90' lang='lat' dir='ltr'><strong>adaequate</strong></span> <span class='ocrx_word' id='word_1_812' title='bbox 619 5177 652 5217; x_wconf 85' lang='grc' dir='ltr'><strong>ει</strong></span> <span class='ocrx_word' id='word_1_813' title='bbox 673 5160 812 5218; x_wconf 78' lang='lat' dir='ltr'><strong>volumtate</strong></span> <span class='ocrx_word' id='word_1_814' title='bbox 833 5163 903 5218; x_wconf 89' lang='lat' dir='ltr'><strong>eius.</strong></span> <span class='ocrx_word' id='word_1_815' title='bbox 925 5163 1009 5219; x_wconf 85' lang='lat' dir='ltr'><strong>Priori</strong></span> <span class='ocrx_word' id='word_1_816' title='bbox 1029 5163 1110 5220; x_wconf 93' lang='lat' dir='ltr'><strong>modo</strong></span> <span class='ocrx_word' id='word_1_817' title='bbox 1126 5180 1179 5220; x_wconf 89' lang='lat' dir='ltr'><strong>non</strong></span> <span class='ocrx_word' id='word_1_818' title='bbox 1216 5165 1299 5220; x_wconf 88' lang='lat' dir='ltr'><strong>ierat:</strong></span> <span class='ocrx_word' id='word_1_819' title='bbox 1316 5168 1345 5219; x_wconf 93' lang='lat' dir='ltr'><strong>et</strong></span> <span class='ocrx_word' id='word_1_820' title='bbox 1357 5162 1417 5219; x_wconf 90' lang='lat' dir='ltr'><strong>idco</strong></span> <span class='ocrx_word' id='word_1_821' title='bbox 1432 5161 1465 5217; x_wconf 92' lang='lat' dir='ltr'><strong>de</strong></span> <span class='ocrx_word' id='word_1_822' title='bbox 1480 5161 1565 5219; x_wconf 91' lang='lat' dir='ltr'><strong>altera</strong></span> <span class='ocrx_word' id='word_1_823' title='bbox 1575 5161 1784 5220; x_wconf 88' lang='lat' dir='ltr'><strong>renunciatione</strong></span> <span class='ocrx_word' id='word_1_824' title='bbox 1798 5161 1937 5234; x_wconf 90' lang='lat' dir='ltr'><strong>impropria</strong></span> <span class='ocrx_word' id='word_1_825' title='bbox 1945 5157 1994 5212; x_wconf 87' lang='lat' dir='ltr'><strong>bre·</strong></span> 
     </span>
    </p>
   </div>
   <div class='ocr_carea' id='block_1_9' title="bbox 0 0 2151 6212">
    <p class='ocr_par' dir='ltr' id='par_1_12' title="bbox 0 0 2151 6212">
     <span class='ocr_line' id='line_1_56' title="bbox 0 0 2151 6212; baseline 0 0"><span class='ocrx_word' id='word_1_826' title='bbox 0 0 2151 6212; x_wconf 95' lang='lat' dir='ltr'><strong> </strong></span> 
     </span>
    </p>
   </div>
  </div>
 </body>
</html>
