4256 6224
399 275 467 340 she
1101 285 1270 338 arnnarx.

357 419 546 490 susciperent,
565 423 594 476 st
611 417 824 492 profiterentur,
843 415 1059 475 circumcisione
1078 429 1159 470 acce·
1193 418 1281 471 ectus
1291 411 1411 485 fcerit,
1428 411 1531 474 soloce
1544 417 1616 486 erit·
1635 414 1681 475 uhi
1696 418 1940 478 circumcisionem
1954 435 2008 476 oon

357 513 412 581 pta,
428 523 495 580 ergo
509 523 598 581 neque
613 515 676 579 post
689 507 790 565 Christi
802 508 948 564 adventurn
960 511 1100 575 tenentur,
1114 519 1158 560 ne·
1194 504 1325 576 requirit,
1357 520 1408 562 neo
1431 504 1552 578 aliquem
1576 495 1643 578 legis
1668 509 1766 565 veteris
1791 508 2007 582 observantiam,

357 609 412 668 que
434 611 554 669 unquam
574 597 685 670 obligati
711 598 836 654 luerunt.
856 595 1029 654 Antecedeos
1051 593 1160 651 manile·
1194 591 1241 649 sed
1256 609 1340 666 suae,
1361 611 1443 667 quam
1460 595 1511 650 suh
1526 595 1663 668 baptismo
1678 598 1831 656 concludit.
2110 657 2111 664 ,

358 686 1004 759 sturnestsxcap.llll,inquoostendimus,
1026 682 1159 756 legemil-
1234 686 1260 740 6.
1278 685 1397 757 lienique
1412 690 1500 756 potest
1515 687 1555 742 sic
1570 685 1697 742 concludi
1712 687 1795 744 ratio:
1825 703 1889 745 nam
1905 688 1928 743 si
1944 703 2009 760 gen·
2110 734 2111 748 .

356 771 411 830 lam
425 774 514 830 solum
530 790 581 846 pro
595 775 742 832 israelitico
757 775 859 847 populo
876 775 960 830 luisse
975 774 1079 842 datam,
1095 774 1161 845 quia
1195 771 1254 830 tiles
1276 772 1341 829 lecti
1366 774 1509 831 christiani
1525 781 1652 833 tenentur
1665 776 1712 832 illa
1726 777 1796 850 lege,
1819 777 1862 834 vel
1877 783 1923 833 est
1935 794 1969 833 es
1984 781 2009 832 ai
2110 761 2111 788 ³

357 862 390 918 ed
405 863 482 921 illum
498 871 604 922 tantum
623 864 718 922 locuta
730 871 783 938 est,
797 865 868 922 unde
882 865 959 921 illum
971 869 1079 919 tantum
1091 860 1160 916 ohli—
1193 863 1357 920 Testamenti
1379 864 1495 935 ceteris,
1517 871 1545 921 ct
1558 865 1611 921 hoc
1626 881 1695 932 non,
1711 869 1777 940 quia
1801 882 1869 924 cum
1884 866 1940 923 illis
1954 883 2008 924 non
2110 925 2111 936 ,

356 955 442 1025 gavit.
450 953 527 1010 Unde
542 955 621 1011 Paul.
631 953 664 1010 od
679 955 758 1011 Rom.
770 958 796 1011 3.
814 955 841 1010 in
856 953 909 1010 boo
924 954 1000 1024 ponit
1014 950 1159 1008 utilitatem
1194 949 1313 1024 loquitur
1328 967 1376 1024 per
1391 969 1469 1010 suam
1485 953 1583 1026 legem,
1596 954 1637 1012 vel
1652 970 1685 1012 ex
1700 957 1726 1010 vi
1750 957 1920 1013 Testamenti
1935 960 2009 1029 nori,
2110 947 2111 1014 ἔ

358 1043 672 1117 circumcisionis,quod
687 1044 793 1102 ludaeis
808 1042 964 1116 specialiter
977 1040 1082 1098 credita
1094 1046 1161 1096 sunt
1193 1045 1221 1095 et
1236 1041 1287 1097 hoc
1304 1038 1391 1098 multo
1406 1045 1507 1116 minus3
1517 1049 1575 1101 tum
1586 1046 1650 1118 quia
1664 1045 1802 1117 Christus,
1812 1055 1844 1103 ut
1862 1047 2007 1116 dicebam,
2110 1027 2111 1058 ³

358 1133 468 1206 eloquia
482 1135 543 1205 liei3
555 1134 608 1190 sub
617 1135 718 1206 quihus
729 1133 845 1206 eloquiis
856 1131 973 1190 maxime
984 1130 1072 1203 legem
1083 1146 1161 1186 com·
1196 1143 1248 1184 non
1265 1130 1385 1188 extendit
1398 1131 1486 1204 legem
1498 1139 1629 1203 veterem,
1638 1133 1685 1190 sed
1698 1133 1860 1206 complevit,
1874 1143 1934 1192 tum
1946 1137 2010 1208 quia
2110 1185 2111 1212 ἶ

357 1222 511 1295 prehendit,
527 1237 597 1294 quae
611 1222 702 1279 solum
715 1223 892 1280 circumcisis
907 1221 970 1278 deta
983 1228 1043 1292 est,
1059 1226 1087 1278 et
1101 1218 1159 1276 ideo
1194 1219 1397 1277 Testamentum
1417 1236 1520 1278 norum
1534 1229 1563 1278 et
1577 1223 1691 1280 ministri
1707 1225 1768 1280 eius
1784 1227 1950 1296 oppositum
1961 1225 2008 1280 do·

357 1311 471 1384 gentiles
490 1327 505 1368 a
519 1310 724 1385 participatione
738 1311 852 1383 templi,
871 1317 900 1368 et
918 1311 1115 1366 sacrificiorum
1131 1307 1161 1368 il·
1194 1315 1275 1381 cent,
1289 1316 1317 1366 et
1333 1309 1519 1378 tradiderunt3
1535 1327 1611 1385 ergo.
1628 1312 1723 1370 Dicere
1738 1329 1802 1370 vero
1825 1321 1943 1386 possent
1958 1316 2009 1370 lle·
2110 1341 2111 1344 ¹

356 1400 410 1459 lius
431 1401 498 1474 legis
519 1402 698 1473 arcebantur,
719 1403 773 1457 nisi
787 1401 864 1473 prius
878 1398 1158 1457 circumciderentur:
1195 1396 1269 1454 braei
1295 1397 1482 1472 iudaizentes,
1503 1401 1649 1472 llessiam,
1673 1408 1702 1458 et
1723 1401 1847 1459 fructura
1868 1405 1931 1460 eius
1955 1421 2007 1460 non

356 1507 412 1548 non
433 1490 626 1563 obligabantur
647 1498 738 1548 autem
754 1489 938 1561 circumcidi,
958 1488 1048 1545 sedin
1064 1487 1161 1544 voluu-
1195 1485 1278 1542 luisse
1301 1490 1485 1562 promissum,
1507 1490 1557 1546 nisi
1578 1490 1680 1562 populo
1695 1491 1794 1564 lsrael3
1814 1500 1845 1550 et
1859 1491 1924 1550 ideo
1942 1495 2007 1550 licet

358 1587 417 1636 tote
429 1595 527 1655 eorum
542 1578 707 1653 ponebatur,
724 1586 755 1636 ut
768 1586 879 1636 constat
892 1576 978 1636 and.
991 1594 1018 1634 c.
1036 1583 1076 1636 12-
1086 1579 1160 1652 Ergo
1195 1577 1310 1649 gentiles
1331 1594 1380 1648 per
1401 1594 1430 1635 se
1444 1593 1497 1635 uon
1512 1579 1700 1651 obligarentur
1716 1581 1775 1654 lege
1789 1585 1890 1652 veteri,
1912 1583 2007 1640 nihilo·

357 1668 399 1726 lex
420 1668 464 1726 illa
485 1669 645 1740 simpliciter
658 1686 712 1725 non
727 1669 866 1742 obligabat
879 1667 1013 1741 gentiles3
1033 1682 1099 1742 ergo
1114 1683 1161 1724 ne·
1195 1669 1285 1723 minue
1302 1673 1331 1723 ut
1345 1667 1451 1739 possint
1462 1667 1569 1724 Christo
1584 1669 1762 1742 coniungi,et
1780 1671 1937 1742 spiritualia
1949 1675 2008 1728 eius

357 1775 411 1832 que
431 1765 495 1830 post
513 1759 614 1816 Christi
635 1759 785 1815 adventum
800 1758 920 1831 obligat,
945 1759 1010 1830 quia
1024 1773 1072 1829 per
1085 1757 1161 1814 Chri·
1195 1754 1265 1812 bona
1285 1757 1458 1830 participare,
1467 1757 1566 1816 dehere
1580 1773 1629 1829 per
1643 1758 1888 1818 circumcisionem
1904 1761 1943 1817 illi
1961 1779 2008 1834 po·

358 1856 431 1907 stum
447 1864 502 1905 nou
515 1853 559 1906 est
571 1847 635 1905 data
649 1848 685 1904 illi
700 1847 753 1922 legi
768 1863 838 1905 nova
852 1848 894 1906 ris
909 1846 1098 1919 obligandi,ut
1112 1862 1160 1918 per
1195 1843 1260 1914 pulo
1278 1845 1425 1917 coniungi,
1445 1855 1475 1903 et
1493 1854 1695 1920 consequenter
1708 1846 1797 1920 legem
1818 1851 1960 1923 prolitcri,
1976 1867 2007 1907 ac

357 1953 386 1995 sa
400 1945 496 1995 notum
509 1944 562 2009 est,
578 1937 627 1994 sed
641 1937 731 1995 solum
746 1953 795 2009 per
809 1937 885 1994 illurn
900 1936 1037 2009 completa
1051 1943 1105 1994 est.
1195 1947 1316 1990 servare.
1335 1933 1388 1990 Sed
1413 1933 1481 1992 baec
1503 1936 1577 1992 lictio
1597 1951 1712 1992 erronea
1730 1943 1793 2010 est,
1818 1940 2007 2012 supponitque

368 2064 371 2070 ·
398 2035 424 2086 5.
441 2029 510 2086 ilinc
523 2029 605 2085 etiam
620 2027 764 2085 manifesta
777 2033 820 2083 est
839 2026 978 2083 secundae
993 2026 1160 2098 quaestionis
1194 2022 1272 2081 aliam
1295 2021 1448 2094 haeresim,
1470 2025 1609 2096 nimirum,
1626 2025 1799 2100 evangelium
1814 2027 1882 2083 solis
1897 2029 2007 2085 iudaeis

357 2119 505 2189 resolutio,
526 2133 596 2192 quae
617 2119 792 2190 potissimum
806 2117 908 2188 agitata
921 2115 1032 2172 ridetur
1046 2115 1080 2172 ab
1095 2131 1161 2188 apo·
1194 2111 1278 2170 fuisse
1294 2112 1660 2188 communicandum,quam
1671 2131 1704 2173 es
1716 2115 1842 2188 professo
1860 2117 2008 2190 impugne-

357 2207 435 2265 stolis
448 2211 545 2265 hctor.
556 2213 599 2278 lb,
610 2223 672 2264 nam
686 2205 860 2279 degentibus
875 2207 1017 2262 conversis
1033 2203 1065 2262 ad
1080 2204 1159 2262 idem
1194 2203 1231 2258 vit
1245 2201 1349 2259 Paulus
1366 2204 1392 2258 in
1405 2203 1522 2276 epistola
1537 2203 1571 2260 ad
1583 2206 1699 2263 Roman.
1711 2214 1741 2262 et
1754 2208 1780 2262 in
1793 2206 1862 2263 libro
1879 2209 2008 2280 sequenti

357 2297 456 2355 Christi
470 2299 659 2354 controversia
670 2303 731 2354 orla
744 2296 806 2368 luit,
819 2281 933 2368 propter
944 2295 1105 2367 pharisaeos
1116 2310 1158 2351 as·
1193 2290 1297 2364 aliquid
1323 2291 1459 2349 dicemus.
1476 2295 1555 2350 Nunc
1575 2292 1672 2350 eodem
1692 2301 1857 2367 argumento
1873 2295 1950 2352 lacto
1966 2311 2009 2352 re·

357 2393 495 2458 serentes,
514 2384 613 2442 dehere
631 2401 678 2442 eos
698 2382 882 2456 circumcidi,
902 2392 930 2440 et
945 2399 1057 2442 servare
1072 2383 1159 2456 legem
1194 2379 1298 2439 lutatur
1322 2379 1511 2454 sufficienter,
1535 2389 1592 2440 tum
1614 2385 1680 2456 quio
1701 2383 1796 2442 nullibi
1820 2385 2008 2458 inscriptura

357 2479 452 2554 lloysi.
465 2477 569 2534 Veritas
590 2484 680 2532 autern
702 2476 888 2548 ah-apostolls
909 2473 1009 2532 tradita
1026 2473 1078 2530 luit
1090 2515 1097 2542 ,
1111 2487 1159 2528 eos
1194 2471 1322 2544 gentihus
1341 2472 1493 2544 imponitur
1509 2471 1569 2529 talis
1582 2473 1746 2544 necessitas,
1763 2481 1824 2532 tum
1841 2477 1925 2532 etiam
1941 2477 2006 2548 quia

358 2583 413 2624 non
428 2568 513 2624 teneri
529 2565 562 2622 ad
576 2565 826 2632 circumcisionem,
843 2564 884 2621 vel
899 2564 999 2636 legem,
1015 2577 1087 2636 quae
1103 2576 1158 2617 non
1193 2561 1377 2632 inscriptura
1399 2577 1452 2616 non
1476 2561 1646 2633 promittitur
1658 2563 1783 2620 Christus
1798 2563 1867 2619 solis
1885 2564 2006 2637 iudaeis,

358 2657 450 2714 solum
473 2663 516 2712 est
534 2655 570 2714 de
593 2653 643 2712 tide
663 2670 696 2711 es
711 2653 851 2725 praedicta
863 2653 1037 2720 delinitione,
1057 2658 1086 2707 et
1099 2650 1159 2707 aliis
1194 2649 1243 2706 sed
1262 2665 1349 2723 oeque
1365 2649 1504 2722 gentihus,
1520 2659 1547 2708 et
1562 2651 1690 2711 universo
1704 2652 1808 2710 mundo
1826 2653 1920 2724 quoad
1945 2671 2006 2726 par·

357 2761 441 2817 supra
452 2744 589 2814 adductis,
598 2742 645 2799 sed
659 2745 743 2799 etiam
753 2739 892 2800 evidenter
903 2741 1028 2813 sequitur
1039 2756 1072 2796 ea
1086 2740 1158 2812 prin·
1193 2739 1378 2810 ticipationem
1394 2739 1538 2796 fructuum
1551 2740 1622 2810 eius,
1635 2741 1701 2798 licet
1716 2743 1930 2814 promitteretur
1942 2759 2007 2800 ren·

357 2836 435 2907 oipiis
449 2834 553 2906 positis.
566 2833 633 2900 Quia
647 2831 688 2888 lex
702 2831 767 2887 data
781 2830 904 2888 hhrahas
917 2829 951 2885 de
966 2830 1158 2886 circumcisio·
1194 2834 1275 2885 turus
1296 2827 1330 2884 de
1350 2827 1454 2900 populo
1475 2827 1570 2900 lsrael,
1586 2837 1614 2886 et
1626 2831 1655 2884 in
1669 2830 1713 2886 illo
1734 2831 1891 2901 specialiter
1905 2831 2007 2890 doctu·

281 2933 286 2942 '
358 2939 392 2981 ue
412 2925 546 2980 neminem
569 2921 698 2993 obligavit
722 2920 848 2977 absolute
867 2927 896 2976 et
914 2919 1096 2990 simpliciter,
1110 2919 1159 2974 nisi
1194 2931 1263 2986 rus,
1287 2924 1317 2973 et
1341 2915 1567 2988 praedicaturus,
1588 2919 1662 2976 sicut
1685 2919 1776 2981 ctiam,
1789 2921 2006 2990 promittebatur

358 3012 495 3070 hhraham
509 3018 537 3067 et
550 3015 675 3082 posteros
687 3009 757 3074 eius,
776 3015 806 3065 ut
821 3009 875 3066 late
895 3008 1079 3081 explicuimus
1093 3023 1159 3065 cunr
1193 3012 1327 3062 venturus
1347 3004 1379 3062 de
1399 3005 1511 3076 speciali
1531 3006 1604 3064 trihu
1619 3014 1647 3064 et
1660 3007 1777 3079 familie,
1798 3015 1828 3065 et
1841 3016 1935 3066 tamen
1951 3027 2005 3068 noo

358 3101 386 3158 d.
402 3101 502 3157 Thema
518 3103 544 3156 3.
560 3115 588 3170 p.
604 3113 631 3170 q.
650 3099 697 3171 io,
712 3105 765 3155 ort.
781 3103 815 3170 23
835 3104 864 3154 et
879 3097 938 3154 idea
954 3113 1006 3154 non
1021 3096 1160 3170 obligabat
1193 3094 1230 3150 illi
1245 3093 1361 3164 soli,eed
1380 3095 1430 3152 toti
1443 3095 1544 3166 populo
1555 3110 1643 3168 aeque
1658 3097 1883 3167 promittebatur.
1893 3101 1931 3157 lit
1943 3103 2007 3158 ideo

358 3190 482 3247 absolute
502 3187 620 3244 advenas
638 3201 670 3242 sc
695 3187 872 3259 peregrinos,
887 3186 963 3243 siout
976 3187 1057 3243 etiam
1070 3201 1106 3243 ea
1120 3186 1160 3243 ci·
1194 3185 1292 3240 tiones.
1309 3187 1357 3242 te.
1373 3190 1492 3242 vocator
1505 3187 1685 3259 Espectctio
1697 3189 1838 3258 perdicae,
1856 3195 1885 3246 et
1900 3191 2004 3264 hggnei

358 3286 414 3338 tato
428 3279 489 3336 loco
500 3277 585 3350 Exodi
602 3280 646 3334 lt.
660 3276 798 3332 evidenter
812 3276 1020 3349 comprobetur:
1034 3291 1100 3350 ergo
1113 3291 1159 3333 ne·
1193 3289 1219 3331 c.
1236 3279 1272 3332 2:
1292 3272 1392 3330 Veniet
1404 3270 1592 3330 desideratos
1606 3277 1722 3332 cunctis
1734 3275 1882 3348 perches.

358 3384 412 3442 que
433 3368 476 3424 lex
500 3366 545 3422 illa
560 3368 621 3422 ante
636 3364 737 3421 Christi
757 3365 905 3421 adrentum
920 3364 1059 3439 obligabat
1073 3365 1159 3436 genti·
1234 3365 1260 3420 i.
1274 3366 1416 3419 Praeterea
1427 3362 1586 3422 consulatur
1600 3367 1717 3420 maxime
1731 3363 1776 3420 hic
1789 3380 1882 3439 error,
1899 3375 1928 3424 et
1943 3384 2004 3440 pro-

358 3458 416 3528 les,
429 3457 485 3513 aire
499 3453 606 3526 lideles,
621 3456 679 3510 eive
693 3454 861 3526 idololatras,
881 3468 970 3527 neque
984 3461 1046 3526 post
1059 3452 1159 3511 adsen-
1194 3453 1281 3524 posita
1296 3455 1396 3510 veritas
1416 3453 1596 3512 confirmatur
1609 3469 1641 3510 ex
1660 3467 1710 3525 ec,
1726 3453 1801 3527 quod
1822 3455 1866 3514 lex
1882 3457 1930 3515 illa
1950 3475 2003 3516 non

359 3555 418 3602 tum
437 3545 536 3602 Christi
556 3544 657 3616 obligat
673 3549 767 3616 gentes
791 3542 949 3600 idololotrss
964 3559 1014 3599 seu
1028 3543 1157 3616 infideles,
1193 3543 1283 3601 solum
1298 3542 1331 3599 ad
1354 3543 1470 3600 salutem
1485 3542 1653 3615 spiritualem
1673 3547 1828 3602 necessaria
1851 3562 1907 3606 non
1930 3558 2002 3618 eret,

359 3651 425 3710 ergo
446 3650 535 3708 neque
554 3633 655 3707 obligat
673 3632 836 3689 christianos
850 3648 884 3689 ex
898 3631 1024 3705 gentihus
1038 3630 1160 3690 dicentes
1193 3647 1288 3690 serum
1309 3633 1391 3690 etiarn
1411 3637 1471 3689 erat
1489 3631 1616 3690 inefficax
1630 3639 1660 3690 et
1678 3647 1726 3706 per
1741 3649 1770 3690 se
1792 3636 1910 3694 inutilia.
1926 3639 2002 3706 erod

360 3723 646 3796 originemProhatur
659 3721 866 3794 consequentia,
879 3723 943 3794 quia
954 3737 1005 3778 nec
1020 3720 1063 3778 les
1075 3723 1160 3799 lloysi
1193 3729 1386 3796 argumentum
1403 3723 1518 3779 maxima
1534 3727 1612 3795 urget
1623 3723 1724 3780 Paulm
1736 3723 1760 3780 io
1774 3739 1818 3796 ep.
1833 3725 1965 3786 adGalat.
1978 3737 2003 3784 et

360 3813 416 3870 leta
429 3819 472 3869 est
485 3827 533 3884 pro
546 3811 609 3882 illis,
626 3825 677 3868 nec
694 3811 735 3867 len
752 3811 853 3867 Christi
870 3825 918 3867 eos
932 3809 1034 3884 obligat
1047 3811 1079 3868 ad
1094 3812 1160 3869 alte·
1192 3812 1228 3868 ad
1241 3814 1356 3870 Roman.
1377 3817 1405 3868 st
1427 3811 1559 3882 potestis
1575 3811 1648 3869 hooc
1664 3810 1777 3870 modum
1794 3815 1924 3885 proponi:
1941 3818 2002 3888 quis

360 3904 419 3959 rius
434 3901 500 3974 legis
515 3900 729 3971 susceptionem,
740 3913 879 3972 nunquam
890 3900 961 3954 enim
971 3899 1097 3956 Christus
1108 3899 1160 3958 hoe
1193 3900 1381 3958 caeremoniae
1396 3899 1464 3972 lagia
1478 3900 1603 3973 antiquae
1623 3915 1678 3958 non
1697 3901 1810 3958 luerunt
1828 3907 2003 3962 necessariae

360 3991 513 4062 praecepit,
529 3996 577 4044 aut
590 3986 703 4059 docuit,
723 4003 774 4043 nee
790 3987 989 4059 praedicatores
1002 3988 1063 4045 eiua
1078 3988 1160 4046 talem
1193 3989 1227 4047 ad
1244 3988 1496 4061 salutemgentium
1511 3993 1675 4048 necessitate
1690 3978 1775 4048 solius
1790 3995 2001 4066 praecepti,seu

361 4079 461 4135 Christi
476 4078 671 4134 institutionem
686 4074 851 4133 docuerunt.
860 4079 917 4134 lmo
931 4085 1097 4150 repugnaret
1106 4078 1158 4137 hoo
1192 4077 1327 4151 legis,uee
1342 4081 1423 4136 etiem
1439 4065 1551 4136 iue'ruot
1565 4079 1598 4136 de
1610 4095 1639 4136 se
1650 4081 1823 4138 necessariae
1835 4085 2003 4142 necessitate
2038 4115 2047 4138 .

359 4168 449 4225 uerbis
472 4167 570 4224 Christi
590 4166 727 4222 invitantis
745 4166 779 4222 ad
795 4165 936 4223 serendum
952 4168 1046 4240 iugum
1061 4183 1157 4240 suare3
1192 4168 1283 4242 medii3
1296 4183 1361 4241 ergo
1376 4175 1474 4225 neutro
1490 4168 1571 4225 modo
1583 4175 1734 4226 suntnuoc
1754 4173 2002 4247 necessariaegen-

359 4264 433 4315 esset
450 4261 523 4313 enirn
537 4255 776 4328 onerosissimum,
797 4257 819 4312 si
833 4258 1005 4327 praeciperet
1025 4271 1090 4314 cum
1111 4273 1158 4316 sua
1192 4258 1265 4314 tibus
1289 4257 1462 4330 evangelium
1487 4256 1733 4330 amplectentibus,
1765 4271 1832 4332 ergo
1854 4263 2000 4334 nequelex

359 4349 419 4422 lege
432 4349 610 4419 coniungere,
622 4351 650 4401 et
664 4345 805 4415 suscipere
820 4345 907 4417 legem
918 4345 1093 4420 ldoysi,quae
1107 4346 1159 4404 luit
1192 4354 1271 4405 retus
1282 4347 1342 4404 illas
1359 4347 1528 4419 praecipiens
1539 4347 1640 4420 obligat
1650 4346 1809 4406 huiusmodi
1820 4349 1996 4410 christianos.

358 4441 453 4511 iugum
478 4435 668 4509 importabile,
689 4441 720 4490 ut
738 4435 837 4489 Petrus
860 4434 936 4491 dixit.
953 4435 1020 4492 ltsm
1034 4435 1158 4495 Christus
1191 4435 1410 4510 Consequentiae
1433 4441 1512 4492 notos
1533 4442 1608 4492 sunt.
1625 4437 1704 4494 Prior
1726 4452 1791 4494 tero
1807 4453 1872 4510 pars
1890 4448 1999 4498 antece·

358 4528 453 4586 lletth.
466 4526 554 4583 ultim.
571 4523 660 4580 solum
675 4523 751 4580 dicit:
768 4526 872 4580 Dceete
886 4537 987 4580 omncs
998 4531 1096 4596 peotes
1108 4525 1159 4584 bo·
1190 4526 1278 4583 dentis
1290 4525 1460 4583 sufficienter
1471 4525 1686 4597 manetprohatn
1697 4529 1832 4598 superiori
1849 4544 1999 4602 argumen·
2110 4519 2111 4522 ¹

357 4619 505 4691 plicantes
520 4631 567 4672 eos
580 4617 613 4670 in
625 4615 743 4668 homine
756 4613 867 4676 Putris.
884 4616 911 4668 et
925 4611 1002 4681 Filii,
1018 4618 1046 4670 et
1060 4616 1157 4688 Spiri-
1192 4615 1303 4688 to,quia
1314 4615 1356 4672 lex
1367 4615 1412 4671 illa
1422 4614 1448 4670 in
1462 4617 1486 4670 si
1499 4615 1637 4687 praecepti
1650 4630 1702 4671 non
1718 4616 1768 4674 luit
1780 4616 1845 4674 data
1858 4622 1996 4692 gentihus,

360 4711 407 4764 tos
427 4707 542 4767 sancti,
565 4702 699 4760 docentes
720 4717 767 4758 eos
790 4716 910 4759 servare
929 4705 1046 4765 omnio.
1068 4720 1158 4776 patoe-
1192 4705 1240 4762 sed
1262 4705 1314 4761 soli
1333 4703 1433 4777 populo
1453 4703 1549 4761 lsrael.
1565 4703 1686 4762 Alteram
1700 4720 1765 4762 vero
1781 4713 1890 4777 partem
1906 4709 1997 4765 multis

359 4810 484 4867 euotqce
498 4790 644 4850 mendaci
656 4789 746 4846 codis.
754 4785 805 4846 Ubi
821 4789 884 4844 nibil
899 4789 933 4846 de
947 4790 1156 4851 circumcisione
1191 4795 1277 4852 modis
1301 4794 1398 4867 prohat
1423 4791 1524 4850 Paulus
1543 4795 1573 4849 in
1599 4793 1667 4850 locis
1689 4796 1787 4852 citatis.
1808 4799 1917 4869 Primo,
1934 4802 1995 4871 quia

359 4882 565 4960 praecepit,sed
579 4881 642 4938 loco
657 4880 730 4938 illios
745 4879 878 4950 baptismo
893 4885 1041 4936 contentus
1055 4881 1115 4956 luit,
1130 4890 1159 4941 et
1191 4884 1326 4942 hbraharn
1347 4889 1410 4941 aute
1431 4883 1505 4940 illam
1528 4882 1616 4955 legem
1637 4883 1737 4952 latam,
1752 4891 1836 4958 atque
1852 4886 1924 4943 adeo
1940 4892 1995 4942 siae
2110 4957 2111 4962 ἵ

360 4981 561 5047 consequenter
576 4970 640 5027 nihil
655 4971 737 5030 etiam
751 4969 785 5026 de
797 4969 901 5043 reliqua
912 4969 971 5044 lege
986 4973 1069 5028 reteri
1081 4989 1160 5030 man·
1190 4972 1368 5031 eaeremoniis
1383 4972 1458 5042 eius,
1475 4971 1515 5028 rel
1532 4972 1745 5030 circumcisione
1765 4974 1931 5034 iusuteatus
1944 4985 1994 5034 est.

359 5065 445 5139 davit,
460 5061 507 5121 sed
524 5067 629 5118 tentum
644 5058 678 5116 de
692 5075 754 5131 sua,
770 5072 852 5131 quarn
867 5058 953 5115 solam
967 5061 1082 5132 apostoli
1096 5062 1155 5120 eiua
1189 5065 1248 5132 Quo
1262 5061 1386 5134 exemplo
1402 5059 1523 5119 iudicare
1534 5061 1621 5119 voluit
1632 5061 1746 5134 Paulus,
1758 5077 1854 5122 omnes
1868 5069 1995 5140 antiquos
2110 5057 2111 5074 ¹

360 5153 541 5216 tradiderunt.
552 5149 625 5211 Unde
639 5147 740 5208 subdit:
758 5151 818 5226 Qui
832 5147 999 5220 crediderit,
1018 5154 1046 5208 et
1059 5149 1155 5228 bapti·
1190 5159 1298 5226 patres,
1313 5157 1340 5209 et
1353 5153 1458 5223 iustos,
1475 5151 1523 5227 qui
1538 5157 1599 5210 onte
1612 5151 1763 5228 abraham,
1779 5153 1821 5212 rel
1845 5171 1912 5214 euru
1925 5157 1992 5229 ipso,
