4284 6246
406 404 468 471 eol
1112 419 1213 472 nrnnn
1227 421 1275 471 vr.

359 545 409 606 ind
428 546 525 606 babeat
550 531 768 606 iurisdictionem
791 561 825 606 on
847 562 861 604 a
882 547 944 605 iure
967 544 1059 604 divino
1083 546 1164 620 quasi
1198 545 1233 604 de
1247 543 1669 620 archiepiscopodiximus,quie
1683 545 1750 604 istae
1764 545 1839 621 leges
1857 552 1922 604 strnt
1935 561 1999 604 oon·

359 637 479 696 noturaii
497 640 595 712 gratia,
607 636 649 697 vei
664 653 679 695 a
694 637 825 695 Pontinos
839 627 1083 706 summo,alterius
1097 650 1163 693 eon·
1198 636 1323 706 ciliares,
1339 643 1367 694 et
1380 639 1421 695 sic
1436 643 1501 694 sunt
1515 652 1531 695 a
1544 642 1678 710 potestate
1692 638 1840 710 superiori.
1865 636 2000 695 Nihilomi-

360 729 528 786 siderationis
546 733 602 786 est:
633 734 784 802 uirumque
804 734 896 786 autem
911 732 1001 802 potest
1015 725 1163 798 probabili·
1199 742 1251 784 nus
1267 733 1357 784 tamen
1371 728 1543 785 contrarium
1558 742 1655 784 verum
1669 735 1726 798 est,
1742 730 1808 802 quia
1828 728 1903 786 iusta
1915 731 2001 785 vorio-

361 827 403 878 ter
418 818 534 877 delendi.
1199 831 1257 874 rena
1274 817 1442 876 sententiam
1465 817 1490 874 in
1510 817 1659 891 episcopali
1674 817 1779 896 synodo
1796 825 1910 875 nonest
1925 819 2001 874 iuris·

401 914 428 968 l.
445 908 513 966 ilinc
534 923 600 980 ergo
621 907 815 980 concluditur,
830 905 1068 980 archiepiscopum
1083 902 1161 978 ligari
1198 906 1284 965 dictio
1298 908 1420 979 propris,
1433 911 1461 964 et
1475 905 1627 980 legislativa
1649 906 1777 964 distincta
1792 922 1807 964 a
1820 905 2003 965 iurisdictione

360 998 464 1072 legibus
482 997 590 1055 concilii
605 997 781 1068 provincialis
794 1002 924 1070 tanquam
936 1010 1023 1052 unum
1034 1009 1066 1050 ex
1080 1007 1164 1049 mem·
1199 996 1337 1069 episcopis
1363 997 1428 1069 qnia
1449 996 1607 1066 interiores,
1632 997 1679 1070 qui
1708 1013 1774 1055 cum
1786 999 1919 1070 episcopo
1933 1001 1959 1054 in
1972 1013 2003 1054 ea
2034 1062 2039 1070 ¹

250 1159 253 1168 ‚
361 1088 419 1146 bris
438 1087 517 1159 eius,
539 1094 568 1146 et
590 1086 742 1144 interiorem
759 1086 815 1142 illo.
832 1084 908 1143 Unde
923 1098 1097 1156 consequens
1111 1087 1164 1150 est,
1201 1086 1304 1163 synodo
1320 1083 1501 1158 codveniunt,
1516 1103 1569 1144 non
1585 1086 1688 1144 babent
1712 1087 1929 1145 iurisdictionem
1943 1105 2004 1160 pro-

361 1185 395 1236 ut
415 1195 468 1234 nou
488 1177 631 1250 dispenset
652 1176 677 1233 in
695 1175 769 1233 illius
785 1175 891 1250 legibus
907 1180 1038 1247 tanquam
1053 1173 1081 1229 in
1096 1172 1164 1243 suis,
1200 1175 1287 1247 priam
1307 1176 1508 1249 episcopalem,
1530 1182 1579 1233 aut
1600 1176 1795 1250 legislatiyam,
1821 1178 1895 1234 sicut
1909 1175 2005 1234 hebent

363 1269 412 1327 sed
437 1275 567 1342 unquam
590 1269 618 1324 in
639 1265 745 1339 legibus
765 1266 808 1321 sui
830 1265 991 1337 superioris.
1016 1265 1106 1336 itque
1129 1263 1167 1318 ita
1200 1266 1324 1338 episcopi
1344 1266 1535 1322 convenientes
1550 1265 1707 1328 inconcilio
1728 1265 1934 1340 provinciali3et
1947 1266 2004 1324 ideo

362 1358 455 1434 quoad
477 1359 529 1414 boc
555 1357 651 1415 eadem
667 1364 710 1414 est
726 1358 795 1414 ratio
809 1355 842 1412 de
860 1354 1079 1426 archiepiscopo,
1096 1367 1167 1426 quae
1201 1355 1339 1413 inieriores
1360 1355 1454 1413 cleriei
1469 1371 1535 1413 cum
1555 1358 1685 1428 episcopo
1713 1357 1908 1413 convenientes
1926 1373 1959 1414 ex
1978 1373 2005 1414 se

364 1449 397 1506 de
411 1449 479 1506 aliis.
490 1449 589 1506 Omnes
609 1461 676 1520 ergo
691 1452 806 1502 eatenus
820 1451 938 1517 possunt
952 1443 978 1499 in
993 1443 1091 1500 talibus
1103 1439 1169 1512 legi·
1202 1461 1256 1502 non
1271 1445 1373 1503 hebent
1387 1451 1548 1517 potestatem
1563 1445 1720 1508 conterendi
1731 1445 1768 1502 illi
1782 1444 1890 1521 synodo
1904 1447 2006 1518 specia-

363 1541 417 1597 bus
435 1537 613 1610 dispensare,
637 1541 774 1608 quomens
797 1532 848 1591 illis
870 1534 1037 1604 permissum
1050 1536 1109 1599 est,
1125 1528 1169 1585 vel
1203 1535 1256 1592 lem
1276 1533 1494 1593 iurisdictionem
1509 1535 1542 1591 ab
1563 1536 1712 1608 episcopali
1734 1535 1904 1606 distinctam,
1918 1542 1945 1592 et
1965 1535 2006 1592 iile
2038 1583 2042 1591 .

366 1625 628 1688 concessum.Unde
642 1626 664 1682 si
679 1624 829 1682 concilium
841 1629 1011 1680 reservasset
1022 1637 1089 1677 suae
1102 1619 1169 1691 legis
1203 1626 1374 1697 superiorem
1395 1624 1473 1698 quusi
1486 1640 1519 1680 ex
1541 1633 1638 1682 natum
1654 1625 1693 1680 rel
1721 1623 1901 1682 resultantem
1919 1625 1944 1680 ln
1963 1623 2006 1680 rell

366 1719 612 1792 dispensilifflieffl,
637 1715 730 1773 nullus
748 1720 840 1788 9⁰⁵⁵&
858 1715 886 1769 5²¹
900 1729 933 1770 0⁸
945 1711 1104 1783 dlillfflilie
1119 1722 1170 1764 ⁸¹¹⁸
1204 1721 1340 1771 conventu
1357 1729 1389 1770 ex
1406 1714 1585 1770 consensione
1600 1714 1732 1770 omnium.
1744 1715 1814 1782 Quia
1832 1714 1885 1770 boc
1896 1729 1948 1770 non
1963 1714 2008 1770 ba·

366 1809 543 1877 auctoritate,
555 1807 606 1863 nisi
622 1821 748 1862 summus
762 1802 894 1874 Pontifex,
904 1800 945 1858 vei
961 1799 1110 1857 concilium
1123 1813 1171 1870 ge·
1205 1803 1252 1860 bet
1269 1801 1477 1861 tundamentum
1492 1803 1517 1858 in
1538 1803 1739 1877 supernaturali
1753 1803 1941 1862 iurisdictione
1955 1805 2007 1860 sin-

366 1899 475 1967 nerale,
496 1896 540 1953 vel
562 1895 633 1954 idem
653 1891 819 1966 provinciale
839 1893 939 1949 iterum
953 1894 1165 1962 congregatum.
1204 1892 1345 1966 gaiorum,
1365 1899 1396 1950 ut
1414 1908 1449 1950 ex
1468 1891 1550 1952 dictis
1570 1900 1688 1951 constet.
1704 1897 1760 1952 Nec
1781 1895 1865 1952 etiam
1886 1894 2007 1950 cbristus

366 1988 508 2047 ordinarie
527 2001 593 2043 vero
611 2000 676 2043 cum
691 1999 746 2040 non
761 1984 796 2040 sit
810 1981 872 2040 talis
886 1969 1053 2058 reservatio,
1074 1978 1171 2036 intelli·
1204 1981 1356 2040 immediate
1372 1982 1445 2040 illorn
1459 1981 1679 2055 centesimoque
1692 1985 1775 2040 etism
1788 1985 1925 2057 pontifex,
1937 1983 2008 2040 nullo

368 2081 444 2154 gitur
459 2075 607 2135 commissa
621 2074 756 2147 episcopis
771 2079 893 2148 potestas
908 2069 1096 2142 dispensandi,
1110 2069 1170 2125 uni·
1204 2073 1275 2129 enim
1300 2072 1357 2130 iure
1379 2071 1481 2145 aliquid
1503 2071 1618 2154 istorum
1639 2073 1746 2131 ostendi
1766 2080 1871 2146 potest.
1892 2076 1927 2132 Et
1950 2073 2007 2131 ideo

368 2171 469 2242 cuique
487 2168 639 2240 respective
650 2180 701 2237 pro
715 2178 766 2222 sua
781 2162 949 2230 dioecesi,et
960 2157 1170 2230 archiepiscopo
1206 2161 1356 2219 iurisdictio
1377 2161 1447 2217 illins
1469 2160 1566 2237 synodi
1579 2177 1634 2219 non
1649 2168 1691 2220 est
1711 2162 1772 2232 alia,
1787 2162 1839 2220 nisi
1860 2163 1944 2220 solius
1957 2163 2009 2236 epi-

368 2261 450 2319 etiam
469 2272 519 2331 pro
539 2271 590 2313 sua
610 2261 735 2324 unium,
750 2260 779 2310 et
792 2267 846 2308 non
861 2267 911 2324 pro
925 2249 1099 2308 dioecesibus
1114 2247 1171 2305 sui·
1206 2251 1297 2324 scopi,
1319 2257 1348 2307 et
1367 2249 1490 2328 synodus
1512 2257 1618 2309 tautum
1639 2259 1846 2326 congregatur,
1868 2261 1900 2310 nt
1921 2253 2009 2310 maiori

368 2351 573 2423 fraganeorum3
585 2345 661 2419 quia,
674 2350 706 2401 ut
719 2343 844 2415 dixi,non
857 2340 939 2399 habet
953 2340 988 2398 ibi
1004 2338 1172 2398 ordinariam
1206 2340 1320 2398 consilio
1332 2347 1361 2398 et
1375 2343 1542 2410 maturitate,
1555 2356 1588 2397 ac
1601 2342 1719 2399 suaviori
1733 2341 1872 2400 moderes
1889 2341 2009 2399 ordinen-

369 2437 583 2498 iurisdictionem
604 2429 804 2503 immediatam,
823 2433 872 2489 nisi
892 2429 984 2504 quoad
999 2429 1089 2502 alique
1105 2427 1171 2485 dum
1206 2430 1348 2498 tur.Quod
1362 2431 1522 2504 significavit
1536 2431 1691 2489 Bellormin.
1704 2433 1750 2488 lib.
1774 2431 1844 2492 t.dc
1858 2432 2006 2500 conciliis,

369 2529 470 2586 visitat.
482 2525 626 2598 Colligitur
640 2529 732 2581 eutem
746 2521 821 2578 dicta
832 2521 977 2580 concessio
990 2525 1047 2576 tum
1059 2535 1093 2577 ex
1104 2533 1169 2585 usu,
1207 2534 1234 2574 c.
1247 2522 1276 2590 l,
1290 2518 1402 2590 dicens,
1422 2519 1599 2577 dioecesanos
1617 2520 1735 2597 synodos
1760 2522 1803 2579 vis
1823 2538 1905 2594 posse
1923 2525 2010 2580 conci-

370 2625 430 2677 tum
451 2616 515 2691 quia
537 2621 580 2671 est
600 2611 741 2670 moraliter
755 2612 927 2680 necessario,
942 2623 976 2666 ne
991 2611 1116 2680 oporteat
1129 2604 1170 2661 vei
1206 2606 1241 2664 lia
1255 2608 1395 2680 appellari,
1413 2624 1477 2666 cum
1492 2609 1517 2664 in
1533 2611 1573 2666 cis
1588 2609 1723 2666 ordinarie
1743 2608 1839 2667 nuilus
1854 2613 1901 2682 sit,
1913 2613 1959 2685 qui
1971 2615 2009 2669 iu·

370 2721 509 2764 summurn
523 2703 684 2761 Pontilicem
701 2699 793 2770 adire,
814 2698 856 2756 vel
874 2698 948 2756 aliud
962 2697 1110 2755 concilium
1125 2711 1172 2753 es·
1206 2696 1393 2755 riedictionem
1411 2699 1509 2756 habeat
1522 2706 1631 2771 praeter
1650 2716 1736 2756 unum
1750 2700 1922 2772 episcopum.
1942 2701 2009 2768 Qua·

370 2803 482 2870 pectere
502 2809 553 2866 pro
575 2789 692 2865 singuiis
712 2789 979 2862 dispensationibus,
1001 2786 1076 2860 quod
1098 2791 1172 2843 esset
1206 2792 1319 2859 propter
1333 2788 1369 2844 itu
1384 2794 1474 2859 potest
1487 2789 1636 2860 episcopus
1652 2789 1809 2861 dispensare
1824 2790 1852 2846 in
1880 2791 2009 2848 constitu·

370 2901 456 2960 grave
471 2880 795 2946 incommodumliices:
809 2879 900 2950 potuit
912 2875 1047 2933 'committi
1061 2875 1172 2947 dispen·
1206 2879 1280 2935 tione
1300 2877 1408 2954 synodi,
1430 2880 1504 2935 sient
1522 2879 1547 2934 in
1567 2894 1618 2935 sua
1632 2879 1751 2951 propria,
1768 2887 1800 2936 ut
1821 2895 1951 2953 expresse
1964 2879 2011 2936 do·

372 2977 442 3032 satio
461 2973 557 3031 talium
581 2970 673 3042 legum
693 2968 911 3040 archiepiscopo.
926 2966 1105 3038 Respondes,
1122 2981 1170 3037 pc·
1206 2967 1265 3025 cuit
1285 2969 1397 3024 Navarr.
1414 2968 1440 3022 in
1461 2970 1538 3024 Sum.
1552 2983 1613 3040 cap.
1626 2973 1676 3038 25,
1697 2985 1724 3024 n.
1740 2970 1785 3026 it.
1809 2969 1836 3025 in
1857 2971 1920 3041 dne,
1940 2977 1967 3025 et
1985 2969 2009 3024 in

371 3065 457 3123 tuisse
479 3059 589 3137 quidem
604 3060 637 3116 ab
651 3057 749 3115 eodem
763 3056 879 3114 concilio
894 3055 1040 3125 committi,
1056 3069 1172 3112 consen·
1206 3056 1359 3114 comment.
1371 3056 1404 3113 dc
1420 3057 1518 3115 simon.
1530 3073 1557 3114 n.
1567 3062 1595 3126 i,
1607 3064 1635 3114 et
1648 3057 1773 3131 sequitur
1797 3060 1914 3116 sancius
1927 3059 1972 3117 lib.
1982 3063 2007 3130 8,

372 3153 503 3214 tientibus
529 3150 655 3210 omnibus
680 3147 838 3219 episcopis,
865 3145 907 3202 vel
927 3159 942 3200 n
961 3144 1108 3218 Pontifice,
1123 3158 1173 3216 por
1207 3144 1276 3218 disp.
1289 3150 1333 3220 li,
1348 3163 1375 3202 n.
1391 3149 1437 3218 34,
1453 3145 1499 3204 ubi
1514 3146 1613 3220 aliegat
1626 3145 1759 3220 quosdsm
1784 3147 1932 3206 modernos
1945 3164 2008 3206 oon·

371 3255 520 3302 commune
538 3240 598 3310 ius3
618 3242 717 3294 neutro
739 3241 831 3292 antem
846 3233 928 3293 modo
943 3235 968 3290 ei
981 3233 1171 3306 committitur,
1208 3237 1323 3292 tranium
1344 3236 1501 3308 sentientes,
1523 3237 1587 3310 quia
1607 3242 1779 3309 supponunt,
1802 3237 1939 3312 synodum
1952 3251 2009 3294 esse

371 3333 437 3408 quia
456 3337 587 3388 neutrum
608 3343 641 3384 ea
662 3342 716 3384 usu
737 3331 862 3396 constat,
883 3340 935 3382 nec
960 3330 1003 3380 est
1017 3322 1172 3396 verisimile,
1208 3341 1292 3396 supra
1305 3326 1478 3397 episcopum,
1493 3326 1850 3385 eteacommuoicstionem
1870 3327 1938 3384 latae
1952 3341 2010 3382 sen·

371 3424 516 3494 episcopos
538 3418 728 3490 suffraganeos
747 3414 815 3472 velle
832 3421 936 3473 tantam
951 3419 1114 3484 potestatem
1128 3429 1173 3469 ar·
1208 3415 1306 3472 tentioe
1324 3413 1405 3470 latam
1420 3415 1447 3469 in
1467 3414 1512 3471 tali
1526 3413 1629 3489 synodo
1645 3414 1727 3487 ligore
1741 3415 1824 3470 etiam
1839 3417 2005 3488 episcopum.

372 3511 550 3584 chiopiscopo
573 3504 738 3563 concedere.
753 3505 809 3561 Nec
831 3504 911 3560 etiam
935 3505 994 3560 inre
1018 3503 1172 3576 communi,
1208 3506 1261 3564 Sed
1274 3507 1327 3564 boc
1341 3507 1398 3563 sine
1418 3505 1501 3563 dnbio
1523 3505 1620 3562 ialsum
1635 3513 1693 3573 est,
1709 3511 1737 3562 et
1758 3507 1814 3563 sine
1833 3506 2007 3564 fundamento

371 3602 414 3660 vel
428 3599 565 3674 pontilicis
579 3597 608 3654 fit
622 3595 665 3653 illa
679 3594 838 3652 commissio
854 3593 1063 3664 archiepiscopo
1075 3595 1172 3665 magis,
1208 3596 1323 3667 dicitur,
1339 3595 1405 3668 quin
1420 3611 1468 3667 per
1483 3611 1511 3652 se
1531 3595 1667 3669 loquendo
1681 3598 1708 3651 in
1728 3612 1761 3652 ea
1775 3597 1881 3670 synodo
1901 3603 2009 3654 nonest

371 3706 455 3765 quarn
477 3688 552 3760 aliis,
573 3692 632 3742 tum
654 3684 718 3757 quia
738 3699 793 3740 non
815 3688 908 3754 potest
929 3680 1035 3740 ostendi
1052 3681 1172 3751 tale'ius,
1210 3686 1262 3742 alia
1275 3691 1395 3758 potestne
1410 3685 1684 3756 excommunicandi,
1701 3685 1752 3741 nisi
1766 3687 2009 3758 potestas'episco·

373 3787 433 3839 turn
448 3779 529 3836 etiam
544 3777 606 3848 quia
621 3779 694 3831 esset
712 3773 736 3828 in
752 3770 952 3844 praeiudicium
966 3771 1172 3842 episcoporum,
1209 3775 1247 3848 pi,
1263 3777 1311 3848 qui
1332 3790 1384 3831 non
1398 3780 1491 3845 potest
1511 3774 1594 3846 ligare
1616 3774 1745 3847 seipsum,
1763 3781 1791 3832 ct
1811 3774 1871 3832 ideo
1890 3776 1962 3849 leges
1983 3776 2007 3830 in

371 3868 489 3928 maxime
505 3865 570 3939 quia
583 3868 688 3936 statuta
703 3861 798 3919 ostium
809 3861 992 3917 conciliorum
1008 3860 1100 3918 solent
1112 3875 1173 3919 esse
1209 3864 1255 3922 tali
1275 3863 1379 3940 synodo
1401 3865 1502 3934 iactae,
1523 3863 1587 3920 licet
1606 3862 1726 3938 obligent
1738 3863 1899 3938 episcopum
1920 3864 2007 3940 quoad

373 3956 509 4016 derebus
530 3952 690 4022 ordinariis,
715 3957 743 4007 et
766 3950 800 4007 sd
826 3950 995 4022 singularum
1016 3948 1174 4008 dioecesum
1209 3955 1264 4009 vim
1280 3953 1516 4026 directivam,non
1531 3957 1621 4010 temen
1637 3950 1727 4024 quoad
1741 3955 1904 4028 coactivam,
1914 3957 1940 4011 in
1954 3970 2006 4028 qno

373 4060 519 4105 commune
534 4043 654 4116 regimen
665 4039 1051 4113 pertinentibus.ddde,qnod
1067 4039 1174 4113 dispen·
1208 4044 1290 4100 etiam
1305 4043 1434 4100 differunt
1445 4059 1460 4098 n
1471 4041 1575 4114 legibus
1585 4042 1694 4099 concilii
1708 4044 1893 4114 provincialis,
1910 4051 1941 4102 ut
1951 4060 2008 4101 ser·

373 4137 491 4194 sationes
514 4133 540 4189 in
563 4133 623 4189 iure
648 4129 804 4198 communi,
821 4127 863 4184 vel
883 4128 909 4183 in
930 4128 1011 4200 votis,
1027 4143 1082 4184 non
1096 4144 1173 4186 corn·
1209 4131 1336 4190 sitellam
1353 4135 1466 4189 Navarr.
1484 4146 1562 4189 cons.
1576 4135 1602 4190 6.
1618 4130 1652 4188 de
1667 4133 1783 4190 maiorit.
1800 4141 1829 4191 et
1847 4135 1927 4192 obed.
1940 4153 1966 4192 n.
1981 4141 2006 4206 t,

372 4227 518 4284 mittuntur
537 4219 744 4291 archiepiscopo
769 4233 818 4289 pro
841 4215 1014 4274 dioecesibus
1039 4218 1172 4290 suifraga-
1207 4221 1232 4277 in
1248 4222 1309 4278 tine.
1326 4221 1376 4278 Est
1391 4237 1458 4294 ergo
1472 4235 1571 4294 magne
1591 4220 1742 4278 differentia
1756 4223 1838 4280 etiam
1852 4224 1941 4298 quoad
1955 4224 2008 4281 dis·

373 4330 499 4387 neotum,
516 4318 547 4369 ut
563 4307 670 4366 ostendi
684 4307 731 4363 lib.
749 4310 777 4364 6.
792 4306 827 4363 de
841 4312 918 4378 voto,
930 4323 956 4363 c.
975 4311 1024 4380 to,
1040 4322 1106 4379 ergo
1121 4322 1171 4365 nec
1208 4311 1408 4382 pensationem3
1442 4327 1503 4368 nam
1518 4310 1663 4382 episcopus
1677 4311 1816 4384 dispensat
1830 4315 1854 4369 in
1871 4314 1928 4387 lege
1944 4330 2007 4370 con-

372 4403 537 4476 dispensatio
556 4399 582 4456 in
596 4396 701 4471 legibus
715 4396 822 4452 concilii
837 4395 1020 4468 provincialis.
1207 4401 1258 4458 ciiii
1278 4401 1451 4474 provincialis
1476 4407 1605 4472 uinquam
1621 4401 1646 4456 in
1668 4399 1726 4475 lege
1741 4403 1905 4474 superioris,
1926 4405 1951 4459 in
1965 4421 2008 4479 sy·

413 4499 440 4551 5.
451 4491 574 4548 Tertium
587 4486 703 4543 dubium
718 4483 805 4541 simile
820 4484 996 4556 praecedenti
1010 4490 1054 4542 est
1067 4484 1101 4541 de
1116 4487 1172 4541 siu·
1206 4490 1296 4548 nodali
1319 4496 1410 4547 autem
1431 4496 1561 4563 tanquam
1583 4489 1609 4544 in
1629 4505 1695 4560 sua,
1710 4490 1854 4553 etidcirco
1870 4492 1947 4566 longe
1961 4493 2005 4548 sii·
2046 4475 2052 4486 ⁸

373 4582 442 4658 gulis
457 4579 595 4652 episcopis
609 4580 739 4646 respectu
753 4574 982 4631 constitutionum
996 4576 1170 4645 propriarum
1207 4587 1248 4635 ter
1263 4579 1412 4652 reqsriritur
1431 4577 1501 4648 insta
1522 4593 1607 4636 causa
1626 4579 1653 4633 in
1673 4586 1792 4653 utraque
1806 4580 2003 4653 dispensatione

372 4670 543 4746 singulorum
565 4667 784 4739 episcopatuum.
801 4663 924 4735 buplicia
944 4665 1015 4721 enim
1029 4680 1091 4721 esse
1107 4680 1169 4736 pos·
1206 4669 1280 4726 iusta
1294 4667 1447 4725 doctrinam
1465 4667 1577 4724 inferius
1592 4667 1761 4724 tradendam.
1864 4657 1868 4665 '

373 4773 438 4820 sunt
451 4757 606 4824 huiusmodi
625 4759 729 4811 statuta
743 4768 792 4810 seu
804 4753 886 4825 leges:
900 4752 1034 4827 qusedsm
1046 4753 1171 4811 conditae
1245 4759 1421 4825 bouarium
1439 4756 1553 4814 dubium
1566 4764 1621 4827 est,
1637 4771 1672 4813 on
1692 4759 1840 4832 episcopus
1856 4761 1942 4830 possit
1962 4749 2007 4814 so·

372 4869 389 4909 a
403 4849 462 4908 solo
475 4849 614 4920 episcopo,
630 4860 681 4901 sua
695 4845 875 4914 auctoritate,
886 4852 915 4901 et
930 4845 1082 4914 voluntate,
1096 4851 1123 4901 et
1136 4845 1170 4902 dc
1206 4848 1249 4906 lus
1260 4847 1286 4903 in
1301 4846 1405 4918 legibus
1416 4847 1556 4904 canonicis
1568 4845 1792 4919 dispensare,·vei
1807 4846 1926 4922 indigeat
1937 4865 2000 4905 con·

371 4941 414 4998 bis
428 4940 535 4997 clerum
548 4943 692 5008 est,posse
703 4935 729 4990 in
745 4934 795 4990 illis
807 4934 962 5007 dispensare
972 4950 1006 4991 es
1018 4935 1170 4994 intrinseca
1206 4953 1300 5007 sensu,
1318 4937 1359 4992 vel
1375 4936 1488 4993 consilio
1503 4937 1547 4992 sui
1560 4934 1686 5006 capituli.
1702 4936 1792 5010 Aliqui
1805 4939 1877 4995 enim
1896 4941 2002 4996 canoni·

371 5035 506 5104 potestate
521 5031 550 5084 et
562 5023 712 5096 voluntate,
727 5039 743 5079 a
759 5038 813 5096 qua
827 5022 885 5079 sola
900 5023 1110 5106 pendentiliae
1125 5041 1169 5082 so·
1205 5037 1263 5085 stae
1283 5027 1424 5096 dixerunt,
1440 5040 1494 5082 non
1515 5039 1597 5096 posse
1618 5026 1779 5098 episcopum
1800 5027 1956 5099 dispensare
1978 5028 2004 5083 in

371 5121 429 5178 lent
446 5132 506 5175 esse
531 5117 604 5188 leges
629 5112 789 5190 synodales,
814 5127 884 5186 quoe
906 5113 975 5171 liunt
988 5113 1022 5170 ab
1036 5114 1167 5186 episcopo
1204 5117 1245 5173 bis
1256 5115 1362 5190 legibus
1373 5115 1430 5170 sine
1444 5129 1582 5172 consensu
1593 5114 1635 5172 vel
1649 5114 1763 5172 consilio
1777 5116 2004 5189 capitulividen·

371 5224 437 5267 cum
456 5205 560 5284 synodo
581 5203 746 5278 episcopali,
766 5209 795 5261 et
814 5209 941 5274 respectu
962 5204 1059 5262 talium
1074 5204 1166 5286 legum
1204 5214 1252 5265 tur
1266 5212 1359 5263 autem
1382 5203 1456 5278 loqui
1476 5211 1529 5261 tarn
1544 5202 1578 5260 de
1598 5203 1797 5276 dispensatione
1811 5207 1837 5263 in
1857 5208 1915 5265 inre
1929 5222 2002 5264 com·

370 5299 478 5358 videtur
492 5313 521 5354 se
535 5294 634 5354 habere
649 5293 796 5365 episcopus
813 5298 942 5364 unquam
957 5293 1077 5367 interior,
1092 5295 1167 5354 sicut
1203 5297 1290 5370 muni,
1306 5311 1355 5353 ssu
1370 5294 1522 5367 pontificio,
1538 5300 1586 5354 aut
1599 5296 1748 5371 conciliari,
1764 5311 1847 5372 quam
1861 5299 1941 5358 etiam
1956 5315 1999 5374 sy-
