4256 6224
378 355 441 418 564
1084 363 1249 414 ειειεειιι.

337 496 501 570 aprinciplo
519 493 615 567 capitis
629 493 662 550 de
682 493 823 551 vocatione
837 489 999 548 iudaeorum
1014 489 1047 547 ad
1062 489 1139 547 Chri·
1175 505 1242 562 ergo
1257 490 1337 546 uirilis
1359 487 1514 546 bominibus
1530 488 1556 545 in
1576 486 1716 545 Christum
1736 483 1918 544 credentibus
1938 497 1985 540 ae·

337 593 422 657 stom,
438 593 465 642 et
479 585 512 641 ad
527 599 676 640 conversos
690 591 717 638 et
728 581 871 638 credentes
881 567 909 637 in
921 579 997 636 illum
1010 581 1138 652 (ntegra-
1175 579 1328 636 cessarium
1344 586 1388 636 est
1404 579 1498 652 iugum
1515 578 1597 651 legis,
1613 578 1669 633 sive
1683 576 1804 645 iudaeis,
1820 576 1877 631 sive
1898 576 1986 646 genti·

336 678 379 750 gie
396 677 506 745 exponit
520 673 723 748 Hieronymus),
740 670 849 727 tandem
863 669 1013 727 concludit:
1024 675 1068 726 Ne
1082 683 1140 724 me·
1175 669 1237 724 bus.
1253 669 1346 726 'lertio
1370 669 1450 725 etiam
1470 675 1603 740 respectu
1622 667 1784 723 iudaeorum
1805 665 1859 721 luit
1877 663 1924 720 illa
1944 665 1987 720 lex

337 769 483 823 mineritis
501 767 679 838 pricromat
692 765 819 834 antiqua
829 777 865 816 ne
875 759 1138 826 irataeanaini.Qnae
1174 757 1333 830 imperfecta
1354 765 1383 814 et
1397 758 1521 814 incliicax
1536 757 1570 814 ad
1584 758 1725 825 iustitiam,
1740 762 1767 812 et
1781 755 1861 828 quasi
1876 770 1926 826 per
1941 769 1987 810 oc-

337 857 419 912 verba
430 856 494 911 licet
504 855 659 928 llieronym.
670 852 769 908 :eierat
781 849 813 906 ad
826 851 901 921 signa
912 855 940 904 et
951 847 1080 904 mirabilia
1091 861 1139 902 an·
1176 850 1316 904 casionem
1329 850 1418 920 posita
1429 855 1472 904 est
1483 854 1595 920 propter
1608 846 1843 918 imperfectionem
1854 845 1929 900 illins
1942 860 1989 914 po·

337 948 429 1020 tiqua,
446 961 499 1002 non
513 951 610 1017 negat,
626 959 707 1014 posse
721 943 803 998 etiam
817 941 918 1010 optime
939 938 1032 994 relcrri
1047 937 1081 994 ad
1101 935 1139 991 le·
1177 938 1255 1009 puli,
1279 949 1310 994 ut
1329 947 1403 995 esset
1423 939 1501 1010 quasi
1523 936 1715 1009 paedagogus,
1737 951 1802 1008 ergo
1825 934 1989 991 adveniente

337 1053 415 1110 gam,
429 1041 457 1090 et
474 1034 621 1103 sacrificia,
636 1031 756 1103 aliasque
775 1028 961 1086 caeremonias
980 1029 1049 1083 eius.
1064 1028 1142 1082 Sicut
1178 1026 1237 1098 lege
1252 1027 1386 1098 perlecta,
1404 1027 1543 1100 obligante
1557 1033 1585 1083 cl
1601 1027 1766 1082 iustilicante
1781 1024 1911 1094 iudaeos,
1927 1039 1989 1079 ces·

337 1143 388 1199 per
403 1127 517 1198 liguram
531 1123 611 1179 etiam
625 1121 772 1177 indicatum
791 1127 833 1175 est
848 1119 932 1174 levit.
949 1120 1001 1185 io,
1017 1129 1082 1171 oum
1102 1114 1144 1170 di·
1179 1131 1240 1172 sare
1255 1115 1350 1172 debuit
1364 1116 1536 1186 imperfecta.

339 1217 427 1286 citur:
447 1214 552 1272 Vetera
565 1214 646 1268 nouis
665 1208 888 1268 aduenientibus
898 1208 1073 1284 proiicietis.
1089 1206 1141 1260 Per
1222 1209 1265 1263 13.
1281 1207 1318 1262 Ut
1339 1211 1429 1262 tamen
1448 1204 1499 1264 bae
1520 1204 1638 1261 rationes
1657 1203 1777 1275 amplius
1797 1201 1990 1268 declarentur,

339 1306 408 1362 haec
423 1305 505 1376 igitur
515 1303 607 1359 omnia
620 1301 799 1373 significatum
813 1305 866 1368 εει,
879 1295 1063 1353 caeremonias
1078 1293 1144 1365 legia
1180 1297 1261 1353 obiici
1276 1301 1379 1367 potest,
1393 1295 1458 1368 quia
1472 1295 1515 1351 lex
1530 1295 1615 1350 semel
1630 1293 1684 1350 lata
1695 1311 1748 1349 non
1764 1293 1928 1364 abrogatur,
1943 1290 1991 1345 nisi

339 1395 441 1452 veteris
458 1390 641 1465 antiquandas
652 1389 735 1446 iniisse
749 1392 775 1444 in
790 1387 908 1444 adventu
922 1386 1045 1442 llessiac.
1181 1402 1231 1458 per
1245 1401 1405 1456 expressam
1426 1387 1646 1453 revocationem,
1670 1379 1710 1438 vel
1726 1397 1774 1454 per
1789 1382 1879 1452 legem
1903 1386 1994 1451 poste·
2100 1435 2101 1452 ,

385 1487 427 1541 ll.
441 1484 571 1553 Denique,
585 1487 615 1536 ut
626 1479 660 1536 nd
674 1493 775 1535 novum
790 1482 983 1534 testamentum
1000 1473 1146 1530 transitum
1182 1475 1284 1532 riorem
1298 1474 1552 1546 incompossibilem
1569 1475 1664 1545 priori;
1681 1471 1730 1529 sed
1745 1472 1771 1527 in
1786 1470 1847 1544 lege
1863 1485 1948 1538 nora,
1965 1476 1993 1523 nt
2100 1493 2101 1546 q

341 1575 490 1643 iaciamus,
513 1571 564 1626 boc
586 1569 729 1626 coinfirmat
743 1569 843 1624 Paulus
860 1568 893 1623 ad
908 1565 990 1622 liebr.
1008 1565 1035 1620 l.
1051 1577 1084 1619 ex
1101 1561 1146 1616 illo
1181 1563 1261 1620 lataa
1276 1564 1392 1633 cbristo,
1407 1579 1459 1619 non
1475 1562 1611 1619 invenitor
1624 1576 1754 1634 expressa
1766 1559 1912 1616 revocatio
1928 1558 1993 1630 legis
2100 1561 2101 1602 t

342 1663 412 1738 psal.
424 1666 488 1731 lot,
500 1662 546 1717 ubi
560 1660 593 1716 de
607 1660 716 1716 Christo
730 1657 841 1714 dieitur:
859 1659 901 1712 Ίιι
914 1671 943 1710 es
957 1649 1103 1710 Sacerdos
1114 1652 1148 1704 in
1182 1653 1294 1720 veteris,
1308 1667 1358 1708 neo
1371 1653 1432 1708 illac
1444 1653 1520 1726 legas
1531 1660 1595 1709 sunt
1606 1649 1857 1724 incompossibiles,
1871 1646 1920 1704 sed
1933 1662 1994 1718 pos-

344 1759 500 1810 neternum
517 1747 683 1806 secandum
703 1746 837 1805 ordinem
857 1739 1067 1801 Melchisedec.
1082 1737 1148 1793 lude
1184 1749 1250 1799 sunt
1264 1743 1422 1813 obseruari:
1445 1758 1512 1814 ergo
1535 1743 1672 1814 posterior
1687 1757 1739 1798 non
1761 1740 1905 1796 revocarit
1925 1739 1997 1808 prio·

344 1845 416 1899 enim
431 1841 535 1912 colligit
548 1854 595 1910 per
606 1837 746 1893 Christum
758 1833 831 1891 alind
846 1831 1029 1889 sacerdotium
1045 1843 1148 1883 novum
1186 1849 1257 1902 ram,
1270 1832 1366 1888 saltem
1381 1839 1510 1901 respectu
1523 1831 1594 1887 illius
1611 1832 1718 1903 populi,
1733 1845 1817 1902 quem
1833 1835 1915 1883 vetus
1931 1826 1997 1883 obli-

345 1930 561 2000 institucndnm,
590 1936 617 1985 ει
636 1923 865 1990 introducendum
886 1923 970 1978 luisse
990 1963 996 1992 ,
1020 1920 1148 1990 inlerens,
1184 1921 1277 1995 gabat,
1295 1937 1361 1993 arga
1378 1936 1432 1976 non
1448 1928 1500 1989 est,
1514 1919 1586 1976 unde
1601 1923 1637 1976 sia
1651 1915 1998 1991 abrogatanespondetur

345 2028 425 2078 vetus
436 2021 520 2076 larissa
537 2016 697 2089 temporale,
709 2029 810 2070 novum
821 2020 914 2068 arrtem
926 2011 982 2066 lore
994 2016 1146 2065 aeternum.
1186 2026 1251 2066 vero
1267 2013 1293 2065 in
1305 2010 1398 2082 primis
1409 2008 1532 2081 negando
1543 2010 1669 2065 ultimam
1681 2007 1996 2079 consequendamn'am

345 2113 386 2167 llo
397 2108 527 2178 deinceps
539 2105 680 2178 subiungit
692 2104 825 2176 regulam:
844 2099 1004 2158 Translata
1014 2093 1150 2154 sacerdo·
1185 2105 1295 2171 praeter
1310 2100 1370 2155 illos
1384 2099 1455 2154 duos
1470 2097 1568 2154 modos
1582 2097 1730 2170 abrogandi
1746 2099 1836 2169 legem
1859 2095 1999 2150 invenitur

347 2203 398 2265 lio,
414 2213 530 2254 necesse
543 2200 593 2260 est,
611 2200 646 2250 ot
659 2194 731 2266 legis
745 2190 907 2249 translatio
915 2189 985 2262 fiat.
998 2189 1066 2244 Nam
1084 2185 1151 2242 baec
1186 2190 1298 2257 ter-tius,
1311 2189 1357 2260 qui
1372 2193 1427 2257 est,
1444 2193 1475 2243 ut
1490 2187 1531 2243 lex
1547 2203 1594 2259 por
1609 2203 1638 2243 se
1653 2188 1739 2259 ipsam
1754 2191 1848 2242 cesset
1868 2199 1916 2255 per
1933 2189 2000 2238 tens·
2040 2181 2042 2184 ’

348 2289 404 2346 duo
424 2282 955 2343 necessariaseseconcomitantur.Ex
974 2278 1151 2352 quoiusdam
1187 2293 1285 2350 porum
1299 2279 1476 2334 mutationem
1491 2279 1747 2345 etsuocessionem,
1762 2289 1909 2346 perquam
1924 2287 2000 2328 corn·
2100 2333 2101 2336 Ἴ

349 2375 504 2436 concludit:
522 2374 698 2448 depredatio
705 2372 747 2445 fit
758 2375 867 2446 prioris
881 2367 1019 2427 urcndoti
1028 2371 1152 2441 propter
1187 2367 1277 2440 pietur
1291 2369 1438 2439 terminus,
1457 2383 1505 2439 pro
1520 2383 1576 2440 quo
1591 2368 1679 2439 posita
1692 2373 1743 2422 est.
1762 2368 1802 2422 lta
1816 2365 1891 2420 enim
1908 2379 2002 2419 cessa·
2100 2385 2101 2442 ,

299 2466 305 2474 '
349 2466 558 2540 infirmitatem
579 2467 659 2529 eins,
684 2467 711 2518 et
732 2460 939 2518 inutilitatem.
955 2459 1067 2514 Maxime
1088 2471 1152 2511 vero
1188 2460 1227 2513 vit
1241 2458 1281 2513 lex
1297 2465 1386 2513 vetus.
1400 2458 1467 2512 Nam
1481 2457 1569 2528 posita
1579 2455 1641 2526 luit,
1654 2455 1747 2511 donec
1756 2456 1874 2512 veniret
1884 2467 1997 2515 semea,

349 2558 528 2630 prosequitur
541 2559 733 2626 argumentum
750 2553 801 2608 boo
817 2552 886 2607 idem
899 2548 1045 2621 Apostolus
1059 2547 1086 2600 iu
1098 2547 1154 2616 epi·
1189 2547 1213 2603 id
1228 2554 1271 2602 est
1284 2546 1425 2612 Christus,
1446 2553 1477 2602 ut
1490 2547 1527 2603 ait
1540 2546 1642 2604 Paulus
1655 2546 1742 2602 Galat.
1760 2549 1786 2602 3.
1803 2545 1873 2600 Nam
1896 2543 1959 2598 finis
1973 2540 2002 2597 il·

351 2645 422 2702 stola
433 2645 551 2701 adilom.
561 2651 589 2699 et
600 2642 660 2698 ideo
672 2643 732 2697 inc.
746 2640 1009 2712 l.praemittit:Non
1019 2635 1154 2692 erubesco
1189 2637 1242 2693 lius
1258 2637 1326 2708 legis
1342 2637 1391 2693 luit
1404 2635 1546 2706 Christus,
1564 2643 1593 2692 ut
1607 2636 1678 2692 idem
1693 2634 1760 2692 dixit
1773 2636 1891 2690 Roman.
1910 2639 1960 2704 lo,
1976 2639 2003 2688 et

352 2733 547 2807 eoarcpeliam,
561 2735 655 2788 ciricis
670 2733 750 2786 enine
761 2733 818 2786 Dei
831 2734 874 2785 est
885 2731 918 2784 in
931 2725 1059 2784 salntem
1073 2727 1155 2780 omni
1187 2726 1248 2783 ideo
1271 2726 1411 2798 completo
1425 2727 1470 2782 illo
1492 2728 1544 2782 bne
1558 2742 1591 2782 ac
1611 2727 1742 2793 termino,
1758 2726 1883 2780 cessarit
1896 2724 2002 2795 absque
2100 2769 2101 2778 ,

352 2823 490 2892 ενειιειιιι,
504 2821 613 2880 inciaco
626 2823 766 2894 priunum,
782 2825 810 2875 et
822 2835 940 2892 praeco:
952 2825 979 2872 ct
990 2832 1015 2871 o.
1026 2821 1051 2872 3:
1067 2817 1155 2871 Iasti-
1189 2815 1241 2871 alia
1261 2816 1448 2889 abrogatione.
1470 2817 1591 2888 Propter
1612 2815 1687 2888 quod
1710 2815 1814 2872 dicitur
1837 2817 1933 2870 Lucae
1958 2817 1999 2869 lli:

353 2917 399 2970 tia
411 2909 630 2986 Deipersrdem
642 2911 711 2966 Iesu
727 2909 883 2966 Cbristtin
899 2923 1006 2972 omnies,
1022 2911 1051 2960 et
1066 2920 1155 2976 super
1189 2910 1251 2964 Lea
1265 2911 1292 2961 et
1305 2907 1468 2980 propbetas
1481 2921 1572 2977 osque
1586 2903 1628 2962 od
1642 2899 1806 2971 Ioannem}
1819 2911 1848 2960 ει
1865 2903 1938 2958 inira
1952 2902 2003 2957 boc

354 3017 464 3067 omnes,
482 2997 811 3072 animaduertissem·
827 3013 887 3052 nora
901 2999 980 3052 euim
994 2998 1037 3050 est
1051 2991 1155 3049 distin·
1190 2997 1275 3067 magis
1294 2995 1446 3066 constabit,
1463 3009 1527 3051 cnm
1549 3011 1662 3068 agemus
1677 2994 1711 3052 de
1730 3002 1873 3066 tempore,
1892 2992 2004 3065 quando

355 3095 427 3156 ctio,
446 3095 501 3146 etc.
518 3087 591 3161 qnod
613 3089 664 3143 late
679 3101 726 3158 per
748 3086 888 3158 sequentia
903 3087 993 3155 capita
1013 3082 1156 3154 prosequi·
1191 3082 1233 3140 lox
1247 3085 1293 3140 illa
1308 3093 1417 3141 mortua
1430 3100 1490 3140 esse
1503 3084 1615 3156 incepit.

357 3191 414 3250 tur,
430 3188 458 3237 ct
474 3195 536 3250 cap.
554 3183 596 3237 to.
615 3177 752 3248 adiungit:
769 3178 854 3233 Finis
873 3173 944 3247 legis
962 3174 1099 3230 Cbrislus
1115 3170 1157 3229 ad
1233 3177 1275 3230 ti.
1292 3173 1391 3230 lleiude
1407 3173 1589 3244 respondetur
1607 3171 1731 3246 negando
1752 3172 1887 3228 minorem
1912 3169 2003 3244 quoad

354 3272 504 3329 iustitiam
519 3271 598 3324 omni
613 3265 753 3324 credenti.
766 3264 840 3320 idem
854 3265 878 3319 in
893 3262 1006 3335 epistola
1020 3263 1053 3318 ad
1068 3262 1154 3318 Galat.
1191 3262 1340 3320 secundam
1357 3268 1461 3334 partem
1477 3264 1551 3333 eius,
1572 3267 1638 3335 qnia
1651 3263 1717 3319 lroet
1736 3277 1831 3318 rerum
1857 3263 1908 3331 sit,
1929 3261 2003 3318 Cbri·

357 3362 402 3419 ubi
416 3365 481 3418 oi.
494 3360 663 3428 sicPetrum
678 3356 836 3428 alloquitur:
853 3357 888 3410 Si
901 3359 934 3410 tu
949 3352 1075 3410 indueus
1088 3369 1157 3410 cuns
1192 3359 1265 3409 stum
1290 3354 1316 3410 in
1340 3353 1399 3426 lege
1420 3369 1470 3409 sna
1491 3351 1622 3410 tradenda
1643 3369 1694 3409 noo
1720 3352 1860 3409 addidisse
1883 3351 2003 3407 lormnlia

278 3510 280 3514 ,
356 3456 408 3519 ειε,
428 3449 577 3523 gentiliter
588 3451 671 3510 ainis,
690 3451 718 3502 cl
730 3463 791 3502 non
803 3444 936 3512 iudaice;
951 3442 1096 3516 quomodo
1111 3459 1157 3498 co·
1193 3443 1276 3499 verba
1291 3445 1463 3499 revocatoria
1484 3442 1550 3514 legis
1566 3443 1681 3514 prioris,
1703 3441 1882 3497 nibilominus
1903 3440 2005 3513 simpli-

357 3546 402 3614 pis
416 3545 513 3613 gentes
528 3536 709 3594 iudaizare?
723 3541 783 3593 Nos
797 3540 912 3592 natura
924 3535 1042 3602 iudaei,
1058 3537 1086 3589 et
1099 3548 1159 3588 nora
1193 3533 1263 3588 citer
1277 3547 1372 3588 verum
1387 3539 1438 3602 εει,
1452 3547 1503 3586 sua
1517 3547 1588 3587 nova
1598 3532 1656 3603 lege
1671 3539 1791 3588 veterem
1808 3532 1968 3602 abrogasse,
1979 3529 2003 3585 id

358 3648 396 3687 aa
407 3629 540 3702 gentibus
554 3631 737 3702 peccatores:
748 3627 869 3681 scientes
883 3631 994 3685 aretem,
1008 3621 1086 3695 quod
1098 3639 1159 3678 non
1193 3625 1263 3679 enim
1278 3623 1443 3695 significarit
1461 3622 1538 3677 Paul.
1555 3620 1588 3678 ad
1610 3621 1711 3692 Ephes.
1725 3627 1753 3678 t.
1769 3621 1880 3678 diceus:
1898 3625 2003 3690 Legem

358 3720 541 3791 iustificatos·
554 3719 642 3773 ionio
652 3732 690 3772 eoo
702 3714 838 3790 operibus
849 3712 930 3786 legis,
943 3716 999 3769 nisi
1004 3711 1159 3786 persidem
1195 3711 1413 3770 neandatoram
1425 3709 1550 3768 decretis
1565 3711 1810 3778 evacuanstiuod
1821 3712 1895 3764 enim
1907 3711 1946 3764 ait
1960 3707 2004 3763 dc

359 3818 426 3869 lesu
444 3811 567 3874 Christi,
581 3812 674 3862 cirros
689 3808 720 3861 io
738 3805 857 3862 Christo
873 3807 941 3860 lesu
954 3801 1112 3861 credimus,
1126 3805 1161 3856 ut
1195 3804 1292 3861 cretis,
1307 3801 1377 3857 idem
1389 3801 1534 3872 signilioat,
1548 3797 1623 3872 quod
1636 3815 1684 3871 per
1695 3799 1807 3856 decreta
1819 3799 1949 3854 aua.Nee
1960 3813 2005 3852 an·

358 3898 553 3969 iustificemur
565 3912 602 3952 ex
608 3895 682 3967 fide,
691 3910 793 3950 nonen
803 3893 938 3966 operibus
949 3890 1161 3964 legisPropter
1195 3890 1283 3948 dieudi
1295 3901 1360 3947 sunt
1370 3892 1478 3946 Erasm.
1491 3897 1519 3945 ct
1528 3891 1686 3962 caietanus,
1698 3889 1745 3962 qui
1758 3903 1854 3944 vocem
1867 3885 2000 3947 cicerem.

360 3987 438 4060 qrrcd
448 3984 627 4058 exoperibus
638 3983 710 4056 lepis
720 3981 995 4055 nonircstisacobilur
1005 3984 1099 4037 omnis
1111 3995 1162 4035 ca·
1197 3997 1247 4037 seu
1267 3984 1298 4036 iu
1320 3979 1460 4046 decretis,
1481 3979 1604 4036 raserunt
1621 3978 1654 4034 ad
1674 3978 1761 4052 legem
1773 3984 1908 4044 veterem,
1926 3979 1961 4031 ita
1974 3983 2002 4030 ut

360 4094 404 4132 ro.
422 4077 531 4145 Etcap.
546 4078 578 4130 3:
601 4073 655 4134 Ubi
672 4067 1161 4142 cenitfidcs,ionanousumussub
1198 4087 1295 4128 sensus
1317 4079 1510 4128 sitevacuaus·
1527 4069 1614 4141 legem
1637 4069 1831 4125 mandatorum
1859 4067 1885 4122 in
1914 4066 2004 4122 decre·

361 4165 434 4238 leqa
446 4171 475 4220 ει
485 4163 563 4219 inira:
582 4166 702 4218 Nonest
714 4160 850 4228 indecens,
865 4175 955 4233 neque
966 4176 1090 4232 graecus
1103 4165 1158 4215 eto.
1197 4162 1243 4230 tls,
1267 4160 1364 4230 supple
1385 4159 1606 4215 existememus
1625 4164 1702 4214 ιεειε
1723 4156 1855 4214 intellexit
1877 4155 2004 4228 vulgatus

361 4253 435 4327 (quod
452 4253 583 4309 latissime
594 4252 738 4308 consumat
752 4267 813 4322 cap.
824 4255 853 4320 l,
864 4257 892 4307 ει
906 4255 933 4320 5,
946 4251 992 4306 ubi
1007 4248 1159 4307 concludit:
1199 4253 1352 4320 interpres,
1369 4247 1533 4320 particulam
1548 4249 1594 4313 iu,
1613 4247 1679 4304 licet
1692 4249 1718 4310 in
1739 4261 1841 4319 graeco
1859 4245 2003 4317 habeatur,

362 4351 398 4406 1n
412 4344 530 4400 Claristo
541 4345 609 4398 Iesu
626 4356 716 4412 neque
735 4341 923 4395 circumcisio
943 4337 1058 4411 aliquid
1072 4336 1159 4402 calet,
1198 4355 1252 4396 non
1263 4354 1324 4394 esse
1338 4339 1535 4408 necessariam,
1549 4345 1577 4392 et
1592 4337 1656 4392 licet
1667 4336 1795 4408 addatur,
1809 4337 1915 4407 optime
1927 4335 2004 4408 sigal-

360 4448 452 4505 neqae
464 4432 667 4505 praeputium,
684 4426 831 4499 sedfides,
848 4443 925 4500 qnae
934 4442 990 4501 per
1003 4429 1163 4484 caritatem
1198 4430 1278 4484 ficare
1292 4435 1382 4500 potest
1398 4425 1486 4499 idem,
1501 4425 1576 4500 quod
1590 4441 1648 4498 per,
1664 4427 1701 4482 ita
1717 4433 1747 4482 ut
1760 4425 1795 4482 sit
1814 4439 1923 4483 ,sensus
1941 4440 2003 4482 eoa·

362 4524 515 4602 operatur.
1129 4523 1134 4536 '
1198 4533 1293 4576 anans
1306 4520 1338 4574 in
1352 4515 1493 4582 decretis,
1512 4514 1536 4571 id
1555 4523 1599 4571 εει
1612 4531 1659 4588 per
1673 4515 1801 4586 decreta,
1816 4519 1846 4570 et
1858 4515 1894 4571 ad
1912 4515 2003 4572 tollen·

406 4616 450 4667 12.
467 4611 555 4681 litque
570 4623 603 4664 ex
617 4606 657 4662 his
672 4605 832 4686 testimoniis
847 4611 962 4676 possunt
976 4606 1066 4660 variae
1082 4604 1163 4662 ratio·
1198 4607 1261 4663 dam
1272 4605 1525 4678 aequivocationem
1537 4613 1612 4660 recte
1629 4607 1749 4676 positum
1760 4609 1804 4660 εει
1817 4603 1946 4660 absolute
1959 4603 2003 4658 de·

363 4716 410 4758 nes
425 4699 507 4756 huius
523 4697 643 4754 veritatis
663 4695 763 4768 colligi.
779 4696 885 4766 Prima,
908 4696 1039 4767 quianon
1060 4701 1103 4750 est
1117 4695 1165 4751 mi·
1200 4699 1398 4770 cretislleque
1412 4696 1484 4752 enim
1501 4701 1576 4751 recte
1591 4710 1643 4750 vox
1656 4695 1701 4750 illa
1714 4694 1834 4751 retertur
1846 4693 1880 4750 ad
1897 4694 2003 4752 decreta

363 4807 416 4848 nus
431 4789 571 4845 sufficiens
584 4787 649 4844 fides
659 4793 686 4843 et
696 4785 781 4858 gralia
793 4784 892 4844 Christi
903 4799 953 4855 pro
965 4783 1066 4840 iudaeis
1080 4800 1162 4857 quam
1200 4789 1266 4862 legis
1281 4789 1390 4858 veteris,
1403 4793 1462 4842 tum
1476 4787 1543 4858 quin
1556 4786 1584 4840 lit
1598 4785 1699 4840 inutilis
1714 4785 1852 4855 repetitio,
1868 4791 1932 4841 tuna
1945 4785 2002 4857 quia

363 4897 414 4953 pro
427 4879 588 4952 gentilibus,
604 4877 650 4934 sed
664 4876 819 4932 christianis
833 4891 867 4932 ex
881 4875 1009 4946 gentibus
1024 4876 1165 4944 conversis
1199 4884 1308 4950 oportet
1326 4875 1436 4950 aliquod
1451 4877 1566 4932 verbum
1585 4874 1789 4948 subintelligere
1803 4875 1863 4931 sine
1887 4877 2002 4932 necessi·

365 4969 468 5026 sullicit
482 4967 652 5024 observantia
669 4965 801 5038 evangelii
817 4966 873 5020 sine
892 4963 1065 5021 observantia
1085 4965 1163 5037 legis:
1200 4973 1271 5038 tate,
1294 4974 1353 5023 tum
1368 4965 1485 5038 denique
1499 4965 1563 5037 quia
1584 4971 1718 5038 repugnat
1732 4965 1874 5020 communi
1896 4971 2002 5036 patruni

364 5074 431 5131 ergo
450 5059 530 5114 etiam
554 5057 643 5114 iudaei
664 5072 711 5128 per
734 5055 908 5128 euangelium
933 5053 1038 5112 liberati
1062 5061 1128 5112 sunt
1150 5071 1166 5110 a
1200 5055 1372 5128 expositioni.
1390 5054 1465 5112 Unde
1479 5054 1578 5131 Chrys.
1590 5054 1625 5110 ibi
1639 5053 1764 5110 decretis
1779 5057 1908 5126 exponit,
1924 5055 1948 5110 id
1963 5058 2004 5110 est

339 5165 342 5170 ·
365 5148 429 5220 ingo
444 5147 521 5222 legis.
531 5147 669 5218 Secunda,
682 5146 747 5220 qnia
759 5146 888 5203 Christus
902 5159 998 5202 omnes
1013 5144 1165 5202 indiiieren·
1201 5147 1251 5203 lide
1265 5161 1327 5219 sua,
1339 5143 1416 5219 quod
1427 5151 1501 5202 esset
1510 5143 1600 5216 facile,
1612 5143 1781 5201 intellectum
1791 5142 1826 5200 de
1840 5143 1893 5201 lide
1905 5145 2002 5200 ratione

367 5245 409 5296 ter
428 5243 512 5294 vocat
525 5237 558 5294 ad
579 5237 675 5312 iugum
690 5253 787 5312 suum,
809 5235 884 5312 quod
906 5252 991 5294 suave
1010 5252 1071 5295 esse
1085 5237 1163 5311 dixin
1201 5236 1314 5310 obiecti,
1330 5243 1358 5294 et
1371 5235 1546 5312 evangelicae
1559 5233 1717 5304 doctrinae,
1732 5221 1775 5291 vol
1789 5235 1815 5292 si
1830 5233 1962 5296 intellexit
1973 5234 2003 5290 a.
