4260 6222
363 323 426 388 516
536 323 540 328 ’
1072 357 1237 411 erasnm.
1286 433 1287 438 Ἰ

319 471 459 542 lii⁰nriam
475 477 563 550 legem
583 481 617 538 de
632 495 660 539 se
676 489 851 556 perpetuam,
868 485 916 543 sed
931 489 1010 562 quasi
1025 503 1118 560 perso·
1197 489 1222 543 7.
1239 486 1360 543 Tertium
1375 483 1529 558 exemplum
1543 489 1605 542 erat
1619 482 1652 545 de
1670 484 1837 544 animalibus
1850 485 1960 545 mundis

318 572 378 628 nale
395 573 552 631 mandatum
568 575 633 631 solis
647 575 741 646 primis
756 577 915 649 parentibus
927 595 977 651 pro
988 583 1046 636 suis
1060 596 1120 653 per·
1155 579 1182 632 el
1194 575 1354 646 immundis,
1370 591 1489 648 querum
1504 575 1533 630 fil
1545 574 1724 632 menlioden.
1735 580 1747 634 i
1760 596 1768 648 3
1782 575 1816 633 ad
1828 576 1905 650 qued
1919 594 1961 634 re·

316 665 463 735 sonis,non
474 679 525 735 pro
538 669 593 721 tota
603 665 761 737 posteritate
773 666 993 738 datum,etiamsi
1004 672 1032 726 in
1044 675 1118 727 statu
1155 665 1339 736 spondemus,
1361 664 1467 721 nullum
1488 669 1667 736 praecepium
1693 664 1815 722 divinum
1840 665 1875 721 lbi
1897 667 1961 723 insi·

319 757 487 811 innocentiae
507 762 722 827 perseverarent.
742 756 794 813 Sed
814 756 866 813 hoc
881 773 932 832 ego
947 775 1002 814 non
1017 759 1116 831 probo,
1155 757 1247 812 nuari.
1269 757 1421 826 Responsio
1442 754 1512 811 enim
1533 754 1686 810 communis
1706 761 1766 824 est,
1788 757 1910 830 heysem
1924 757 1960 813 ibi
2045 795 2046 798 η

275 889 279 897 .
316 847 373 901 imo
387 860 499 914 censeo,
518 844 590 901 illam
605 845 687 902 inisse
701 861 795 902 veram
809 846 908 920 legem,
921 863 953 904 ac
964 849 999 904 de
1013 865 1042 904 se
1057 865 1119 921 per.
1155 860 1216 900 esse
1234 844 1359 902 locutum
1378 860 1426 916 per
1440 844 1676 916 anticipationem,
1693 859 1756 900 narn
1773 859 1805 899 ea
1821 846 1959 914 animalia,

317 941 444 1007 petuam,
466 943 524 992 tum
539 936 604 1008 qnia
618 935 712 991 eedem
727 937 796 992 ratio
809 947 868 992 erae
882 937 906 992 in
922 937 991 1006 nnis,
1008 954 1078 1010 quae
1094 941 1119 996 in
1156 947 1226 1006 quae
1241 940 1336 1004 postea
1352 935 1392 990 lex
1405 939 1483 990 vetus
1497 933 1637 989 inmunda
1650 939 1679 989 et
1695 933 1835 990 immunda
1854 934 1960 991 disere·

316 1024 495 1096 parentibus,
511 1030 542 1080 ut
556 1023 643 1096 legem
658 1023 775 1096 aliquam
791 1028 936 1098 positivam
951 1044 967 1084 a
980 1031 1034 1086 noo
1049 1045 1120 1085 sem·
1155 1023 1204 1091 vil,
1220 1021 1279 1077 ideo
1295 1025 1334 1078 dd
1349 1023 1505 1088 noffllssilih
1518 1023 1580 1093 qnia
1596 1023 1653 1093 ipse
1668 1023 1780 1093 Sciit)sit
1792 1031 1856 1094 post
1872 1023 1959 1096 '⁰30¹ss

318 1131 367 1185 per
382 1114 528 1184 haberent,
544 1120 603 1169 tum
620 1115 699 1170 etlam
714 1117 777 1188 quia
792 1116 859 1173 illud
875 1125 1053 1189 praeceptum
1069 1118 1121 1176 luit
1155 1109 1249 1176 lilim·
1264 1113 1391 1184 qtlemvis
1404 1118 1526 1182 tempore
1540 1111 1645 1182 diluvii,
1661 1112 1694 1168 do
1708 1128 1764 1184 quo
1783 1115 1841 1183 ipse
1855 1115 1962 1170 scribe·

319 1210 450 1274 respectu
468 1201 541 1260 hdae
556 1220 609 1259 nnn
626 1209 731 1261 tantum
747 1205 905 1276 personale,
921 1206 1074 1280 sedetiam,
1091 1215 1122 1265 ul
1156 1201 1213 1270 bat,
1230 1200 1352 1258 nondum
1367 1202 1464 1258 luisset
1479 1201 1552 1258 lacta
1566 1200 1703 1258 discretio:
1719 1204 1758 1258 ita
1771 1203 1920 1260 abulensis
1933 1213 1963 1261 et

321 1294 359 1351 na
373 1291 472 1362 eroon,
490 1293 615 1362 capitolo.
633 1294 747 1360 Quando
762 1295 832 1352 enin
847 1294 884 1352 nn
896 1297 1057 1353 dissensus:
1072 1301 1121 1356 nc
1156 1289 1211 1345 ulii.
1235 1290 1287 1346 sen
1308 1289 1360 1346 hoo
1381 1307 1434 1347 non
1458 1298 1536 1348 oues
1553 1290 1732 1364 difficultates
1749 1307 1811 1376 nem
1826 1293 1960 1366 quinquin

320 1385 401 1439 onom
420 1381 500 1454 liquo
519 1381 659 1455 paradisi
681 1382 811 1450 comede,
830 1383 865 1440 de
884 1383 965 1458 liqna
982 1389 1121 1443 scientiae
1157 1380 1193 1435 sil
1207 1379 1240 1436 de
1255 1397 1308 1437 usu
1326 1380 1414 1450 roais,
1431 1395 1514 1453 quem
1529 1379 1667 1452 probabile
1681 1387 1733 1442 est,
1748 1396 1796 1452 per
1807 1396 1961 1452 praeoccu-

207 1523 212 1530 .
319 1473 387 1529 boni
401 1479 428 1528 ei
442 1471 518 1530 unali
532 1488 568 1529 ne
582 1471 733 1534 comedas.
751 1471 914 1545 loquebatur
928 1476 1055 1559 cumuillo
1068 1518 1075 1546 ,
1090 1483 1120 1533 ut
1157 1471 1292 1540 petionem
1311 1471 1410 1540 luisse3
1433 1469 1609 1526 nihilominus
1628 1472 1709 1526 etiam
1723 1472 1749 1526 in
1767 1486 1798 1526 re
1814 1472 1874 1542 ipsa
1890 1472 1963 1527 ride-

319 1564 419 1633 capile,
433 1577 465 1618 ac
478 1561 593 1617 subinde
604 1577 667 1617 cum
679 1568 736 1618 tota
747 1563 983 1634 eiusposteritate,
993 1570 1122 1630 utosten-
1156 1565 1202 1615 tur
1217 1560 1292 1616 clare
1313 1560 1430 1631 supponi
1450 1559 1579 1617 discretio
1594 1559 1647 1615 iam
1663 1559 1744 1630 iacta,
1761 1559 1875 1633 quando
1890 1561 1963 1616 Deus

322 1651 392 1709 dunt
408 1654 549 1724 sequentia
564 1651 662 1707 verba:
679 1657 714 1709 lu
728 1668 909 1725 quocumque
923 1656 1003 1709 emim
1017 1651 1065 1710 die
1075 1671 1122 1710 co·
1157 1649 1253 1717 iussit,
1275 1648 1450 1706 introducere
1471 1650 1498 1704 in
1519 1662 1611 1704 arcam
1630 1655 1741 1718 septena
1755 1656 1784 1705 el
1800 1656 1961 1721 septenae:

320 1740 447 1798 mederis
466 1757 505 1797 ece
525 1757 573 1806 eo,
597 1747 691 1797 morto
706 1745 854 1798 morieris.
871 1743 908 1798 lbi
922 1744 993 1798 enim
1010 1744 1060 1798 toli
1074 1759 1121 1814 po·
1158 1738 1267 1794 mercdis
1288 1738 1465 1808 animalibus,
1487 1744 1516 1794 et
1535 1737 1597 1793 bina
1616 1744 1644 1794 et
1662 1737 1725 1793 bina
1744 1753 1779 1794 ex
1802 1738 1959 1808 immundis

321 1832 434 1887 steritati
449 1837 565 1887 mortem
580 1830 762 1886 comminatus
777 1838 834 1898 0⁸13
850 1836 878 1886 et
888 1830 958 1900 ideo,
972 1837 1041 1888 teste
1052 1834 1122 1889 Pau·-
1157 1829 1222 1902 quia
1236 1829 1287 1885 nisi
1299 1831 1352 1885 iam
1367 1834 1563 1900 reputarentur
1577 1826 1702 1882 diversae
1716 1827 1901 1896 conditionis,
1918 1844 1962 1882 ae·

322 1919 366 1990 lo,
390 1935 483 1975 omnes
501 1921 527 1974 in
546 1918 592 1975 illo
614 1925 792 1989 praeceptum
812 1918 880 1976 illud
898 1922 1062 1992 transgressi
1076 1937 1122 1977 su·
1157 1918 1332 1991 elimationis,
1348 1919 1389 1976 vel
1405 1935 1489 1989 usrrs,
1505 1933 1559 1973 non
1574 1915 1686 1972 haberet
1700 1915 1793 1974 lecum
1810 1916 1854 1972 ille
1872 1917 1961 2002 direr-

322 2025 404 2078 mua,
426 2016 454 2065 et
474 2015 588 2064 mortem
610 2008 795 2080 incurrimus,
811 2023 877 2082 ergo
893 2008 944 2065 luil
957 2009 998 2066 lex
1013 2010 1059 2066 illa
1073 2026 1122 2082 pre
1158 2025 1207 2065 sus
1221 2008 1319 2066 modus
1333 2007 1524 2079 praecipiendi.
1536 2006 1640 2063 litideo
1653 2005 1750 2079 Chrys.
1764 2004 1860 2062 homil.
1876 2011 1923 2064 24.
1937 2007 1961 2061 ia

324 2104 380 2154 tola
390 2099 552 2170 posteritate
564 2098 626 2153 lata.
638 2098 695 2172 lma
706 2098 800 2154 eadem
809 2098 914 2154 ratione
924 2101 1141 2171 censeo,prae-'
1157 2099 1223 2154 Gen.
1241 2096 1378 2169 probabile
1389 2097 1538 2166 existimat,
1553 2097 1650 2163 baum,
1665 2095 1710 2164 qui
1721 2102 1903 2166 praeceptum
1914 2094 1962 2150 da-

324 2193 435 2258 crptum
455 2186 521 2243 illud
543 2187 624 2243 semel
645 2185 738 2242 datum
758 2186 808 2242 soli
827 2187 899 2243 Adae
916 2188 924 2260 l
934 2188 1008 2244 iuxta
1021 2188 1123 2260 simpli·
1157 2185 1222 2255 bai,
1245 2187 1414 2243 manifestam
1431 2185 1528 2241 iecisse
1543 2184 1722 2240 differentiam
1736 2183 1808 2239 illam
1824 2186 1876 2255 ipsi
1892 2186 1959 2252 llos,

325 2292 386 2333 cem
401 2283 572 2346 contextum,
589 2283 617 2333 et
631 2274 753 2333 ordinem
767 2278 862 2349 capitis
876 2279 1122 2351 2.Gones.t,con1-
1159 2275 1234 2348 qnod
1248 2275 1337 2346 potuit
1351 2273 1577 2346 iacere,etiamsi
1591 2271 1667 2328 nulla
1680 2271 1740 2346 lege
1756 2279 1824 2330 lunc
1840 2273 1963 2330 stabilita

324 2365 502 2438 prehendisse
520 2367 606 2422 Eram
624 2381 656 2420 eo
675 2366 753 2436 ipso,
769 2365 842 2438 quod
858 2367 896 2422 illi
911 2383 959 2437 per
975 2366 1060 2424 Adam
1074 2369 1125 2426 luit
1158 2363 1264 2423 brissei.

324 2459 505 2526 praeceptum
519 2455 686 2522 intimatum,
703 2457 777 2512 iuxta
792 2456 1001 2527 probabiliorem
1016 2464 1124 2515 secten-
1197 2453 1280 2510 Valde
1295 2455 1375 2511 etiam
1388 2453 1526 2526 probabile
1537 2461 1590 2523 est,
1600 2455 1675 2528 quod
1686 2453 1784 2512 ibidem
1796 2454 1965 2529 chrysosto-

325 2546 391 2600 tiam
407 2550 525 2616 augense.
539 2543 587 2601 lib.
606 2549 632 2601 8.
648 2543 682 2599 de
695 2547 792 2601 Genes.
809 2545 987 2618 adlilteram,
1002 2562 1063 2619 rep.
1077 2550 1122 2618 li,
1160 2559 1222 2600 mus
1233 2546 1337 2615 sentit,
1352 2550 1414 2600 ante
1427 2543 1558 2602 diluuium
1574 2544 1673 2600 iactam
1687 2559 1747 2601 esse
1767 2543 1963 2600 discretionem

324 2635 498 2702 stallorum,
520 2636 583 2707 quia
601 2635 747 2698 nimirum,
766 2634 807 2690 lea
826 2634 870 2690 illa
884 2651 934 2707 pro
953 2641 1011 2693 toto
1026 2651 1125 2708 genere
1160 2632 1275 2705 aliquam
1296 2634 1364 2689 inter
1379 2632 1521 2703 animalia,
1538 2633 1579 2689 vel
1593 2635 1621 2688 in
1638 2633 1731 2690 ordine
1747 2639 1856 2690 tantum
1873 2632 1908 2689 ad
1920 2633 1963 2688 di·

324 2722 447 2780 bumane
463 2724 549 2794 posita
565 2728 633 2790 erat,
649 2724 743 2797 sicque
757 2739 820 2779 vere
834 2723 900 2780 dixit
914 2727 969 2781 Era
980 2729 1076 2783 Genea.
1097 2732 1123 2784 3:
1160 2725 1221 2778 vina
1235 2723 1369 2779 sacrificia
1383 2723 1422 2796 lsi
1433 2728 1497 2778 ante
1507 2721 1643 2781 diluvium,
1653 2738 1705 2778 non
1716 2724 1811 2778 eratin
1826 2738 1881 2777 usu
1897 2738 1965 2778 esus

326 2815 484 2888 Praecepit
499 2813 582 2869 nobis
596 2815 690 2879 Deus,
708 2829 745 2869 re
759 2812 993 2882 comederemus,
1010 2823 1066 2872 etc.
1161 2812 1297 2882 emnium,
1311 2817 1342 2866 ut
1355 2812 1437 2868 sentit
1450 2811 1594 2886 chrysost.
1611 2827 1696 2883 supra
1710 2811 1802 2868 homil.
1817 2815 1867 2883 27,
1884 2819 1913 2868 et
1923 2811 1966 2868 di·

366 2906 393 2960 6.
408 2902 449 2958 hd
465 2900 616 2958 secundum
636 2903 790 2973 exemplum
811 2902 844 2958 de
864 2911 1011 2974 praecepto
1032 2905 1125 2962 utendi
1160 2918 1212 2957 rus
1223 2901 1339 2957 Thomas
1355 2905 1378 2959 t.
1395 2906 1427 2972 i,
1441 2918 1469 2974 q.
1491 2905 1558 2973 102,
1572 2908 1623 2958 erl.
1642 2905 1669 2973 6,
1681 2902 1715 2958 ad
1727 2905 1758 2972 2,
1775 2909 1802 2956 el
1817 2901 1966 2958 abulensis

326 2992 417 3064 aliquo
440 2997 627 3060 sacramento,
650 3005 698 3046 seu
717 2991 794 3064 signo
813 2993 969 3048 necessario
987 2992 1022 3049 ad
1040 2995 1126 3066 impe·
1161 2990 1242 3046 etalii
1255 2993 1320 3047 Gen.
1334 2994 1362 3049 9.
1376 2991 1450 3064 ),rel
1466 2991 1547 3048 etiam
1562 2989 1590 3046 ni
1603 2990 1698 3046 ordine
1711 2989 1743 3046 ad
1757 2989 1912 3048 humanum
1925 2993 1965 3047 ci·

326 3079 481 3137 trandama
502 3080 573 3147 lieo,
589 3078 722 3135 mediante
742 3079 793 3135 lide
806 3079 921 3154 Christi,
938 3082 1125 3139 remissionem
1162 3082 1245 3150 bum,
1261 3080 1283 3134 si
1298 3079 1331 3135 ad
1347 3080 1421 3136 illum
1438 3086 1503 3136 tirno
1518 3079 1645 3136 aniinalia
1659 3081 1850 3145 sumebantur,
1867 3089 1900 3136 οι
1917 3097 1965 3137 vo-

325 3169 434 3242 pcccati
446 3167 597 3241 originalis,
610 3168 740 3240 latemur,
753 3185 861 3241 semper
872 3170 958 3227 brisce
969 3173 995 3226 in
1008 3170 1126 3229 bumana
1162 3171 1213 3228 luit
1234 3171 1300 3227 Solo
1318 3170 1364 3229 lib.
1382 3176 1408 3226 5.
1424 3170 1457 3226 de
1471 3171 1558 3226 instit.
1574 3185 1602 3241 q.
1624 3175 1647 3240 l,
1663 3177 1716 3227 ari.
1737 3176 1760 3229 1.
1779 3172 1837 3227 Non
1852 3179 1898 3228 est
1915 3189 1965 3228 au·

326 3273 426 3331 genere
447 3257 501 3313 hoc
516 3263 696 3329 praecepium
710 3257 849 3327 divinum,
866 3265 898 3314 ut
914 3260 938 3314 in
955 3266 975 3316 t.
994 3265 1020 3316 3.
1038 3267 1127 3318 oslen-
1162 3268 1217 3316 tem
1239 3275 1366 3330 necesse,
1386 3266 1417 3316 ut
1429 3260 1473 3315 illa
1487 3260 1616 3316 discretio
1631 3261 1703 3317 laeta
1717 3260 1798 3317 luerit
1817 3261 1878 3335 lege
1895 3261 1965 3318 disi·

326 3348 428 3404 dinus.
444 3349 565 3404 Dicimus
581 3353 672 3402 autern
688 3347 834 3419 inprimis,
852 3347 916 3404 illud
929 3365 981 3420 non
993 3348 1078 3405 luisse
1089 3350 1128 3404 in·
1162 3365 1208 3420 na,
1224 3349 1272 3406 sed
1285 3349 1429 3420 prudentia
1444 3349 1679 3406 etctmsuetudine
1696 3349 1832 3421 bumana,
1847 3360 1880 3408 ut
1892 3352 1964 3408 idem

327 3444 433 3510 tagram
445 3437 532 3511 legem
549 3437 575 3491 in
590 3451 672 3490 sensu
684 3437 811 3508 superius
822 3436 971 3506 declarato,
985 3436 1032 3493 sed
1044 3437 1128 3494 luisse
1162 3439 1305 3514 chrysost.
1328 3441 1411 3510 priori
1426 3439 1487 3495 leco
1503 3438 1635 3508 declarat,
1650 3438 1761 3496 dicens:
1778 3445 1853 3514 Ipsa
1870 3445 1965 3498 scien·

328 3541 416 3581 unum
437 3524 575 3596 singulare
597 3524 755 3581 mandatum
775 3526 810 3582 ob
826 3526 993 3596 peculiarem
1011 3515 1127 3584 decessi·
1164 3530 1210 3584 tia
1224 3531 1302 3584 iusto
1315 3531 1407 3584 insila
1420 3527 1558 3595 docebat,
1577 3543 1728 3600 quaenam
1743 3528 1786 3586 ad
1799 3530 1901 3586 cibum
1914 3547 1965 3588 ac·

328 3620 412 3670 tatem
428 3614 530 3670 datam.
544 3613 645 3670 Deinde
656 3613 784 3685 dicimus,
799 3631 853 3670 non
863 3615 947 3672 inisse
959 3617 1068 3672 omnino
1080 3633 1128 3687 po·
1163 3616 1330 3682 commoda,
1350 3623 1378 3673 ei
1391 3633 1466 3690 qaae
1479 3617 1646 3682 immunda,
1664 3633 1725 3674 aon
1739 3618 1820 3691 quod
1832 3622 1879 3676 iia
1893 3623 1960 3685 sint,

329 3705 456 3775 sitivum,
481 3702 528 3760 sed
552 3703 652 3774 (prout
671 3720 685 3759 a
702 3707 758 3760 ¹lieo
776 3704 872 3760 dalrim
891 3712 951 3772 sort
975 3705 1058 3760 luisse
1077 3723 1128 3762 sno
1164 3705 1216 3764 sod
1229 3705 1307 3780 quod
1317 3721 1374 3780 pro
1384 3703 1549 3762 immundis
1559 3704 1788 3774 habeanlar;et
1798 3708 1915 3764 inferius
1925 3707 1965 3762 di-

327 3793 411 3850 modo
434 3792 613 3847 connaturale
635 3790 712 3864 fidei,
736 3791 891 3860 seeundum
911 3798 1029 3864 alatum,
1046 3809 1129 3867 quem
1164 3796 1212 3852 cil:
1226 3798 1388 3853 Scieniiam
1403 3811 1424 3851 a
1435 3799 1497 3852 Deo
1511 3793 1594 3850 nobis
1607 3793 1832 3868 suppeditatum
1847 3795 1961 3862 dooere,

329 3897 380 3954 pro
396 3897 428 3936 ee
442 3887 563 3951 tempore
579 3881 604 3934 in
619 3879 772 3936 hominihus
787 3879 917 3952 babebat,
932 3889 961 3937 et
973 3881 1034 3938 ideo
1048 3898 1130 3956 gene·
1164 3885 1315 3959 quaedam
1337 3882 1547 3958 quadrupedia
1566 3899 1628 3940 esse
1648 3889 1723 3956 apia
1742 3882 1785 3940 ad
1804 3884 1920 3952 cibum,
1939 3891 1967 3940 el

328 3969 422 4027 naliter
442 3975 547 4025 tantum
566 3971 688 4041 positum
703 3970 768 4040 luit,
784 3976 812 4025 et
824 3987 874 4042 per
888 3970 989 4042 legem,
1008 3972 1048 4028 rel
1063 3988 1129 4028 con·
1164 3991 1224 4032 non
1242 3974 1318 4032 alia.
1340 3973 1417 4042 Quod
1436 3976 1516 4030 etiam
1539 3973 1591 4030 late
1610 3971 1727 4030 ostendit
1740 3973 1853 4029 Hieron.
1873 3974 1917 4029 lib,
1935 3980 1963 4031 i.

329 4057 501 4116 suetudinem
522 4057 669 4114 humanam
690 4058 944 4117 determinationem
965 4062 1128 4132 accipiebat,
1165 4071 1262 4120 contra
1276 4064 1406 4121 lovinion.
1424 4062 1478 4120 col.
1499 4066 1525 4128 7,
1539 4069 1568 4120 et
1582 4063 1696 4124 dachar.
1711 4077 1783 4134 papa
1796 4065 1824 4118 in
1836 4065 1920 4135 epist.
1932 4064 1965 4119 ad

330 4158 362 4205 ut
376 4151 402 4203 in
417 4150 502 4203 citato
517 4145 579 4203 leco
591 4161 623 4203 er
634 4147 758 4218 proiesso
770 4155 919 4206 tractatum
929 4157 981 4205 est.
995 4151 1029 4208 Ut
1043 4157 1129 4207 temen
1165 4153 1284 4210 Boniiao.
1308 4153 1360 4222 ait,
1384 4150 1496 4224 gentiles
1511 4151 1546 4208 ad
1559 4149 1700 4207 Christum
1714 4167 1869 4208 couversos
1884 4153 1966 4208 absti-

330 4237 412 4294 simul
435 4236 651 4308 respondeamus
665 4237 698 4293 ad
714 4237 788 4294 aliud
802 4239 957 4311 exemplum
971 4238 1004 4295 de
1020 4255 1130 4312 praeoe-
1165 4242 1258 4298 nuisse
1278 4240 1415 4299 interdum
1435 4240 1629 4314 aquibusdam
1644 4239 1815 4311 animalibus,
1832 4257 1905 4314 quae
1919 4257 1965 4298 na-

329 4335 377 4400 plo
398 4327 616 4382 circumcisionis
636 4327 728 4400 (quod
748 4331 825 4385 iuxta
844 4329 1053 4400 probabiliorem
1069 4345 1130 4387 sen·
1166 4338 1227 4388 tura
1241 4331 1388 4388 abhorrere
1402 4331 1480 4388 solita
1495 4337 1544 4386 est.
1560 4330 1606 4386 Sic
1620 4345 1687 4402 ergo
1697 4329 1786 4386 ductu
1798 4337 1926 4402 naturae,
1938 4339 1966 4388 et

330 4418 443 4475 tentiam
466 4415 517 4472 iuil
537 4416 672 4488 quaedam
693 4416 884 4476 determinatio
904 4419 1034 4490 praedicti
1049 4437 1131 4492 qene-
1165 4421 1376 4492 consuetudine,
1392 4436 1424 4476 ac
1439 4419 1582 4476 traditione
1594 4433 1707 4476 suorum
1719 4426 1865 4490 parentum
1878 4421 1966 4492 potuit

329 4507 395 4565 ralis
419 4507 558 4578 praecepti
580 4505 735 4578 specialiter
755 4523 770 4563 a
793 4511 847 4564 lieo
868 4509 1010 4580 leem-pro
1029 4511 1130 4582 populo
1165 4512 1221 4568 Nae
1240 4510 1340 4568 babere
1358 4511 1438 4566 etiam
1454 4524 1537 4565 usum
1551 4506 1725 4565 discmneadi
1739 4509 1811 4565 inter
1827 4509 1964 4574 animalia,

330 4596 413 4654 lsrael
425 4595 444 4668 l,
460 4594 597 4666 addimus,
614 4603 793 4669 praeceptum
804 4596 871 4653 illud
884 4597 968 4654 luisse
982 4598 1129 4655 inchoatio·
1165 4601 1282 4658 manime
1300 4601 1325 4655 in
1347 4599 1442 4656 ordine
1460 4596 1494 4653 ad
1515 4598 1664 4668 sacrificia,
1683 4611 1766 4669 quam
1786 4595 1964 4654 differentiam

330 4700 393 4740 nem
415 4685 561 4757 quamdam
582 4684 656 4756 legis
671 4687 787 4754 veleris,
808 4701 910 4758 queea
931 4689 983 4743 lieo
999 4689 1130 4760 singulari
1165 4691 1314 4761 anticipato
1335 4688 1442 4743 nomine
1463 4685 1623 4758 significarit
1642 4687 1749 4759 lloyses
1771 4701 1820 4757 per
1840 4685 1965 4742 diller'en·

330 4776 436 4830 ratione
455 4774 509 4830 luit
522 4774 669 4845 anticipata
683 4789 732 4846 per
746 4774 854 4846 aliquod
869 4783 977 4848 tempus
992 4777 1131 4836 sulliciens
1165 4779 1229 4836 tiam
1244 4775 1410 4836 mundorum
1423 4783 1451 4833 et
1462 4775 1667 4833 immundorum
1681 4773 1856 4846 animalium,
1869 4791 1964 4849 quam-

331 4861 366 4919 ad
388 4861 641 4934 multiplicationem
662 4863 772 4935 populi,
795 4865 869 4936 quod
891 4865 940 4921 sibi
956 4867 1131 4938 peculiariter
1166 4872 1207 4925 uie
1226 4868 1290 4925 talia
1310 4883 1362 4924 non
1376 4872 1469 4922 essent
1483 4873 1551 4922 tuuc
1566 4877 1599 4920 ea
1613 4865 1667 4920 ritu
1683 4863 1767 4936 legis,
1783 4879 1834 4919 nec
1849 4864 1964 4920 sortasse

332 4952 536 5024 congregabat,
557 4958 585 5008 et
603 4953 650 5009 cui
670 4960 765 5022 postea
785 4953 827 5010 lea
843 4954 930 5011 danda
945 4962 1014 5029 erat,
1031 4964 1059 5014 et
1072 4957 1131 5014 ideo
1166 4960 1274 5014 omnino
1295 4955 1390 5012 eadem
1410 4970 1473 5012 cum
1490 4953 1550 5025 illa,
1566 4968 1650 5026 quam
1664 4959 1759 5024 postea
1774 4953 1816 5009 les
1833 4960 1912 5009 retus
1926 4954 1964 5008 in·

333 5040 403 5097 idem
423 5046 600 5114 praeceptum
619 5042 770 5116 eademque
788 5045 964 5101 circumcisio
984 5063 1090 5119 semper
1103 5048 1130 5103 in
1166 5047 1255 5104 duait.
1277 5047 1312 5102 Et
1329 5045 1389 5101 ideo
1408 5045 1489 5100 etiam
1509 5044 1597 5100 sancti
1612 5041 1723 5115 docent,
1739 5041 1819 5115 plura
1833 5057 1895 5098 esse
1909 5057 1964 5098 ser·

332 5145 365 5185 ea
379 5131 437 5202 lege
452 5133 561 5201 mansit,
573 5137 687 5204 eratque
698 5132 788 5207 ianua,
803 5141 830 5189 et
841 5134 973 5204 professio
988 5135 1069 5210 illius,
1083 5138 1131 5194 ob·
1167 5143 1227 5192 vala
1240 5151 1273 5197 ex
1287 5133 1447 5193 animalibus
1462 5133 1585 5205 nonnis,
1600 5133 1664 5204 quia
1677 5146 1710 5188 ex
1724 5131 1777 5188 illis
1792 5134 1847 5189 lieo
1862 5129 1963 5188 sacriti-

333 5218 487 5294 ligationem
501 5219 645 5292 inducens,
662 5227 729 5279 teste
743 5221 827 5286 Paulo
842 5223 875 5280 ad
890 5223 977 5280 Galat.
995 5230 1020 5281 5.
1167 5225 1286 5283 cundiam
1300 5230 1370 5282 erat.
