4294 6238
809 795 1096 918 LIBER
1151 795 1577 928 OCTAVUS

548 1437 598 1520 ou
624 1439 725 1522 lidi
750 1441 917 1526 Hllllle
942 1377 1183 1529 illumiret
1210 1447 1285 1532 siti
1307 1448 1566 1534 Pittiiidltiii
1589 1451 1845 1535 corcodrilli

416 2375 592 2436 lllslitulmus
606 2377 632 2434 ln
646 2343 737 2451 sapite
756 2381 788 2438 ii.
805 2379 864 2440 libri
878 2382 910 2440 V.
926 2382 1015 2456 legem
1030 2380 1176 2437 humanam
1211 2372 1314 2446 vilegiie
1328 2379 1531 2449 veteranorum,
1547 2374 1573 2432 in
1588 2373 1689 2448 digest.
1705 2388 1788 2436 οονο.
1810 2373 1847 2431 lit
1860 2371 1896 2431 de
1910 2373 2014 2446 privile·

375 2468 402 2522 in
418 2465 554 2538 odiosam,
567 2472 595 2526 ct
607 2467 827 2542 favorabilem,et
840 2472 865 2526 in
880 2471 930 2528 line
941 2468 1063 2528 eiusdem
1077 2468 1176 2540 capitis
1201 2466 1256 2537 ¹gio
1277 2463 1354 2532 fisci,
1376 2463 1419 2520 rel
1442 2464 1513 2526 dotis
1522 2507 1532 2546 ,
1547 2463 1591 2521 vel
1608 2465 1746 2521 variarum
1761 2477 1956 2536 personarum,
1970 2469 2015 2520 aut

279 2552 280 2558 ’
375 2554 595 2628 insinuavimus,
618 2557 764 2630 dupliciter
777 2558 830 2616 dici
845 2576 925 2633 posse
939 2561 1026 2634 legem
1040 2557 1177 2616 lavorabi·
1211 2555 1458 2627 communitatum,
1482 2554 1508 2610 in
1528 2553 1602 2610 libris
1624 2554 1752 2626 Codicis,
1775 2552 1878 2627 quibus
1893 2553 1975 2624 locis,
1989 2559 2015 2608 et

377 2641 446 2714 lem,
468 2645 631 2716 generaliter
650 2648 755 2706 scilicet
772 2655 800 2706 et
813 2650 977 2722 specialiter.
994 2649 1079 2706 Priori
1094 2647 1175 2705 modo
1211 2644 1270 2701 aliis
1284 2643 1377 2701 multis
1392 2645 1459 2701 iuris
1473 2643 1553 2702 etiam
1568 2643 1654 2703 civilis
1669 2644 1831 2716 interpretes
1845 2641 1881 2700 de
1898 2642 1949 2700 hae
1961 2658 2013 2698 me·

376 2732 479 2791 dicitur
500 2735 542 2792 lea
563 2735 718 2795 fauorabilis
738 2755 930 2814 quaecumque
946 2739 988 2796 lex
1003 2741 1091 2810 iusta,
1106 2751 1176 2810 quae
1212 2735 1278 2792 teria
1299 2741 1433 2807 tractent,
1453 2742 1481 2791 et
1495 2733 1653 2792 summistae
1674 2733 1757 2790 verbo
1766 2731 1971 2809 privilepiom,
1988 2739 2014 2790 et

376 2825 494 2896 speciale
507 2840 652 2898 gravamen
664 2844 717 2886 non
729 2830 852 2902 imponit,
861 2845 950 2903 neque
961 2827 1071 2902 aliquod
1082 2827 1176 2884 odium
1211 2825 1295 2882 verbo
1312 2827 1426 2898 pretio.
1437 2824 1566 2897 Theologi
1583 2840 1647 2883 vero
1660 2823 1694 2882 do
1713 2824 1762 2882 illis
1776 2840 1810 2883 ex
1824 2825 1950 2897 proiesso
1963 2839 2013 2880 non

375 2914 514 2987 continet,
537 2931 599 2974 nam
622 2917 663 2973 his
677 2921 801 2992 semotis,
818 2921 859 2977 lex
874 2919 907 2976 de
922 2935 951 2976 ae
966 2934 1063 2992 magna
1077 2918 1177 2975 benefi-
1212 2916 1368 2988 disputent,
1390 2914 1437 2972 sed
1457 2931 1548 2989 peuce
1566 2930 1615 2989 per
1640 2916 1813 2974 occasionem
1829 2921 1857 2974 et
1872 2914 2013 2972 succincto

376 3004 420 3059 cin
436 3004 632 3072 contertsnam
648 3007 791 3080 illuminat,
806 3009 907 3082 dirigit,
922 3012 989 3068 etin
1003 3008 1095 3066 cilicio
1109 3024 1176 3072 con·
1211 3003 1361 3078 attingunt.

335 3111 342 3119 ·
375 3094 460 3166 tinet,
479 3093 594 3168 ideoque
607 3096 761 3155 lavorabilis
776 3099 914 3156 censenda
928 3105 985 3170 est,
1002 3098 1121 3172 generali
1136 3104 1176 3156 te·
1310 3091 1317 3106 '

374 3197 436 3238 men
453 3182 643 3260 appellatione,
659 3188 723 3260 quia
737 3202 770 3245 en
785 3189 906 3266 generali
920 3188 1024 3245 retione
1038 3190 1126 3246 iustae
1138 3188 1178 3246 le-
1519 3197 1660 3267 CAPUT
1674 3199 1701 3266 1,

375 3271 417 3346 gis
434 3271 488 3330 hoc
503 3273 594 3347 habet,
603 3278 744 3350 supposita
758 3279 899 3349 praedicta
913 3279 1101 3350 negationeot
1114 3277 1176 3336 ideo

374 3359 408 3417 de
430 3360 488 3435 lege
509 3363 649 3421 favorabili
668 3366 720 3423 sub
740 3367 791 3424 hac
805 3347 1045 3446 generalirntione
1059 3367 1122 3424 nihil
1136 3368 1176 3425 di·
1438 3389 1519 3468 Qum
1533 3393 1571 3448 ,pp
1582 3389 1784 3467 prpvpppqpm

375 3449 495 3526 cendum
515 3460 658 3527 superest,
679 3457 729 3512 nisi
750 3455 824 3531 quod
847 3457 890 3515 laic
911 3457 987 3515 teror
1005 3461 1096 3528 potest
1115 3471 1176 3514 esse

373 3541 460 3596 maior
479 3546 507 3598 et
530 3544 620 3600 minor
640 3545 667 3600 in
687 3543 801 3604 diversis
817 3546 922 3620 legibus
936 3563 986 3620 pro
1001 3546 1175 3602 materiarum

373 3635 402 3686 et
419 3629 511 3687 finium
531 3631 638 3690 illarum
662 3634 826 3693 diversitate.
841 3637 887 3694 Sic
901 3637 973 3694 enim
987 3637 1061 3710 leges
1074 3635 1176 3694 directe

374 3718 543 3778 intendentes
568 3737 714 3782 commune
734 3725 835 3783 bonum
849 3727 1044 3797 praeferuntur
1058 3725 1173 3798 legibus,
1213 3774 1237 3824 Ι.
1252 3773 1286 3824 De
1299 3773 1399 3824 nomine
1412 3771 1593 3838 privilegii-
1603 3769 1629 3822 2·
1642 3771 1695 3822 Non
1705 3781 1779 3822 omne
1793 3769 1962 3836 privilegium
1974 3777 2009 3822 w

373 3825 445 3882 quae
470 3811 679 3869 commoditates
704 3814 877 3888 singulorum
898 3818 1067 3887 privatorum
1086 3816 1175 3872 conti·
1245 3847 1286 3896 1„
1305 3845 1407 3909 proprie
1424 3850 1451 3893 0,
1465 3843 1580 3904 ,mom
1593 3847 1749 3905 summ.-
1763 3841 1790 3892 3.
1801 3839 1924 3894 Definffio
1938 3841 2011 3906 wip,

373 3905 450 3970 nent,
467 3905 495 3957 et
509 3915 579 3972 quae
593 3903 751 3975 religionem
765 3903 866 3976 lovent,
880 3903 1010 3978 his,quae
1022 3905 1054 3962 de
1070 3911 1175 3977 tempo·
1244 3914 1316 3978 legii.
1327 3939 1360 3950 -
1369 3913 1396 3964 t.
1409 3913 1454 3964 Est
1473 3911 1505 3962 de
1524 3913 1623 3964 ratione
1643 3910 1788 3975 privilegii,
1801 3917 1831 3961 ut
1844 3909 1946 3977 aliquio
1958 3924 2010 3975 spe-

373 3988 475 4047 rslibus
492 3989 652 4064 disponunt,
663 4000 691 4048 et
706 3995 746 4050 sic
761 3994 794 4051 de
809 3996 918 4051 ceteris.
928 3993 1069 4062 Quomodo
1084 4002 1175 4051 autem
1244 3985 1310 4036 ⁰1³¹ss
1328 3982 1460 4034 concodat.
1472 4007 1506 4018 ··
1520 3982 1546 4032 5.
1566 3983 1605 4032 An
1624 3980 1739 4032 delinitio
1752 3981 1886 4045 privilegii
1900 3983 1935 4033 sir
1949 3994 2010 4031 ⁰⁰⁰¹·

372 4079 440 4137 haec
462 4081 631 4154 proprietas,
655 4098 705 4140 seu
718 4084 795 4141 lavor
810 4085 876 4158 legis
890 4084 923 4141 ad
938 4085 998 4142 eius
1015 4087 1175 4157 interpreta-
1244 4050 2009 4187 gssessoffigsssfficssplfflff'pessghssgffiloveffidffipffixlffi

373 4171 475 4227 tionem
497 4171 634 4244 conserat,
651 4173 676 4228 in
692 4172 760 4230 libro
774 4174 807 4230 V.
826 4174 930 4232 dictum
951 4181 1002 4259 esp.
1019 4175 1174 4248 Posteriori,
1244 4193 1355 4259 sponsio.
1369 4219 1397 4229 -
1411 4194 1437 4243 8.
1456 4191 1527 4254 Quod
1546 4197 1586 4242 est
1604 4204 1651 4256 per
1668 4205 1697 4242 se
1713 4190 1823 4252 marum,
1843 4193 1886 4242 ver
1903 4199 1944 4242 ess
1956 4192 2009 4241 ime

373 4275 422 4316 seu
445 4259 556 4331 speciali
577 4260 658 4318 modo
674 4261 775 4320 dicitur
790 4263 833 4320 lex
846 4263 1014 4337 favorabilis,
1029 4280 1100 4338 quae
1114 4278 1175 4335 spe·
1245 4263 1371 4315 communi
1388 4261 1560 4326 prohibitum,
1576 4260 1713 4328 aliquando
1730 4261 1879 4325 specialiter
1893 4259 2009 4326 prohibe·

373 4348 472 4407 cialem
487 4349 605 4406 levorem
621 4350 759 4426 aliquibus
774 4353 989 4428 concedit,quae
1000 4355 1108 4410 nomine
1120 4353 1174 4426 pri·
1244 4341 1288 4384 ‘¹¹¹'
1303 4333 1329 4383 5¹¹
1348 4332 1459 4383 famem
1471 4333 1590 4384 ³¹¹⁰¹¹i¹²⁸·
1603 4333 1674 4384 “9·
1688 4331 1801 4392 winus’
1816 4331 2008 4381 9³⁰⁰r¹¹¹¹²²¹¹¹¹⁸

373 4437 462 4511 vilegii
484 4439 627 4512 significari
651 4441 737 4512 solet,
760 4456 830 4516 quse
851 4442 1043 4515 particularem
1060 4443 1176 4516 requirit
1244 4471 2007 4537 ingram,pemmindmfflooempp,1„„oeu,.p,oem2up

372 4529 619 4587 considerationem
633 4531 660 4585 in
677 4529 730 4589 hoc
744 4531 813 4589 libro
827 4532 996 4604 tradendum,
1013 4532 1077 4605 quia
1092 4531 1175 4588 habet
1243 4543 1385 4596 tollendum
1399 4541 1560 4608 scrupulum.

372 4619 514 4692 proprium
534 4619 681 4692 quomdam
701 4621 830 4680 ellectum
851 4621 917 4697 legis
931 4637 985 4679 nou
998 4637 1174 4679 communem

373 4710 443 4780 aliis,
453 4709 559 4767 ratione
573 4713 654 4768 euius
668 4712 817 4784 peculiaris
832 4715 936 4786 species
950 4713 1017 4786 legis
1031 4717 1172 4778 censetur,
1250 4718 1275 4775 1.
1290 4717 1370 4775 circa
1390 4729 1486 4772 nomen
1502 4719 1615 4786 oportet
1627 4713 1655 4769 in
1669 4711 1763 4785 primis
1777 4711 1940 4785 advertere,
1955 4710 2007 4784 pri·

369 4803 401 4856 et
414 4797 520 4872 aliquas
533 4798 612 4858 hebet
627 4803 817 4877 proprietates,
827 4819 897 4878 quas
911 4803 1047 4884 explicare
1061 4817 1174 4860 neeesse
1208 4806 1338 4880 vilegium
1357 4803 1413 4862 duo
1435 4801 1591 4876 includere,
1613 4808 1642 4860 et
1660 4801 1829 4876 significare,
1846 4802 1954 4860 scilicet
1967 4801 2006 4858 ius

1496 3583 1729 3647 summarium

1243 4411 1270 4454 et
1288 4403 1332 4453 alii
1349 4402 1381 4452 de
1399 4402 1545 4466 priuilegio.
1556 4401 1743 4466 —dliquando
1755 4400 1923 4464 privilegiam
1936 4401 2007 4450 datur
2114 4407 2115 4410 ’

373 4895 426 4946 est.
443 4889 513 4945 Sunt
533 4896 625 4948 autem
646 4891 679 4948 de
700 4891 751 4950 laec
774 4893 830 4966 lege
854 4893 927 4950 tituli
940 4891 973 4950 de
987 4892 1133 4966 privilegiis
1146 4891 1174 4949 in
1206 4898 1308 4971 ipsum,
1322 4911 1371 4954 seu
1385 4895 1501 4969 gratiam
1517 4907 1680 4950 concessam
1694 4890 1885 4966 privilegiario,
1897 4897 1926 4949 et
1935 4906 2007 4948 man·
2112 4917 2113 4944 ο

373 4978 500 5037 omnibus
520 4981 602 5037 tomis
616 4981 685 5039 iuris
698 4983 832 5058 canonici,
847 4983 894 5042 nbi
907 4986 1070 5058 interpretes
1085 4983 1174 5041 multe
1207 4988 1303 5046 datum
1316 4988 1419 5059 ipsum,
1435 4983 1477 5042 rel
1492 4983 1715 5056 instrumentum,
1731 4997 1787 5055 quo
1800 4982 1929 5056 princeps
1943 4997 2005 5038 con-

256 5089 264 5100 ·
372 5067 406 5126 de
427 5068 478 5126 hoc
499 5071 614 5128 materie
634 5070 789 5145 disputant,
810 5076 837 5132 in
854 5073 1172 5132 iureautemcivilinon
1207 5077 1282 5135 cedit
1298 5075 1377 5134 alicui
1392 5074 1537 5149 specialem
1552 5075 1678 5148 gratiam,
1688 5071 1761 5148 quod
1775 5071 1915 5130 interdum
1927 5087 2006 5131 voca·

372 5159 479 5217 invenio
500 5160 657 5220 absolutum
678 5161 788 5220 titulum
807 5163 841 5221 de
862 5163 1027 5239 privilegiis,
1042 5166 1091 5224 sed
1105 5179 1171 5222 cum
1207 5173 1254 5225 tur
1271 5166 1449 5239 rescriptum,
1459 5163 1658 5236 indultum,rel
1673 5163 1750 5222 Bulla
1763 5163 1790 5220 iu
1803 5163 1943 5221 canonicis
1955 5161 2006 5236 pri·

373 5249 464 5332 aliqua
477 5250 614 5312 additione
627 5252 661 5312 de
675 5254 821 5328 privilegiis
835 5254 1018 5332 creditorum,
1027 5262 1056 5315 et
1068 5256 1103 5315 de
1115 5255 1172 5330 pri·
1206 5257 1321 5332 vilegiie,
1335 5255 1461 5332 quemvis
1476 5254 1544 5314 haec
1559 5255 1667 5314 nornine
1681 5255 1762 5314 latius
1776 5253 1893 5314 habeant
1907 5253 2004 5329 signiti-
