<?xml version="1.0" encoding="UTF-8"?>
<!DOCTYPE html PUBLIC "-//W3C//DTD XHTML 1.0 Transitional//EN"
    "http://www.w3.org/TR/xhtml1/DTD/xhtml1-transitional.dtd">
<html xmlns="http://www.w3.org/1999/xhtml" xml:lang="en" lang="en">
 <head>
  <title>
</title>
<meta http-equiv="Content-Type" content="text/html;charset=utf-8" />
  <meta name='ocr-system' content='tesseract 3.04.00' />
  <meta name='ocr-capabilities' content='ocr_page ocr_carea ocr_par ocr_line ocrx_word'/>
</head>
<body>
  <div class='ocr_page' id='page_1' title='image "./tractatusdelegi00sugoog_0175.png"; bbox 0 0 4278 6242; ppageno 0'>
   <div class='ocr_carea' id='block_1_1' title="bbox 360 307 1238 378">
    <p class='ocr_par' dir='ltr' id='par_1_1' title="bbox 360 307 1238 378">
     <span class='ocr_line' id='line_1_1' title="bbox 360 307 1238 378; baseline 0.002 -5"><span class='ocrx_word' id='word_1_1' title='bbox 360 307 423 374; x_wconf 79' lang='lat'><strong>150</strong></span> <span class='ocrx_word' id='word_1_2' title='bbox 1074 325 1176 378; x_wconf 79' lang='lat' dir='ltr'><strong>amun</strong></span> <span class='ocrx_word' id='word_1_3' title='bbox 1190 327 1238 376; x_wconf 88' lang='lat' dir='ltr'><strong>vr.</strong></span> 
     </span>
    </p>
   </div>
   <div class='ocr_carea' id='block_1_2' title="bbox 275 451 2001 5297">
    <p class='ocr_par' dir='ltr' id='par_1_2' title="bbox 275 451 2001 5297">
     <span class='ocr_line' id='line_1_2' title="bbox 320 451 1965 528; baseline 0.004 -20"><span class='ocrx_word' id='word_1_4' title='bbox 320 453 446 524; x_wconf 74' lang='lat' dir='ltr'><strong>portione</strong></span> <span class='ocrx_word' id='word_1_5' title='bbox 462 453 488 510; x_wconf 92' lang='lat' dir='ltr'><strong>in</strong></span> <span class='ocrx_word' id='word_1_6' title='bbox 509 453 690 526; x_wconf 91' lang='lat' dir='ltr'><strong>irritantibus,</strong></span> <span class='ocrx_word' id='word_1_7' title='bbox 705 460 734 513; x_wconf 92' lang='lat' dir='ltr'><strong>et</strong></span> <span class='ocrx_word' id='word_1_8' title='bbox 753 455 779 511; x_wconf 92' lang='lat' dir='ltr'><strong>in</strong></span> <span class='ocrx_word' id='word_1_9' title='bbox 801 452 927 526; x_wconf 84' lang='lat' dir='ltr'><strong>omnibus</strong></span> <span class='ocrx_word' id='word_1_10' title='bbox 946 451 1071 526; x_wconf 76' lang='lat' dir='ltr'><strong>odiosis).</strong></span> <span class='ocrx_word' id='word_1_11' title='bbox 1088 455 1124 512; x_wconf 90' lang='lat' dir='ltr'><strong>Ut</strong></span> <span class='ocrx_word' id='word_1_12' title='bbox 1158 453 1283 510; x_wconf 87' lang='lat' dir='ltr'><strong>cursioni</strong></span> <span class='ocrx_word' id='word_1_13' title='bbox 1297 451 1410 525; x_wconf 70' lang='lat' dir='ltr'><strong>elerici,</strong></span> <span class='ocrx_word' id='word_1_14' title='bbox 1425 467 1491 527; x_wconf 87' lang='lat' dir='ltr'><strong>ergo</strong></span> <span class='ocrx_word' id='word_1_15' title='bbox 1510 452 1581 510; x_wconf 92' lang='lat' dir='ltr'><strong>idem</strong></span> <span class='ocrx_word' id='word_1_16' title='bbox 1595 451 1744 512; x_wconf 90' lang='lat' dir='ltr'><strong>dicendum</strong></span> <span class='ocrx_word' id='word_1_17' title='bbox 1762 459 1805 512; x_wconf 88' lang='lat' dir='ltr'><strong>est</strong></span> <span class='ocrx_word' id='word_1_18' title='bbox 1818 455 1847 512; x_wconf 90' lang='lat' dir='ltr'><strong>ia</strong></span> <span class='ocrx_word' id='word_1_19' title='bbox 1867 455 1965 528; x_wconf 91' lang='lat' dir='ltr'><strong>poenis</strong></span> 
     </span>
     <span class='ocr_line' id='line_1_3' title="bbox 321 541 1966 622; baseline 0.004 -23"><span class='ocrx_word' id='word_1_20' title='bbox 321 549 414 600; x_wconf 91' lang='lat' dir='ltr'><strong>autem</strong></span> <span class='ocrx_word' id='word_1_21' title='bbox 430 551 562 601; x_wconf 76' lang='lat' dir='ltr'><strong>cenentur</strong></span> <span class='ocrx_word' id='word_1_22' title='bbox 576 545 778 618; x_wconf 75' lang='lat' dir='ltr'><strong>aequivocatio,</strong></span> <span class='ocrx_word' id='word_1_23' title='bbox 794 559 865 617; x_wconf 88' lang='lat' dir='ltr'><strong>quoe</strong></span> <span class='ocrx_word' id='word_1_24' title='bbox 879 546 906 600; x_wconf 93' lang='lat' dir='ltr'><strong>in</strong></span> <span class='ocrx_word' id='word_1_25' title='bbox 920 543 973 601; x_wconf 92' lang='lat' dir='ltr'><strong>boc</strong></span> <span class='ocrx_word' id='word_1_26' title='bbox 988 545 1124 601; x_wconf 91' lang='lat' dir='ltr'><strong>committi</strong></span> <span class='ocrx_word' id='word_1_27' title='bbox 1159 541 1327 615; x_wconf 83' lang='lat' dir='ltr'><strong>imponendis</strong></span> <span class='ocrx_word' id='word_1_28' title='bbox 1345 559 1394 617; x_wconf 92' lang='lat' dir='ltr'><strong>per</strong></span> <span class='ocrx_word' id='word_1_29' title='bbox 1414 543 1550 613; x_wconf 78' lang='lat' dir='ltr'><strong>iudicom3</strong></span> <span class='ocrx_word' id='word_1_30' title='bbox 1567 544 1662 604; x_wconf 91' lang='lat' dir='ltr'><strong>eadem</strong></span> <span class='ocrx_word' id='word_1_31' title='bbox 1676 546 1749 602; x_wconf 91' lang='lat' dir='ltr'><strong>enim</strong></span> <span class='ocrx_word' id='word_1_32' title='bbox 1769 548 1840 605; x_wconf 88' lang='lat' dir='ltr'><strong>ratio</strong></span> <span class='ocrx_word' id='word_1_33' title='bbox 1859 548 1966 622; x_wconf 86' lang='lat' dir='ltr'><strong>militet,</strong></span> 
     </span>
     <span class='ocr_line' id='line_1_4' title="bbox 320 633 1969 708; baseline 0.003 -18"><span class='ocrx_word' id='word_1_34' title='bbox 320 641 420 707; x_wconf 89' lang='lat' dir='ltr'><strong>potest,</strong></span> <span class='ocrx_word' id='word_1_35' title='bbox 435 633 626 706; x_wconf 87' lang='lat' dir='ltr'><strong>distinguenda</strong></span> <span class='ocrx_word' id='word_1_36' title='bbox 640 641 705 691; x_wconf 92' lang='lat' dir='ltr'><strong>sunt</strong></span> <span class='ocrx_word' id='word_1_37' title='bbox 719 635 744 690; x_wconf 92' lang='lat' dir='ltr'><strong>in</strong></span> <span class='ocrx_word' id='word_1_38' title='bbox 763 633 823 708; x_wconf 89' lang='lat' dir='ltr'><strong>lege</strong></span> <span class='ocrx_word' id='word_1_39' title='bbox 836 633 942 706; x_wconf 91' lang='lat' dir='ltr'><strong>poenali</strong></span> <span class='ocrx_word' id='word_1_40' title='bbox 958 633 1033 704; x_wconf 88' lang='lat' dir='ltr'><strong>duo,</strong></span> <span class='ocrx_word' id='word_1_41' title='bbox 1049 633 1122 690; x_wconf 91' lang='lat' dir='ltr'><strong>scili·</strong></span> <span class='ocrx_word' id='word_1_42' title='bbox 1158 634 1224 706; x_wconf 87' lang='lat' dir='ltr'><strong>quia</strong></span> <span class='ocrx_word' id='word_1_43' title='bbox 1237 633 1281 691; x_wconf 94' lang='lat' dir='ltr'><strong>lex</strong></span> <span class='ocrx_word' id='word_1_44' title='bbox 1296 634 1438 705; x_wconf 90' lang='lat' dir='ltr'><strong>imponens</strong></span> <span class='ocrx_word' id='word_1_45' title='bbox 1453 649 1568 706; x_wconf 90' lang='lat' dir='ltr'><strong>poenam</strong></span> <span class='ocrx_word' id='word_1_46' title='bbox 1589 641 1692 693; x_wconf 88' lang='lat' dir='ltr'><strong>certam</strong></span> <span class='ocrx_word' id='word_1_47' title='bbox 1707 651 1757 707; x_wconf 91' lang='lat' dir='ltr'><strong>pro</strong></span> <span class='ocrx_word' id='word_1_48' title='bbox 1777 636 1869 707; x_wconf 90' lang='lat' dir='ltr'><strong>iurto,</strong></span> <span class='ocrx_word' id='word_1_49' title='bbox 1884 639 1913 693; x_wconf 93' lang='lat' dir='ltr'><strong>in</strong></span> <span class='ocrx_word' id='word_1_50' title='bbox 1932 638 1969 696; x_wconf 90' lang='lat' dir='ltr'><strong>ri·</strong></span> 
     </span>
     <span class='ocr_line' id='line_1_5' title="bbox 322 722 1968 800; baseline 0.003 -20"><span class='ocrx_word' id='word_1_51' title='bbox 322 731 369 781; x_wconf 90' lang='lat' dir='ltr'><strong>cet</strong></span> <span class='ocrx_word' id='word_1_52' title='bbox 382 732 559 796; x_wconf 92' lang='lat' dir='ltr'><strong>praeceptum</strong></span> <span class='ocrx_word' id='word_1_53' title='bbox 579 723 619 781; x_wconf 89' lang='lat' dir='ltr'><strong>vel</strong></span> <span class='ocrx_word' id='word_1_54' title='bbox 634 724 799 796; x_wconf 91' lang='lat' dir='ltr'><strong>probibitio,</strong></span> <span class='ocrx_word' id='word_1_55' title='bbox 816 731 843 781; x_wconf 93' lang='lat' dir='ltr'><strong>et</strong></span> <span class='ocrx_word' id='word_1_56' title='bbox 858 739 959 796; x_wconf 92' lang='lat' dir='ltr'><strong>poenae</strong></span> <span class='ocrx_word' id='word_1_57' title='bbox 974 724 1122 796; x_wconf 72' lang='lat' dir='ltr'><strong>impositio.</strong></span> <span class='ocrx_word' id='word_1_58' title='bbox 1158 737 1225 795; x_wconf 90' lang='lat' dir='ltr'><strong>gorc</strong></span> <span class='ocrx_word' id='word_1_59' title='bbox 1240 723 1411 798; x_wconf 85' lang='lat' dir='ltr'><strong>nonobligat</strong></span> <span class='ocrx_word' id='word_1_60' title='bbox 1424 722 1543 780; x_wconf 92' lang='lat' dir='ltr'><strong>iudicem</strong></span> <span class='ocrx_word' id='word_1_61' title='bbox 1558 723 1591 781; x_wconf 91' lang='lat' dir='ltr'><strong>ad</strong></span> <span class='ocrx_word' id='word_1_62' title='bbox 1610 725 1800 797; x_wconf 88' lang='lat' dir='ltr'><strong>imponendam</strong></span> <span class='ocrx_word' id='word_1_63' title='bbox 1814 725 1888 783; x_wconf 89' lang='lat' dir='ltr'><strong>illam</strong></span> <span class='ocrx_word' id='word_1_64' title='bbox 1903 743 1968 800; x_wconf 90' lang='lat' dir='ltr'><strong>poe·</strong></span> 
     </span>
     <span class='ocr_line' id='line_1_6' title="bbox 321 813 1966 889; baseline 0.002 -19"><span class='ocrx_word' id='word_1_65' title='bbox 321 813 397 885; x_wconf 85' lang='lat' dir='ltr'><strong>Quod</strong></span> <span class='ocrx_word' id='word_1_66' title='bbox 414 830 480 889; x_wconf 90' lang='lat' dir='ltr'><strong>ergo</strong></span> <span class='ocrx_word' id='word_1_67' title='bbox 494 814 589 871; x_wconf 89' lang='lat' dir='ltr'><strong>attinet</strong></span> <span class='ocrx_word' id='word_1_68' title='bbox 602 814 636 871; x_wconf 95' lang='lat' dir='ltr'><strong>ad</strong></span> <span class='ocrx_word' id='word_1_69' title='bbox 650 813 777 887; x_wconf 90' lang='lat' dir='ltr'><strong>poena&#39;m,</strong></span> <span class='ocrx_word' id='word_1_70' title='bbox 792 820 900 872; x_wconf 88' lang='lat' dir='ltr'><strong>certum</strong></span> <span class='ocrx_word' id='word_1_71' title='bbox 916 815 1051 885; x_wconf 83' lang='lat' dir='ltr'><strong>existimo,</strong></span> <span class='ocrx_word' id='word_1_72' title='bbox 1069 830 1124 870; x_wconf 89' lang='lat' dir='ltr'><strong>non</strong></span> <span class='ocrx_word' id='word_1_73' title='bbox 1159 828 1222 869; x_wconf 90' lang='lat' dir='ltr'><strong>nam</strong></span> <span class='ocrx_word' id='word_1_74' title='bbox 1236 828 1285 885; x_wconf 96' lang='lat' dir='ltr'><strong>pro</strong></span> <span class='ocrx_word' id='word_1_75' title='bbox 1306 813 1360 871; x_wconf 92' lang='lat' dir='ltr'><strong>alio</strong></span> <span class='ocrx_word' id='word_1_76' title='bbox 1374 813 1485 886; x_wconf 92' lang='lat' dir='ltr'><strong>delicto,</strong></span> <span class='ocrx_word' id='word_1_77' title='bbox 1500 815 1609 871; x_wconf 89' lang='lat' dir='ltr'><strong>etiarnsi</strong></span> <span class='ocrx_word' id='word_1_78' title='bbox 1623 815 1709 872; x_wconf 90' lang='lat' dir='ltr'><strong>simile</strong></span> <span class='ocrx_word' id='word_1_79' title='bbox 1724 816 1766 872; x_wconf 88' lang='lat' dir='ltr'><strong>vel</strong></span> <span class='ocrx_word' id='word_1_80' title='bbox 1788 816 1902 889; x_wconf 89' lang='lat' dir='ltr'><strong>aequale</strong></span> <span class='ocrx_word' id='word_1_81' title='bbox 1918 819 1966 876; x_wconf 92' lang='lat' dir='ltr'><strong>sit.</strong></span> 
     </span>
     <span class='ocr_line' id='line_1_7' title="bbox 320 902 1969 978; baseline 0.002 -18"><span class='ocrx_word' id='word_1_82' title='bbox 320 919 402 977; x_wconf 90' lang='lat' dir='ltr'><strong>posse</strong></span> <span class='ocrx_word' id='word_1_83' title='bbox 420 903 509 978; x_wconf 91' lang='lat' dir='ltr'><strong>legem</strong></span> <span class='ocrx_word' id='word_1_84' title='bbox 529 902 672 976; x_wconf 91' lang='lat' dir='ltr'><strong>poenalem</strong></span> <span class='ocrx_word' id='word_1_85' title='bbox 686 903 777 977; x_wconf 89' lang='lat' dir='ltr'><strong>quoad</strong></span> <span class='ocrx_word' id='word_1_86' title='bbox 798 919 916 978; x_wconf 90' lang='lat' dir='ltr'><strong>poenam</strong></span> <span class='ocrx_word' id='word_1_87' title='bbox 931 903 1041 962; x_wconf 87' lang='lat' dir='ltr'><strong>extendi</strong></span> <span class='ocrx_word' id='word_1_88' title='bbox 1063 919 1125 976; x_wconf 93' lang='lat' dir='ltr'><strong>pro·</strong></span> <span class='ocrx_word' id='word_1_89' title='bbox 1159 904 1273 972; x_wconf 80' lang='lat' dir='ltr'><strong>Quando</strong></span> <span class='ocrx_word' id='word_1_90' title='bbox 1295 918 1362 960; x_wconf 84' lang='lat' dir='ltr'><strong>vero</strong></span> <span class='ocrx_word' id='word_1_91' title='bbox 1383 905 1471 977; x_wconf 80' lang='lat' dir='ltr'><strong>possit</strong></span> <span class='ocrx_word' id='word_1_92' title='bbox 1488 904 1581 976; x_wconf 85' lang='lat' dir='ltr'><strong>iudex,</strong></span> <span class='ocrx_word' id='word_1_93' title='bbox 1596 903 1639 961; x_wconf 84' lang='lat' dir='ltr'><strong>rel</strong></span> <span class='ocrx_word' id='word_1_94' title='bbox 1658 906 1741 962; x_wconf 91' lang='lat' dir='ltr'><strong>etiam</strong></span> <span class='ocrx_word' id='word_1_95' title='bbox 1754 905 1853 963; x_wconf 89' lang='lat' dir='ltr'><strong>debeat</strong></span> <span class='ocrx_word' id='word_1_96' title='bbox 1864 921 1898 963; x_wconf 94' lang='lat' dir='ltr'><strong>ex</strong></span> <span class='ocrx_word' id='word_1_97' title='bbox 1916 906 1969 964; x_wconf 89' lang='lat' dir='ltr'><strong>olio</strong></span> 
     </span>
     <span class='ocr_line' id='line_1_8' title="bbox 321 993 1969 1070; baseline 0.002 -19"><span class='ocrx_word' id='word_1_98' title='bbox 321 1001 383 1067; x_wconf 93' lang='lat' dir='ltr'><strong>pter</strong></span> <span class='ocrx_word' id='word_1_99' title='bbox 405 993 490 1051; x_wconf 89' lang='lat' dir='ltr'><strong>solam</strong></span> <span class='ocrx_word' id='word_1_100' title='bbox 516 994 720 1052; x_wconf 87' lang='lat' dir='ltr'><strong>similitudinem</strong></span> <span class='ocrx_word' id='word_1_101' title='bbox 748 994 877 1064; x_wconf 90' lang='lat' dir='ltr'><strong>rationis,</strong></span> <span class='ocrx_word' id='word_1_102' title='bbox 898 999 1123 1067; x_wconf 88' lang='lat' dir='ltr'><strong>quantacumque</strong></span> <span class='ocrx_word' id='word_1_103' title='bbox 1160 993 1295 1064; x_wconf 91' lang='lat' dir='ltr'><strong>principio</strong></span> <span class='ocrx_word' id='word_1_104' title='bbox 1310 993 1350 1050; x_wconf 90' lang='lat' dir='ltr'><strong>uti</strong></span> <span class='ocrx_word' id='word_1_105' title='bbox 1363 1008 1396 1050; x_wconf 91' lang='lat' dir='ltr'><strong>ea</strong></span> <span class='ocrx_word' id='word_1_106' title='bbox 1409 993 1596 1067; x_wconf 90' lang='lat' dir='ltr'><strong>similitudine,</strong></span> <span class='ocrx_word' id='word_1_107' title='bbox 1612 1009 1661 1051; x_wconf 90' lang='lat' dir='ltr'><strong>seu</strong></span> <span class='ocrx_word' id='word_1_108' title='bbox 1675 994 1821 1052; x_wconf 90' lang='lat' dir='ltr'><strong>imitatione</strong></span> <span class='ocrx_word' id='word_1_109' title='bbox 1835 995 1902 1070; x_wconf 91' lang='lat' dir='ltr'><strong>legis</strong></span> <span class='ocrx_word' id='word_1_110' title='bbox 1917 1012 1969 1069; x_wconf 94' lang='lat' dir='ltr'><strong>pu·</strong></span> 
     </span>
     <span class='ocr_line' id='line_1_9' title="bbox 305 1082 1965 1160; baseline 0.006 -26"><span class='ocrx_word' id='word_1_111' title='bbox 305 1085 374 1140; x_wconf 80' lang='lat' dir='ltr'><strong>,ista</strong></span> <span class='ocrx_word' id='word_1_112' title='bbox 399 1083 443 1140; x_wconf 90' lang='lat' dir='ltr'><strong>sit.</strong></span> <span class='ocrx_word' id='word_1_113' title='bbox 465 1083 543 1150; x_wconf 86' lang='lat' dir='ltr'><strong>Quod</strong></span> <span class='ocrx_word' id='word_1_114' title='bbox 569 1091 678 1154; x_wconf 88' lang='lat' dir='ltr'><strong>praeter</strong></span> <span class='ocrx_word' id='word_1_115' title='bbox 697 1090 828 1142; x_wconf 89' lang='lat' dir='ltr'><strong>auctores</strong></span> <span class='ocrx_word' id='word_1_116' title='bbox 849 1083 971 1155; x_wconf 84' lang='lat' dir='ltr'><strong>proxime</strong></span> <span class='ocrx_word' id='word_1_117' title='bbox 992 1082 1124 1157; x_wconf 86' lang='lat' dir='ltr'><strong>allegatos</strong></span> <span class='ocrx_word' id='word_1_118' title='bbox 1160 1084 1260 1140; x_wconf 88' lang='lat' dir='ltr'><strong>aientis</strong></span> <span class='ocrx_word' id='word_1_119' title='bbox 1275 1099 1362 1140; x_wconf 80' lang='lat' dir='ltr'><strong>uniam</strong></span> <span class='ocrx_word' id='word_1_120' title='bbox 1383 1082 1514 1142; x_wconf 82' lang='lat' dir='ltr'><strong>delicium</strong></span> <span class='ocrx_word' id='word_1_121' title='bbox 1530 1082 1564 1143; x_wconf 83' lang='lat' dir='ltr'><strong>all</strong></span> <span class='ocrx_word' id='word_1_122' title='bbox 1585 1084 1754 1158; x_wconf 89' lang='lat' dir='ltr'><strong>puniendum</strong></span> <span class='ocrx_word' id='word_1_123' title='bbox 1768 1085 1860 1160; x_wconf 90' lang='lat' dir='ltr'><strong>aliud,</strong></span> <span class='ocrx_word' id='word_1_124' title='bbox 1881 1086 1965 1158; x_wconf 89' lang='lat' dir='ltr'><strong>paulo</strong></span> 
     </span>
     <span class='ocr_line' id='line_1_10' title="bbox 320 1171 1390 1247; baseline -0.001 -18"><span class='ocrx_word' id='word_1_125' title='bbox 320 1171 404 1230; x_wconf 88' lang='lat' dir='ltr'><strong>sensit</strong></span> <span class='ocrx_word' id='word_1_126' title='bbox 414 1171 500 1228; x_wconf 87' lang='lat' dir='ltr'><strong>Gloss.</strong></span> <span class='ocrx_word' id='word_1_127' title='bbox 512 1173 537 1228; x_wconf 92' lang='lat' dir='ltr'><strong>in</strong></span> <span class='ocrx_word' id='word_1_128' title='bbox 550 1188 612 1243; x_wconf 89' lang='lat' dir='ltr'><strong>cap.</strong></span> <span class='ocrx_word' id='word_1_129' title='bbox 622 1179 657 1232; x_wconf 85' lang='lat' dir='ltr'><strong>lc</strong></span> <span class='ocrx_word' id='word_1_130' title='bbox 667 1176 778 1247; x_wconf 86' lang='lat' dir='ltr'><strong>poecis,</strong></span> <span class='ocrx_word' id='word_1_131' title='bbox 795 1178 842 1242; x_wconf 76' lang='lat' dir='ltr'><strong>li,</strong></span> <span class='ocrx_word' id='word_1_132' title='bbox 856 1174 890 1228; x_wconf 91' lang='lat' dir='ltr'><strong>de</strong></span> <span class='ocrx_word' id='word_1_133' title='bbox 902 1173 990 1246; x_wconf 89' lang='lat' dir='ltr'><strong>regul.</strong></span> <span class='ocrx_word' id='word_1_134' title='bbox 999 1173 1082 1228; x_wconf 84' lang='lat' dir='ltr'><strong>iurin</strong></span> <span class='ocrx_word' id='word_1_135' title='bbox 1095 1176 1122 1243; x_wconf 86' lang='lat' dir='ltr'><strong>e,</strong></span> <span class='ocrx_word' id='word_1_136' title='bbox 1160 1179 1222 1243; x_wconf 89' lang='lat' dir='ltr'><strong>post</strong></span> <span class='ocrx_word' id='word_1_137' title='bbox 1235 1172 1390 1245; x_wconf 80' lang='lat' dir='ltr'><strong>explicabo.</strong></span> 
     </span>
     <span class='ocr_line' id='line_1_11' title="bbox 321 1259 1969 1336; baseline 0.003 -19"><span class='ocrx_word' id='word_1_138' title='bbox 321 1262 427 1336; x_wconf 85' lang='lat' dir='ltr'><strong>dicens,</strong></span> <span class='ocrx_word' id='word_1_139' title='bbox 444 1260 522 1336; x_wconf 80' lang='lat' dir='ltr'><strong>qnod</strong></span> <span class='ocrx_word' id='word_1_140' title='bbox 536 1261 571 1318; x_wconf 89' lang='lat' dir='ltr'><strong>de</strong></span> <span class='ocrx_word' id='word_1_141' title='bbox 581 1265 685 1336; x_wconf 82' lang='lat' dir='ltr'><strong>poenis</strong></span> <span class='ocrx_word' id='word_1_142' title='bbox 698 1279 758 1318; x_wconf 85' lang='lat' dir='ltr'><strong>con</strong></span> <span class='ocrx_word' id='word_1_143' title='bbox 772 1265 926 1336; x_wconf 77' lang='lat' dir='ltr'><strong>arguimus</strong></span> <span class='ocrx_word' id='word_1_144' title='bbox 940 1259 984 1319; x_wconf 81' lang='lat' dir='ltr'><strong>ad</strong></span> <span class='ocrx_word' id='word_1_145' title='bbox 996 1260 1120 1329; x_wconf 81' lang='lat' dir='ltr'><strong>similia,</strong></span> <span class='ocrx_word' id='word_1_146' title='bbox 1200 1265 1226 1317; x_wconf 86' lang='grc'><strong>6.</strong></span> <span class='ocrx_word' id='word_1_147' title='bbox 1242 1263 1332 1336; x_wconf 81' lang='lat' dir='ltr'><strong>Atque</strong></span> <span class='ocrx_word' id='word_1_148' title='bbox 1344 1261 1394 1318; x_wconf 91' lang='lat' dir='ltr'><strong>bae</strong></span> <span class='ocrx_word' id='word_1_149' title='bbox 1408 1262 1526 1320; x_wconf 89' lang='lat' dir='ltr'><strong>rationes</strong></span> <span class='ocrx_word' id='word_1_150' title='bbox 1539 1263 1710 1320; x_wconf 79' lang='lat' dir='ltr'><strong>convincunt</strong></span> <span class='ocrx_word' id='word_1_151' title='bbox 1722 1263 1747 1320; x_wconf 91' lang='lat' dir='ltr'><strong>in</strong></span> <span class='ocrx_word' id='word_1_152' title='bbox 1762 1263 1820 1320; x_wconf 90' lang='lat' dir='ltr'><strong>aliis</strong></span> <span class='ocrx_word' id='word_1_153' title='bbox 1833 1265 1969 1322; x_wconf 85' lang='lat' dir='ltr'><strong>extensio·</strong></span> 
     </span>
     <span class='ocr_line' id='line_1_12' title="bbox 319 1351 1969 1428; baseline 0.002 -20"><span class='ocrx_word' id='word_1_154' title='bbox 319 1355 392 1425; x_wconf 83' lang='lat' dir='ltr'><strong>quic</strong></span> <span class='ocrx_word' id='word_1_155' title='bbox 402 1369 518 1428; x_wconf 84' lang='lat' dir='ltr'><strong>poenae</strong></span> <span class='ocrx_word' id='word_1_156' title='bbox 529 1369 587 1410; x_wconf 86' lang='lat' dir='ltr'><strong>non</strong></span> <span class='ocrx_word' id='word_1_157' title='bbox 601 1351 748 1411; x_wconf 78' lang='lat' dir='ltr'><strong>excedant</strong></span> <span class='ocrx_word' id='word_1_158' title='bbox 758 1356 911 1428; x_wconf 74' lang='lat' dir='ltr'><strong>proprium</strong></span> <span class='ocrx_word' id='word_1_159' title='bbox 921 1369 1036 1410; x_wconf 85' lang='lat' dir='ltr'><strong>casum.</strong></span> <span class='ocrx_word' id='word_1_160' title='bbox 1050 1351 1124 1410; x_wconf 93' lang='lat' dir='ltr'><strong>ldcm</strong></span> <span class='ocrx_word' id='word_1_161' title='bbox 1161 1351 1240 1408; x_wconf 91' lang='lat' dir='ltr'><strong>nibus</strong></span> <span class='ocrx_word' id='word_1_162' title='bbox 1261 1352 1416 1410; x_wconf 90' lang='lat' dir='ltr'><strong>secundum</strong></span> <span class='ocrx_word' id='word_1_163' title='bbox 1432 1353 1498 1410; x_wconf 88' lang='lat' dir='ltr'><strong>alias</strong></span> <span class='ocrx_word' id='word_1_164' title='bbox 1520 1353 1761 1426; x_wconf 78' lang='lat' dir='ltr'><strong>circumstantias,</strong></span> <span class='ocrx_word' id='word_1_165' title='bbox 1776 1354 1902 1428; x_wconf 92' lang='lat' dir='ltr'><strong>quando,</strong></span> <span class='ocrx_word' id='word_1_166' title='bbox 1921 1371 1969 1414; x_wconf 85' lang='lat' dir='ltr'><strong>ra-</strong></span> 
     </span>
     <span class='ocr_line' id='line_1_13' title="bbox 320 1440 1967 1516; baseline 0.004 -20"><span class='ocrx_word' id='word_1_167' title='bbox 320 1440 416 1498; x_wconf 92' lang='lat' dir='ltr'><strong>docuit</strong></span> <span class='ocrx_word' id='word_1_168' title='bbox 431 1443 530 1498; x_wconf 75' lang='lat' dir='ltr'><strong>Antcn.</strong></span> <span class='ocrx_word' id='word_1_169' title='bbox 541 1441 575 1499; x_wconf 94' lang='lat' dir='ltr'><strong>de</strong></span> <span class='ocrx_word' id='word_1_170' title='bbox 589 1444 668 1499; x_wconf 82' lang='grc' dir='ltr'>Βιιιι.</span> <span class='ocrx_word' id='word_1_171' title='bbox 678 1445 704 1499; x_wconf 94' lang='lat' dir='ltr'><strong>in</strong></span> <span class='ocrx_word' id='word_1_172' title='bbox 719 1459 780 1514; x_wconf 91' lang='lat' dir='ltr'><strong>cap.</strong></span> <span class='ocrx_word' id='word_1_173' title='bbox 792 1442 842 1499; x_wconf 93' lang='lat' dir='ltr'><strong>ult.</strong></span> <span class='ocrx_word' id='word_1_174' title='bbox 852 1443 885 1498; x_wconf 92' lang='lat' dir='ltr'><strong>de</strong></span> <span class='ocrx_word' id='word_1_175' title='bbox 899 1448 1025 1498; x_wconf 90' lang='lat' dir='ltr'><strong>consuet.</strong></span> <span class='ocrx_word' id='word_1_176' title='bbox 1038 1457 1065 1497; x_wconf 93' lang='lat' dir='ltr'><strong>n.</strong></span> <span class='ocrx_word' id='word_1_177' title='bbox 1076 1443 1122 1513; x_wconf 81' lang='lat' dir='ltr'><strong>at,</strong></span> <span class='ocrx_word' id='word_1_178' title='bbox 1159 1441 1228 1497; x_wconf 91' lang='lat' dir='ltr'><strong>riata</strong></span> <span class='ocrx_word' id='word_1_179' title='bbox 1243 1442 1462 1512; x_wconf 76' lang='lat' dir='ltr'><strong>circumstantia,</strong></span> <span class='ocrx_word' id='word_1_180' title='bbox 1479 1444 1603 1500; x_wconf 87' lang='lat' dir='ltr'><strong>varietur</strong></span> <span class='ocrx_word' id='word_1_181' title='bbox 1618 1442 1738 1515; x_wconf 88' lang='lat' dir='ltr'><strong>lactum,</strong></span> <span class='ocrx_word' id='word_1_182' title='bbox 1755 1443 1829 1516; x_wconf 91' lang='lat' dir='ltr'><strong>qnod</strong></span> <span class='ocrx_word' id='word_1_183' title='bbox 1843 1445 1885 1502; x_wconf 90' lang='lat' dir='ltr'><strong>lex</strong></span> <span class='ocrx_word' id='word_1_184' title='bbox 1899 1461 1967 1502; x_wconf 94' lang='lat' dir='ltr'><strong>con·</strong></span> 
     </span>
     <span class='ocr_line' id='line_1_14' title="bbox 321 1531 1965 1609; baseline 0.002 -21"><span class='ocrx_word' id='word_1_185' title='bbox 321 1539 348 1588; x_wconf 90' lang='lat' dir='ltr'><strong>et</strong></span> <span class='ocrx_word' id='word_1_186' title='bbox 366 1537 411 1604; x_wconf 86' lang='lat'><strong>58,</strong></span> <span class='ocrx_word' id='word_1_187' title='bbox 427 1539 455 1589; x_wconf 90' lang='lat' dir='ltr'><strong>ct</strong></span> <span class='ocrx_word' id='word_1_188' title='bbox 474 1532 541 1589; x_wconf 93' lang='lat' dir='ltr'><strong>bene</strong></span> <span class='ocrx_word' id='word_1_189' title='bbox 556 1533 645 1588; x_wconf 88' lang='lat' dir='ltr'><strong>Castr.</strong></span> <span class='ocrx_word' id='word_1_190' title='bbox 662 1533 708 1589; x_wconf 95' lang='lat' dir='ltr'><strong>lib.</strong></span> <span class='ocrx_word' id='word_1_191' title='bbox 726 1537 750 1592; x_wconf 93' lang='lat' dir='ltr'><strong>l.</strong></span> <span class='ocrx_word' id='word_1_192' title='bbox 767 1533 800 1590; x_wconf 92' lang='lat' dir='ltr'><strong>de</strong></span> <span class='ocrx_word' id='word_1_193' title='bbox 822 1533 880 1604; x_wconf 90' lang='lat' dir='ltr'><strong>lege</strong></span> <span class='ocrx_word' id='word_1_194' title='bbox 895 1531 1001 1604; x_wconf 86' lang='lat' dir='ltr'><strong>poenal.</strong></span> <span class='ocrx_word' id='word_1_195' title='bbox 1016 1546 1077 1603; x_wconf 93' lang='lat' dir='ltr'><strong>cap.</strong></span> <span class='ocrx_word' id='word_1_196' title='bbox 1097 1533 1123 1603; x_wconf 86' lang='lat' dir='ltr'><strong>i,</strong></span> <span class='ocrx_word' id='word_1_197' title='bbox 1159 1531 1298 1590; x_wconf 91' lang='lat' dir='ltr'><strong>sideravit.</strong></span> <span class='ocrx_word' id='word_1_198' title='bbox 1314 1536 1350 1592; x_wconf 86' lang='lat' dir='ltr'><strong>tit</strong></span> <span class='ocrx_word' id='word_1_199' title='bbox 1364 1539 1438 1605; x_wconf 89' lang='lat' dir='ltr'><strong>patet</strong></span> <span class='ocrx_word' id='word_1_200' title='bbox 1452 1533 1477 1588; x_wconf 91' lang='lat' dir='ltr'><strong>in</strong></span> <span class='ocrx_word' id='word_1_201' title='bbox 1497 1533 1589 1604; x_wconf 86' lang='lat' dir='ltr'><strong>primis</strong></span> <span class='ocrx_word' id='word_1_202' title='bbox 1603 1537 1631 1591; x_wconf 93' lang='lat' dir='ltr'><strong>in</strong></span> <span class='ocrx_word' id='word_1_203' title='bbox 1651 1534 1965 1609; x_wconf 79' lang='lat' dir='ltr'><strong>variatione‚personae;</strong></span> 
     </span>
     <span class='ocr_line' id='line_1_15' title="bbox 319 1621 1967 1696; baseline 0.002 -18"><span class='ocrx_word' id='word_1_204' title='bbox 319 1621 432 1678; x_wconf 89' lang='lat' dir='ltr'><strong>docum.</strong></span> <span class='ocrx_word' id='word_1_205' title='bbox 453 1627 483 1693; x_wconf 84' lang='lat'><strong>3,</strong></span> <span class='ocrx_word' id='word_1_206' title='bbox 498 1623 621 1678; x_wconf 90' lang='lat' dir='ltr'><strong>eamdem</strong></span> <span class='ocrx_word' id='word_1_207' title='bbox 637 1622 786 1694; x_wconf 88' lang='lat' dir='ltr'><strong>opinionem</strong></span> <span class='ocrx_word' id='word_1_208' title='bbox 804 1629 886 1687; x_wconf 89' lang='lat' dir='ltr'><strong>tenet,</strong></span> <span class='ocrx_word' id='word_1_209' title='bbox 903 1628 931 1678; x_wconf 91' lang='lat' dir='ltr'><strong>et</strong></span> <span class='ocrx_word' id='word_1_210' title='bbox 946 1635 1121 1678; x_wconf 92' lang='lat' dir='ltr'><strong>communem</strong></span> <span class='ocrx_word' id='word_1_211' title='bbox 1158 1637 1221 1678; x_wconf 91' lang='lat' dir='ltr'><strong>nam</strong></span> <span class='ocrx_word' id='word_1_212' title='bbox 1242 1623 1264 1678; x_wconf 87' lang='lat' dir='ltr'><strong>si</strong></span> <span class='ocrx_word' id='word_1_213' title='bbox 1284 1622 1326 1679; x_wconf 86' lang='lat' dir='ltr'><strong>lex</strong></span> <span class='ocrx_word' id='word_1_214' title='bbox 1346 1621 1452 1680; x_wconf 89' lang='lat' dir='ltr'><strong>delinite</strong></span> <span class='ocrx_word' id='word_1_215' title='bbox 1473 1623 1552 1695; x_wconf 91' lang='lat' dir='ltr'><strong>punit</strong></span> <span class='ocrx_word' id='word_1_216' title='bbox 1572 1622 1728 1696; x_wconf 85' lang='lat' dir='ltr'><strong>religiosum</strong></span> <span class='ocrx_word' id='word_1_217' title='bbox 1756 1624 1967 1682; x_wconf 83' lang='lat' dir='ltr'><strong>concionantem</strong></span> 
     </span>
     <span class='ocr_line' id='line_1_16' title="bbox 319 1710 1968 1786; baseline 0.002 -18"><span class='ocrx_word' id='word_1_218' title='bbox 319 1711 466 1768; x_wconf 90' lang='lat' dir='ltr'><strong>doctorum</strong></span> <span class='ocrx_word' id='word_1_219' title='bbox 481 1727 541 1768; x_wconf 91' lang='lat' dir='ltr'><strong>esse</strong></span> <span class='ocrx_word' id='word_1_220' title='bbox 551 1710 719 1768; x_wconf 87' lang='lat' dir='ltr'><strong>dicitblolina</strong></span> <span class='ocrx_word' id='word_1_221' title='bbox 732 1711 960 1770; x_wconf 78' lang='lat' dir='ltr'><strong>traceadetnst.</strong></span> <span class='ocrx_word' id='word_1_222' title='bbox 976 1710 1045 1782; x_wconf 88' lang='lat' dir='ltr'><strong>disp.</strong></span> <span class='ocrx_word' id='word_1_223' title='bbox 1059 1713 1122 1782; x_wconf 78' lang='lat'><strong>176,</strong></span> <span class='ocrx_word' id='word_1_224' title='bbox 1158 1710 1222 1784; x_wconf 90' lang='lat' dir='ltr'><strong>hoc,</strong></span> <span class='ocrx_word' id='word_1_225' title='bbox 1241 1713 1282 1769; x_wconf 88' lang='lat' dir='ltr'><strong>vel</strong></span> <span class='ocrx_word' id='word_1_226' title='bbox 1296 1712 1380 1785; x_wconf 90' lang='lat' dir='ltr'><strong>illud,</strong></span> <span class='ocrx_word' id='word_1_227' title='bbox 1397 1729 1451 1770; x_wconf 92' lang='lat' dir='ltr'><strong>non</strong></span> <span class='ocrx_word' id='word_1_228' title='bbox 1467 1714 1545 1786; x_wconf 92' lang='lat' dir='ltr'><strong>punit</strong></span> <span class='ocrx_word' id='word_1_229' title='bbox 1559 1713 1692 1770; x_wconf 91' lang='lat' dir='ltr'><strong>clericum</strong></span> <span class='ocrx_word' id='word_1_230' title='bbox 1707 1713 1878 1772; x_wconf 89' lang='lat' dir='ltr'><strong>saecularem</strong></span> <span class='ocrx_word' id='word_1_231' title='bbox 1894 1714 1968 1772; x_wconf 93' lang='lat' dir='ltr'><strong>idem</strong></span> 
     </span>
     <span class='ocr_line' id='line_1_17' title="bbox 318 1800 2001 1882; baseline 0.002 -24"><span class='ocrx_word' id='word_1_232' title='bbox 318 1806 465 1877; x_wconf 70' lang='lat' dir='ltr'><strong>spuerio,</strong></span> <span class='ocrx_word' id='word_1_233' title='bbox 484 1803 607 1858; x_wconf 86' lang='lat' dir='ltr'><strong>Emman.</strong></span> <span class='ocrx_word' id='word_1_234' title='bbox 625 1802 725 1859; x_wconf 88' lang='lat' dir='ltr'><strong>ltoder.</strong></span> <span class='ocrx_word' id='word_1_235' title='bbox 741 1809 809 1859; x_wconf 93' lang='lat' dir='ltr'><strong>tom.</strong></span> <span class='ocrx_word' id='word_1_236' title='bbox 830 1805 854 1858; x_wconf 91' lang='lat' dir='ltr'><strong>t.</strong></span> <span class='ocrx_word' id='word_1_237' title='bbox 870 1807 978 1874; x_wconf 88' lang='lat' dir='ltr'><strong>quaest.</strong></span> <span class='ocrx_word' id='word_1_238' title='bbox 995 1800 1121 1874; x_wconf 88' lang='lat' dir='ltr'><strong>regular.</strong></span> <span class='ocrx_word' id='word_1_239' title='bbox 1158 1801 1292 1858; x_wconf 90' lang='lat' dir='ltr'><strong>delictum</strong></span> <span class='ocrx_word' id='word_1_240' title='bbox 1303 1803 1532 1874; x_wconf 77' lang='lat' dir='ltr'><strong>committentem,</strong></span> <span class='ocrx_word' id='word_1_241' title='bbox 1543 1805 1606 1875; x_wconf 89' lang='lat' dir='ltr'><strong>quis</strong></span> <span class='ocrx_word' id='word_1_242' title='bbox 1620 1803 1765 1860; x_wconf 91' lang='lat' dir='ltr'><strong>licetsitin</strong></span> <span class='ocrx_word' id='word_1_243' title='bbox 1777 1805 1868 1873; x_wconf 87' lang='lat' dir='ltr'><strong>specie</strong></span> <span class='ocrx_word' id='word_1_244' title='bbox 1883 1803 1966 1878; x_wconf 90' lang='lat' dir='ltr'><strong>idem,</strong></span> <span class='ocrx_word' id='word_1_245' title='bbox 1997 1876 2001 1882; x_wconf 25' lang='grc' dir='ltr'>Ι</span> 
     </span>
     <span class='ocr_line' id='line_1_18' title="bbox 319 1889 1965 1966; baseline 0.001 -17"><span class='ocrx_word' id='word_1_246' title='bbox 319 1907 348 1964; x_wconf 93' lang='lat' dir='ltr'><strong>q.</strong></span> <span class='ocrx_word' id='word_1_247' title='bbox 367 1895 482 1963; x_wconf 90' lang='lat' dir='ltr'><strong>ll,art.</strong></span> <span class='ocrx_word' id='word_1_248' title='bbox 500 1895 531 1960; x_wconf 89' lang='grc'><strong>6,</strong></span> <span class='ocrx_word' id='word_1_249' title='bbox 547 1891 644 1964; x_wconf 88' lang='lat' dir='ltr'><strong>regula</strong></span> <span class='ocrx_word' id='word_1_250' title='bbox 663 1890 928 1960; x_wconf 87' lang='lat' dir='ltr'><strong>ll,Sanc.lib.10.</strong></span> <span class='ocrx_word' id='word_1_251' title='bbox 946 1891 979 1947; x_wconf 92' lang='lat' dir='ltr'><strong>de</strong></span> <span class='ocrx_word' id='word_1_252' title='bbox 1001 1889 1118 1947; x_wconf 89' lang='lat' dir='ltr'><strong>matrim.</strong></span> <span class='ocrx_word' id='word_1_253' title='bbox 1157 1907 1211 1948; x_wconf 91' lang='lat' dir='ltr'><strong>uon</strong></span> <span class='ocrx_word' id='word_1_254' title='bbox 1232 1898 1321 1948; x_wconf 92' lang='lat' dir='ltr'><strong>tamen</strong></span> <span class='ocrx_word' id='word_1_255' title='bbox 1336 1898 1378 1949; x_wconf 88' lang='lat' dir='ltr'><strong>est</strong></span> <span class='ocrx_word' id='word_1_256' title='bbox 1398 1892 1478 1962; x_wconf 90' lang='lat' dir='ltr'><strong>idem,</strong></span> <span class='ocrx_word' id='word_1_257' title='bbox 1495 1891 1570 1964; x_wconf 92' lang='lat' dir='ltr'><strong>quod</strong></span> <span class='ocrx_word' id='word_1_258' title='bbox 1592 1893 1634 1950; x_wconf 85' lang='lat' dir='ltr'><strong>lex</strong></span> <span class='ocrx_word' id='word_1_259' title='bbox 1656 1893 1752 1960; x_wconf 80' lang='lat' dir='ltr'><strong>voluit,</strong></span> <span class='ocrx_word' id='word_1_260' title='bbox 1768 1901 1796 1950; x_wconf 88' lang='lat' dir='ltr'><strong>et</strong></span> <span class='ocrx_word' id='word_1_261' title='bbox 1819 1897 1965 1966; x_wconf 78' lang='lat' dir='ltr'><strong>expressit.</strong></span> 
     </span>
     <span class='ocr_line' id='line_1_19' title="bbox 318 1979 1965 2056; baseline 0.002 -18"><span class='ocrx_word' id='word_1_262' title='bbox 318 1981 390 2052; x_wconf 92' lang='lat' dir='ltr'><strong>disp.</strong></span> <span class='ocrx_word' id='word_1_263' title='bbox 404 1985 431 2039; x_wconf 85' lang='lat' dir='ltr'><strong>l.</strong></span> <span class='ocrx_word' id='word_1_264' title='bbox 448 1981 559 2037; x_wconf 89' lang='lat' dir='ltr'><strong>Probari</strong></span> <span class='ocrx_word' id='word_1_265' title='bbox 579 1986 670 2037; x_wconf 90' lang='lat' dir='ltr'><strong>autem</strong></span> <span class='ocrx_word' id='word_1_266' title='bbox 689 1986 778 2052; x_wconf 89' lang='lat' dir='ltr'><strong>potest</strong></span> <span class='ocrx_word' id='word_1_267' title='bbox 794 1980 881 2052; x_wconf 91' lang='lat' dir='ltr'><strong>primo</strong></span> <span class='ocrx_word' id='word_1_268' title='bbox 895 1995 927 2037; x_wconf 89' lang='lat' dir='ltr'><strong>ex</strong></span> <span class='ocrx_word' id='word_1_269' title='bbox 945 1979 1066 2054; x_wconf 87' lang='lat' dir='ltr'><strong>generali</strong></span> <span class='ocrx_word' id='word_1_270' title='bbox 1080 1984 1123 2036; x_wconf 92' lang='lat' dir='ltr'><strong>re&#39;·</strong></span> <span class='ocrx_word' id='word_1_271' title='bbox 1156 1982 1224 2038; x_wconf 90' lang='lat' dir='ltr'><strong>item</strong></span> <span class='ocrx_word' id='word_1_272' title='bbox 1239 1981 1283 2038; x_wconf 90' lang='lat' dir='ltr'><strong>bic</strong></span> <span class='ocrx_word' id='word_1_273' title='bbox 1298 1981 1424 2054; x_wconf 88' lang='lat' dir='ltr'><strong>procedit</strong></span> <span class='ocrx_word' id='word_1_274' title='bbox 1437 1983 1481 2039; x_wconf 89' lang='lat' dir='ltr'><strong>illa</strong></span> <span class='ocrx_word' id='word_1_275' title='bbox 1495 1983 1575 2054; x_wconf 90' lang='lat' dir='ltr'><strong>ratio,</strong></span> <span class='ocrx_word' id='word_1_276' title='bbox 1589 1984 1664 2056; x_wconf 94' lang='lat' dir='ltr'><strong>quod</strong></span> <span class='ocrx_word' id='word_1_277' title='bbox 1679 1984 1775 2056; x_wconf 92' lang='lat' dir='ltr'><strong>punire</strong></span> <span class='ocrx_word' id='word_1_278' title='bbox 1789 1982 1858 2042; x_wconf 89' lang='lat' dir='ltr'><strong>banc</strong></span> <span class='ocrx_word' id='word_1_279' title='bbox 1874 1985 1916 2042; x_wconf 82' lang='lat' dir='ltr'><strong>vel</strong></span> <span class='ocrx_word' id='word_1_280' title='bbox 1931 1984 1965 2042; x_wconf 92' lang='lat' dir='ltr'><strong>il-</strong></span> 
     </span>
     <span class='ocr_line' id='line_1_20' title="bbox 318 2061 1969 2146; baseline 0.004 -21"><span class='ocrx_word' id='word_1_281' title='bbox 318 2071 384 2143; x_wconf 92' lang='lat' dir='ltr'><strong>gula</strong></span> <span class='ocrx_word' id='word_1_282' title='bbox 403 2061 532 2136; x_wconf 80' lang='lat' dir='ltr'><strong>iuris,&#39;in</strong></span> <span class='ocrx_word' id='word_1_283' title='bbox 554 2071 647 2142; x_wconf 91' lang='lat' dir='ltr'><strong>poenis</strong></span> <span class='ocrx_word' id='word_1_284' title='bbox 668 2069 853 2143; x_wconf 83' lang='lat' dir='ltr'><strong>benigniorem</strong></span> <span class='ocrx_word' id='word_1_285' title='bbox 874 2070 1122 2141; x_wconf 89' lang='lat' dir='ltr'><strong>interpretationem</strong></span> <span class='ocrx_word' id='word_1_286' title='bbox 1137 2063 1211 2127; x_wconf 84' lang='lat' dir='ltr'><strong>&#39;lam</strong></span> <span class='ocrx_word' id='word_1_287' title='bbox 1236 2087 1381 2142; x_wconf 88' lang='lat' dir='ltr'><strong>personam</strong></span> <span class='ocrx_word' id='word_1_288' title='bbox 1402 2072 1502 2144; x_wconf 90' lang='lat' dir='ltr'><strong>pendet</strong></span> <span class='ocrx_word' id='word_1_289' title='bbox 1522 2088 1556 2130; x_wconf 92' lang='lat' dir='ltr'><strong>ex</strong></span> <span class='ocrx_word' id='word_1_290' title='bbox 1577 2073 1716 2130; x_wconf 87' lang='lat' dir='ltr'><strong>voluntate</strong></span> <span class='ocrx_word' id='word_1_291' title='bbox 1738 2073 1917 2146; x_wconf 76' lang='lat' dir='ltr'><strong>legislatoris,</strong></span> <span class='ocrx_word' id='word_1_292' title='bbox 1939 2080 1969 2132; x_wconf 93' lang='lat' dir='ltr'><strong>et</strong></span> 
     </span>
     <span class='ocr_line' id='line_1_21' title="bbox 319 2159 1967 2236; baseline 0.002 -20"><span class='ocrx_word' id='word_1_293' title='bbox 319 2175 380 2216; x_wconf 90' lang='lat' dir='ltr'><strong>esse</strong></span> <span class='ocrx_word' id='word_1_294' title='bbox 394 2159 557 2231; x_wconf 70' lang='lat' dir='ltr'><strong>leniendam,</strong></span> <span class='ocrx_word' id='word_1_295' title='bbox 571 2167 600 2217; x_wconf 94' lang='lat' dir='ltr'><strong>at</strong></span> <span class='ocrx_word' id='word_1_296' title='bbox 612 2160 734 2217; x_wconf 89' lang='lat' dir='ltr'><strong>extensio</strong></span> <span class='ocrx_word' id='word_1_297' title='bbox 746 2175 848 2231; x_wconf 90' lang='lat' dir='ltr'><strong>poenae</strong></span> <span class='ocrx_word' id='word_1_298' title='bbox 863 2167 974 2232; x_wconf 93' lang='lat' dir='ltr'><strong>propter</strong></span> <span class='ocrx_word' id='word_1_299' title='bbox 985 2159 1071 2216; x_wconf 92' lang='lat' dir='ltr'><strong>solam</strong></span> <span class='ocrx_word' id='word_1_300' title='bbox 1086 2159 1123 2215; x_wconf 92' lang='lat' dir='ltr'><strong>si·</strong></span> <span class='ocrx_word' id='word_1_301' title='bbox 1158 2159 1219 2216; x_wconf 92' lang='lat' dir='ltr'><strong>ideo</strong></span> <span class='ocrx_word' id='word_1_302' title='bbox 1235 2176 1289 2218; x_wconf 95' lang='lat' dir='ltr'><strong>non</strong></span> <span class='ocrx_word' id='word_1_303' title='bbox 1304 2161 1408 2218; x_wconf 90' lang='lat' dir='ltr'><strong>sullicit</strong></span> <span class='ocrx_word' id='word_1_304' title='bbox 1418 2162 1512 2218; x_wconf 88' lang='lat' dir='ltr'><strong>similis</strong></span> <span class='ocrx_word' id='word_1_305' title='bbox 1523 2163 1605 2235; x_wconf 85' lang='lat' dir='ltr'><strong>ratio,</strong></span> <span class='ocrx_word' id='word_1_306' title='bbox 1617 2164 1682 2235; x_wconf 91' lang='lat' dir='ltr'><strong>quia</strong></span> <span class='ocrx_word' id='word_1_307' title='bbox 1696 2178 1748 2220; x_wconf 90' lang='lat' dir='ltr'><strong>nec</strong></span> <span class='ocrx_word' id='word_1_308' title='bbox 1763 2178 1870 2236; x_wconf 89' lang='lat' dir='ltr'><strong>semper</strong></span> <span class='ocrx_word' id='word_1_309' title='bbox 1885 2164 1967 2221; x_wconf 90' lang='lat' dir='ltr'><strong>bomo</strong></span> 
     </span>
     <span class='ocr_line' id='line_1_22' title="bbox 320 2249 1966 2326; baseline 0.003 -19"><span class='ocrx_word' id='word_1_310' title='bbox 320 2249 496 2307; x_wconf 87' lang='lat' dir='ltr'><strong>militudinem</strong></span> <span class='ocrx_word' id='word_1_311' title='bbox 518 2266 572 2306; x_wconf 94' lang='lat' dir='ltr'><strong>non</strong></span> <span class='ocrx_word' id='word_1_312' title='bbox 587 2251 615 2306; x_wconf 91' lang='lat' dir='ltr'><strong>tit</strong></span> <span class='ocrx_word' id='word_1_313' title='bbox 636 2265 684 2322; x_wconf 88' lang='lat' dir='ltr'><strong>per</strong></span> <span class='ocrx_word' id='word_1_314' title='bbox 699 2249 950 2322; x_wconf 89' lang='lat' dir='ltr'><strong>interpretationem</strong></span> <span class='ocrx_word' id='word_1_315' title='bbox 965 2250 1119 2323; x_wconf 87' lang='lat' dir='ltr'><strong>benignam,</strong></span> <span class='ocrx_word' id='word_1_316' title='bbox 1158 2251 1220 2308; x_wconf 89' lang='lat' dir='ltr'><strong>vult</strong></span> <span class='ocrx_word' id='word_1_317' title='bbox 1232 2252 1339 2323; x_wconf 85' lang='lat' dir='ltr'><strong>omnia,</strong></span> <span class='ocrx_word' id='word_1_318' title='bbox 1354 2266 1425 2325; x_wconf 85' lang='lat' dir='ltr'><strong>quac</strong></span> <span class='ocrx_word' id='word_1_319' title='bbox 1440 2253 1603 2325; x_wconf 90' lang='lat' dir='ltr'><strong>participant</strong></span> <span class='ocrx_word' id='word_1_320' title='bbox 1616 2253 1820 2311; x_wconf 89' lang='lat' dir='ltr'><strong>similitudinem</strong></span> <span class='ocrx_word' id='word_1_321' title='bbox 1838 2255 1966 2326; x_wconf 88' lang='lat' dir='ltr'><strong>rationis,</strong></span> 
     </span>
     <span class='ocr_line' id='line_1_23' title="bbox 320 2338 1966 2415; baseline 0.005 -21"><span class='ocrx_word' id='word_1_322' title='bbox 320 2338 367 2394; x_wconf 91' lang='lat' dir='ltr'><strong>sed</strong></span> <span class='ocrx_word' id='word_1_323' title='bbox 382 2340 461 2395; x_wconf 78' lang='lat' dir='ltr'><strong>ciniis</strong></span> <span class='ocrx_word' id='word_1_324' title='bbox 476 2340 642 2414; x_wconf 85' lang='lat' dir='ltr'><strong>rigorosam;</strong></span> <span class='ocrx_word' id='word_1_325' title='bbox 659 2355 738 2414; x_wconf 84' lang='lat' dir='ltr'><strong>ergo.</strong></span> <span class='ocrx_word' id='word_1_326' title='bbox 752 2339 896 2412; x_wconf 91' lang='lat' dir='ltr'><strong>Secundo,</strong></span> <span class='ocrx_word' id='word_1_327' title='bbox 912 2343 978 2413; x_wconf 90' lang='lat' dir='ltr'><strong>quia</strong></span> <span class='ocrx_word' id='word_1_328' title='bbox 992 2340 1060 2398; x_wconf 89' lang='lat' dir='ltr'><strong>baec</strong></span> <span class='ocrx_word' id='word_1_329' title='bbox 1075 2356 1123 2398; x_wconf 86' lang='lat' dir='ltr'><strong>cx·</strong></span> <span class='ocrx_word' id='word_1_330' title='bbox 1157 2357 1207 2398; x_wconf 93' lang='lat' dir='ltr'><strong>nec</strong></span> <span class='ocrx_word' id='word_1_331' title='bbox 1223 2357 1331 2414; x_wconf 90' lang='lat' dir='ltr'><strong>semper</strong></span> <span class='ocrx_word' id='word_1_332' title='bbox 1345 2342 1454 2414; x_wconf 88' lang='lat' dir='ltr'><strong>expedit</strong></span> <span class='ocrx_word' id='word_1_333' title='bbox 1469 2346 1560 2401; x_wconf 91' lang='lat' dir='ltr'><strong>omnia</strong></span> <span class='ocrx_word' id='word_1_334' title='bbox 1574 2343 1652 2415; x_wconf 87' lang='lat' dir='ltr'><strong>velle,</strong></span> <span class='ocrx_word' id='word_1_335' title='bbox 1664 2343 1713 2401; x_wconf 91' lang='lat' dir='ltr'><strong>scd</strong></span> <span class='ocrx_word' id='word_1_336' title='bbox 1728 2359 1813 2400; x_wconf 90' lang='lat' dir='ltr'><strong>unum</strong></span> <span class='ocrx_word' id='word_1_337' title='bbox 1829 2359 1894 2415; x_wconf 90' lang='lat' dir='ltr'><strong>prae</strong></span> <span class='ocrx_word' id='word_1_338' title='bbox 1911 2344 1966 2402; x_wconf 88' lang='lat' dir='ltr'><strong>alio</strong></span> 
     </span>
     <span class='ocr_line' id='line_1_24' title="bbox 321 2429 1966 2506; baseline 0.002 -21"><span class='ocrx_word' id='word_1_339' title='bbox 321 2429 407 2486; x_wconf 88' lang='lat' dir='ltr'><strong>tensio</strong></span> <span class='ocrx_word' id='word_1_340' title='bbox 423 2429 464 2486; x_wconf 85' lang='lat' dir='ltr'><strong>vel</strong></span> <span class='ocrx_word' id='word_1_341' title='bbox 479 2429 534 2486; x_wconf 89' lang='lat' dir='ltr'><strong>lieri</strong></span> <span class='ocrx_word' id='word_1_342' title='bbox 555 2437 678 2502; x_wconf 87' lang='lat' dir='ltr'><strong>possete</strong></span> <span class='ocrx_word' id='word_1_343' title='bbox 698 2445 767 2487; x_wconf 86' lang='lat' dir='ltr'><strong>casu</strong></span> <span class='ocrx_word' id='word_1_344' title='bbox 780 2430 813 2486; x_wconf 90' lang='lat' dir='ltr'><strong>ad</strong></span> <span class='ocrx_word' id='word_1_345' title='bbox 834 2445 930 2488; x_wconf 92' lang='lat' dir='ltr'><strong>casum</strong></span> <span class='ocrx_word' id='word_1_346' title='bbox 944 2431 1057 2487; x_wconf 89' lang='lat' dir='ltr'><strong>similem</strong></span> <span class='ocrx_word' id='word_1_347' title='bbox 1078 2447 1123 2488; x_wconf 89' lang='lat' dir='ltr'><strong>ae·</strong></span> <span class='ocrx_word' id='word_1_348' title='bbox 1156 2432 1267 2505; x_wconf 90' lang='lat' dir='ltr'><strong>eligitur</strong></span> <span class='ocrx_word' id='word_1_349' title='bbox 1281 2432 1393 2489; x_wconf 90' lang='lat' dir='ltr'><strong>arbitrio</strong></span> <span class='ocrx_word' id='word_1_350' title='bbox 1408 2431 1583 2504; x_wconf 84' lang='lat' dir='ltr'><strong>legislatoris,</strong></span> <span class='ocrx_word' id='word_1_351' title='bbox 1599 2433 1641 2490; x_wconf 83' lang='lat' dir='ltr'><strong>sel</strong></span> <span class='ocrx_word' id='word_1_352' title='bbox 1656 2439 1769 2505; x_wconf 90' lang='lat' dir='ltr'><strong>propter</strong></span> <span class='ocrx_word' id='word_1_353' title='bbox 1784 2433 1835 2490; x_wconf 86' lang='lat' dir='ltr'><strong>alie</strong></span> <span class='ocrx_word' id='word_1_354' title='bbox 1853 2434 1966 2506; x_wconf 83' lang='lat' dir='ltr'><strong>motiva,</strong></span> 
     </span>
     <span class='ocr_line' id='line_1_25' title="bbox 319 2518 1967 2595; baseline 0.003 -20"><span class='ocrx_word' id='word_1_355' title='bbox 319 2518 440 2592; x_wconf 89' lang='lat' dir='ltr'><strong>qualem,</strong></span> <span class='ocrx_word' id='word_1_356' title='bbox 458 2519 500 2576; x_wconf 85' lang='lat' dir='ltr'><strong>vel</strong></span> <span class='ocrx_word' id='word_1_357' title='bbox 514 2521 684 2593; x_wconf 86' lang='lat' dir='ltr'><strong>graviorem,</strong></span> <span class='ocrx_word' id='word_1_358' title='bbox 700 2520 743 2578; x_wconf 83' lang='lat' dir='ltr'><strong>sel</strong></span> <span class='ocrx_word' id='word_1_359' title='bbox 758 2536 773 2577; x_wconf 92' lang='lat' dir='ltr'><strong>a</strong></span> <span class='ocrx_word' id='word_1_360' title='bbox 786 2536 902 2593; x_wconf 90' lang='lat' dir='ltr'><strong>persona</strong></span> <span class='ocrx_word' id='word_1_361' title='bbox 915 2521 949 2577; x_wconf 90' lang='lat' dir='ltr'><strong>ad</strong></span> <span class='ocrx_word' id='word_1_362' title='bbox 965 2536 1120 2594; x_wconf 89' lang='lat' dir='ltr'><strong>personam,</strong></span> <span class='ocrx_word' id='word_1_363' title='bbox 1156 2537 1227 2595; x_wconf 90' lang='lat' dir='ltr'><strong>quae</strong></span> <span class='ocrx_word' id='word_1_364' title='bbox 1241 2520 1314 2593; x_wconf 91' lang='lat' dir='ltr'><strong>apud</strong></span> <span class='ocrx_word' id='word_1_365' title='bbox 1330 2537 1360 2577; x_wconf 90' lang='lat' dir='ltr'><strong>sc</strong></span> <span class='ocrx_word' id='word_1_366' title='bbox 1376 2521 1475 2580; x_wconf 88' lang='lat' dir='ltr'><strong>babere</strong></span> <span class='ocrx_word' id='word_1_367' title='bbox 1490 2523 1589 2594; x_wconf 89' lang='lat' dir='ltr'><strong>potuit.</strong></span> <span class='ocrx_word' id='word_1_368' title='bbox 1603 2523 1638 2579; x_wconf 85' lang='lat' dir='ltr'><strong>Et</strong></span> <span class='ocrx_word' id='word_1_369' title='bbox 1651 2521 1720 2578; x_wconf 88' lang='lat' dir='ltr'><strong>boec</strong></span> <span class='ocrx_word' id='word_1_370' title='bbox 1733 2527 1776 2579; x_wconf 91' lang='lat' dir='ltr'><strong>cst</strong></span> <span class='ocrx_word' id='word_1_371' title='bbox 1790 2522 1904 2580; x_wconf 88' lang='lat' dir='ltr'><strong>iuridica</strong></span> <span class='ocrx_word' id='word_1_372' title='bbox 1922 2538 1967 2580; x_wconf 85' lang='lat' dir='ltr'><strong>ra-</strong></span> 
     </span>
     <span class='ocr_line' id='line_1_26' title="bbox 320 2608 1966 2686; baseline 0.004 -23"><span class='ocrx_word' id='word_1_373' title='bbox 320 2608 392 2665; x_wconf 86' lang='lat' dir='ltr'><strong>vela</strong></span> <span class='ocrx_word' id='word_1_374' title='bbox 412 2625 498 2681; x_wconf 91' lang='lat' dir='ltr'><strong>poena</strong></span> <span class='ocrx_word' id='word_1_375' title='bbox 519 2608 553 2666; x_wconf 88' lang='lat' dir='ltr'><strong>od</strong></span> <span class='ocrx_word' id='word_1_376' title='bbox 574 2625 705 2683; x_wconf 88' lang='lat' dir='ltr'><strong>poenam,</strong></span> <span class='ocrx_word' id='word_1_377' title='bbox 721 2609 794 2668; x_wconf 82' lang='lat' dir='ltr'><strong>uela</strong></span> <span class='ocrx_word' id='word_1_378' title='bbox 813 2609 877 2686; x_wconf 81' lang='lat' dir='ltr'><strong>loeo</strong></span> <span class='ocrx_word' id='word_1_379' title='bbox 898 2609 931 2667; x_wconf 89' lang='lat' dir='ltr'><strong>ad</strong></span> <span class='ocrx_word' id='word_1_380' title='bbox 952 2609 1058 2684; x_wconf 91' lang='lat' dir='ltr'><strong>locum,</strong></span> <span class='ocrx_word' id='word_1_381' title='bbox 1073 2616 1123 2668; x_wconf 92' lang='lat' dir='ltr'><strong>aut</strong></span> <span class='ocrx_word' id='word_1_382' title='bbox 1156 2612 1193 2667; x_wconf 93' lang='lat' dir='ltr'><strong>tio</strong></span> <span class='ocrx_word' id='word_1_383' title='bbox 1207 2612 1363 2683; x_wconf 90' lang='lat' dir='ltr'><strong>exponendi</strong></span> <span class='ocrx_word' id='word_1_384' title='bbox 1379 2626 1473 2667; x_wconf 91' lang='lat' dir='ltr'><strong>omnes</strong></span> <span class='ocrx_word' id='word_1_385' title='bbox 1488 2626 1607 2668; x_wconf 88' lang='lat' dir='ltr'><strong>canones</strong></span> <span class='ocrx_word' id='word_1_386' title='bbox 1621 2611 1764 2684; x_wconf 86' lang='lat' dir='ltr'><strong>poenales,</strong></span> <span class='ocrx_word' id='word_1_387' title='bbox 1779 2619 1807 2668; x_wconf 89' lang='lat' dir='ltr'><strong>et</strong></span> <span class='ocrx_word' id='word_1_388' title='bbox 1821 2612 1966 2672; x_wconf 87' lang='lat' dir='ltr'><strong>destructo</strong></span> 
     </span>
     <span class='ocr_line' id='line_1_27' title="bbox 318 2697 1967 2774; baseline 0.004 -22"><span class='ocrx_word' id='word_1_389' title='bbox 318 2697 371 2754; x_wconf 91' lang='lat' dir='ltr'><strong>alia</strong></span> <span class='ocrx_word' id='word_1_390' title='bbox 387 2699 466 2755; x_wconf 89' lang='lat' dir='ltr'><strong>simili</strong></span> <span class='ocrx_word' id='word_1_391' title='bbox 485 2699 709 2772; x_wconf 70' lang='lat' dir='ltr'><strong>circumstantia,</strong></span> <span class='ocrx_word' id='word_1_392' title='bbox 726 2699 789 2757; x_wconf 92' lang='lat' dir='ltr'><strong>nihil</strong></span> <span class='ocrx_word' id='word_1_393' title='bbox 804 2707 897 2758; x_wconf 87' lang='lat' dir='ltr'><strong>eutem</strong></span> <span class='ocrx_word' id='word_1_394' title='bbox 916 2699 1015 2757; x_wconf 91' lang='lat' dir='ltr'><strong>borum</strong></span> <span class='ocrx_word' id='word_1_395' title='bbox 1030 2705 1122 2772; x_wconf 89' lang='lat' dir='ltr'><strong>potest</strong></span> <span class='ocrx_word' id='word_1_396' title='bbox 1156 2700 1208 2758; x_wconf 92' lang='lat' dir='ltr'><strong>boc</strong></span> <span class='ocrx_word' id='word_1_397' title='bbox 1222 2700 1344 2774; x_wconf 88' lang='lat' dir='ltr'><strong>generali</strong></span> <span class='ocrx_word' id='word_1_398' title='bbox 1356 2700 1664 2774; x_wconf 89' lang='lat' dir='ltr'><strong>laudamento,tollitur</strong></span> <span class='ocrx_word' id='word_1_399' title='bbox 1678 2701 1816 2759; x_wconf 87' lang='lat' dir='ltr'><strong>certitudo</strong></span> <span class='ocrx_word' id='word_1_400' title='bbox 1829 2705 1856 2758; x_wconf 93' lang='lat' dir='ltr'><strong>in</strong></span> <span class='ocrx_word' id='word_1_401' title='bbox 1873 2702 1913 2758; x_wconf 93' lang='lat' dir='ltr'><strong>bis</strong></span> <span class='ocrx_word' id='word_1_402' title='bbox 1929 2702 1967 2759; x_wconf 90' lang='lat' dir='ltr'><strong>le-</strong></span> 
     </span>
     <span class='ocr_line' id='line_1_28' title="bbox 312 2787 1966 2863; baseline 0.002 -19"><span class='ocrx_word' id='word_1_403' title='bbox 312 2787 372 2847; x_wconf 91' lang='lat' dir='ltr'><strong>·dici</strong></span> <span class='ocrx_word' id='word_1_404' title='bbox 389 2807 453 2847; x_wconf 92' lang='lat' dir='ltr'><strong>cum</strong></span> <span class='ocrx_word' id='word_1_405' title='bbox 468 2789 672 2862; x_wconf 65' lang='lat' dir='ltr'><strong>probabilitate,</strong></span> <span class='ocrx_word' id='word_1_406' title='bbox 688 2805 765 2862; x_wconf 86' lang='lat' dir='ltr'><strong>ergo.</strong></span> <span class='ocrx_word' id='word_1_407' title='bbox 1154 2789 1233 2862; x_wconf 88' lang='lat' dir='ltr'><strong>gibus</strong></span> <span class='ocrx_word' id='word_1_408' title='bbox 1253 2790 1433 2862; x_wconf 83' lang='lat' dir='ltr'><strong>explicandis.</strong></span> <span class='ocrx_word' id='word_1_409' title='bbox 1449 2791 1484 2846; x_wconf 87' lang='lat' dir='ltr'><strong>Et</strong></span> <span class='ocrx_word' id='word_1_410' title='bbox 1503 2791 1574 2848; x_wconf 92' lang='lat' dir='ltr'><strong>idem</strong></span> <span class='ocrx_word' id='word_1_411' title='bbox 1589 2791 1733 2849; x_wconf 89' lang='lat' dir='ltr'><strong>discursus</strong></span> <span class='ocrx_word' id='word_1_412' title='bbox 1748 2793 1804 2847; x_wconf 85' lang='lat' dir='ltr'><strong>fieri</strong></span> <span class='ocrx_word' id='word_1_413' title='bbox 1824 2797 1917 2863; x_wconf 86' lang='lat' dir='ltr'><strong>potest</strong></span> <span class='ocrx_word' id='word_1_414' title='bbox 1933 2790 1966 2848; x_wconf 92' lang='lat' dir='ltr'><strong>de</strong></span> 
     </span>
     <span class='ocr_line' id='line_1_29' title="bbox 357 2879 1966 2954; baseline 0.002 -17"><span class='ocrx_word' id='word_1_415' title='bbox 357 2880 492 2937; x_wconf 88' lang='lat' dir='ltr'><strong>Probatur</strong></span> <span class='ocrx_word' id='word_1_416' title='bbox 504 2882 591 2952; x_wconf 90' lang='lat' dir='ltr'><strong>prima</strong></span> <span class='ocrx_word' id='word_1_417' title='bbox 604 2895 666 2951; x_wconf 92' lang='lat' dir='ltr'><strong>pars</strong></span> <span class='ocrx_word' id='word_1_418' title='bbox 678 2879 710 2936; x_wconf 91' lang='lat' dir='ltr'><strong>de</strong></span> <span class='ocrx_word' id='word_1_419' title='bbox 722 2895 788 2936; x_wconf 86' lang='lat' dir='ltr'><strong>casu</strong></span> <span class='ocrx_word' id='word_1_420' title='bbox 802 2879 836 2936; x_wconf 94' lang='lat' dir='ltr'><strong>ad</strong></span> <span class='ocrx_word' id='word_1_421' title='bbox 847 2895 954 2950; x_wconf 86' lang='lat' dir='ltr'><strong>casum,</strong></span> <span class='ocrx_word' id='word_1_422' title='bbox 970 2880 1036 2952; x_wconf 88' lang='lat' dir='ltr'><strong>quin</strong></span> <span class='ocrx_word' id='word_1_423' title='bbox 1057 2895 1122 2952; x_wconf 87' lang='lat' dir='ltr'><strong>poc·</strong></span> <span class='ocrx_word' id='word_1_424' title='bbox 1156 2881 1234 2953; x_wconf 74' lang='lat' dir='ltr'><strong>loco,</strong></span> <span class='ocrx_word' id='word_1_425' title='bbox 1251 2896 1314 2937; x_wconf 92' lang='lat' dir='ltr'><strong>nam</strong></span> <span class='ocrx_word' id='word_1_426' title='bbox 1329 2882 1351 2937; x_wconf 90' lang='lat' dir='ltr'><strong>si</strong></span> <span class='ocrx_word' id='word_1_427' title='bbox 1367 2880 1407 2938; x_wconf 92' lang='lat' dir='ltr'><strong>lex</strong></span> <span class='ocrx_word' id='word_1_428' title='bbox 1424 2883 1506 2953; x_wconf 89' lang='lat' dir='ltr'><strong>punit</strong></span> <span class='ocrx_word' id='word_1_429' title='bbox 1518 2881 1649 2939; x_wconf 88' lang='lat' dir='ltr'><strong>delictum</strong></span> <span class='ocrx_word' id='word_1_430' title='bbox 1665 2881 1769 2939; x_wconf 90' lang='lat' dir='ltr'><strong>lactum</strong></span> <span class='ocrx_word' id='word_1_431' title='bbox 1783 2881 1809 2936; x_wconf 91' lang='lat' dir='ltr'><strong>in</strong></span> <span class='ocrx_word' id='word_1_432' title='bbox 1824 2882 1871 2938; x_wconf 89' lang='lat' dir='ltr'><strong>tali</strong></span> <span class='ocrx_word' id='word_1_433' title='bbox 1885 2882 1966 2954; x_wconf 90' lang='lat' dir='ltr'><strong>loce,</strong></span> 
     </span>
     <span class='ocr_line' id='line_1_30' title="bbox 317 2966 1965 3044; baseline 0.002 -18"><span class='ocrx_word' id='word_1_434' title='bbox 317 2987 369 3026; x_wconf 91' lang='lat' dir='ltr'><strong>nac</strong></span> <span class='ocrx_word' id='word_1_435' title='bbox 384 2971 518 3042; x_wconf 88' lang='lat' dir='ltr'><strong>impositio</strong></span> <span class='ocrx_word' id='word_1_436' title='bbox 530 2969 593 3026; x_wconf 91' lang='lat' dir='ltr'><strong>licet</strong></span> <span class='ocrx_word' id='word_1_437' title='bbox 604 2969 754 3027; x_wconf 89' lang='lat' dir='ltr'><strong>secundum</strong></span> <span class='ocrx_word' id='word_1_438' title='bbox 768 2969 921 3044; x_wconf 78' lang='lat' dir='ltr'><strong>generalem</strong></span> <span class='ocrx_word' id='word_1_439' title='bbox 932 2970 1065 3026; x_wconf 89' lang='lat' dir='ltr'><strong>rationem</strong></span> <span class='ocrx_word' id='word_1_440' title='bbox 1077 2984 1122 3026; x_wconf 93' lang='lat' dir='ltr'><strong>ae·</strong></span> <span class='ocrx_word' id='word_1_441' title='bbox 1155 2971 1191 3027; x_wconf 92' lang='lat' dir='ltr'><strong>ita</strong></span> <span class='ocrx_word' id='word_1_442' title='bbox 1205 2977 1237 3028; x_wconf 92' lang='lat' dir='ltr'><strong>ut</strong></span> <span class='ocrx_word' id='word_1_443' title='bbox 1250 2987 1283 3029; x_wconf 87' lang='lat' dir='ltr'><strong>cx</strong></span> <span class='ocrx_word' id='word_1_444' title='bbox 1300 2970 1345 3028; x_wconf 90' lang='lat' dir='ltr'><strong>illa</strong></span> <span class='ocrx_word' id='word_1_445' title='bbox 1358 2966 1482 3042; x_wconf 87' lang='lat' dir='ltr'><strong>constet&#39;,</strong></span> <span class='ocrx_word' id='word_1_446' title='bbox 1498 2970 1628 3028; x_wconf 88' lang='lat' dir='ltr'><strong>habuisse</strong></span> <span class='ocrx_word' id='word_1_447' title='bbox 1642 2977 1800 3043; x_wconf 88' lang='lat' dir='ltr'><strong>respectum</strong></span> <span class='ocrx_word' id='word_1_448' title='bbox 1815 2972 1849 3028; x_wconf 90' lang='lat' dir='ltr'><strong>ad</strong></span> <span class='ocrx_word' id='word_1_449' title='bbox 1872 2971 1965 3044; x_wconf 89' lang='lat' dir='ltr'><strong>illum,</strong></span> 
     </span>
     <span class='ocr_line' id='line_1_31' title="bbox 317 3059 1966 3134; baseline 0.002 -17"><span class='ocrx_word' id='word_1_450' title='bbox 317 3060 457 3134; x_wconf 88' lang='lat' dir='ltr'><strong>qualitatis</strong></span> <span class='ocrx_word' id='word_1_451' title='bbox 476 3075 524 3116; x_wconf 91' lang='lat' dir='ltr'><strong>seu</strong></span> <span class='ocrx_word' id='word_1_452' title='bbox 540 3061 725 3132; x_wconf 89' lang='lat' dir='ltr'><strong>proportionis</strong></span> <span class='ocrx_word' id='word_1_453' title='bbox 740 3059 870 3116; x_wconf 88' lang='lat' dir='ltr'><strong>landetur</strong></span> <span class='ocrx_word' id='word_1_454' title='bbox 883 3060 909 3114; x_wconf 94' lang='lat' dir='ltr'><strong>in</strong></span> <span class='ocrx_word' id='word_1_455' title='bbox 925 3060 1030 3114; x_wconf 90' lang='lat' dir='ltr'><strong>ratione</strong></span> <span class='ocrx_word' id='word_1_456' title='bbox 1043 3059 1122 3115; x_wconf 91' lang='lat' dir='ltr'><strong>iusti·</strong></span> <span class='ocrx_word' id='word_1_457' title='bbox 1155 3077 1209 3118; x_wconf 90' lang='lat' dir='ltr'><strong>non</strong></span> <span class='ocrx_word' id='word_1_458' title='bbox 1224 3061 1382 3120; x_wconf 85' lang='lat' dir='ltr'><strong>extenditur</strong></span> <span class='ocrx_word' id='word_1_459' title='bbox 1396 3061 1429 3118; x_wconf 88' lang='lat' dir='ltr'><strong>ad</strong></span> <span class='ocrx_word' id='word_1_460' title='bbox 1449 3061 1548 3132; x_wconf 88' lang='lat' dir='ltr'><strong>alium,</strong></span> <span class='ocrx_word' id='word_1_461' title='bbox 1563 3061 1628 3118; x_wconf 90' lang='lat' dir='ltr'><strong>licet</strong></span> <span class='ocrx_word' id='word_1_462' title='bbox 1641 3061 1735 3118; x_wconf 88' lang='lat' dir='ltr'><strong>eadem</strong></span> <span class='ocrx_word' id='word_1_463' title='bbox 1752 3060 1795 3117; x_wconf 85' lang='lat' dir='ltr'><strong>vel</strong></span> <span class='ocrx_word' id='word_1_464' title='bbox 1814 3060 1905 3117; x_wconf 89' lang='lat' dir='ltr'><strong>similis</strong></span> <span class='ocrx_word' id='word_1_465' title='bbox 1921 3077 1966 3120; x_wconf 88' lang='lat' dir='ltr'><strong>ra·</strong></span> 
     </span>
     <span class='ocr_line' id='line_1_32' title="bbox 319 3143 1967 3225; baseline 0.001 -19"><span class='ocrx_word' id='word_1_466' title='bbox 319 3153 386 3219; x_wconf 88' lang='lat' dir='ltr'><strong>tiae,</strong></span> <span class='ocrx_word' id='word_1_467' title='bbox 407 3151 496 3208; x_wconf 87' lang='lat' dir='ltr'><strong>tamen</strong></span> <span class='ocrx_word' id='word_1_468' title='bbox 512 3152 537 3205; x_wconf 93' lang='lat' dir='ltr'><strong>in</strong></span> <span class='ocrx_word' id='word_1_469' title='bbox 552 3150 776 3207; x_wconf 87' lang='lat' dir='ltr'><strong>determinatione</strong></span> <span class='ocrx_word' id='word_1_470' title='bbox 791 3149 849 3206; x_wconf 89' lang='lat' dir='ltr'><strong>talis</strong></span> <span class='ocrx_word' id='word_1_471' title='bbox 868 3163 970 3219; x_wconf 89' lang='lat' dir='ltr'><strong>poenae</strong></span> <span class='ocrx_word' id='word_1_472' title='bbox 986 3148 1019 3205; x_wconf 92' lang='lat' dir='ltr'><strong>ad</strong></span> <span class='ocrx_word' id='word_1_473' title='bbox 1040 3149 1119 3205; x_wconf 89' lang='lat' dir='ltr'><strong>talem</strong></span> <span class='ocrx_word' id='word_1_474' title='bbox 1155 3152 1193 3209; x_wconf 92' lang='lat' dir='ltr'><strong>tio</strong></span> <span class='ocrx_word' id='word_1_475' title='bbox 1208 3155 1235 3209; x_wconf 93' lang='lat' dir='ltr'><strong>in</strong></span> <span class='ocrx_word' id='word_1_476' title='bbox 1255 3167 1362 3209; x_wconf 89' lang='lat' dir='ltr'><strong>coesse</strong></span> <span class='ocrx_word' id='word_1_477' title='bbox 1384 3150 1519 3208; x_wconf 87' lang='lat' dir='ltr'><strong>videatur.</strong></span> <span class='ocrx_word' id='word_1_478' title='bbox 1536 3143 1616 3220; x_wconf 82' lang='lat' dir='ltr'><strong>Quod</strong></span> <span class='ocrx_word' id='word_1_479' title='bbox 1635 3151 1745 3225; x_wconf 88' lang='lat' dir='ltr'><strong>quidem</strong></span> <span class='ocrx_word' id='word_1_480' title='bbox 1761 3149 1829 3208; x_wconf 84' lang='lat' dir='ltr'><strong>dixit</strong></span> <span class='ocrx_word' id='word_1_481' title='bbox 1846 3153 1922 3208; x_wconf 83' lang='lat' dir='ltr'><strong>Bari.</strong></span> <span class='ocrx_word' id='word_1_482' title='bbox 1938 3153 1967 3208; x_wconf 93' lang='lat' dir='ltr'><strong>in</strong></span> 
     </span>
     <span class='ocr_line' id='line_1_33' title="bbox 317 3239 1966 3314; baseline -0.001 -17"><span class='ocrx_word' id='word_1_483' title='bbox 317 3256 413 3298; x_wconf 88' lang='lat' dir='ltr'><strong>casum</strong></span> <span class='ocrx_word' id='word_1_484' title='bbox 434 3239 534 3312; x_wconf 89' lang='lat' dir='ltr'><strong>pendet</strong></span> <span class='ocrx_word' id='word_1_485' title='bbox 546 3256 578 3298; x_wconf 82' lang='lat' dir='ltr'><strong>es</strong></span> <span class='ocrx_word' id='word_1_486' title='bbox 597 3241 738 3298; x_wconf 84' lang='lat' dir='ltr'><strong>voluntate</strong></span> <span class='ocrx_word' id='word_1_487' title='bbox 753 3240 914 3312; x_wconf 83' lang='lat' dir='ltr'><strong>legislatoris</strong></span> <span class='ocrx_word' id='word_1_488' title='bbox 930 3239 1027 3313; x_wconf 87' lang='lat' dir='ltr'><strong>magis,</strong></span> <span class='ocrx_word' id='word_1_489' title='bbox 1037 3254 1120 3311; x_wconf 90' lang='lat' dir='ltr'><strong>quom</strong></span> <span class='ocrx_word' id='word_1_490' title='bbox 1154 3241 1762 3308; x_wconf 66' lang='lat' dir='ltr'><strong>tnantunnacum.desacrospnctucotes.</strong></span> <span class='ocrx_word' id='word_1_491' title='bbox 1776 3242 1887 3314; x_wconf 89' lang='lat' dir='ltr'><strong>quando</strong></span> <span class='ocrx_word' id='word_1_492' title='bbox 1898 3255 1966 3298; x_wconf 91' lang='lat' dir='ltr'><strong>cum</strong></span> 
     </span>
     <span class='ocr_line' id='line_1_34' title="bbox 316 3329 1966 3405; baseline 0 -17"><span class='ocrx_word' id='word_1_493' title='bbox 316 3348 351 3389; x_wconf 90' lang='lat' dir='ltr'><strong>ex</strong></span> <span class='ocrx_word' id='word_1_494' title='bbox 365 3331 487 3398; x_wconf 87' lang='lat' dir='ltr'><strong>ratione,</strong></span> <span class='ocrx_word' id='word_1_495' title='bbox 504 3337 536 3387; x_wconf 91' lang='lat' dir='ltr'><strong>ut</strong></span> <span class='ocrx_word' id='word_1_496' title='bbox 550 3336 673 3402; x_wconf 89' lang='lat' dir='ltr'><strong>constat,</strong></span> <span class='ocrx_word' id='word_1_497' title='bbox 688 3331 752 3404; x_wconf 88' lang='lat' dir='ltr'><strong>quia</strong></span> <span class='ocrx_word' id='word_1_498' title='bbox 771 3330 846 3386; x_wconf 86' lang='lat' dir='ltr'><strong>nulla</strong></span> <span class='ocrx_word' id='word_1_499' title='bbox 860 3335 939 3388; x_wconf 86' lang='lat' dir='ltr'><strong>certa</strong></span> <span class='ocrx_word' id='word_1_500' title='bbox 954 3331 1025 3385; x_wconf 88' lang='lat' dir='ltr'><strong>ratio</strong></span> <span class='ocrx_word' id='word_1_501' title='bbox 1040 3344 1120 3401; x_wconf 83' lang='lat' dir='ltr'><strong>coge·</strong></span> <span class='ocrx_word' id='word_1_502' title='bbox 1154 3331 1202 3388; x_wconf 90' lang='lat' dir='ltr'><strong>illa</strong></span> <span class='ocrx_word' id='word_1_503' title='bbox 1225 3331 1382 3388; x_wconf 88' lang='lat' dir='ltr'><strong>&#39;extensione</strong></span> <span class='ocrx_word' id='word_1_504' title='bbox 1404 3329 1546 3388; x_wconf 88' lang='lat' dir='ltr'><strong>inducitur</strong></span> <span class='ocrx_word' id='word_1_505' title='bbox 1560 3332 1698 3388; x_wconf 89' lang='lat' dir='ltr'><strong>correctio</strong></span> <span class='ocrx_word' id='word_1_506' title='bbox 1717 3331 1802 3404; x_wconf 84' lang='lat' dir='ltr'><strong>legis3</strong></span> <span class='ocrx_word' id='word_1_507' title='bbox 1826 3347 1878 3405; x_wconf 89' lang='lat' dir='ltr'><strong>ego</strong></span> <span class='ocrx_word' id='word_1_508' title='bbox 1898 3347 1966 3388; x_wconf 88' lang='lat' dir='ltr'><strong>vcro</strong></span> 
     </span>
     <span class='ocr_line' id='line_1_35' title="bbox 317 3418 1967 3494; baseline -0.001 -16"><span class='ocrx_word' id='word_1_509' title='bbox 317 3421 363 3478; x_wconf 90' lang='lat' dir='ltr'><strong>bat</strong></span> <span class='ocrx_word' id='word_1_510' title='bbox 381 3423 530 3494; x_wconf 89' lang='lat' dir='ltr'><strong>principem</strong></span> <span class='ocrx_word' id='word_1_511' title='bbox 542 3421 576 3478; x_wconf 93' lang='lat' dir='ltr'><strong>ad</strong></span> <span class='ocrx_word' id='word_1_512' title='bbox 589 3419 780 3492; x_wconf 92' lang='lat' dir='ltr'><strong>imponendam</strong></span> <span class='ocrx_word' id='word_1_513' title='bbox 794 3420 865 3476; x_wconf 91' lang='lat' dir='ltr'><strong>banc</strong></span> <span class='ocrx_word' id='word_1_514' title='bbox 880 3433 994 3491; x_wconf 89' lang='lat' dir='ltr'><strong>poenam</strong></span> <span class='ocrx_word' id='word_1_515' title='bbox 1010 3434 1060 3491; x_wconf 93' lang='lat' dir='ltr'><strong>pro</strong></span> <span class='ocrx_word' id='word_1_516' title='bbox 1077 3418 1122 3475; x_wconf 92' lang='lat' dir='ltr'><strong>tali</strong></span> <span class='ocrx_word' id='word_1_517' title='bbox 1155 3436 1269 3492; x_wconf 90' lang='lat' dir='ltr'><strong>censeo,</strong></span> <span class='ocrx_word' id='word_1_518' title='bbox 1284 3419 1409 3476; x_wconf 87' lang='lat' dir='ltr'><strong>absolute</strong></span> <span class='ocrx_word' id='word_1_519' title='bbox 1422 3435 1454 3476; x_wconf 91' lang='lat' dir='ltr'><strong>ac</strong></span> <span class='ocrx_word' id='word_1_520' title='bbox 1470 3434 1517 3491; x_wconf 89' lang='lat' dir='ltr'><strong>per</strong></span> <span class='ocrx_word' id='word_1_521' title='bbox 1529 3435 1558 3474; x_wconf 91' lang='lat' dir='ltr'><strong>se</strong></span> <span class='ocrx_word' id='word_1_522' title='bbox 1571 3418 1643 3476; x_wconf 90' lang='lat' dir='ltr'><strong>idem</strong></span> <span class='ocrx_word' id='word_1_523' title='bbox 1655 3435 1715 3476; x_wconf 90' lang='lat' dir='ltr'><strong>esse</strong></span> <span class='ocrx_word' id='word_1_524' title='bbox 1729 3419 1874 3476; x_wconf 92' lang='lat' dir='ltr'><strong>dicendum</strong></span> <span class='ocrx_word' id='word_1_525' title='bbox 1891 3434 1925 3476; x_wconf 91' lang='lat' dir='ltr'><strong>ex</strong></span> <span class='ocrx_word' id='word_1_526' title='bbox 1939 3422 1967 3476; x_wconf 84' lang='lat' dir='ltr'><strong>vi</strong></span> 
     </span>
     <span class='ocr_line' id='line_1_36' title="bbox 315 3508 1968 3583; baseline -0.001 -14"><span class='ocrx_word' id='word_1_527' title='bbox 315 3510 431 3581; x_wconf 70' lang='lat' dir='ltr'><strong>delicto,</strong></span> <span class='ocrx_word' id='word_1_528' title='bbox 448 3517 542 3582; x_wconf 90' lang='lat' dir='ltr'><strong>posset</strong></span> <span class='ocrx_word' id='word_1_529' title='bbox 555 3512 627 3568; x_wconf 81' lang='lat' dir='ltr'><strong>enirn</strong></span> <span class='ocrx_word' id='word_1_530' title='bbox 644 3511 781 3583; x_wconf 90' lang='lat' dir='ltr'><strong>imponere</strong></span> <span class='ocrx_word' id='word_1_531' title='bbox 796 3509 886 3580; x_wconf 90' lang='lat' dir='ltr'><strong>aliam,</strong></span> <span class='ocrx_word' id='word_1_532' title='bbox 901 3511 943 3566; x_wconf 87' lang='lat' dir='ltr'><strong>vel</strong></span> <span class='ocrx_word' id='word_1_533' title='bbox 958 3509 1061 3566; x_wconf 91' lang='lat' dir='ltr'><strong>nullam</strong></span> <span class='ocrx_word' id='word_1_534' title='bbox 1071 3524 1121 3580; x_wconf 92' lang='lat' dir='ltr'><strong>per</strong></span> <span class='ocrx_word' id='word_1_535' title='bbox 1155 3512 1314 3568; x_wconf 91' lang='lat' dir='ltr'><strong>mutationis</strong></span> <span class='ocrx_word' id='word_1_536' title='bbox 1336 3509 1401 3582; x_wconf 93' lang='lat' dir='ltr'><strong>loci,</strong></span> <span class='ocrx_word' id='word_1_537' title='bbox 1416 3514 1445 3566; x_wconf 92' lang='lat' dir='ltr'><strong>et</strong></span> <span class='ocrx_word' id='word_1_538' title='bbox 1463 3509 1543 3579; x_wconf 86' lang='lat' dir='ltr'><strong>lacti,</strong></span> <span class='ocrx_word' id='word_1_539' title='bbox 1557 3508 1631 3582; x_wconf 91' lang='lat' dir='ltr'><strong>quod</strong></span> <span class='ocrx_word' id='word_1_540' title='bbox 1651 3509 1695 3568; x_wconf 87' lang='lat' dir='ltr'><strong>lox</strong></span> <span class='ocrx_word' id='word_1_541' title='bbox 1716 3509 1909 3568; x_wconf 86' lang='lat' dir='ltr'><strong>consideravit.</strong></span> <span class='ocrx_word' id='word_1_542' title='bbox 1930 3512 1968 3568; x_wconf 88' lang='lat' dir='ltr'><strong>Et</strong></span> 
     </span>
     <span class='ocr_line' id='line_1_37' title="bbox 315 3597 1966 3674; baseline -0.001 -17"><span class='ocrx_word' id='word_1_543' title='bbox 315 3601 403 3674; x_wconf 88' lang='lat' dir='ltr'><strong>legem</strong></span> <span class='ocrx_word' id='word_1_544' title='bbox 418 3604 568 3673; x_wconf 89' lang='lat' dir='ltr'><strong>imponere,</strong></span> <span class='ocrx_word' id='word_1_545' title='bbox 584 3601 633 3658; x_wconf 88' lang='lat' dir='ltr'><strong>sed</strong></span> <span class='ocrx_word' id='word_1_546' title='bbox 647 3602 821 3658; x_wconf 87' lang='lat' dir='ltr'><strong>committere</strong></span> <span class='ocrx_word' id='word_1_547' title='bbox 836 3599 937 3672; x_wconf 71' lang='lat' dir='ltr'><strong>iudici,</strong></span> <span class='ocrx_word' id='word_1_548' title='bbox 953 3615 1020 3672; x_wconf 89' lang='lat' dir='ltr'><strong>ergo</strong></span> <span class='ocrx_word' id='word_1_549' title='bbox 1035 3597 1120 3656; x_wconf 87' lang='lat' dir='ltr'><strong>ratio·</strong></span> <span class='ocrx_word' id='word_1_550' title='bbox 1155 3601 1225 3657; x_wconf 91' lang='lat' dir='ltr'><strong>idem</strong></span> <span class='ocrx_word' id='word_1_551' title='bbox 1240 3607 1284 3658; x_wconf 90' lang='lat' dir='ltr'><strong>est</strong></span> <span class='ocrx_word' id='word_1_552' title='bbox 1296 3599 1329 3656; x_wconf 88' lang='lat' dir='ltr'><strong>de</strong></span> <span class='ocrx_word' id='word_1_553' title='bbox 1343 3599 1414 3657; x_wconf 87' lang='lat' dir='ltr'><strong>male</strong></span> <span class='ocrx_word' id='word_1_554' title='bbox 1430 3599 1573 3670; x_wconf 73' lang='lat' dir='ltr'><strong>peccandi,</strong></span> <span class='ocrx_word' id='word_1_555' title='bbox 1586 3615 1648 3655; x_wconf 93' lang='lat' dir='ltr'><strong>nam</strong></span> <span class='ocrx_word' id='word_1_556' title='bbox 1660 3600 1682 3654; x_wconf 91' lang='lat' dir='ltr'><strong>si</strong></span> <span class='ocrx_word' id='word_1_557' title='bbox 1697 3598 1739 3656; x_wconf 92' lang='lat' dir='ltr'><strong>lex</strong></span> <span class='ocrx_word' id='word_1_558' title='bbox 1754 3601 1834 3670; x_wconf 89' lang='lat' dir='ltr'><strong>punit</strong></span> <span class='ocrx_word' id='word_1_559' title='bbox 1846 3615 1966 3673; x_wconf 83' lang='lat' dir='ltr'><strong>pecean-</strong></span> 
     </span>
     <span class='ocr_line' id='line_1_38' title="bbox 316 3687 1965 3768; baseline 0 -23"><span class='ocrx_word' id='word_1_560' title='bbox 316 3693 359 3746; x_wconf 89' lang='lat' dir='ltr'><strong>nis</strong></span> <span class='ocrx_word' id='word_1_561' title='bbox 372 3690 519 3748; x_wconf 91' lang='lat' dir='ltr'><strong>similitudo</strong></span> <span class='ocrx_word' id='word_1_562' title='bbox 530 3707 562 3748; x_wconf 85' lang='lat' dir='ltr'><strong>ex</strong></span> <span class='ocrx_word' id='word_1_563' title='bbox 577 3698 654 3762; x_wconf 91' lang='lat' dir='ltr'><strong>parte</strong></span> <span class='ocrx_word' id='word_1_564' title='bbox 666 3691 830 3768; x_wconf 85' lang='lat' dir='ltr'><strong>delictorum</strong></span> <span class='ocrx_word' id='word_1_565' title='bbox 842 3707 895 3746; x_wconf 93' lang='lat' dir='ltr'><strong>non</strong></span> <span class='ocrx_word' id='word_1_566' title='bbox 910 3689 1014 3747; x_wconf 90' lang='lat' dir='ltr'><strong>sullicit</strong></span> <span class='ocrx_word' id='word_1_567' title='bbox 1025 3690 1059 3746; x_wconf 94' lang='lat' dir='ltr'><strong>ad</strong></span> <span class='ocrx_word' id='word_1_568' title='bbox 1073 3705 1120 3748; x_wconf 82' lang='lat' dir='ltr'><strong>ex·</strong></span> <span class='ocrx_word' id='word_1_569' title='bbox 1154 3695 1209 3746; x_wconf 92' lang='lat' dir='ltr'><strong>tem</strong></span> <span class='ocrx_word' id='word_1_570' title='bbox 1224 3689 1354 3759; x_wconf 87' lang='lat' dir='ltr'><strong>scienter,</strong></span> <span class='ocrx_word' id='word_1_571' title='bbox 1369 3703 1427 3745; x_wconf 92' lang='lat' dir='ltr'><strong>non</strong></span> <span class='ocrx_word' id='word_1_572' title='bbox 1441 3687 1596 3746; x_wconf 91' lang='lat' dir='ltr'><strong>extenditur</strong></span> <span class='ocrx_word' id='word_1_573' title='bbox 1611 3688 1645 3745; x_wconf 89' lang='lat' dir='ltr'><strong>ad</strong></span> <span class='ocrx_word' id='word_1_574' title='bbox 1659 3694 1821 3760; x_wconf 88' lang='lat' dir='ltr'><strong>peccantem</strong></span> <span class='ocrx_word' id='word_1_575' title='bbox 1837 3703 1870 3745; x_wconf 92' lang='lat' dir='ltr'><strong>ex</strong></span> <span class='ocrx_word' id='word_1_576' title='bbox 1884 3689 1965 3762; x_wconf 91' lang='lat' dir='ltr'><strong>igno-</strong></span> 
     </span>
     <span class='ocr_line' id='line_1_39' title="bbox 315 3776 1962 3853; baseline -0.002 -13"><span class='ocrx_word' id='word_1_577' title='bbox 315 3780 480 3840; x_wconf 87' lang='lat' dir='ltr'><strong>tendendnm</strong></span> <span class='ocrx_word' id='word_1_578' title='bbox 497 3796 613 3852; x_wconf 90' lang='lat' dir='ltr'><strong>poenam</strong></span> <span class='ocrx_word' id='word_1_579' title='bbox 627 3780 660 3836; x_wconf 92' lang='lat' dir='ltr'><strong>ad</strong></span> <span class='ocrx_word' id='word_1_580' title='bbox 676 3796 773 3837; x_wconf 91' lang='lat' dir='ltr'><strong>casum</strong></span> <span class='ocrx_word' id='word_1_581' title='bbox 788 3779 914 3846; x_wconf 87' lang='lat' dir='ltr'><strong>similem,</strong></span> <span class='ocrx_word' id='word_1_582' title='bbox 931 3779 995 3853; x_wconf 91' lang='lat' dir='ltr'><strong>quia</strong></span> <span class='ocrx_word' id='word_1_583' title='bbox 1010 3783 1119 3849; x_wconf 89' lang='lat' dir='ltr'><strong>praeter</strong></span> <span class='ocrx_word' id='word_1_584' title='bbox 1154 3781 1257 3850; x_wconf 85' lang='lat' dir='ltr'><strong>santia,</strong></span> <span class='ocrx_word' id='word_1_585' title='bbox 1272 3779 1378 3835; x_wconf 91' lang='lat' dir='ltr'><strong>etiamsi</strong></span> <span class='ocrx_word' id='word_1_586' title='bbox 1397 3778 1553 3850; x_wconf 84' lang='lat' dir='ltr'><strong>contingat,</strong></span> <span class='ocrx_word' id='word_1_587' title='bbox 1568 3776 1700 3834; x_wconf 88' lang='lat' dir='ltr'><strong>delictum</strong></span> <span class='ocrx_word' id='word_1_588' title='bbox 1714 3793 1748 3834; x_wconf 93' lang='lat' dir='ltr'><strong>ex</strong></span> <span class='ocrx_word' id='word_1_589' title='bbox 1766 3777 1825 3834; x_wconf 87' lang='lat' dir='ltr'><strong>aliis</strong></span> <span class='ocrx_word' id='word_1_590' title='bbox 1840 3779 1962 3836; x_wconf 91' lang='lat' dir='ltr'><strong>circum·</strong></span> 
     </span>
     <span class='ocr_line' id='line_1_40' title="bbox 314 3866 1965 3943; baseline -0.002 -13"><span class='ocrx_word' id='word_1_591' title='bbox 314 3875 448 3930; x_wconf 91' lang='lat' dir='ltr'><strong>rationem</strong></span> <span class='ocrx_word' id='word_1_592' title='bbox 475 3871 631 3928; x_wconf 87' lang='lat' dir='ltr'><strong>necessaria</strong></span> <span class='ocrx_word' id='word_1_593' title='bbox 645 3877 688 3927; x_wconf 91' lang='lat' dir='ltr'><strong>cst</strong></span> <span class='ocrx_word' id='word_1_594' title='bbox 706 3870 834 3927; x_wconf 82' lang='lat' dir='ltr'><strong>volarntas</strong></span> <span class='ocrx_word' id='word_1_595' title='bbox 848 3869 1027 3943; x_wconf 83' lang='lat' dir='ltr'><strong>legislatoris,</strong></span> <span class='ocrx_word' id='word_1_596' title='bbox 1049 3885 1120 3941; x_wconf 90' lang='lat' dir='ltr'><strong>quac</strong></span> <span class='ocrx_word' id='word_1_597' title='bbox 1154 3869 1263 3926; x_wconf 90' lang='lat' dir='ltr'><strong>stantiis</strong></span> <span class='ocrx_word' id='word_1_598' title='bbox 1274 3883 1336 3925; x_wconf 90' lang='lat' dir='ltr'><strong>esse</strong></span> <span class='ocrx_word' id='word_1_599' title='bbox 1350 3868 1474 3940; x_wconf 84' lang='lat' dir='ltr'><strong>gravius,</strong></span> <span class='ocrx_word' id='word_1_600' title='bbox 1487 3873 1516 3924; x_wconf 88' lang='lat' dir='ltr'><strong>et</strong></span> <span class='ocrx_word' id='word_1_601' title='bbox 1529 3869 1569 3924; x_wconf 86' lang='lat' dir='ltr'><strong>sic</strong></span> <span class='ocrx_word' id='word_1_602' title='bbox 1581 3866 1614 3924; x_wconf 92' lang='lat' dir='ltr'><strong>de</strong></span> <span class='ocrx_word' id='word_1_603' title='bbox 1630 3867 1699 3938; x_wconf 90' lang='lat' dir='ltr'><strong>aliis,</strong></span> <span class='ocrx_word' id='word_1_604' title='bbox 1711 3875 1824 3938; x_wconf 91' lang='lat' dir='ltr'><strong>propter</strong></span> <span class='ocrx_word' id='word_1_605' title='bbox 1839 3867 1965 3928; x_wconf 86' lang='lat' dir='ltr'><strong>eamdem</strong></span> 
     </span>
     <span class='ocr_line' id='line_1_41' title="bbox 314 3955 1965 4030; baseline -0.002 -12"><span class='ocrx_word' id='word_1_606' title='bbox 314 3963 349 4019; x_wconf 92' lang='lat' dir='ltr'><strong>ibi</strong></span> <span class='ocrx_word' id='word_1_607' title='bbox 368 3979 422 4018; x_wconf 89' lang='lat' dir='ltr'><strong>non</strong></span> <span class='ocrx_word' id='word_1_608' title='bbox 443 3962 596 4019; x_wconf 87' lang='lat' dir='ltr'><strong>intervenit.</strong></span> <span class='ocrx_word' id='word_1_609' title='bbox 613 3958 791 4028; x_wconf 82' lang='lat' dir='ltr'><strong>Declaratur,</strong></span> <span class='ocrx_word' id='word_1_610' title='bbox 806 3965 835 4016; x_wconf 92' lang='lat' dir='ltr'><strong>et</strong></span> <span class='ocrx_word' id='word_1_611' title='bbox 853 3959 1033 4015; x_wconf 85' lang='lat' dir='ltr'><strong>confirmetur</strong></span> <span class='ocrx_word' id='word_1_612' title='bbox 1053 3957 1120 4016; x_wconf 89' lang='lat' dir='ltr'><strong>hacc</strong></span> <span class='ocrx_word' id='word_1_613' title='bbox 1154 3959 1298 4017; x_wconf 90' lang='lat' dir='ltr'><strong>rationem.</strong></span> <span class='ocrx_word' id='word_1_614' title='bbox 1313 3957 1433 4030; x_wconf 85' lang='lat' dir='ltr'><strong>lienique</strong></span> <span class='ocrx_word' id='word_1_615' title='bbox 1446 3956 1519 4014; x_wconf 91' lang='lat' dir='ltr'><strong>idem</strong></span> <span class='ocrx_word' id='word_1_616' title='bbox 1533 3963 1576 4014; x_wconf 89' lang='lat' dir='ltr'><strong>est</strong></span> <span class='ocrx_word' id='word_1_617' title='bbox 1589 3955 1741 4014; x_wconf 90' lang='lat' dir='ltr'><strong>evidentius</strong></span> <span class='ocrx_word' id='word_1_618' title='bbox 1756 3957 1790 4015; x_wconf 93' lang='lat' dir='ltr'><strong>de</strong></span> <span class='ocrx_word' id='word_1_619' title='bbox 1808 3959 1965 4017; x_wconf 85' lang='lat' dir='ltr'><strong>extensione</strong></span> 
     </span>
     <span class='ocr_line' id='line_1_42' title="bbox 316 4047 1963 4125; baseline -0.002 -15"><span class='ocrx_word' id='word_1_620' title='bbox 316 4069 392 4125; x_wconf 91' lang='lat' dir='ltr'><strong>pars,</strong></span> <span class='ocrx_word' id='word_1_621' title='bbox 409 4052 472 4123; x_wconf 91' lang='lat' dir='ltr'><strong>quio</strong></span> <span class='ocrx_word' id='word_1_622' title='bbox 494 4051 518 4106; x_wconf 90' lang='lat' dir='ltr'><strong>in</strong></span> <span class='ocrx_word' id='word_1_623' title='bbox 540 4051 644 4122; x_wconf 87' lang='lat' dir='ltr'><strong>poenis,</strong></span> <span class='ocrx_word' id='word_1_624' title='bbox 665 4065 736 4120; x_wconf 90' lang='lat' dir='ltr'><strong>quae</strong></span> <span class='ocrx_word' id='word_1_625' title='bbox 754 4049 813 4120; x_wconf 91' lang='lat' dir='ltr'><strong>ipso</strong></span> <span class='ocrx_word' id='word_1_626' title='bbox 835 4049 907 4105; x_wconf 87' lang='lat' dir='ltr'><strong>lacto</strong></span> <span class='ocrx_word' id='word_1_627' title='bbox 929 4049 1119 4121; x_wconf 89' lang='lat' dir='ltr'><strong>imponuntur,</strong></span> <span class='ocrx_word' id='word_1_628' title='bbox 1154 4065 1272 4120; x_wconf 86' lang='lat' dir='ltr'><strong>opoena</strong></span> <span class='ocrx_word' id='word_1_629' title='bbox 1286 4047 1321 4106; x_wconf 90' lang='lat' dir='ltr'><strong>ad</strong></span> <span class='ocrx_word' id='word_1_630' title='bbox 1341 4061 1472 4119; x_wconf 68' lang='lat' dir='ltr'><strong>poenomq</strong></span> <span class='ocrx_word' id='word_1_631' title='bbox 1488 4061 1551 4103; x_wconf 88' lang='lat' dir='ltr'><strong>nam</strong></span> <span class='ocrx_word' id='word_1_632' title='bbox 1567 4047 1588 4103; x_wconf 91' lang='lat' dir='ltr'><strong>si</strong></span> <span class='ocrx_word' id='word_1_633' title='bbox 1608 4053 1684 4104; x_wconf 89' lang='lat' dir='ltr'><strong>certa</strong></span> <span class='ocrx_word' id='word_1_634' title='bbox 1702 4063 1791 4120; x_wconf 90' lang='lat' dir='ltr'><strong>poena</strong></span> <span class='ocrx_word' id='word_1_635' title='bbox 1814 4049 1963 4120; x_wconf 88' lang='lat' dir='ltr'><strong>imponitur</strong></span> 
     </span>
     <span class='ocr_line' id='line_1_43' title="bbox 315 4135 1965 4212; baseline -0.002 -12"><span class='ocrx_word' id='word_1_636' title='bbox 315 4141 491 4200; x_wconf 79' lang='lat' dir='ltr'><strong>manifestum</strong></span> <span class='ocrx_word' id='word_1_637' title='bbox 505 4147 564 4210; x_wconf 87' lang='lat' dir='ltr'><strong>est,</strong></span> <span class='ocrx_word' id='word_1_638' title='bbox 580 4140 715 4196; x_wconf 87' lang='lat' dir='ltr'><strong>neminem</strong></span> <span class='ocrx_word' id='word_1_639' title='bbox 730 4138 847 4212; x_wconf 88' lang='lat' dir='ltr'><strong>obligari</strong></span> <span class='ocrx_word' id='word_1_640' title='bbox 862 4139 887 4195; x_wconf 92' lang='lat' dir='ltr'><strong>in</strong></span> <span class='ocrx_word' id='word_1_641' title='bbox 906 4139 1070 4196; x_wconf 90' lang='lat' dir='ltr'><strong>conscientia</strong></span> <span class='ocrx_word' id='word_1_642' title='bbox 1085 4138 1120 4198; x_wconf 87' lang='lat' dir='ltr'><strong>ed</strong></span> <span class='ocrx_word' id='word_1_643' title='bbox 1154 4155 1203 4211; x_wconf 90' lang='lat' dir='ltr'><strong>per</strong></span> <span class='ocrx_word' id='word_1_644' title='bbox 1217 4138 1374 4211; x_wconf 87' lang='lat' dir='ltr'><strong>legem,non</strong></span> <span class='ocrx_word' id='word_1_645' title='bbox 1389 4142 1481 4207; x_wconf 90' lang='lat' dir='ltr'><strong>potest</strong></span> <span class='ocrx_word' id='word_1_646' title='bbox 1494 4135 1575 4193; x_wconf 89' lang='lat' dir='ltr'><strong>iudex</strong></span> <span class='ocrx_word' id='word_1_647' title='bbox 1586 4135 1658 4193; x_wconf 90' lang='lat' dir='ltr'><strong>illam</strong></span> <span class='ocrx_word' id='word_1_648' title='bbox 1667 4143 1786 4208; x_wconf 89' lang='lat' dir='ltr'><strong>mutare,</strong></span> <span class='ocrx_word' id='word_1_649' title='bbox 1796 4136 1875 4200; x_wconf 84' lang='lat' dir='ltr'><strong>aliam</strong></span> <span class='ocrx_word' id='word_1_650' title='bbox 1891 4139 1965 4196; x_wconf 87' lang='lat' dir='ltr'><strong>simi·</strong></span> 
     </span>
     <span class='ocr_line' id='line_1_44' title="bbox 275 4224 1959 4305; baseline -0.004 -14"><span class='ocrx_word' id='word_1_651' title='bbox 275 4291 281 4300; x_wconf 86' lang='grc'>,</span> <span class='ocrx_word' id='word_1_652' title='bbox 314 4230 520 4305; x_wconf 87' lang='lat' dir='ltr'><strong>exequendam,</strong></span> <span class='ocrx_word' id='word_1_653' title='bbox 537 4229 578 4286; x_wconf 85' lang='lat' dir='ltr'><strong>vel</strong></span> <span class='ocrx_word' id='word_1_654' title='bbox 599 4228 797 4286; x_wconf 89' lang='lat' dir='ltr'><strong>observandam</strong></span> <span class='ocrx_word' id='word_1_655' title='bbox 812 4228 837 4284; x_wconf 93' lang='lat' dir='ltr'><strong>in</strong></span> <span class='ocrx_word' id='word_1_656' title='bbox 859 4243 889 4284; x_wconf 93' lang='lat' dir='ltr'><strong>se</strong></span> <span class='ocrx_word' id='word_1_657' title='bbox 903 4243 1019 4300; x_wconf 91' lang='lat' dir='ltr'><strong>poenam</strong></span> <span class='ocrx_word' id='word_1_658' title='bbox 1039 4228 1117 4303; x_wconf 84' lang='lat' dir='ltr'><strong>legis,</strong></span> <span class='ocrx_word' id='word_1_659' title='bbox 1153 4231 1206 4286; x_wconf 92' lang='lat' dir='ltr'><strong>lem</strong></span> <span class='ocrx_word' id='word_1_660' title='bbox 1217 4224 1389 4301; x_wconf 88' lang='lat' dir='ltr'><strong>imponendo,</strong></span> <span class='ocrx_word' id='word_1_661' title='bbox 1401 4227 1464 4298; x_wconf 92' lang='lat' dir='ltr'><strong>quia</strong></span> <span class='ocrx_word' id='word_1_662' title='bbox 1475 4225 1652 4298; x_wconf 89' lang='lat' dir='ltr'><strong>adstringitur</strong></span> <span class='ocrx_word' id='word_1_663' title='bbox 1662 4225 1721 4298; x_wconf 89' lang='lat' dir='ltr'><strong>lege</strong></span> <span class='ocrx_word' id='word_1_664' title='bbox 1736 4224 1769 4282; x_wconf 92' lang='lat' dir='ltr'><strong>ad</strong></span> <span class='ocrx_word' id='word_1_665' title='bbox 1787 4225 1959 4300; x_wconf 81' lang='lat' dir='ltr'><strong>solvendum,</strong></span> 
     </span>
     <span class='ocr_line' id='line_1_45' title="bbox 312 4315 1964 4390; baseline -0.002 -12"><span class='ocrx_word' id='word_1_666' title='bbox 312 4324 365 4379; x_wconf 92' lang='lat' dir='ltr'><strong>nisi</strong></span> <span class='ocrx_word' id='word_1_667' title='bbox 386 4320 554 4378; x_wconf 90' lang='lat' dir='ltr'><strong>commiserit</strong></span> <span class='ocrx_word' id='word_1_668' title='bbox 573 4318 640 4376; x_wconf 94' lang='lat' dir='ltr'><strong>illud</strong></span> <span class='ocrx_word' id='word_1_669' title='bbox 661 4318 820 4390; x_wconf 87' lang='lat' dir='ltr'><strong>specificam</strong></span> <span class='ocrx_word' id='word_1_670' title='bbox 840 4317 984 4387; x_wconf 91' lang='lat' dir='ltr'><strong>delictum,</strong></span> <span class='ocrx_word' id='word_1_671' title='bbox 1006 4325 1118 4390; x_wconf 89' lang='lat' dir='ltr'><strong>propter</strong></span> <span class='ocrx_word' id='word_1_672' title='bbox 1155 4325 1188 4376; x_wconf 91' lang='lat' dir='ltr'><strong>ut</strong></span> <span class='ocrx_word' id='word_1_673' title='bbox 1202 4321 1237 4375; x_wconf 89' lang='lat' dir='ltr'><strong>ita</strong></span> <span class='ocrx_word' id='word_1_674' title='bbox 1251 4317 1354 4387; x_wconf 87' lang='lat' dir='ltr'><strong>dicam,</strong></span> <span class='ocrx_word' id='word_1_675' title='bbox 1371 4316 1397 4372; x_wconf 93' lang='lat' dir='ltr'><strong>in</strong></span> <span class='ocrx_word' id='word_1_676' title='bbox 1413 4315 1457 4372; x_wconf 90' lang='lat' dir='ltr'><strong>tali</strong></span> <span class='ocrx_word' id='word_1_677' title='bbox 1470 4315 1579 4388; x_wconf 83' lang='lat' dir='ltr'><strong>specie3</strong></span> <span class='ocrx_word' id='word_1_678' title='bbox 1595 4316 1646 4372; x_wconf 92' lang='lat' dir='ltr'><strong>nisi</strong></span> <span class='ocrx_word' id='word_1_679' title='bbox 1659 4331 1707 4387; x_wconf 92' lang='lat' dir='ltr'><strong>per</strong></span> <span class='ocrx_word' id='word_1_680' title='bbox 1720 4316 1834 4374; x_wconf 91' lang='lat' dir='ltr'><strong>modum</strong></span> <span class='ocrx_word' id='word_1_681' title='bbox 1852 4316 1964 4389; x_wconf 91' lang='lat' dir='ltr'><strong>dispen-</strong></span> 
     </span>
     <span class='ocr_line' id='line_1_46' title="bbox 314 4405 1963 4486; baseline -0.001 -18"><span class='ocrx_word' id='word_1_682' title='bbox 314 4410 388 4486; x_wconf 92' lang='lat' dir='ltr'><strong>quod</strong></span> <span class='ocrx_word' id='word_1_683' title='bbox 403 4416 446 4467; x_wconf 91' lang='lat' dir='ltr'><strong>cst</strong></span> <span class='ocrx_word' id='word_1_684' title='bbox 460 4410 597 4482; x_wconf 91' lang='lat' dir='ltr'><strong>imposita,</strong></span> <span class='ocrx_word' id='word_1_685' title='bbox 615 4415 645 4466; x_wconf 93' lang='lat' dir='ltr'><strong>ut</strong></span> <span class='ocrx_word' id='word_1_686' title='bbox 659 4410 686 4464; x_wconf 92' lang='lat' dir='ltr'><strong>in</strong></span> <span class='ocrx_word' id='word_1_687' title='bbox 702 4409 844 4482; x_wconf 89' lang='lat' dir='ltr'><strong>censuris,</strong></span> <span class='ocrx_word' id='word_1_688' title='bbox 860 4407 1118 4484; x_wconf 85' lang='lat' dir='ltr'><strong>irregularitatibus,</strong></span> <span class='ocrx_word' id='word_1_689' title='bbox 1155 4409 1267 4467; x_wconf 88' lang='lat' dir='ltr'><strong>sationis</strong></span> <span class='ocrx_word' id='word_1_690' title='bbox 1278 4423 1310 4464; x_wconf 93' lang='lat' dir='ltr'><strong>cx</strong></span> <span class='ocrx_word' id='word_1_691' title='bbox 1325 4409 1398 4464; x_wconf 89' lang='lat' dir='ltr'><strong>iuste</strong></span> <span class='ocrx_word' id='word_1_692' title='bbox 1409 4421 1494 4463; x_wconf 88' lang='lat' dir='ltr'><strong>causa</strong></span> <span class='ocrx_word' id='word_1_693' title='bbox 1509 4405 1584 4463; x_wconf 93' lang='lat' dir='ltr'><strong>aliud</strong></span> <span class='ocrx_word' id='word_1_694' title='bbox 1594 4407 1618 4463; x_wconf 90' lang='lat' dir='ltr'><strong>ei</strong></span> <span class='ocrx_word' id='word_1_695' title='bbox 1632 4408 1817 4478; x_wconf 88' lang='lat' dir='ltr'><strong>permittatur,</strong></span> <span class='ocrx_word' id='word_1_696' title='bbox 1833 4414 1963 4481; x_wconf 87' lang='lat' dir='ltr'><strong>utsupra</strong></span> 
     </span>
     <span class='ocr_line' id='line_1_47' title="bbox 313 4496 1961 4573; baseline -0.001 -16"><span class='ocrx_word' id='word_1_697' title='bbox 313 4508 342 4558; x_wconf 93' lang='lat' dir='ltr'><strong>et</strong></span> <span class='ocrx_word' id='word_1_698' title='bbox 356 4501 413 4557; x_wconf 88' lang='lat' dir='ltr'><strong>aliis</strong></span> <span class='ocrx_word' id='word_1_699' title='bbox 434 4500 633 4572; x_wconf 82' lang='lat' dir='ltr'><strong>impedimentis</strong></span> <span class='ocrx_word' id='word_1_700' title='bbox 654 4499 792 4555; x_wconf 89' lang='lat' dir='ltr'><strong>canonicis</strong></span> <span class='ocrx_word' id='word_1_701' title='bbox 814 4499 990 4556; x_wconf 79' lang='lat' dir='ltr'><strong>manifestum</strong></span> <span class='ocrx_word' id='word_1_702' title='bbox 1011 4507 1068 4572; x_wconf 88' lang='lat' dir='ltr'><strong>est,</strong></span> <span class='ocrx_word' id='word_1_703' title='bbox 1086 4506 1117 4556; x_wconf 92' lang='lat' dir='ltr'><strong>ut</strong></span> <span class='ocrx_word' id='word_1_704' title='bbox 1153 4499 1258 4556; x_wconf 89' lang='lat' dir='ltr'><strong>dictum</strong></span> <span class='ocrx_word' id='word_1_705' title='bbox 1270 4496 1401 4555; x_wconf 76' lang='lat' dir='ltr'><strong>estlitin</strong></span> <span class='ocrx_word' id='word_1_706' title='bbox 1416 4496 1860 4570; x_wconf 86' lang='lat' dir='ltr'><strong>poenis,quaoincurranturipso</strong></span> <span class='ocrx_word' id='word_1_707' title='bbox 1874 4497 1961 4573; x_wconf 91' lang='lat' dir='ltr'><strong>lacto,</strong></span> 
     </span>
     <span class='ocr_line' id='line_1_48' title="bbox 313 4588 1961 4667; baseline 0 -19"><span class='ocrx_word' id='word_1_708' title='bbox 313 4598 467 4648; x_wconf 80' lang='lat' dir='ltr'><strong>constater</strong></span> <span class='ocrx_word' id='word_1_709' title='bbox 481 4589 608 4648; x_wconf 91' lang='lat' dir='ltr'><strong>doctrina</strong></span> <span class='ocrx_word' id='word_1_710' title='bbox 621 4605 701 4661; x_wconf 90' lang='lat' dir='ltr'><strong>saepe</strong></span> <span class='ocrx_word' id='word_1_711' title='bbox 712 4589 829 4661; x_wconf 89' lang='lat' dir='ltr'><strong>repetita</strong></span> <span class='ocrx_word' id='word_1_712' title='bbox 841 4589 866 4645; x_wconf 96' lang='lat' dir='ltr'><strong>in</strong></span> <span class='ocrx_word' id='word_1_713' title='bbox 881 4589 994 4646; x_wconf 88' lang='lat' dir='ltr'><strong>materia</strong></span> <span class='ocrx_word' id='word_1_714' title='bbox 1006 4590 1039 4647; x_wconf 92' lang='lat' dir='ltr'><strong>de</strong></span> <span class='ocrx_word' id='word_1_715' title='bbox 1053 4605 1119 4646; x_wconf 91' lang='lat' dir='ltr'><strong>cen·</strong></span> <span class='ocrx_word' id='word_1_716' title='bbox 1153 4605 1207 4645; x_wconf 92' lang='lat' dir='ltr'><strong>non</strong></span> <span class='ocrx_word' id='word_1_717' title='bbox 1222 4594 1314 4661; x_wconf 90' lang='lat' dir='ltr'><strong>potest</strong></span> <span class='ocrx_word' id='word_1_718' title='bbox 1334 4588 1397 4660; x_wconf 92' lang='lat' dir='ltr'><strong>quis</strong></span> <span class='ocrx_word' id='word_1_719' title='bbox 1419 4593 1526 4644; x_wconf 90' lang='lat' dir='ltr'><strong>mutare</strong></span> <span class='ocrx_word' id='word_1_720' title='bbox 1547 4603 1663 4659; x_wconf 88' lang='lat' dir='ltr'><strong>poenam</strong></span> <span class='ocrx_word' id='word_1_721' title='bbox 1681 4588 1706 4644; x_wconf 90' lang='lat' dir='ltr'><strong>in</strong></span> <span class='ocrx_word' id='word_1_722' title='bbox 1727 4588 1807 4644; x_wconf 90' lang='lat' dir='ltr'><strong>aliam</strong></span> <span class='ocrx_word' id='word_1_723' title='bbox 1832 4589 1961 4667; x_wconf 90' lang='lat' dir='ltr'><strong>similem,</strong></span> 
     </span>
     <span class='ocr_line' id='line_1_49' title="bbox 312 4677 1963 4755; baseline 0.002 -19"><span class='ocrx_word' id='word_1_724' title='bbox 312 4682 395 4738; x_wconf 91' lang='lat' dir='ltr'><strong>suris.</strong></span> <span class='ocrx_word' id='word_1_725' title='bbox 414 4683 471 4737; x_wconf 94' lang='lat' dir='ltr'><strong>lmo</strong></span> <span class='ocrx_word' id='word_1_726' title='bbox 486 4681 616 4738; x_wconf 90' lang='lat' dir='ltr'><strong>doctores</strong></span> <span class='ocrx_word' id='word_1_727' title='bbox 631 4695 725 4736; x_wconf 91' lang='lat' dir='ltr'><strong>omncs</strong></span> <span class='ocrx_word' id='word_1_728' title='bbox 739 4680 764 4735; x_wconf 93' lang='lat' dir='ltr'><strong>in</strong></span> <span class='ocrx_word' id='word_1_729' title='bbox 779 4679 823 4736; x_wconf 91' lang='lat' dir='ltr'><strong>illa</strong></span> <span class='ocrx_word' id='word_1_730' title='bbox 837 4680 990 4751; x_wconf 91' lang='lat' dir='ltr'><strong>ponderant</strong></span> <span class='ocrx_word' id='word_1_731' title='bbox 1003 4695 1058 4736; x_wconf 91' lang='lat' dir='ltr'><strong>non</strong></span> <span class='ocrx_word' id='word_1_732' title='bbox 1072 4695 1116 4736; x_wconf 88' lang='lat' dir='ltr'><strong>so·</strong></span> <span class='ocrx_word' id='word_1_733' title='bbox 1153 4678 1263 4755; x_wconf 89' lang='lat' dir='ltr'><strong>quando</strong></span> <span class='ocrx_word' id='word_1_734' title='bbox 1276 4683 1367 4749; x_wconf 92' lang='lat' dir='ltr'><strong>potest</strong></span> <span class='ocrx_word' id='word_1_735' title='bbox 1378 4691 1493 4749; x_wconf 85' lang='lat' dir='ltr'><strong>poenam</strong></span> <span class='ocrx_word' id='word_1_736' title='bbox 1506 4677 1566 4752; x_wconf 84' lang='lat' dir='ltr'><strong>lege</strong></span> <span class='ocrx_word' id='word_1_737' title='bbox 1577 4680 1772 4750; x_wconf 78' lang='lat' dir='ltr'><strong>praescriptam</strong></span> <span class='ocrx_word' id='word_1_738' title='bbox 1784 4681 1894 4752; x_wconf 83' lang='lat' dir='ltr'><strong>exequi;</strong></span> <span class='ocrx_word' id='word_1_739' title='bbox 1908 4682 1963 4740; x_wconf 94' lang='lat' dir='ltr'><strong>imo</strong></span> 
     </span>
     <span class='ocr_line' id='line_1_50' title="bbox 313 4767 1963 4843; baseline 0.002 -16"><span class='ocrx_word' id='word_1_740' title='bbox 313 4771 369 4827; x_wconf 94' lang='lat' dir='ltr'><strong>lum</strong></span> <span class='ocrx_word' id='word_1_741' title='bbox 385 4771 541 4843; x_wconf 80' lang='lat' dir='ltr'><strong>specificam</strong></span> <span class='ocrx_word' id='word_1_742' title='bbox 556 4770 691 4827; x_wconf 90' lang='lat' dir='ltr'><strong>rationem</strong></span> <span class='ocrx_word' id='word_1_743' title='bbox 707 4768 815 4842; x_wconf 88' lang='lat' dir='ltr'><strong>delicti,</strong></span> <span class='ocrx_word' id='word_1_744' title='bbox 831 4768 878 4826; x_wconf 90' lang='lat' dir='ltr'><strong>scd</strong></span> <span class='ocrx_word' id='word_1_745' title='bbox 896 4771 978 4827; x_wconf 87' lang='lat' dir='ltr'><strong>etiam</strong></span> <span class='ocrx_word' id='word_1_746' title='bbox 993 4769 1118 4841; x_wconf 91' lang='lat' dir='ltr'><strong>modum,</strong></span> <span class='ocrx_word' id='word_1_747' title='bbox 1156 4769 1221 4826; x_wconf 90' lang='lat' dir='ltr'><strong>licet</strong></span> <span class='ocrx_word' id='word_1_748' title='bbox 1240 4784 1293 4824; x_wconf 95' lang='lat' dir='ltr'><strong>non</strong></span> <span class='ocrx_word' id='word_1_749' title='bbox 1315 4769 1411 4840; x_wconf 91' lang='lat' dir='ltr'><strong>possit,</strong></span> <span class='ocrx_word' id='word_1_750' title='bbox 1432 4783 1486 4824; x_wconf 89' lang='lat' dir='ltr'><strong>noo</strong></span> <span class='ocrx_word' id='word_1_751' title='bbox 1509 4774 1617 4824; x_wconf 88' lang='lat' dir='ltr'><strong>tenetur</strong></span> <span class='ocrx_word' id='word_1_752' title='bbox 1638 4767 1718 4825; x_wconf 88' lang='lat' dir='ltr'><strong>aliam</strong></span> <span class='ocrx_word' id='word_1_753' title='bbox 1745 4769 1963 4842; x_wconf 84' lang='lat' dir='ltr'><strong>aequivalentem</strong></span> 
     </span>
     <span class='ocr_line' id='line_1_51' title="bbox 312 4856 1962 4933; baseline 0.001 -14"><span class='ocrx_word' id='word_1_754' title='bbox 312 4870 340 4919; x_wconf 91' lang='lat' dir='ltr'><strong>et</strong></span> <span class='ocrx_word' id='word_1_755' title='bbox 361 4859 627 4918; x_wconf 90' lang='lat' dir='ltr'><strong>consummationem</strong></span> <span class='ocrx_word' id='word_1_756' title='bbox 647 4861 706 4916; x_wconf 90' lang='lat' dir='ltr'><strong>eius</strong></span> <span class='ocrx_word' id='word_1_757' title='bbox 731 4861 807 4916; x_wconf 87' lang='lat' dir='ltr'><strong>iuxta</strong></span> <span class='ocrx_word' id='word_1_758' title='bbox 828 4861 984 4933; x_wconf 88' lang='lat' dir='ltr'><strong>rigorosum</strong></span> <span class='ocrx_word' id='word_1_759' title='bbox 1006 4876 1118 4918; x_wconf 90' lang='lat' dir='ltr'><strong>sensum</strong></span> <span class='ocrx_word' id='word_1_760' title='bbox 1153 4865 1310 4932; x_wconf 88' lang='lat' dir='ltr'><strong>praestare,</strong></span> <span class='ocrx_word' id='word_1_761' title='bbox 1329 4864 1360 4915; x_wconf 91' lang='lat' dir='ltr'><strong>ut</strong></span> <span class='ocrx_word' id='word_1_762' title='bbox 1378 4859 1403 4913; x_wconf 93' lang='lat' dir='ltr'><strong>in</strong></span> <span class='ocrx_word' id='word_1_763' title='bbox 1419 4856 1606 4928; x_wconf 90' lang='lat' dir='ltr'><strong>superioribus</strong></span> <span class='ocrx_word' id='word_1_764' title='bbox 1620 4856 1724 4914; x_wconf 90' lang='lat' dir='ltr'><strong>dictum</strong></span> <span class='ocrx_word' id='word_1_765' title='bbox 1738 4865 1794 4932; x_wconf 62' lang='grc' dir='ltr'>εει,</span> <span class='ocrx_word' id='word_1_766' title='bbox 1813 4866 1842 4916; x_wconf 90' lang='grc' dir='ltr'>ει</span> <span class='ocrx_word' id='word_1_767' title='bbox 1859 4861 1887 4918; x_wconf 92' lang='lat' dir='ltr'><strong>in</strong></span> <span class='ocrx_word' id='word_1_768' title='bbox 1901 4862 1962 4922; x_wconf 90' lang='lat' dir='ltr'><strong>aliis</strong></span> 
     </span>
     <span class='ocr_line' id='line_1_52' title="bbox 313 4946 1962 5024; baseline 0.001 -15"><span class='ocrx_word' id='word_1_769' title='bbox 313 4953 460 5010; x_wconf 86' lang='lat' dir='ltr'><strong>verborum</strong></span> <span class='ocrx_word' id='word_1_770' title='bbox 480 4966 540 5008; x_wconf 89' lang='lat' dir='ltr'><strong>esse</strong></span> <span class='ocrx_word' id='word_1_771' title='bbox 562 4952 759 5008; x_wconf 89' lang='lat' dir='ltr'><strong>necessarium.</strong></span> <span class='ocrx_word' id='word_1_772' title='bbox 782 4949 858 5008; x_wconf 94' lang='lat' dir='ltr'><strong>Unde</strong></span> <span class='ocrx_word' id='word_1_773' title='bbox 878 4950 1027 5007; x_wconf 90' lang='lat' dir='ltr'><strong>ridiculum</strong></span> <span class='ocrx_word' id='word_1_774' title='bbox 1047 4964 1120 5014; x_wconf 82' lang='lat' dir='ltr'><strong>esset</strong></span> <span class='ocrx_word' id='word_1_775' title='bbox 1151 4950 1310 5024; x_wconf 84' lang='lat' dir='ltr'><strong>legibuseat</strong></span> <span class='ocrx_word' id='word_1_776' title='bbox 1323 4954 1443 5018; x_wconf 91' lang='lat' dir='ltr'><strong>certum,</strong></span> <span class='ocrx_word' id='word_1_777' title='bbox 1455 4947 1480 5004; x_wconf 95' lang='lat' dir='ltr'><strong>in</strong></span> <span class='ocrx_word' id='word_1_778' title='bbox 1494 4946 1533 5004; x_wconf 90' lang='lat' dir='ltr'><strong>eis</strong></span> <span class='ocrx_word' id='word_1_779' title='bbox 1545 4963 1598 5004; x_wconf 93' lang='lat' dir='ltr'><strong>non</strong></span> <span class='ocrx_word' id='word_1_780' title='bbox 1612 4947 1816 5007; x_wconf 89' lang='lat' dir='ltr'><strong>baberelocum</strong></span> <span class='ocrx_word' id='word_1_781' title='bbox 1834 4965 1962 5011; x_wconf 92' lang='lat' dir='ltr'><strong>commu·</strong></span> 
     </span>
     <span class='ocr_line' id='line_1_53' title="bbox 312 5036 1957 5117; baseline 0.001 -18"><span class='ocrx_word' id='word_1_782' title='bbox 312 5041 416 5114; x_wconf 87' lang='lat' dir='ltr'><strong>dicere,</strong></span> <span class='ocrx_word' id='word_1_783' title='bbox 432 5041 606 5117; x_wconf 89' lang='lat' dir='ltr'><strong>parricidam,</strong></span> <span class='ocrx_word' id='word_1_784' title='bbox 623 5041 664 5097; x_wconf 89' lang='lat' dir='ltr'><strong>vel</strong></span> <span class='ocrx_word' id='word_1_785' title='bbox 680 5039 878 5098; x_wconf 89' lang='lat' dir='ltr'><strong>incendiarium</strong></span> <span class='ocrx_word' id='word_1_786' title='bbox 891 5040 982 5113; x_wconf 91' lang='lat' dir='ltr'><strong>templi</strong></span> <span class='ocrx_word' id='word_1_787' title='bbox 993 5041 1118 5099; x_wconf 89' lang='lat' dir='ltr'><strong>autima-</strong></span> <span class='ocrx_word' id='word_1_788' title='bbox 1152 5042 1282 5097; x_wconf 89' lang='lat' dir='ltr'><strong>tationem</strong></span> <span class='ocrx_word' id='word_1_789' title='bbox 1298 5038 1410 5110; x_wconf 89' lang='lat' dir='ltr'><strong>proprio</strong></span> <span class='ocrx_word' id='word_1_790' title='bbox 1432 5036 1542 5094; x_wconf 91' lang='lat' dir='ltr'><strong>arbitrio</strong></span> <span class='ocrx_word' id='word_1_791' title='bbox 1563 5038 1679 5109; x_wconf 88' lang='lat' dir='ltr'><strong>lautam,</strong></span> <span class='ocrx_word' id='word_1_792' title='bbox 1697 5044 1727 5095; x_wconf 91' lang='lat' dir='ltr'><strong>ut</strong></span> <span class='ocrx_word' id='word_1_793' title='bbox 1746 5039 1817 5097; x_wconf 89' lang='lat' dir='ltr'><strong>inira</strong></span> <span class='ocrx_word' id='word_1_794' title='bbox 1835 5041 1957 5117; x_wconf 77' lang='lat' dir='ltr'><strong>dicetur,</strong></span> 
     </span>
     <span class='ocr_line' id='line_1_54' title="bbox 314 5125 1963 5208; baseline 0 -18"><span class='ocrx_word' id='word_1_795' title='bbox 314 5137 408 5208; x_wconf 84' lang='lat' dir='ltr'><strong>ginum</strong></span> <span class='ocrx_word' id='word_1_796' title='bbox 429 5137 572 5190; x_wconf 89' lang='lat' dir='ltr'><strong>incurrere</strong></span> <span class='ocrx_word' id='word_1_797' title='bbox 587 5147 732 5190; x_wconf 88' lang='lat' dir='ltr'><strong>censuram</strong></span> <span class='ocrx_word' id='word_1_798' title='bbox 743 5133 858 5189; x_wconf 88' lang='lat' dir='ltr'><strong>canonis</strong></span> <span class='ocrx_word' id='word_1_799' title='bbox 868 5132 901 5188; x_wconf 87' lang='lat' dir='ltr'><strong>Si</strong></span> <span class='ocrx_word' id='word_1_800' title='bbox 913 5135 978 5204; x_wconf 83' lang='lat' dir='ltr'><strong>quie</strong></span> <span class='ocrx_word' id='word_1_801' title='bbox 988 5129 1117 5188; x_wconf 81' lang='lat' dir='ltr'><strong>suaden-</strong></span> <span class='ocrx_word' id='word_1_802' title='bbox 1153 5129 1227 5187; x_wconf 91' lang='lat' dir='ltr'><strong>nulla</strong></span> <span class='ocrx_word' id='word_1_803' title='bbox 1240 5145 1306 5203; x_wconf 91' lang='lat' dir='ltr'><strong>ergo</strong></span> <span class='ocrx_word' id='word_1_804' title='bbox 1320 5128 1458 5196; x_wconf 89' lang='lat' dir='ltr'><strong>extensio,</strong></span> <span class='ocrx_word' id='word_1_805' title='bbox 1470 5125 1512 5184; x_wconf 89' lang='lat' dir='ltr'><strong>vel</strong></span> <span class='ocrx_word' id='word_1_806' title='bbox 1527 5129 1725 5200; x_wconf 80' lang='lat' dir='ltr'><strong>argumentatio</strong></span> <span class='ocrx_word' id='word_1_807' title='bbox 1741 5145 1789 5201; x_wconf 92' lang='lat' dir='ltr'><strong>per</strong></span> <span class='ocrx_word' id='word_1_808' title='bbox 1806 5132 1963 5190; x_wconf 88' lang='lat' dir='ltr'><strong>similitudi·</strong></span> 
     </span>
     <span class='ocr_line' id='line_1_55' title="bbox 313 5217 1961 5297; baseline 0 -16"><span class='ocrx_word' id='word_1_809' title='bbox 313 5229 348 5295; x_wconf 85' lang='lat' dir='ltr'><strong>tc,</strong></span> <span class='ocrx_word' id='word_1_810' title='bbox 367 5224 431 5297; x_wconf 90' lang='lat' dir='ltr'><strong>quia</strong></span> <span class='ocrx_word' id='word_1_811' title='bbox 445 5223 512 5281; x_wconf 91' lang='lat' dir='ltr'><strong>bace</strong></span> <span class='ocrx_word' id='word_1_812' title='bbox 527 5222 627 5280; x_wconf 92' lang='lat' dir='ltr'><strong>delicta</strong></span> <span class='ocrx_word' id='word_1_813' title='bbox 640 5223 854 5297; x_wconf 89' lang='lat' dir='ltr'><strong>aequiparentur</strong></span> <span class='ocrx_word' id='word_1_814' title='bbox 868 5222 896 5280; x_wconf 92' lang='lat' dir='ltr'><strong>in</strong></span> <span class='ocrx_word' id='word_1_815' title='bbox 909 5221 1042 5294; x_wconf 82' lang='lat' dir='ltr'><strong>gravitate</strong></span> <span class='ocrx_word' id='word_1_816' title='bbox 1056 5237 1118 5294; x_wconf 92' lang='lat' dir='ltr'><strong>per·</strong></span> <span class='ocrx_word' id='word_1_817' title='bbox 1154 5237 1215 5280; x_wconf 90' lang='lat' dir='ltr'><strong>nem</strong></span> <span class='ocrx_word' id='word_1_818' title='bbox 1226 5218 1341 5280; x_wconf 90' lang='lat' dir='ltr'><strong>rationis</strong></span> <span class='ocrx_word' id='word_1_819' title='bbox 1355 5217 1538 5276; x_wconf 89' lang='lat' dir='ltr'><strong>babetlocum</strong></span> <span class='ocrx_word' id='word_1_820' title='bbox 1549 5218 1577 5274; x_wconf 91' lang='lat' dir='ltr'><strong>in</strong></span> <span class='ocrx_word' id='word_1_821' title='bbox 1591 5219 1699 5292; x_wconf 89' lang='lat' dir='ltr'><strong>poenis,</strong></span> <span class='ocrx_word' id='word_1_822' title='bbox 1712 5219 1803 5292; x_wconf 89' lang='lat' dir='ltr'><strong>quoad</strong></span> <span class='ocrx_word' id='word_1_823' title='bbox 1815 5224 1961 5296; x_wconf 88' lang='lat' dir='ltr'><strong>proprium</strong></span> 
     </span>
    </p>
   </div>
   <div class='ocr_carea' id='block_1_3' title="bbox 0 0 2144 6242">
    <p class='ocr_par' dir='ltr' id='par_1_3' title="bbox 0 0 2144 6242">
     <span class='ocr_line' id='line_1_56' title="bbox 0 0 2144 6242; baseline 0 2"><span class='ocrx_word' id='word_1_824' title='bbox 0 0 2144 6242; x_wconf 95' lang='lat' dir='ltr'><strong> </strong></span> 
     </span>
    </p>
   </div>
  </div>
 </body>
</html>
