4232 6220
898 393 1067 448 ιιιιιιιιι.
1692 377 1755 441 659

155 519 241 581 sandi.
258 525 295 584 tta
312 541 338 580 v.
354 539 382 598 g.
405 522 447 580 lex
460 519 561 581 Christi
580 528 639 583 est:
657 525 726 581 hisi
747 525 812 598 pais
829 527 954 582 renatus
992 525 1141 582 sententiae
1159 523 1251 582 lavent
1269 523 1356 580 mults
1373 521 1449 580 decr.
1465 525 1518 594 25,
1533 536 1561 594 q.
1581 524 1610 592 1,
1632 521 1791 596 praesertim

145 610 247 683 fcerit
256 629 295 670 ex
307 628 397 687 opum
409 619 463 670 etc.
475 613 500 668 in
512 628 580 671 casu
590 615 702 687 ergo,in
714 629 770 687 quo
780 613 859 670 deest
869 629 953 685 aque,
988 628 1015 671 e.
1024 616 1098 672 ,ιιιι
1112 611 1244 686 puidam,
1254 619 1282 670 et
1295 613 1350 670 dno
1364 611 1515 686 sequentia,
1526 610 1552 668 in
1563 611 1664 684 quibua
1677 609 1790 684 dicitur,

155 703 263 760 videtur
287 702 331 760 illa
355 703 399 761 ler
422 703 520 761 cedere
544 705 571 759 ia
595 703 735 776 spirituale
754 712 953 760 nocumentum
988 710 1085 761 contra
1098 709 1201 760 statuta
1215 710 1323 777 patrum
1339 702 1405 760 nibil
1420 716 1499 774 posse
1514 700 1664 771 coadi,vel
1676 702 1789 772 mutari,

153 793 272 866 parvuli,
285 792 383 864 poterit
395 807 460 864 ergo
471 791 630 865 dispensare
641 794 723 864 Papa,
736 797 768 850 nt
778 791 804 848 in
817 792 951 850 similibus
987 794 1069 851 etiem
1081 809 1129 866 per
1139 793 1215 852 Sedis
1227 793 1393 866 apostolicae
1404 790 1685 862 anctoritatem,quod
1696 805 1791 846 neees-

153 882 265 939 casibus
289 883 372 939 verba
396 881 536 939 sufficiant
560 883 594 940 ad
620 881 811 940 conterendam
835 883 952 956 gratiam
988 884 1059 940 sario
1082 881 1163 940 debet
1179 883 1294 956 intelligi
1313 882 1347 939 de
1366 883 1476 940 statutis
1490 880 1596 938 traditis
1610 879 1644 936 ab
1658 878 1790 952 apostolis

152 971 269 1044 parvulo
283 972 310 1028 in
324 971 433 1028 nomiae
447 973 546 1043 Patris,
558 979 586 1028 et
600 971 669 1043 lilii,
684 978 711 1029 et
720 971 841 1044 Spiritus
851 973 949 1028 sancti.
988 988 1021 1030 ex
1034 988 1082 1030 ore
1095 972 1297 1030 absistentia
1310 974 1364 1030 heo
1379 986 1450 1043 papa
1462 969 1542 1044 epist.
1559 973 1606 1041 90,
1619 984 1646 1026 c.
1666 969 1691 1041 1,
1704 975 1731 1026 ιι
1744 968 1792 1026 ba·

151 1061 242 1118 Simile
257 1077 317 1118 esse
330 1067 423 1134 potest
436 1061 468 1118 de
482 1061 541 1135 lege
555 1062 668 1134 Christi,
687 1069 718 1119 ιιι
730 1062 808 1120 solus
822 1062 952 1121 sacerdos
988 1062 1069 1120 betur
1088 1064 1115 1118 iu
1131 1078 1157 1118 c.
1177 1063 1227 1120 ult.
1240 1062 1304 1121 dist.
1325 1065 1369 1133 11,
1385 1061 1526 1134 distinguit
1540 1058 1673 1133 quaedam
1687 1067 1791 1122 statuta

153 1153 240 1224 possit
255 1151 396 1224 absolvere
410 1154 574 1224 inpeccatis,
588 1167 650 1210 nem
669 1152 713 1209 ubi
727 1150 804 1211 deest
814 1153 951 1223 sacerdos,
988 1151 1165 1210 immutabilia
1184 1153 1217 1208 ab
1237 1150 1312 1224 aliis,
1335 1166 1405 1224 qnae
1420 1165 1470 1221 pro
1489 1150 1620 1206 varietate
1634 1154 1791 1222 temporum

152 1243 177 1298 si
197 1242 241 1300 lex
260 1241 306 1297 illa
325 1243 421 1298 stricte
436 1242 571 1301 servanda
584 1245 636 1316 sit,
652 1242 790 1300 videbitur
805 1243 953 1300 multorum
989 1248 1141 1310 mutuatum
1150 1242 1243 1314 priora
1253 1256 1318 1314 ergo
1331 1238 1792 1314 intelligitessedivioa,posteriora

150 1331 225 1388 salus
245 1331 386 1402 impediri3
409 1333 510 1403 poterit
522 1347 588 1404 crgo
610 1331 769 1404 dispensare
782 1334 866 1404 Papa,
883 1339 914 1389 ut
926 1334 953 1388 in
988 1339 1081 1390 antem
1096 1332 1225 1388 humana.

151 1419 285 1476 similibus
299 1419 409 1477 casibus
421 1419 566 1492 diaconus,
582 1421 624 1478 vel
636 1421 716 1478 etiam
731 1420 818 1478 laicam
830 1436 894 1478 vere
904 1422 951 1478 ab·
1028 1426 1054 1480 8.
1070 1422 1110 1479 Er
1125 1437 1181 1495 qno
1196 1423 1400 1494 potestoptima
1411 1421 1591 1495 congruentia
1602 1435 1651 1494 pro
1665 1420 1716 1479 hac
1728 1437 1790 1480 san·

150 1509 250 1578 solvat,
262 1510 345 1566 etiam
359 1509 484 1568 iaciendo
498 1525 531 1566 er
546 1510 637 1568 attrito
652 1511 891 1568 contritumltsm
906 1510 953 1568 nbi
987 1512 1071 1570 tentia
1085 1511 1167 1568 sumi.
1183 1513 1251 1568 Nam
1271 1512 1558 1570 convenientissimum
1569 1512 1619 1569 luit
1629 1525 1690 1569 esse
1700 1512 1725 1568 io
1736 1513 1789 1572 Ec·

149 1599 229 1656 deest
240 1599 350 1668 vinum,
364 1598 467 1655 dicitur
479 1601 551 1672 Papa
567 1615 646 1671 posse
660 1599 830 1672 dispensare,
847 1608 878 1657 ut
892 1603 952 1658 siue
987 1601 1181 1660 clesiaChristi
1193 1601 1282 1674 aliqua
1293 1608 1438 1674 praecepta
1448 1602 1685 1674 itaimrnutabilia,
1699 1610 1730 1659 nt
1740 1619 1789 1676 per

148 1686 196 1746 illo
215 1689 261 1746 dat
281 1689 464 1760 sacrificium,
485 1691 551 1763 quia
570 1690 607 1746 ita
621 1689 727 1747 videtur
738 1688 858 1762 expediri
873 1706 950 1748 com·
988 1690 1125 1748 bominem
1140 1690 1291 1763 dispensari
1305 1707 1358 1748 ιιι
1370 1693 1488 1764 possint,
1500 1707 1566 1765 ergo
1578 1692 1640 1750 talia
1651 1694 1788 1752 censenda

150 1780 226 1835 muni
240 1779 312 1836 bono
323 1779 441 1837 alicuius
456 1781 584 1851 aetionis;
596 1795 664 1853 ergo
675 1781 698 1836 si
708 1779 809 1837 alicubi
820 1780 892 1838 desit
903 1782 953 1838 tri·
986 1786 1051 1838 sunt
1065 1779 1119 1850 illa,
1132 1794 1203 1852 quae
1214 1780 1248 1837 ad
1259 1781 1345 1852 legem
1358 1783 1492 1838 aChristo
1504 1781 1654 1840 institutam
1665 1789 1694 1842 ιι
1704 1783 1787 1844 latam

149 1867 237 1926 ticum
259 1869 304 1942 tut
321 1883 351 1924 re
367 1883 432 1924 vera
451 1867 476 1923 ia
492 1869 583 1927 multis
598 1870 787 1928 remotissimis
803 1871 952 1942 provinciis
988 1870 1132 1942 pertinent.
1143 1869 1410 1942 Antecedeuspatet,
1428 1871 1492 1944 quia
1504 1869 1571 1928 haec
1582 1871 1707 1930 Ecclesia
1718 1889 1790 1934 sem·
1849 1945 1853 1954 ¹

147 1956 243 2014 deesse
263 1958 392 2030 dicitur),
409 1959 510 2030 poterit
523 1960 595 2030 Papa
608 1957 777 2032 concedere,
795 1965 824 2016 ut
837 1962 864 2016 in
877 1977 947 2032 pace
986 1974 1035 2030 per
1054 1958 1134 2018 debet
1151 1975 1212 2017 esse
1232 1976 1307 2034 una,
1327 1968 1355 2017 et
1374 1961 1435 2018 ideo
1451 1960 1598 2018 observare
1612 1963 1691 2021 etiem
1705 1962 1789 2024 debet
1848 1977 1855 1984 '

148 2047 316 2120 hordeaceo,
332 2047 373 2105 vel
387 2063 420 2104 err
434 2063 612 2121 quecumque
627 2049 724 2126 iarios,
741 2065 812 2122 qnae
825 2049 862 2106 ibi
876 2051 951 2107 inve·
988 2049 1223 2118 uniformitatem,
1245 2066 1299 2107 uon
1315 2051 1404 2107 salum
1419 2051 1443 2108 in
1459 2043 1527 2118 fide,
1547 2051 1689 2112 sedetiam
1704 2056 1730 2112 ia
1745 2073 1788 2114 re-

149 2137 199 2194 uiri
215 2133 311 2210 possit,
324 2136 462 2210 conlecto,
476 2152 541 2194 vara
556 2139 726 2196 consecratio
741 2139 844 2209 11ι1,ιι
861 2139 951 2212 aliqua
985 2139 1066 2212 giona
1076 2139 1205 2196 exteriori
1219 2142 1246 2196 ιι
1260 2141 1287 2196 ιι
1298 2139 1526 2199 substantialibus
1537 2142 1633 2199 ritihus
1645 2145 1712 2216 suis,
1724 2146 1788 2217 quie

148 2228 288 2300 provincia
301 2234 376 2286 tanto
388 2227 459 2284 bono
470 2235 573 2299 careat,
587 2229 659 2286 sicut
668 2227 857 2287 hlelauchthoo
870 2229 948 2302 dbia,
985 2227 1069 2298 (iuria
1080 2228 1241 2286 seutentiam
1251 2229 1397 2301 Augustini
1409 2245 1493 2302 supra
1504 2230 1688 2304 relatamlaou
1697 2240 1786 2306 potest

147 2318 289 2377 Ruthenos
303 2326 430 2377 carentes
445 2319 508 2374 vino
523 2335 604 2390 posse
618 2334 782 2376 consecrare
792 2318 907 2376 calicem
922 2321 948 2378 in
984 2316 1064 2373 aliter
1079 2317 1200 2374 humana
1210 2321 1388 2391 congregatio
1399 2321 1425 2376 io
1438 2337 1523 2378 unum
1536 2336 1638 2394 corpus
1648 2322 1787 2398 religionis

147 2425 219 2482 aqua
233 2408 333 2476 melita,
347 2415 377 2464 nt
390 2408 476 2465 relert
489 2407 645 2466 Bellarmin.
661 2408 706 2465 lib.
724 2413 752 2467 1.
769 2407 802 2465 de
814 2410 948 2466 Euchari·
983 2407 1124 2478 coniunge
1137 2405 1185 2464 sed
1200 2406 1266 2464 baec
1282 2407 1415 2466 stabilitas
1428 2415 1456 2466 et
1469 2410 1559 2467 unitas
1573 2412 1714 2470 Ecclesiae
1727 2415 1786 2472 siae

148 2500 198 2556 stia
213 2515 275 2570 cap.
292 2504 339 2569 21,
352 2504 379 2554 et
389 2498 423 2554 de
434 2497 599 2572 quibusdam
611 2498 669 2555 aliis
680 2498 949 2570 septemtrionalibus
983 2496 1138 2568 praeceptis
1161 2495 1236 2553 dieto
1259 2496 1341 2554 modo
1365 2497 1578 2557 immutabilibus
1592 2502 1785 2562 convenienter

146 2588 289 2646 haereticis
300 2590 362 2646 vino
373 2588 531 2645 carentibus
541 2603 557 2644 a
568 2587 618 2645 fids
628 2587 718 2660 dignis
730 2587 948 2661 audiri,dispsn·
985 2586 1143 2644 conservari
1157 2601 1211 2642 non
1226 2593 1330 2659 posset,
1344 2602 1418 2660 ergo.
1429 2589 1565 2647 Probatur
1579 2590 1677 2662 minor,
1686 2607 1748 2651 uam
1762 2593 1786 2651 si

146 2695 208 2737 sare
226 2695 321 2736 seeum
336 2679 378 2734 vel
393 2679 583 2750 interpretari,
601 2684 632 2735 ut
647 2676 710 2735 loco
726 2679 778 2735 viui
792 2680 946 2753 cervisiam,
983 2692 1031 2749 per
1044 2676 1259 2749 dispensationes
1274 2686 1385 2749 possent
1403 2677 1578 2738 fundamenta
1592 2681 1730 2741 Ecclesiae
1743 2684 1783 2742 la·

146 2769 173 2824 id
186 2775 230 2826 est
242 2776 338 2841 potum
352 2783 385 2826 ea
399 2783 470 2842 equa
484 2774 512 2826 et
525 2767 641 2839 hordeo,
654 2774 682 2824 et
692 2768 750 2826 aliis
760 2769 844 2827 rebus
855 2773 949 2828 conle-
984 2765 1126 2839 balactari,
1138 2773 1187 2824 aut
1200 2756 1377 2825 variationem
1390 2768 1507 2843 aliquam
1521 2769 1641 2843 recipere
1656 2772 1681 2828 in
1693 2771 1782 2832 diver·

145 2867 237 2928 ctum,
259 2859 284 2916 io
301 2859 437 2916 sacrificio
450 2867 599 2931 apponent.
612 2861 684 2916 llaec
700 2865 793 2917 autern
809 2868 837 2918 ιι
851 2861 948 2918 similia
984 2857 1020 2914 sis
1035 2855 1159 2928 partibus
1173 2857 1243 2928 eius,
1255 2857 1385 2914 discursu
1397 2865 1553 2930 temporum
1568 2866 1642 2918 unta
1655 2861 1726 2920 lacta
1740 2879 1784 2920 es·

144 2947 266 3007 absurda
279 2955 343 3004 suat
357 2955 383 3005 ιι
396 2948 564 3005 incredibilia
575 2949 729 3006 secundum
740 2950 874 3024 principia
887 2951 948 3008 hdei
983 2953 1025 3004 set
1044 2949 1179 3016 mutatio,
1199 2953 1232 3004 ut
1251 2946 1294 3003 via
1312 2947 1452 3006 Ecclesiae
1466 2949 1557 3008 unitas
1571 2959 1780 3024 agnosceretur3

143 3045 171 3096 et
187 3053 278 3095 veram
293 3035 468 3109 theologiam.
979 3050 1047 3109 ergo
1067 3038 1191 3108 oportuit
1208 3029 1276 3094 haec
1295 3043 1442 3110 praecepta
1461 3039 1538 3112 qnasi
1557 3039 1781 3116 fundamentalia,

186 3131 210 3186 i.
228 3127 278 3185 Est
290 3142 357 3202 ergo
372 3129 453 3185 tertia
465 3134 495 3185 ιι
508 3130 661 3186 communis
676 3130 869 3204 theologorum
884 3146 948 3188 sens
983 3131 1014 3182 ut
1026 3127 1065 3182 sic
1080 3125 1181 3196 dicam,
1192 3141 1253 3184 esse
1267 3142 1382 3197 prorsus
1395 3127 1560 3186 insatiabilia
1573 3136 1600 3187 et
1610 3130 1781 3204 indispensa-

144 3219 227 3276 tentia
246 3219 371 3276 absolute
391 3233 508 3289 negans,
529 3217 614 3292 legem
634 3219 734 3280 cbrisri
752 3220 870 3278 divinam
885 3237 946 3279 esse
981 3214 1053 3271 bilia.
1069 3215 1145 3274 Unde
1159 3215 1239 3273 tacite
1250 3216 1384 3287 probatur
1395 3219 1704 3296 primaeonsequentia3
1716 3239 1780 3282 nam

142 3309 450 3382 dispensabilern,etiam
461 3324 508 3380 per
519 3308 685 3366 Pontificem.
695 3312 735 3367 ila
746 3314 876 3384 supponit
887 3310 946 3368 ubi·
981 3305 1041 3362 ideo
1056 3305 1181 3364 Christus
1194 3307 1327 3363 nominos
1340 3306 1430 3379 aliqua
1442 3308 1599 3380 specialiter
1611 3316 1641 3367 et
1654 3311 1679 3368 in
1694 3312 1778 3384 parti·

142 3414 198 3471 quc
211 3397 240 3456 d.
254 3397 371 3458 Thomas
384 3403 411 3455 2.
429 3404 463 3470 2,
478 3405 586 3470 quaest.
598 3404 649 3470 88,
663 3401 744 3457 artic.
765 3405 809 3473 to,
824 3401 850 3457 in
865 3401 946 3458 tertio
981 3396 1067 3454 colari
1080 3394 1279 3469 determinavit,
1295 3403 1323 3453 ιι
1336 3399 1489 3470 praecepit,
1503 3404 1536 3454 ut
1550 3399 1575 3454 in
1588 3398 1635 3455 illa
1648 3415 1702 3458 nou
1717 3417 1780 3473 pos·

142 3495 308 3561 argumento
322 3503 387 3544 cura
401 3487 581 3557 solutione,et
600 3493 623 3547 1.
640 3495 766 3562 2,q.ti,
781 3508 807 3548 a.
825 3496 853 3562 1,
870 3491 904 3549 ad
916 3498 943 3550 3.
981 3492 1024 3544 set
1041 3486 1140 3544 cadere
1159 3485 1279 3542 humana
1299 3487 1428 3561 mutatio,
1450 3493 1481 3544 nt
1498 3494 1573 3560 patet
1584 3487 1619 3545 de
1634 3499 1780 3564 praecepto

145 3580 179 3636 Et
189 3578 344 3650 specialiter
355 3577 436 3634 docet
447 3577 480 3634 de
492 3578 632 3648 Pontifice,
648 3595 702 3636 nou
719 3580 947 3654 possedispensa·
981 3577 1126 3649 baptismi,
1144 3582 1173 3633 et
1189 3575 1335 3633 similibus.
1352 3577 1426 3650 Ergo
1446 3585 1648 3650 consequenter
1665 3595 1780 3638 censen·

145 3683 174 3722 ιι
190 3668 216 3722 iu
231 3666 288 3738 lege
303 3682 373 3722 nova
386 3667 414 3722 io
429 3665 553 3739 qarodlib.
567 3672 595 3740 1,
608 3675 662 3724 ιιι.
683 3671 727 3741 13,
742 3677 770 3726 ιι
784 3669 906 3742 quodlib.
916 3675 945 3742 9,
981 3665 1047 3724 duan
1061 3673 1118 3737 est,
1133 3665 1235 3729 amois,
1252 3681 1322 3738 qnae
1336 3665 1443 3737 abipso
1457 3676 1603 3739 praecepta
1623 3674 1702 3742 snat,
1718 3671 1780 3730 telis

144 3771 170 3811 a.
191 3758 234 3813 15.
242 3755 316 3813 idern
331 3755 355 3812 in
371 3760 399 3828 1,
414 3754 479 3812 dist.
491 3759 540 3828 21,
552 3772 580 3829 q.
594 3762 622 3830 3,
637 3765 691 3813 ιιι.
706 3762 733 3830 3,
750 3759 782 3816 sd
797 3764 826 3831 ι,
843 3759 887 3816 ubi
902 3777 946 3818 so·
980 3771 1057 3826 esse,
1074 3761 1132 3811 tum
1146 3756 1212 3828 qnia
1226 3754 1316 3811 solum
1330 3754 1485 3826 specialiter
1499 3757 1633 3830 praecipit
1645 3773 1694 3830 ea,
1708 3775 1780 3834 quae

145 3843 203 3902 lum
221 3845 323 3917 excipit
343 3860 390 3914 ea,
411 3859 482 3916 quae
497 3853 561 3902 sunt
575 3844 609 3901 de
627 3847 795 3904 institutione
809 3849 946 3920 apostolo·
982 3847 1016 3906 ad
1031 3845 1111 3904 iidem
1124 3853 1152 3903 ιι
1166 3851 1338 3903 sacramenta
1352 3847 1498 3918 pertinent,
1511 3853 1542 3904 ut
1556 3861 1640 3920 supra
1655 3847 1779 3910 declara·

144 3949 219 4000 rum,
231 3949 301 4006 quae
315 3933 518 4007 quodammodo
534 3935 623 3993 solent
637 3936 726 3993 divina
739 3939 879 4010 appellari,
893 3955 946 3996 aon
982 3945 1043 3996 tum
1064 3943 1122 4004 est,
1144 3935 1213 3993 haec
1232 3942 1325 3993 antem
1346 3938 1437 3993 omnia
1451 3937 1591 4008 pectinent
1603 3937 1638 3995 ad
1652 3940 1781 3999 substan-

145 4030 236 4080 tamen
250 4025 362 4096 proprie
376 4025 512 4095 pertinent
526 4023 558 4080 ad
573 4023 660 4098 legem
676 4041 791 4100 novam,
813 4033 845 4085 nt
857 4027 946 4088 divina
982 4028 1042 4085 tiele
1061 4027 1202 4084 Ecclesiae
1215 4026 1439 4084 fundamentum:
1461 4029 1629 4102 tumeliam,
1646 4032 1779 4102 quianon

144 4120 202 4184 est,
227 4120 256 4170 et
278 4116 315 4171 ita
338 4115 462 4186 exceptio
477 4115 522 4170 illa
536 4116 625 4173 lirmat
638 4118 763 4190 regulam
776 4119 944 4193 generalem,
980 4125 1023 4176 est
1037 4117 1122 4174 maior
1136 4119 1222 4188 ratio,
1242 4131 1295 4173 cur
1308 4115 1444 4189 quaedam
1459 4119 1513 4173 sint
1527 4117 1736 4194 dispensabilia,
1752 4129 1781 4182 ιι

144 4203 221 4275 quod
234 4206 306 4276 Papa
320 4219 373 4260 non
385 4206 473 4276 possit
484 4205 509 4261 iu
522 4204 581 4278 legs
591 4206 688 4263 Christi
700 4206 945 4279 dispensareldem
981 4223 1033 4265 non
1048 4207 1111 4274 alia,
1121 4222 1176 4284 ,nec
1191 4211 1282 4278 potest
1295 4206 1377 4263 buius
1389 4206 1552 4265 diversitatis
1562 4211 1726 4267 conveniens
1736 4227 1780 4268 as-

144 4299 238 4350 ιιιιιι
260 4293 442 4350 communiter
461 4293 603 4352 tbomistae
618 4312 702 4368 snpra
715 4297 789 4356 dicta
810 4299 871 4358 loca
890 4300 946 4358 divi
981 4297 1081 4371 signari
1094 4295 1202 4370 regula,
1226 4303 1256 4353 ιι
1270 4295 1345 4354 cirea
1362 4298 1471 4356 tertiam
1491 4299 1780 4370 opinionemdeclare-

143 4383 263 4442 Tbomae
282 4387 305 4440 1.
321 4387 351 4455 2,
365 4389 394 4438 ιι
406 4387 435 4439 2.
453 4388 486 4455 2,
501 4389 529 4440 ιι
542 4385 607 4442 smo
622 4385 668 4442 lib.
685 4387 752 4445 l.de
766 4390 854 4447 instit.
870 4406 897 4463 q.
916 4395 944 4460 i,
979 4396 1039 4446 tum
1053 4393 1107 4456 ιιι,
1121 4397 1150 4444 ιι
1163 4389 1250 4460 megia
1264 4387 1369 4459 patebit
1380 4403 1414 4444 ιι
1428 4389 1618 4463 sequentibus.

145 4479 200 4532 art.
217 4477 245 4544 3,
255 4470 352 4529 hedes.
370 4473 397 4528 in
411 4476 440 4542 1,
452 4478 481 4530 2.
499 4490 525 4544 p.
542 4490 570 4546 q.
581 4479 609 4545 1,
622 4481 674 4534 ιιι.
691 4480 719 4551 6,
731 4486 758 4535 ιι
769 4477 842 4536 1ι1ιιι
853 4486 946 4552 aperto
1020 4481 1048 4536 9.
1064 4476 1142 4534 Ratio
1157 4483 1250 4534 antem
1264 4492 1280 4533 a
1294 4477 1376 4548 priori
1391 4477 1471 4534 huius
1487 4481 1636 4536 sententiae
1650 4486 1703 4554 ιιι,
1715 4483 1779 4554 quia

143 4559 226 4618 dccet
236 4560 412 4633 Gano,lib.2.
428 4561 462 4618 de
476 4563 567 4634 Locis,
578 4577 605 4618 ι.
622 4570 667 4638 itt,
679 4571 705 4622 ct
719 4564 753 4624 ad
765 4569 794 4629 l.
805 4568 942 4626 Catberin.
980 4566 1094 4625 inlerior
1105 4581 1160 4623 non
1170 4571 1263 4638 potest
1276 4565 1433 4638 dispensare
1442 4569 1469 4623 in
1482 4567 1540 4642 lege
1552 4570 1714 4643 superioris,
1726 4575 1778 4630 uisi

145 4650 192 4709 lib.
209 4654 236 4708 e.
253 4657 349 4722 contre
362 4651 445 4707 Caiet.
461 4666 489 4707 c.
504 4656 533 4722 2,
546 4657 574 4708 ιι
586 4653 715 4713 Τιιιιιι.
725 4657 751 4711 in
762 4657 878 4715 sumde
891 4659 945 4716 Eo·
982 4658 1016 4714 ab
1031 4673 1064 4714 eo
1080 4655 1178 4712 habeat
1193 4655 1336 4728 specialem
1351 4659 1565 4728 potestatemEt
1577 4660 1612 4716 ob
1627 4661 1698 4718 hanc
1712 4678 1779 4721 cau·

143 4739 238 4812 alesia,
249 4756 276 4796 c.
297 4743 360 4810 lbi,
372 4741 455 4797 hlaior
466 4740 491 4796 ia
502 4744 531 4809 1,
543 4740 607 4798 dist.
624 4746 672 4812 21,
685 4744 713 4816 q'.
733 4748 778 4816 ta,
789 4750 818 4802 ιι
826 4747 943 4806 himein.
981 4763 1039 4805 sam
1056 4748 1081 4804 io
1096 4747 1184 4821 legem
1199 4752 1317 4804 veterem
1330 4745 1496 4820 dispensatio
1509 4765 1564 4806 ιιι
1575 4748 1701 4823 cadebat,
1714 4755 1781 4826 quie

146 4830 192 4886 tib.
208 4828 242 4886 de
253 4845 381 4902 suprema
392 4835 527 4902 potestate
541 4832 693 4890 ecclesiast.
704 4849 730 4890 c.
742 4840 770 4906 3,
786 4835 869 4893 Salar.
889 4845 946 4895 tra·
980 4845 1040 4896 erat
1057 4837 1099 4894 len
1118 4837 1179 4908 Ilei,
1199 4842 1227 4892 et
1240 4839 1312 4894 Deus
1326 4853 1382 4893 non
1394 4835 1507 4894 dederat
1518 4845 1681 4911 potestatem
1696 4842 1778 4902 talem

144 4926 185 4978 ct.
198 4922 280 4978 tibin
291 4922 360 4978 heta
368 4923 395 4977 in
407 4924 435 4993 1,
445 4927 473 4978 ιι
485 4927 511 4979 5.
525 4921 674 4980 differentia
683 4923 753 4981 inter
766 4925 809 4982 ins
822 4925 945 4984 divinum
980 4927 1144 4984 bominibus.
1160 4928 1196 4984 nt
1208 4942 1274 4984 vero
1292 4927 1373 4984 etiam
1392 4928 1418 4984 in
1433 4927 1492 5000 lege
1505 4944 1577 4985 nova
1590 4945 1645 4987 non
1657 4938 1702 4989 est
1715 4932 1780 4990 data

143 5015 173 5067 ιι
185 5009 351 5082 humanum,
367 5009 413 5066 nbi
428 5010 584 5068 indistincte
598 5013 721 5086 loquitur
735 5015 769 5072 de
783 5015 842 5073 iure
855 5015 945 5073 diviua
979 5016 1132 5076 horninibus
1153 5015 1212 5073 telis
1235 5023 1372 5088 potestas,
1392 5032 1479 5091 neque
1492 5019 1572 5076 etiam
1587 5022 1684 5092 Petro,
1698 5036 1776 5100 ergo.

143 5100 261 5158 naturali
275 5107 304 5158 et
318 5101 442 5174 positivo.
458 5101 532 5158 Idem
547 5109 641 5161 teuent
651 5105 809 5163 summistae
820 5121 945 5165 commn-
980 5110 1066 5165 htinor
1080 5113 1165 5179 patet,
1181 5109 1247 5180 quia
1262 5108 1344 5165 verba
1357 5107 1400 5166 illa
1413 5110 1548 5182 generalia
1566 5109 1780 5188 Qrmdcampce

144 5191 213 5250 niter
226 5191 311 5248 verbo
324 5194 422 5270 Papo,
433 5193 592 5264 praesertim
606 5195 941 5272 Splv.q.tt'›,cover.int,
980 5195 1110 5264 solveris,
1128 5199 1157 5253 et
1170 5195 1317 5270 ligaveris,
1335 5213 1388 5255 noa
1404 5197 1557 5270 sufficiunt,
1572 5207 1603 5257 nt
1616 5217 1664 5273 per
1679 5201 1725 5260 ilia
1736 5205 1780 5262 io-

144 5285 258 5343 bserd.
273 5297 301 5356 p.
317 5296 344 5339 c.
362 5286 391 5358 e,
405 5284 418 5354 ι
432 5287 460 5356 u,
474 5299 502 5340 a.
520 5286 553 5357 1,
568 5284 615 5342 ubi
629 5284 695 5344 alios
708 5284 815 5362 allegat.
831 5287 867 5346 Et
879 5288 943 5347 huic
980 5285 1246 5364 antigamusdsum
1261 5293 1423 5363 potestatem
1436 5287 1643 5353 admirandum
1657 5292 1700 5352 ius
1713 5293 1780 5354 divi·
