4278 6242
879 387 986 437 cicun
999 388 1112 438 xxvrr.
1723 373 1786 437 tta
1894 359 1897 364 ’

188 511 258 568 beas
273 511 385 584 minori,
397 526 430 568 ne
445 518 638 570 testamentum
651 511 746 581 iaciat,
757 527 811 570 non
826 511 943 570 irritabit
958 520 997 571 te·
1030 511 1174 586 prohibere
1189 517 1299 578 actum,
1320 508 1366 566 sed
1380 509 1461 567 etiam
1475 509 1606 583 impedire
1620 512 1762 587 ellectum,
1778 529 1828 572 seu

189 606 375 673 stamentum,
392 603 456 674 quia
471 602 552 658 ctiam
567 601 612 658 illa
630 601 672 660 len
687 618 741 660 non
755 603 783 658 lit
801 603 902 660 intuitu
921 602 998 659 iusti·
1030 600 1232 674 obligationem,
1245 597 1316 673 q'uae
1330 613 1379 672 per
1394 598 1475 656 talem
1490 601 1584 657 actuni
1598 601 1692 658 induci
1706 607 1826 678 poterat,

189 691 256 758 tiae,
277 691 326 746 sed
341 692 526 748 convenientis
540 690 725 764 dispositionis
738 692 834 749 talium
848 693 994 750 bonorum.
1029 691 1072 746 vel
1091 691 1182 764 aliquo
1204 690 1286 747 modo
1302 690 1469 759 constituat,
1485 696 1534 745 aut
1547 697 1684 761 supponat
1697 691 1826 749 substau-

189 781 247 838 Cur
263 796 331 854 ergo
345 780 490 851 prohibitio
503 797 574 853 pura
586 783 742 839 testamenti
752 797 885 854 personae
899 783 996 839 minori
1030 779 1121 835 tialcm
1143 779 1260 835 lormam
1281 784 1376 848 aetus,
1397 784 1427 833 et
1445 777 1479 832 oh
1494 777 1564 834 illius
1580 777 1828 838 delectamentum

191 870 267 928 iacta
287 871 375 927 irritat
393 875 604 943 testinnonium,
620 871 767 944 prohibitio
781 879 873 929 autem
891 871 996 945 proles·
1030 868 1182 941 prohibeat.
1198 870 1272 925 llaec
1290 867 1403 924 assertio
1421 866 1512 939 quoad
1530 868 1654 941 reguiam
1670 855 1828 942 generalem

195 959 280 1016 sionis
293 947 469 1016 lactaeidem
484 975 538 1016 non
553 961 644 1017 irritat
657 960 875 1032 professionem?
1029 962 1095 1016 satis
1109 964 1152 1016 est
1166 959 1280 1030 probata
1295 957 1321 1028 in
1335 958 1421 1030 prima
1435 959 1588 1014 assertione
1602 973 1668 1015 cum
1683 958 1824 1030 omnibns,

231 1053 259 1106 ³.
275 1049 353 1106 Unde
373 1047 498 1106 llcndoza
517 1048 586 1106 inira
606 1048 732 1106 citandus
754 1051 884 1121 sentiens,
906 1049 995 1123 legem
1029 1063 1100 1122 quae
1110 1050 1139 1104 in
1149 1047 1337 1119 superioribus
1349 1044 1423 1101 dicta
1435 1049 1509 1101 sunt.
1517 1045 1612 1113 Quoad
1627 1047 1746 1118 priorem
1757 1062 1824 1104 vero

195 1136 304 1196 civilem
318 1153 387 1209 pure
408 1138 593 1211 prohibentem
613 1138 757 1210 aliquando
772 1139 881 1196 irritare
901 1146 994 1198 actum
1029 1140 1218 1211 exceptionem
1232 1135 1417 1193 declarabitur
1432 1137 1522 1192 statim
1536 1135 1727 1208 respondendo
1738 1136 1773 1193 ad
1784 1152 1828 1193 ra·

193 1229 220 1285 in
235 1230 424 1298 conscicntia,
441 1228 521 1285 aliam
539 1227 737 1286 distinctionem
750 1244 782 1286 ac
796 1228 918 1302 regulam
929 1245 996 1287 con·
1030 1231 1118 1298 dones
1133 1224 1292 1296 dubitandi,
1315 1223 1408 1297 quoad
1422 1225 1602 1296 posteriorem
1615 1239 1680 1282 vero
1694 1225 1721 1282 in
1736 1225 1834 1308 capite„

193 1320 294 1376 stituit.
310 1318 507 1391 Distinguitque
526 1323 583 1376 tres
604 1317 712 1375 ordines
733 1317 840 1392 legum:
860 1318 995 1392 quaedam
1031 1317 1210 1392 sequentias
1225 1317 1295 1372 ratio
1306 1314 1336 1369 'iu
1351 1329 1460 1370 summa
1473 1315 1697 1387 ast,qnianeque
1713 1315 1827 1372 allartur

193 1413 268 1479 sunt,
291 1422 363 1480 quae
383 1407 535 1477 respiciunt
555 1406 697 1464 utilitatem
717 1409 791 1478 cius,
813 1409 895 1466 cuins
916 1413 996 1465 actus
1029 1399 1166 1480 exceptio,
1178 1419 1250 1480 quae
1265 1403 1298 1460 ad
1313 1403 1359 1459 illa
1373 1403 1428 1460 duo
1443 1405 1534 1476 capita
1546 1419 1601 1461 non
1615 1410 1828 1476 revocetur,ne·

191 1496 366 1568 prohibetur,
382 1495 460 1568 aliae,
473 1511 544 1570 quac
559 1497 711 1569 respiciunt
726 1498 867 1554 utilitatem
883 1497 995 1555 alterius
1029 1513 1084 1572 quc
1098 1497 1150 1553 alia
1162 1494 1259 1569 regula
1273 1495 1414 1565 occurrit,
1436 1507 1506 1566 quae
1519 1499 1648 1551 constans
1662 1509 1722 1551 esse
1736 1493 1826 1552 ridea-

192 1587 285 1658 terti3
301 1584 436 1658 quaedam
451 1585 527 1656 alise,
544 1601 615 1658 quae
629 1585 757 1658 publicae
773 1587 880 1664 utilitati
894 1602 997 1644 conan-
1029 1593 1076 1644 tur
1090 1584 1124 1644 ad
1138 1582 1352 1641 discernendum
1367 1597 1416 1654 per
1433 1581 1520 1654 legent
1535 1582 1738 1654 prohibentem,
1755 1598 1826 1655 quae

191 1674 263 1732 lunt.
280 1677 318 1732 be
331 1677 425 1746 primis
440 1675 569 1744 affirmat,
586 1690 641 1731 non
657 1675 763 1732 irruere
778 1681 872 1732 actum
885 1677 913 1732 in
927 1692 995 1733 con·
1027 1679 1127 1747 irritet,
1139 1672 1183 1732 vct
1196 1690 1249 1730 non
1262 1673 1352 1729 irritet
1363 1687 1396 1727 er
1410 1671 1435 1726 ri
1450 1670 1648 1742 prohibitionis.
1664 1673 1699 1728 Et
1717 1671 1771 1728 hoo
1786 1677 1826 1729 et·

192 1765 322 1835 scientia,
344 1779 399 1820 non
419 1763 509 1821 solum
531 1778 598 1836 pure
619 1763 800 1836 prohibendo,
824 1763 871 1820 sed
891 1765 996 1822 etiamsi
1028 1767 1082 1822 iam
1095 1761 1317 1822 confirmatratio
1332 1758 1471 1817 dubitandi
1484 1761 1512 1816 in
1527 1761 1635 1817 cmxv.
1648 1762 1827 1835 posita,quae

193 1853 294 1912 addant
304 1853 458 1911 clausulam
468 1854 629 1924 irritantem,
642 1869 725 1928 quam
737 1858 817 1925 putat
827 1853 917 1910 solum
928 1870 992 1926 ops·
1029 1870 1138 1928 sempor
1151 1852 1232 1910 hahet
1245 1851 1311 1922 rim,
1327 1848 1456 1923 quamdin
1470 1865 1524 1906 non
1537 1848 1618 1906 datur
1632 1850 1682 1906 alia
1696 1851 1777 1922 ratio,
1791 1851 1826 1907 ob

192 1946 249 2001 rari
259 1946 286 2000 in
300 1943 397 2001 ordine
411 1942 445 2000 ad
460 1942 588 2014 dandam,
601 1943 642 1999 vel
656 1943 806 2000 tollendam
817 1943 953 2001 actionem
968 1945 994 2002 in
1029 1961 1111 2020 quam
1124 1944 1182 2000 sola
1191 1939 1335 2014 prohibitio
1348 1937 1383 1995 ad
1396 1937 1562 1995 irritandum
1577 1939 1826 2013 sufficiat,quando

192 2033 253 2090 loro
266 2033 406 2091 exteriori.
419 2035 457 2090 be
473 2031 602 2090 secundis
613 2046 680 2090 nero
690 2039 717 2089 et
727 2033 815 2091 tertiis
827 2033 933 2107 legibus
946 2036 993 2108 alt,
1031 2050 1086 2091 non
1108 2033 1190 2090 habet
1212 2030 1305 2087 locum
1325 2027 1523 2086 adminiculum
1538 2028 1602 2102 legis
1620 2045 1681 2087 saort
1694 2027 1828 2089 dubium.
1884 2073 1890 2080 .

191 2123 300 2180 irmtare
323 2129 406 2180 actus
430 2127 530 2179 contra
554 2121 643 2195 legem
667 2123 775 2194 laetos,
795 2123 876 2181 etiam
891 2125 920 2179 in
934 2123 995 2180 loro
1030 2124 1149 2195 lienique
1164 2119 1266 2194 patebit
1284 2119 1337 2178 hoe
1353 2117 1437 2191 magis
1449 2117 1638 2190 respondendo
1652 2118 1689 2176 ad
1705 2120 1827 2178 rationes

193 2214 392 2282 eonscientiae,
404 2219 434 2269 et
448 2226 497 2284 por
511 2213 647 2284 exempla,
659 2228 731 2285 quae
742 2212 866 2287 adduxit,
880 2213 994 2285 iudicat,
1030 2210 1169 2271 dubitandi
1183 2208 1307 2267 secundo
1321 2208 1385 2264 loco
1399 2207 1511 2280 positas.

193 2301 270 2376 loqui
287 2301 321 2360 de
341 2302 394 2359 illis
415 2301 539 2376 legibus,
555 2301 661 2360 etiamsi
676 2318 744 2376 puro
760 2304 933 2376 prohibeant.
944 2306 997 2363 Ve-
1068 2301 1109 2360 ad
1123 2300 1357 2372 comparationem
1370 2312 1453 2370 ergo,
1468 2311 1539 2370 quae
1553 2297 1582 2353 lit
1595 2313 1659 2355 cunr
1674 2298 1733 2372 lege
1747 2306 1828 2358 natu·
1932 2374 1945 2384 ⁸

192 2399 349 2451 rumtamen
373 2393 493 2463 primurn
518 2393 672 2450 membrum
697 2393 789 2466 quoad
816 2395 996 2466 posteriorem
1030 2392 1092 2465 rali,
1108 2395 1226 2464 negatur
1242 2386 1400 2444 similitudo.
1413 2386 1482 2453 Quia
1495 2386 1538 2442 lea
1553 2387 1685 2444 naturalis
1699 2403 1754 2446 non
1769 2395 1828 2446 tan·

193 2489 301 2555 partem
314 2481 415 2554 iqlsum
429 2487 488 2554 est,
503 2488 536 2538 ut
548 2487 658 2538 constat
671 2497 705 2538 ex
720 2484 810 2555 capite
826 2482 996 2556 praccedcn·
1030 2487 1091 2538 tum
1113 2479 1216 2548 dictat,
1237 2475 1305 2549 quid
1319 2475 1356 2532 sit
1368 2475 1513 2531 honestum
1527 2475 1568 2532 rel
1588 2482 1669 2549 turpe
1683 2478 1710 2533 in
1724 2480 1831 2536 actione

196 2573 226 2628 ti.
233 2570 327 2639 Quoad
341 2570 498 2628 secundum
513 2584 579 2628 vero
593 2570 674 2628 facile
689 2577 780 2644 potest
793 2571 997 2645 admitti,iuxta
1030 2568 1137 2644 aliqua,
1162 2566 1211 2624 sed
1231 2565 1310 2622 etiam
1331 2563 1427 2635 dictat,
1447 2563 1513 2636 quid
1530 2565 1581 2622 tale
1600 2566 1635 2623 sit
1648 2567 1673 2622 iu
1688 2583 1743 2624 usn
1756 2567 1829 2626 illius

193 2658 351 2732 generalem
367 2658 494 2732 regulam
509 2666 633 2717 nostram
647 2675 673 2717 c.
690 2661 771 2720 llllv.
788 2663 996 2735 positam,qnae
1031 2657 1149 2728 vinculi,
1176 2654 1219 2712 vel
1238 2654 1369 2726 euectus,
1390 2669 1473 2727 quem
1494 2653 1555 2710 talis
1574 2663 1654 2713 actus
1667 2663 1731 2729 post
1744 2673 1773 2714 se
1788 2674 1831 2716 re·

194 2749 221 2805 in
237 2748 337 2806 talibus
351 2747 460 2823 legibus
471 2764 526 2806 non
540 2755 585 2807 est
597 2764 649 2806 cur
661 2749 784 2821 patiatur
795 2735 1010 2824 exceptionem,
1030 2749 1154 2822 linquere
1177 2750 1283 2818 posset.
1300 2745 1368 2800 Nam
1387 2743 1409 2798 si
1429 2742 1489 2799 talis
1503 2759 1571 2800 usne
1586 2743 1668 2802 habet
1686 2747 1834 2818 turpitudi-

194 2855 260 2896 num
275 2839 329 2895 sint
342 2839 410 2895 iuria
427 2838 537 2910 privati,
551 2839 601 2895 nisi
615 2839 686 2898 torte
697 2840 849 2912 prohibitio
861 2843 998 2914 pertineat
1030 2853 1093 2894 nem
1118 2836 1296 2905 intrinsecam
1314 2831 1437 2890 eiusdem
1457 2834 1567 2892 rationis
1581 2849 1647 2891 curn
1662 2836 1832 2908 turpitudine

194 2927 228 2984 ad
243 2926 381 2985 deiectum
396 2925 602 2985 substantialem
616 2929 644 2985 in
659 2929 748 2986 lorma
763 2937 856 3002 actus,
869 2930 944 2988 iuxta
957 2931 996 2988 di·
1031 2927 1130 3002 prioris
1148 2925 1275 2996 actionis,
1290 2929 1357 2979 tunc
1372 2935 1484 2979 necesse
1497 2929 1550 2994 est,
1561 2919 1643 2982 etiam
1657 2925 1733 2983 illum
1747 2941 1830 2986 usunr

193 3016 283 3075 cenda
298 3017 326 3073 in
339 3017 430 3089 capite
444 3018 617 3089 sequentiln
633 3017 756 3074 secundo
769 3025 863 3076 autern
875 3021 997 3078 membro
1030 3014 1167 3090 prohiberi
1195 3029 1229 3072 er
1249 3013 1275 3069 vi
1296 3010 1419 3069 eiusdem
1440 3001 1507 3084 legis
1528 3013 1672 3085 naturalis,
1690 3020 1718 3071 et
1731 3030 1830 3073 conse·

195 3107 228 3165 dc
242 3106 350 3180 legibus
364 3105 576 3176 respicientibus
592 3105 741 3164 utilitatem
754 3108 877 3176 alterius,
893 3125 947 3166 non
958 3111 997 3168 vi·
1031 3112 1147 3180 quenter
1161 3102 1285 3176 impediri
1298 3101 1445 3172 ellectum,
1461 3116 1511 3158 seu
1525 3101 1682 3174 vinculum,
1696 3104 1771 3178 quod
1787 3122 1831 3164 so·

193 3196 260 3264 deo,
275 3194 414 3270 quomodo
428 3194 539 3252 landari
553 3196 654 3269 possit,
674 3196 750 3270 quod
767 3212 836 3268 pura
852 3198 996 3270 prohibitio
1031 3195 1089 3252 lum
1107 3198 1220 3268 propter
1238 3191 1320 3249 talem
1334 3206 1417 3247 usum
1431 3189 1524 3248 induci
1538 3197 1655 3263 poterat.
1670 3196 1739 3252 Nam
1755 3195 1777 3251 si
1791 3195 1831 3253 in·

195 3283 319 3342 annullet
342 3290 450 3354 actumc
471 3299 533 3341 nam
556 3283 598 3342 lea
616 3284 651 3341 de
671 3301 701 3342 se
720 3284 876 3344 indifferens
889 3293 950 3358 est,
965 3294 998 3347 ut
1030 3284 1197 3355 duceretur,
1219 3289 1292 3338 esset
1311 3280 1393 3337 etiam
1414 3285 1496 3351 turpe
1519 3287 1547 3338 ct
1564 3289 1663 3339 contra
1682 3286 1829 3355 rationem,

194 3372 357 3447 praetendat
376 3373 521 3431 utilitatem
540 3373 630 3447 tertii,
645 3373 688 3430 vel
704 3381 811 3432 tantum
826 3376 997 3449 prohibendo
1030 3375 1094 3446 quia
1117 3378 1192 3429 essct
1210 3370 1361 3444 iniquitatis
1383 3369 1539 3442 vinculum,
1562 3377 1595 3427 ut
1614 3371 1640 3427 in
1660 3373 1783 3446 exemplo
1798 3375 1832 3432 de
1888 3419 1894 3430 .

195 3470 309 3533 actum,
325 3461 367 3518 rel
386 3462 469 3519 ctiam
488 3463 632 3521 irritando.
645 3465 682 3522 Ut
701 3465 724 3520 si
739 3465 882 3537 prohibeat
895 3466 997 3525 clerieo
1031 3461 1203 3520 matrimonio
1229 3461 1298 3516 inter
1312 3459 1532 3532 consanguineos
1546 3461 1575 3516 in
1588 3460 1675 3533 primo
1690 3462 1778 3535 gradu
1792 3465 1832 3520 ri-

195 3554 289 3611 iacere
302 3552 463 3610 donationes
476 3552 605 3624 profanas
621 3553 656 3610 ob
673 3553 818 3612 utilitatem
831 3571 995 3628 pauperum,
1033 3552 1099 3610 dere
1115 3551 1233 3608 licetht
1245 3564 1310 3606 vero
1325 3551 1353 3605 in
1368 3547 1427 3620 lege
1441 3547 1554 3620 positiva
1564 3564 1618 3630 non
1628 3551 1832 3621 procedithaec

194 3649 290 3716 potest
309 3640 334 3698 id
354 3642 460 3710 tacere,
475 3641 518 3698 rel
535 3648 642 3699 uotum
657 3639 843 3716 prohibendo,
860 3644 997 3710 ueletiam
1033 3643 1103 3700 ratio
1118 3641 1214 3698 eodem
1229 3637 1327 3711 modo,
1349 3637 1399 3693 nisi
1412 3637 1448 3694 sit
1462 3643 1569 3695 tantum
1583 3636 1751 3697 declarativa
1764 3641 1834 3698 iuris

194 3730 344 3802 irritando,
365 3737 432 3805 ergo
450 3745 484 3788 ex
504 3729 550 3788 illo
566 3730 618 3788 tine
631 3747 686 3788 non
701 3733 767 3789 satis
781 3731 923 3808 colligitur
936 3738 998 3793 irria
1035 3730 1185 3802 naturalis3
1202 3736 1269 3786 tunc
1281 3728 1354 3783 enim
1367 3732 1511 3798 reputatur
1526 3734 1658 3802 tanquam
1671 3729 1764 3787 cadem
1775 3730 1831 3806 lex,

197 3822 269 3878 tatio
288 3835 339 3893 per
358 3820 446 3878 aolanr
466 3819 684 3894 prohibitionem,
701 3821 752 3878 nisi
766 3821 882 3894 addatur
894 3826 923 3881 in
939 3825 998 3900 lege
1032 3827 1062 3878 et
1080 3820 1141 3877 ideo
1165 3818 1260 3875 eadem
1286 3818 1337 3874 erit
1359 3817 1505 3890 utriusque
1520 3818 1602 3876 ratio.
1614 3819 1652 3876 Ut
1664 3820 1775 3892 quando
1789 3819 1834 3879 lex

196 3909 307 3983 aliquod
322 3907 454 3978 verbum,
470 3923 527 3982 quo
542 3909 710 3982 significetur
725 3910 828 3984 aliquid
843 3913 916 3971 aliud
935 3931 999 3988 ope·
1031 3909 1160 3984 prohihet
1179 3908 1388 3981 promissionem
1401 3912 1511 3978 turpem
1527 3923 1561 3964 ex
1576 3913 1653 3980 parte
1666 3909 1783 3981 obiecti,
1798 3925 1832 3967 eo
1879 3982 1883 3986 ⁵

196 3997 265 4068 rari,
279 4004 313 4055 nt
325 3998 459 4069 contingit
473 3996 499 4053 in
511 3999 640 4071 exemplo
651 3998 685 4055 de
697 3999 756 4073 lege
767 4000 928 4074 prohibente
943 4019 999 4062 me.-
1032 4000 1094 4072 ipso
1109 3995 1232 4056 annullat
1244 3995 1328 4058 illam,
1344 3993 1387 4052 vel
1402 3997 1493 4067 potius
1505 3994 1631 4072 declarat
1643 4013 1703 4055 esse
1717 3998 1833 4070 nullam,

195 4087 296 4144 llorere
315 4085 399 4144 lilium
420 4086 493 4143 ultra
512 4092 619 4143 certam
639 4089 836 4162 quantitatem,
858 4097 889 4149 ut
909 4093 998 4165 capite
1032 4088 1098 4160 quit
1121 4085 1216 4143 tidem
1237 4082 1392 4156 ῑυψῑῑϋᾶθ,
1407 4098 1477 4156 (tute
1492 4091 1537 4142 etl
1549 4084 1575 4140 ln
1590 4089 1834 4158 tcluuromitlen·

198 4176 323 4251 sequenti
343 4175 445 4233 dicam.
462 4174 546 4233 hlullo
567 4191 633 4234 vero
653 4177 743 4234 minus
761 4185 855 4250 potest
872 4182 999 4240 sustineri
1031 4174 1069 4250 dl,
1087 4181 1162 4233 esset
1174 4175 1202 4231 in
1216 4173 1380 4246 obligatione
1396 4171 1430 4231 ad
1445 4187 1503 4229 rem
1518 4179 1640 4246 turpem,
1657 4177 1680 4232 si
1695 4192 1743 4248 per
1757 4175 1834 4235 illam

197 4267 242 4325 illa
256 4265 390 4339 generalis
404 4265 501 4340 regula
513 4266 540 4321 in
555 4265 661 4339 legibus
675 4267 880 4339 prohibentibus
898 4270 999 4343 aliquid
1034 4264 1231 4334 induceretur,
1249 4267 1277 4319 et
1290 4259 1350 4318 ideo
1362 4261 1388 4316 in
1398 4263 1534 4332 praesenti
1544 4279 1598 4318 non
1610 4265 1716 4336 agimus
1727 4264 1761 4321 de
1773 4265 1834 4339 lege

196 4361 311 4429 propter
323 4369 471 4413 commune
485 4354 590 4412 bonum
601 4396 609 4428 ,
620 4356 684 4428 quia
698 4358 778 4414 etiam
791 4364 905 4430 propter
920 4359 998 4416 illum
1031 4355 1148 4427 positiva
1164 4351 1331 4410 declarativa
1345 4351 1413 4407 iuris
1428 4351 1573 4424 naturalis,
1588 4353 1686 4412 sedda
1700 4355 1836 4413 conatuu-

197 4445 277 4502 incrn
292 4451 384 4517 potest
393 4444 450 4502 lieri
464 4443 610 4517 prohibitio
625 4445 683 4500 sine
698 4446 864 4518 irritatione,
877 4452 910 4503 ut
923 4453 1000 4520 patet
1034 4443 1088 4500 tina
1102 4443 1165 4500 novi
1180 4441 1257 4498 iuris.
1271 4441 1345 4498 llaec
1361 4445 1455 4496 autem
1470 4439 1514 4498 lex
1524 4456 1579 4497 non
1591 4441 1717 4512 prohibet
1729 4450 1836 4517 actum,

197 4536 226 4591 in
240 4533 421 4606 prohibitione
439 4532 509 4605 ludi,
527 4532 567 4590 rel
583 4531 856 4607 donationum,quae
866 4535 998 4594 iuntmi·
1035 4533 1101 4608 quia
1115 4532 1228 4604 malum,
1245 4528 1477 4602 sedprohihendo
1492 4529 1569 4603 lacit,
1582 4537 1615 4588 ut
1627 4533 1664 4588 sit
1677 4531 1838 4590 malus.Po·

197 4624 291 4680 uiatris
312 4624 442 4679 iustitiae.
458 4622 494 4678 Et
512 4622 584 4678 idem
598 4621 735 4678 invenitur
748 4625 775 4678 in
789 4623 927 4697 exemplo,
944 4641 1000 4699 quo
1035 4628 1094 4702 test
1108 4626 1198 4680 autem
1215 4619 1360 4692 prohibere
1375 4625 1485 4688 actum,
1501 4624 1528 4675 ct
1541 4634 1596 4676 non
1609 4620 1771 4694 prohibere,
1787 4621 1837 4680 sed

200 4714 287 4771 utitur
301 4710 345 4768 ille
359 4718 457 4768 auctor
467 4711 501 4766 de
515 4709 574 4782 lege
584 4717 692 4768 maante
704 4713 744 4768 rei
756 4713 925 4785 pretium,et
934 4729 1000 4786 pro·
1036 4711 1155 4769 tolerare
1169 4709 1299 4767 ellectum
1313 4709 1390 4781 cius,
1408 4706 1451 4764 vel
1462 4709 1526 4782 qula
1541 4725 1626 4767 causa
1635 4711 1836 4787 prohibitionis,

198 4802 309 4860 bibente
328 4803 422 4858 carim
436 4797 570 4872 vendere3
590 4815 652 4856 narn
667 4806 747 4872 actus
761 4809 859 4860 contra
873 4802 946 4861 illam
961 4803 998 4860 le·
1036 4816 1107 4874 qnae
1120 4801 1172 4857 init
1186 4800 1212 4855 ln
1226 4805 1302 4872 actu,
1315 4804 1408 4856 cessat
1421 4799 1446 4854 in
1457 4798 1569 4872 ellectu,
1582 4800 1624 4856 vel
1635 4800 1699 4873 qnia
1709 4800 1774 4860 licet
1784 4801 1837 4860 du·

197 4909 261 4966 gem
276 4907 329 4949 non
344 4896 387 4949 cst
399 4890 511 4964 nullusj;
530 4889 602 4946 valet
615 4891 690 4946 enim
701 4890 835 4965 venditio,
851 4891 916 4950 licet
930 4894 1000 4951 inlu·
1036 4896 1099 4964 ret,
1119 4905 1176 4947 non
1190 4889 1227 4946 ita
1240 4895 1333 4946 moret
1345 4887 1378 4944 ad
1393 4887 1593 4959 prohibendum
1606 4888 1747 4962 ellectum,
1763 4893 1838 4950 sicut

198 4989 242 5039 sta
263 4983 319 5053 sit,
344 4987 374 5038 et
392 4979 530 5052 relinquat
551 4979 740 5052 obligationem
764 4980 928 5040 restituendi
954 4998 1002 5041 er·
1036 4986 1143 5052 actum,
1161 4979 1226 5051 qnia
1241 4989 1294 5035 non
1309 4985 1422 5050 apparet
1435 4983 1510 5035 mota
1524 4976 1677 5035 indecentia
1692 4978 1735 5036 acl
1747 4978 1838 5039 delor-

157 5137 161 5142 ,
198 5085 320 5128 cessum.
1039 5073 1120 5129 mites
1141 5069 1167 5126 in
1182 5084 1254 5141 uno,
1275 5069 1349 5125 sicut
1363 5068 1389 5124 in
1403 5066 1466 5124 alio.
1482 5067 1540 5124 lloc
1555 5073 1630 5139 patet
1643 5068 1771 5141 exemplis
1787 5087 1836 5128 su-

237 5165 266 5218 t.
282 5160 346 5216 Dico
361 5173 444 5231 ergo,
464 5156 552 5230 legem
566 5171 636 5230 pure
649 5157 839 5229 prohibentem
855 5174 998 5233 nunquam
1037 5175 1089 5233 pra
1102 5158 1248 5231 adductis3
1270 5173 1333 5214 nam
1348 5155 1390 5212 lex
1405 5154 1552 5228 prohibens
1566 5156 1729 5214 contrahere
1743 5161 1837 5217 matri-

202 5249 309 5308 irritarc
330 5255 442 5320 actum,
464 5247 515 5310 nisi
537 5247 578 5302 rel
600 5263 633 5303 cx
652 5262 685 5307 ea
704 5254 829 5319 constet,
845 5263 898 5307 non
913 5249 1002 5307 solum
1038 5251 1160 5308 monium
1181 5255 1279 5306 contra
1300 5245 1477 5304 interdictum
1497 5245 1655 5316 Ecclesiae,
1675 5261 1730 5303 non
1749 5249 1839 5308 irritat

286 5351 660 5406 turmariorum-rarsi.
923 5399 925 5404 ,
1590 5353 1617 5394 to
