4278 6242
363 369 429 462 ’144
689 457 694 470 ,
1075 401 1178 457 truste
1199 408 1233 456 4.
1274 431 1278 438 ·

326 541 445 598 irritatio
465 543 633 614 acceptionis
648 556 696 613 per
711 537 901 612 obligationem
916 535 942 592 in
957 533 1127 592 conscientia
1163 539 1248 590 testas
1270 536 1447 594 renunciandi
1468 537 1583 614 441444441
1595 540 1730 610 44444444,
1748 538 1853 597 44414444
1867 554 1900 594 ex
1919 553 1966 608 eo,

329 631 362 687 ad
379 633 590 704 restitutionem,
603 631 665 704 quia
677 630 804 686 nimirum
817 627 927 684 censuit
937 623 1070 692 Pontifex,
1085 639 1129 678 so·
1163 622 1236 695 qrrod
1249 623 1337 681 tersit
1350 628 1376 682 44
1389 627 1521 696 privatum
1534 628 1695 686 beneficium
1706 628 1860 684 etfarorem
1877 627 1967 696 facte,

327 720 383 788 lam
395 716 823 794 44144444444444444414444444
835 715 1126 772 illamrestllutionem.
1163 715 1207 770 444
1218 717 1373 773 4444444444
1385 720 1447 789 quis
1460 725 1562 789 posset,
1575 718 1641 776 dum
1654 735 1706 774 non
1719 717 1875 789 impeditur,
1889 715 1965 790 quod

366 812 465 868 Dicunt
480 827 545 868 vero
560 809 662 881 aliqui,
683 825 737 864 non
754 807 804 864 hac
822 809 926 863 ratione
940 804 1001 860 addi
1016 804 1128 860 clausu·
1163 821 1217 860 non
1239 811 1346 862 tautum
1368 809 1395 862 in
1417 807 1474 880 lege
1496 808 1673 880 probibente,
1689 806 1736 863 444
1757 808 1839 863 eliam
1859 808 1886 862 in
1901 808 1967 861 irri-

327 901 381 956 lam
397 901 566 972 irritantem,
582 897 629 956 sed
644 914 677 953 ne
698 896 892 953 contrahentes
908 895 1013 968 possint
1027 907 1128 949 renuu·
1163 899 1236 951 tants
1252 894 1343 952 locum
1359 897 1518 953 nonhabet.

327 991 400 1046 44444
421 991 474 1046 iuri
496 1005 565 1060 suo;
582 987 657 1061 quod
677 987 769 1043 facere
786 991 913 1055 possent,
929 985 950 1040 si
967 983 1008 1040 1444
1023 989 1127 1039 tontum
1203 988 1228 1040 3.
1242 984 1341 1042 Contra
1356 985 1505 1044 44444444
1521 986 1728 1044 conclusionem
1749 993 1833 1060 urget
1847 985 1965 1042 obiectio
1983 1003 1988 1016 ¹

327 1078 504 1150 prohiberet,
530 1085 558 1135 44
580 1076 751 1150 4444444444
775 1077 897 1132 irritaret
917 1074 994 1146 quusi
1017 1073 1042 1128 iu
1061 1079 1128 1128 actu
1163 1088 1247 1160 supra
1267 1073 1354 1145 facta,
1376 1077 1440 1149 quia
1461 1077 1502 1132 1444
1523 1093 1581 1134 nors
1601 1075 1723 1134 4444444444
1743 1079 1904 1135 4444444444
1919 1083 1963 1132 444

327 1170 448 1226 exercito
462 1176 490 1225 et
503 1185 556 1225 non
575 1155 602 1224 in
615 1175 680 1225 actu
695 1167 817 1239 signeto,
831 1166 904 1221 siout
915 1162 1128 1236 perclausulanr
1163 1178 1211 1233 per
1231 1163 1403 1234 Gregorium.
1426 1165 1635 1237 Respondemus
1658 1174 1762 1238 tamen,
1778 1167 1902 1240 negando
1917 1181 1961 1222 es·

327 1259 477 1315 irritantem
497 1259 554 1314 lieri
577 1258 693 1313 ridetur.
717 1254 768 1312 Sed
791 1253 857 1310 hnec
879 1253 947 1312 ratio
961 1253 1017 1308 sine
1032 1250 1129 1308 funde·
1164 1259 1323 1324 sumptum,
1345 1255 1409 1325 quis
1429 1255 1577 1328 Gregorius
1599 1269 1740 1329 nunqunm
1762 1257 1917 1334 acceptarit
1937 1255 1966 1311 il-

328 1356 421 1405 mento
436 1348 593 1420 excogitata
609 1352 666 1419 est,
683 1347 745 1419 quio
762 1360 790 1400 re
801 1359 867 1400 4444
878 1342 987 1400 additur
998 1341 1041 1398 illa
1052 1341 1127 1397 clau·
1165 1340 1237 1410 lam,
1255 1349 1286 1398 ut
1306 1341 1331 1396 ln
1353 1344 1485 1400 canonico
1499 1347 1559 1401 iure
1574 1344 1674 1403 babeat
1687 1347 1829 1416 ellectum,
1846 1345 1892 1403 sed
1908 1348 1962 1402 uti-

329 1437 390 1494 4414
404 1436 437 1492 44
453 1435 645 1508 explicandum
661 1432 782 1490 irritandi
793 1433 936 1502 ellectum,
952 1439 982 1488 ut
991 1447 1024 1487 444
1039 1431 1127 1502 44441-
1168 1437 1213 1487 tur
1234 1430 1324 1487 illaad
1346 1433 1473 1490 ellectum
1496 1434 1609 1492 alterius
1623 1435 1689 1509 legis
1704 1423 1786 1492 414444
1801 1435 1959 1507 imperialis.

328 1542 371 1582 me
392 1526 474 1582 allato
498 1523 622 1596 exemplo
644 1524 784 1580 manifeste
805 1529 887 1594 44444.
903 1523 953 1578 Est
966 1523 1046 1577 etiarn
1062 1520 1129 1576 falsu
1162 1521 1230 1575 Nam
1252 1520 1277 1596 14
1298 1519 1342 1577 4114
1361 1523 1441 1592 44144.
1462 1526 1487 1581 7.
1504 1531 1602 1580 444144
1616 1524 1753 1596 quoddam
1769 1531 1963 1582 testamentum

328 1615 371 1672 4114
386 1615 547 1685 4444444444,
564 1616 629 1686 quia
645 1628 725 1684 saepe
739 1627 792 1668 non
805 1618 921 1682 possunt
931 1610 1127 1668 contrahentes
1162 1608 1307 1667 cuiusdam
1320 1611 1471 1668 abbatissae
1482 1612 1646 1685 allegaverat
1656 1615 1805 1687 Gregorius
1817 1616 1905 1688 legens
1916 1616 1964 1672 lu·

327 1705 492 1763 renunclere
520 1702 712 1776 prohibitioni,
739 1703 845 1759 etiamsi
868 1700 994 1758 clausula
1018 1702 1128 1756 irritans
1163 1699 1268 1754 44444444
1290 1701 1462 1770 imperatoris
1483 1689 1664 1776 prohibentis,
1683 1705 1834 1760 monachos
1852 1705 1956 1775 testari;

327 1812 382 1853 non
404 1795 540 1866 addatur,
562 1801 594 1850 ut
614 1799 690 1865 patet
710 1793 734 1848 in
756 1791 936 1864 prohibitione
956 1789 1065 1847 44444144
1080 1791 1128 1846 tri·
1162 1794 1189 1843 et
1209 1795 1410 1861 consequenter
1430 1789 1521 1862 lubet,
1543 1795 1688 1849 retractari
1710 1793 1798 1849 omnia
1820 1808 1868 1864 per
1888 1792 1958 1849 illud

328 1886 430 1944 dentini
446 1885 479 1942 de
500 1901 553 1941 non
569 1882 755 1940 contrahendo
775 1881 966 1952 matrimonio,
981 1896 1034 1936 non
1050 1895 1127 1951 prae·
1162 1879 1465 1960 testamentum-facte,
1480 1886 1507 1937 et
1521 1880 1591 1936 bona
1607 1883 1774 1938 monasterio
1794 1883 1915 1952 restitui,
1933 1888 1961 1938 et

327 1977 418 2034 missis
436 1973 774 2044 denunciatiouibus3non
789 1974 860 2028 enim
874 1971 937 2028 licet
948 1973 1004 2026 4444
1016 1969 1126 2041 dispen-
1162 1967 1195 2023 ad
1215 1968 1266 2024 hoc
1283 1968 1441 2025 mandatum
1460 1970 1677 2028 confirmandum
1698 1971 1857 2044 subiungit:
1878 1975 1962 2046 Quia

323 2068 433 2123 satione
454 2064 527 2121 aliud
549 2063 657 2134 facere,
674 2063 780 2118 etiamsi
802 2060 996 2118 contrahentes
1011 2061 1127 2116 maxime
1162 2055 1317 2132 4444444414
1336 2063 1544 2117 44444414444444
1563 2067 1665 2135 operte
1685 2065 1910 2128 recollocaret,
1930 2067 1964 2118 rot

327 2157 413 2213 441444
433 2171 484 2212 444
504 2155 557 2211 iuri
577 2153 755 2222 renunciare,
772 2153 836 2226 quia
851 2151 896 2208 ille
909 2150 951 2207 lex
966 2158 1075 2207 nonest
1089 2149 1127 2206 fa·
1163 2162 1217 2213 ea,
1235 2162 1311 2218 quae
1325 2152 1430 2204 4444444
1443 2147 1620 2222 1444444444,
1639 2167 1697 2207 non
1711 2150 1808 2208 44144444
1823 2149 1957 2214 inutilia,

325 2261 375 2303 ror
389 2243 517 2315 illorum,
535 2245 583 2300 sed
597 2244 684 2314 ipsius
699 2240 863 2299 sacrementi
877 2247 906 2297 et
924 2240 985 2296 boni
1001 2255 1126 2296 commu·
1163 2234 1215 2293 sed
1228 2241 1322 2294 etiam
1330 2254 1389 2313 pro
1402 2236 1519 2311 insectts
1532 2239 1670 2298 habendo
1682 2245 1753 2310 4444,-
1770 2241 1815 2297 444
1831 2241 1906 2297 41444
1921 2242 1959 2297 al·

325 2336 378 2391 nis.
394 2335 450 2391 Gur
467 2349 532 2407 ergo
547 2331 693 2388 concilium
710 2327 745 2387 ibi
761 2347 814 2386 non
830 2330 905 2386 addit
918 2329 1073 2386 clausulam
1089 2330 1126 2384 ir·
1162 2327 1232 2386 ludit
1251 2329 1283 2385 ad
1301 2329 1387 2401 legem
1402 2347 1460 2385 non
1474 2328 1613 2398 dubium,
1633 2338 1659 2388 et
1673 2332 1708 2387 illi
1724 2332 1818 2388 tribuit
1832 2331 1963 2388 ellectum

325 2427 469 2494 citantem,
485 2428 514 2479 et
527 2420 629 2478 4444411
643 2420 716 2486 illam
731 2421 756 2477 in
776 2421 941 2477 necessitate
959 2419 1126 2490 praesentiae
1163 2434 1177 2473 4
1192 2418 1270 2475 44444
1286 2433 1370 2488 supra
1380 2418 1546 2490 explicatum
1556 2460 1563 2489 ,
1575 2437 1628 2476 uon
1643 2427 1729 2476 tanren
1742 2422 1818 2477 circa
1828 2435 1963 2490 senones,

325 2512 439 2586 parochi
463 2518 491 2568 et
516 2513 644 2580 testium,
675 2511 725 2566 nisi
754 2511 819 2581 quia
843 2508 887 2565 bic
913 2508 998 2565 4414444
1019 2511 1127 2566 irritare
1163 2507 1209 2564 scd
1226 2509 1300 2565 circa
1316 2509 1384 2564 alias
1398 2507 1472 2580 leges
1488 2509 1652 2581 imperiales.

325 2610 435 2668 actum,
452 2608 479 2659 et
494 2618 547 2656 444
563 2600 618 2656 1441
633 2599 708 2657 14444
721 2598 873 2672 4441444144
889 2600 989 2670 optime
1003 2614 1036 2656 er
1053 2601 1125 2670 oapi·
1200 2603 1227 2656 4.
1244 2599 1297 2655 Sed
1316 2599 1411 2654 instori
1433 2606 1522 2670 potest
1536 2615 1569 2658 er
1589 2614 1650 2671 cop.
1671 2603 1756 2674 Quae
1771 2603 1895 2666 44444444,
1915 2602 1962 2671 tif,

326 2699 353 2748 te
374 2697 441 2748 Non
462 2689 572 2754 solum,
594 2689 627 2745 de
648 2687 769 2761 regular.
790 2689 816 2742 44
839 2691 871 2758 ri,
887 2685 932 2743 ubi
948 2686 1127 2759 probibentur
1163 2686 1195 2744 de
1217 2687 1304 2759 regul.
1327 2689 1383 2744 444.
1405 2688 1430 2743 44
1447 2691 1478 2758 6,
1496 2687 1541 2744 ubl
1556 2703 1605 2758 pro
1620 2689 1713 2760 regula
1728 2689 1874 2759 statuitur,
1891 2704 1962 2760 quae

327 2781 438 2854 quidam
450 2780 586 2852 religiosi,
606 2778 723 2849 aliquem
738 2777 770 2832 ad
787 2776 983 2848 professionem
998 2775 1126 2832 admitte·
1163 2783 1262 2834 contra
1282 2777 1325 2833 ius
1346 2778 1428 2849 frunt,
1444 2793 1494 2849 pro
1512 2770 1618 2834 in'festis
1638 2778 1729 2834 haberi
1744 2778 1854 2835 debere.
1871 2781 1962 2851 Atque

326 2888 356 2929 re
371 2877 433 2927 ente
447 2869 571 2939 elapsum
585 2867 753 2938 probationis
765 2881 866 2921 annum
877 2885 885 2937 3
897 2871 924 2920 et
934 2864 1068 2936 professio
1080 2865 1128 2920 all·
1165 2868 1202 2922 ita
1219 2867 1325 2923 ridetur
1343 2867 1377 2923 ibi
1392 2868 1552 2924 canonizata
1567 2867 1660 2940 regula
1676 2867 1741 2942 legis
1755 2885 1813 2924 non
1826 2867 1961 2925 4144144444.

327 2967 370 3018 444
385 2959 457 3016 14444
470 2970 600 3028 44444444
617 2955 756 3024 444114144,
773 2969 825 3009 444
839 2962 928 3010 tamen
942 2953 1062 3025 omnino,
1079 2953 1127 3010 sed
1163 2955 1256 3027 Unde,
1275 2949 1341 3013 14444
1356 2957 1418 3014 4444
1433 2973 1486 3036 444
1503 2956 1649 3029 colligatur
1663 2959 1779 3015 irritatio
1792 2960 1914 3014 omnium
1928 2958 1963 3014 si·

327 3043 859 3132 44444414144444114444444.41444444
879 3059 912 3099 444
928 3044 952 3099 44
967 3042 1127 3115 prohibitio·
1163 3044 1266 3101 millum
1288 3053 1405 3103 actuum
1426 3047 1484 3117 ipso
1506 3046 1593 3118 factp,
1615 3057 1644 3102 et
1663 3048 1755 3104 statim
1776 3049 1803 3102 in
1824 3046 1963 3103 1444444-

326 3140 369 3195 nis
395 3143 475 3194 actus
493 3140 560 3192 erat
583 3136 696 3199 irritus,
717 3149 768 3189 nec
793 3140 887 3205 postea
911 3132 1033 3190 irritatur
1052 3131 1125 3204 plus,
1164 3134 1308 3204 scientiae,
1330 3135 1426 3192 saltem
1455 3137 1597 3208 seqnitur,
1619 3134 1719 3192 debere
1743 3135 1895 3192 secundum
1920 3139 1963 3192 ius

329 3241 413 3302 quam
435 3225 620 3296 exprimatur,
643 3229 671 3278 et
690 3221 863 3279 nibilominus
884 3228 950 3279 tuno
969 3229 1078 3294 poterat
1090 3221 1126 3279 illi
1162 3224 1328 3280 canonicum
1347 3239 1442 3281 omnes
1455 3224 1523 3281 tales
1537 3233 1616 3282 actus
1630 3242 1678 3298 per
1689 3224 1958 3284 sententiamiudicis

328 3314 381 3390 legi
397 3314 564 3372 renunciarl.
975 3305 977 3308 ’
1120 3313 1127 3326 ‘
1161 3315 1200 3371 ita
1221 3317 1400 3387 tractari,ut
1421 3315 1454 3372 ab
1475 3315 1549 3372 initio
1564 3331 1614 3386 pro
1628 3315 1734 3372 infectis
1750 3316 1960 3387 444444444,44

367 3411 395 3464 2,
411 3407 555 3462 Praeterea
575 3401 731 3461 declaratur
752 3417 785 3459 ex
799 3400 908 3459 duabus
923 3401 1128 3459 constitutioni·
1162 3409 1329 3461 reuocentur
1343 3406 1449 3472 omnia,
1463 3419 1534 3478 qrrae
1545 3419 1577 3460 es
1588 3404 1640 3460 illis
1655 3411 1856 3477 processerant.
1870 3406 1960 3477 Atque

323 3496 377 3554 bus
401 3495 517 3570 altysto
533 3493 565 3549 tl.
581 3500 609 3548 et
625 3493 762 3550 Clemente
776 3492 845 3547 vul.
861 3489 951 3548 444414.
967 3491 1069 3564 Xystus
1087 3496 1127 3546 et·
1150 3496 1202 3550 ·ita
1224 3493 1351 3551 ridentur
1372 3493 1520 3567 intelligere
1542 3493 1665 3567 regulam
1682 3494 1753 3550 illam
1769 3493 1852 3549 binus
1866 3493 1916 3562 ibi,
1933 3499 1961 3550 et

326 3587 399 3641 euim
420 3585 496 3655 prius
519 3582 669 3655 prohibuit,
685 3581 880 3654 professionem
896 3581 968 3651 4444,
984 3581 1035 3635 4444
1049 3586 1126 3637 44444
1160 3584 1274 3656 Glossa,
1290 3589 1318 3640 et
1339 3583 1380 3640 alii
1402 3583 1569 3640 canonistas.
1587 3584 1636 3640 4144
1649 3598 1714 3640 4444
1727 3582 1870 3639 444144444
1884 3581 1957 3638 illam

326 3674 425 3747 modo;
441 3681 469 3730 44
490 3674 556 3746 quia
577 3674 654 3730 aliter
668 3671 769 3740 4444444
784 3670 874 3727 441444
888 3669 998 3740 441444,
1014 3668 1127 3726 4144444·
1161 3671 1283 3747 regulem
1305 3673 1338 3730 de
1358 3673 1414 3742 his,
1429 3687 1499 3745 quoe
1515 3680 1580 3731 sunt
1594 3679 1691 3730 contra
1705 3675 1748 3729 ius
1760 3671 1827 3728 4444
1841 3671 1957 3728 formem

327 3763 381 3821 laur
402 3763 551 3819 irritantem
573 3760 685 3818 addidit.
700 3761 824 3817 Clemens
845 3767 938 3816 eutem
954 3764 1049 3829 postea
1064 3774 1126 3830 pro·
1160 3761 1365 3820 substantialem
1377 3764 1452 3819 actui
1464 3801 1472 3834 ,
1486 3770 1516 3819 ul
1526 3763 1641 3820 Saucius
1652 3761 1697 3818 lib.
1714 3761 1788 3842 ³4¹⁰
1803 3760 1960 3817 matrimon.

328 3853 486 3908 bibitionem
501 3852 666 3906 confirmans
680 3851 860 3906 irritationem
880 3847 1008 3915 abstulit3
1024 3863 1126 3919 suppo·
1160 3851 1232 3924 disp.
1249 3857 1276 3922 5,
1293 3867 1320 3907 n.
1337 3856 1364 3910 4.
1382 3850 1416 3908 44
1431 3855 1458 3909 4.
1474 3850 1600 3908 44444444.
1619 3850 1672 3908 Sed
1689 3850 1756 3907 baec
1772 3849 1907 3907 restrictio
1922 3849 1961 3904 ri·

325 3943 366 3998 nit
387 3956 470 4012 ergo,
487 3935 695 4012 prohibitionem
717 3939 817 3994 nudem
832 3952 886 3992 uon
902 3936 1026 4006 irritare,
1043 3942 1126 4008 elque
1160 3941 1240 3998 detur
1260 3941 1357 4013 nimia,
1372 3946 1402 3997 44
1422 3941 1447 3996 44
1464 3947 1539 3997 testu
1555 3955 1608 3995 non
1623 3939 1749 4012 fundata,
1767 3941 1852 3996 maior
1867 3946 1960 3994 autem

327 4033 409 4090 etiarn
425 4030 569 4102 supponit,
586 4027 793 4098 prohibitionem
808 4029 865 4083 sine
880 4025 1004 4084 clausula
1019 4027 1127 4082 irritan-
1160 4030 1271 4088 videtur
1286 4032 1357 4103 rigor
1372 4031 1471 4103 prioris
1485 4031 1646 4100 sententiae,
1663 4030 1710 4102 qui
1724 4030 1805 4086 etlam
1821 4029 1846 4084 44
1862 4027 1960 4101 regula

326 4129 353 4178 te
368 4135 449 4192 posse
464 4117 593 4174 sufficere
606 4159 613 4188 ,
626 4123 658 4173 ut
672 4117 708 4172 4114
720 4117 875 4174 4444444444
888 4131 940 4172 444
953 4115 1049 4187 4444144
1063 4131 1124 4172 nem
1160 4137 1214 4177 non
1233 4120 1397 4192 4441444444,
1420 4119 1467 4175 444
1488 4117 1567 4175 valde
1587 4118 1749 4192 generaliter
1770 4119 1903 4192 loquitur.
1920 4118 1956 4174 Et

326 4212 354 4267 44
375 4209 421 4266 4114
441 4207 621 4281 prohibitione
636 4207 671 4262 ita
686 4215 744 4278 est,
761 4213 793 4262 ut
807 4221 855 4277 per
870 4221 899 4261 se
913 4211 1033 4261 constat.
1050 4206 1124 4263 ldem
1160 4207 1219 4266 idco
1239 4225 1354 4280 censeo,
1377 4225 1437 4266 esse
1456 4207 1567 4282 quidem
1589 4207 1777 4280 applicandam
1798 4207 1831 4264 od
1854 4209 1956 4279 omnis,

326 4298 418 4356 uidere
433 4297 499 4354 licet
512 4299 538 4352 iu
559 4297 725 4367 canonibus,
741 4295 788 4368 q'ui
807 4294 953 4366 probibent
967 4293 1068 4366 aliquid
1082 4311 1124 4352 re·
1159 4313 1231 4371 quae
1245 4305 1344 4356 contra
1365 4299 1406 4355 ius
1427 4298 1510 4369 bunt3
1527 4313 1580 4354 non
1599 4305 1687 4353 tamen
1704 4297 1892 4367 uniformiter,
1909 4295 1958 4352 sed

326 4392 436 4460 cipere,
453 4401 515 4442 nam
531 4383 640 4458 quando
654 4384 752 4441 volunt
765 4384 874 4441 irritare
889 4385 1084 4457 receptionem,
1099 4384 1125 4442 44
1159 4404 1223 4446 cum
1236 4390 1411 4461 proportione
1425 4387 1499 4444 iuxta
1512 4384 1639 4458 modum,
1652 4403 1708 4459 quo
1720 4393 1781 4443 acta
1792 4386 1894 4443 fuerint
1905 4387 1960 4443 iuri

327 4476 477 4550 explicant,
494 4474 604 4546 qrrando
621 4489 685 4530 4444
700 4489 753 4530 444
769 4474 919 4548 explicent,
931 4488 985 4532 uon
997 4480 1125 4531 censetur
1160 4479 1316 4549 contraris,
1333 4491 1382 4534 seu
1398 4481 1473 4534 turta
1487 4473 1600 4534 modum
1614 4475 1802 4548 prohibitionis
1816 4477 1897 4548 14444,
1910 4475 1955 4532 444

325 4555 461 4635 irritatio,
483 4563 588 4620 etiamsi
609 4562 669 4618 talis
690 4563 725 4618 sit
744 4564 912 4635 prohibitio,
936 4569 1073 4635 44444444
1086 4562 1125 4619 4114
1159 4577 1240 4626 octus
1261 4569 1460 4625 contrarietur.
1481 4567 1532 4623 Per
1554 4567 1626 4623 illam
1647 4581 1712 4639 ergo
1729 4565 1852 4639 regulam
1864 4567 1956 4639 magis

325 4655 488 4713 renunciare
502 4669 555 4709 non
571 4653 686 4725 possint.
703 4653 864 4725 Exemplum
878 4653 972 4726 quoad
986 4655 1073 4727 legem
1088 4655 1125 4710 ir·
1158 4658 1269 4715 videtur
1283 4658 1385 4713 institui
1400 4655 1496 4726 iudex,
1512 4669 1594 4728 quam
1611 4655 1715 4726 privata
1730 4670 1863 4726 persona,
1881 4658 1957 4728 quis,

326 4746 453 4802 4444444444
474 4733 545 4799 su'rni
566 4749 657 4813 potest
677 4756 709 4796 ex
724 4741 787 4814 lege¹
802 4743 923 4800 irritante
939 4744 1124 4815 receptionem
1158 4755 1190 4804 ut
1209 4761 1292 4819 supra
1312 4761 1345 4803 ex
1364 4746 1437 4802 Bart.
1455 4745 1524 4810 diui,
1540 4743 1724 4802 ectusfactus
1740 4745 1894 4802 contraius
1910 4761 1960 4817 per

327 4835 521 4904 simoniacam3
535 4831 567 4888 44
579 4827 637 4904 lege
649 4847 713 4887 vero
725 4839 831 4889 tontum
844 4832 1002 4905 prohibente
1013 4849 1046 4890 ex
1062 4848 1125 4905 pro·
1158 4837 1295 4894 fictionem
1311 4835 1376 4892 iuris
1392 4851 1441 4906 pro
1456 4833 1557 4891 infecto
1572 4833 1701 4891 habetur:
1719 4833 1794 4892 detio
1809 4841 1900 4891 sutem
1916 4837 1962 4892 iu·

327 4922 455 4980 bibitione
471 4937 525 4978 non
540 4922 684 4993 recipiendi
699 4923 725 4978 44
741 4921 909 4979 44444444444
926 4924 951 4979 44
967 4923 1123 4980 Tridentino
1157 4929 1196 4983 ris
1210 4925 1326 4984 maxime
1341 4925 1410 4981 solet
1424 4925 1448 4980 ln
1458 4923 1551 4981 ordine
1562 4923 1595 4981 ad
1607 4923 1740 4981 iudicium
1752 4932 1899 4981 externum
1913 4927 1961 4982 44·

327 5029 396 5069 4444.
410 5017 456 5083 tl,
470 5012 552 5084 capit.
569 5016 593 5070 1.
606 5010 639 5067 44
651 5011 854 5084 reformatione3
870 5013 916 5068 oui
929 5012 981 5086 legi
993 5028 1047 5068 non
1062 5028 1126 5084 pos·
1159 5018 1200 5089 444
1216 5022 1244 5072 44
1263 5014 1324 5070 4444
1339 5012 1405 5069 dum
1421 5012 1514 5085 regula
1529 5011 1604 5083 dicit,
1621 5013 1702 5069 talem
1717 5019 1811 5069 actum
1827 5030 1876 5086 pro
1892 5015 1960 5072 infe·

328 5110 393 5158 sunt
407 5107 497 5173 partes
513 5103 691 5170 renunciare,
707 5102 770 5174 qnia
782 5116 833 5173 pro
846 5100 918 5158 bono
933 5105 1072 5159 communi
1084 5103 1124 5158 44·
1157 5113 1204 5163 444
1225 5103 1395 5171 babendum,
1414 5101 1533 5159 iudicem
1555 5102 1674 5173 instruit,
1691 5109 1723 5158 ut
1737 5101 1839 5172 444444,
1858 5105 1884 5159 44
1900 5119 1957 5177 quo

326 5190 455 5248 troduoto
468 5199 522 5247 est.
539 5191 598 5246 Non
614 5197 655 5245 est
668 5205 735 5261 ergo
747 5189 792 5246 4114
804 5189 872 5246 44444
884 5188 998 5247 4444444
1012 5190 1124 5247 414444·
1160 5191 1249 5269 gredu
1271 5200 1352 5250 actus
1367 5194 1403 5250 sit
1418 5191 1582 5266 contraius,
1598 5198 1627 5249 44
1640 5191 1678 5250 444
1692 5191 1770 5250 illurn
1785 5194 1898 5266 puniet,
1915 5193 1958 5251 441

324 5277 396 5356 lam,
412 5279 459 5340 sed
481 5281 545 5356 quie
559 5280 618 5336 sine
633 5278 679 5337 4114
694 5294 745 5336 444
761 5279 838 5339 44441
851 5279 977 5338 41144444.
994 5281 1060 5339 Nom
1075 5298 1123 5355 po·
1159 5287 1303 5342 4444444441.
