4278 6242
428 339 492 406 tte
1137 361 1301 416 trenam.
1336 381 1340 390 ·

379 498 433 541 non
460 489 571 558 potest,
598 483 672 559 qnod
698 487 857 545 cessaverit
879 486 1018 562 obligare,
1046 493 1079 546 ut
1097 486 1178 562 plane

380 575 532 632 ostendunt
555 567 682 636 rationes
705 577 807 652 prioris
828 577 974 651 opinionis.
997 578 1031 634 itt
1063 577 1182 636 lortasse

380 672 512 723 auctores
533 666 659 724 secundo
680 666 744 725 loco
766 667 875 740 allegati
896 683 950 724 nnn
970 668 1130 741 loquuntur
1147 668 1181 726 de

380 755 433 814 boc
449 755 552 827 dubio,
569 756 618 814 sed
633 757 666 813 de
681 755 767 815 dubio
781 756 953 830 formidinis,
970 758 1044 815 iuxta
1061 759 1139 816 dicta
1154 759 1180 816 in

378 847 558 922 praecedenti
576 854 691 919 puncto.
708 849 766 905 Nec
786 854 857 906 tunc
884 847 1001 922 allegari
1025 855 1117 921 potest
1133 865 1181 908 ne·

378 938 497 996 cessitas
517 937 679 1012 sulliciens,
695 938 761 1013 quia
776 938 824 995 illa
838 955 896 996 non
911 945 954 997 est
967 943 1123 999 necessitas
1141 943 1181 1000 vi·

379 1027 453 1085 tandi
467 1027 543 1086 aliud
560 1033 725 1100 peccatum,
744 1036 776 1086 nt
791 1031 975 1104 supponitur,
991 1029 1069 1087 nulla
1088 1040 1181 1090 autem

380 1115 433 1175 niis
445 1123 610 1190 potestesse
623 1117 770 1176 sulliciens
782 1118 816 1176 ad
829 1135 883 1176 non
895 1118 1059 1178 servandam
1076 1121 1180 1198 legem,

378 1207 430 1263 nisi
455 1206 707 1285 etiamnsufflciens
729 1209 766 1265 sit
791 1207 825 1265 ad
844 1208 1028 1281 probabiliter
1052 1210 1181 1270 iudican-

380 1296 464 1368 durn,
488 1296 678 1371 legislatorem
698 1299 723 1355 in
746 1297 793 1355 tali
811 1300 976 1357 necessitate
996 1301 1038 1358 rel
1060 1317 1111 1359 non
1132 1318 1181 1374 po·

380 1371 488 1459 tuisse,
512 1388 554 1445 vel
576 1388 701 1446 noluisse
715 1389 857 1463 obligare3
878 1404 943 1446 narn
958 1391 980 1446 si
996 1396 1104 1447 tanturn
1122 1391 1180 1448 sni-

1250 459 1347 545 dentia.
1366 517 1402 534 -
1416 494 1445 547 4.
1461 495 1566 559 Quando
1586 506 1703 551 cossurus
1723 501 1823 555 ratione
1842 501 2016 569 temnerent

1250 563 1375 616 len-b.
1391 567 1489 630 Duplex
1500 575 1541 619 est
1552 569 1659 620 materie
1672 571 1738 634 legis
1750 571 1957 628 hnmanae-e.
1968 579 2016 630 ber

1250 636 1414 700 praecipiens
1433 643 1520 688 actum
1540 640 1693 702 virtuosum,
1710 654 1760 691 non
1779 649 1875 704 cesset,
1887 645 2016 701 deliciante

1251 716 1415 768 quocumque
1434 705 1484 757 line
1507 709 1661 760 extrinseco.
1673 734 1711 768 -,
1724 712 1750 762 7.
1765 713 2016 782 dessanteadaequs-
2123 741 2124 778 ς

1251 781 1278 826 to
1295 774 1344 826 llne
1362 775 1416 826 sire
1427 775 1578 840 intrinseco,
1589 780 1645 830 sive
1655 780 1811 844 extrinseco,
1827 783 1870 833 lex
1885 794 2017 838 cessat.-

1250 844 1398 897 billcrentia
1417 845 1486 898 inter
1506 848 1588 911 legcnr
1606 854 1633 900 et
1650 857 1826 914 praeceptum.
1840 880 1877 890 -
1890 853 1916 904 8.
1935 857 2017 910 cessat

1251 915 1310 976 ier,
1331 927 1397 980 quae
1407 917 1533 981 praecipit
1547 925 1634 969 sctum
1647 919 1836 972 indifferentem
1849 919 1884 974 ob
1895 922 1967 976 inem
1977 940 2016 977 er·
2123 931 2124 970 ff

1252 976 1410 1045 trinsecurrl!
1416 993 1534 1039 cessante
1547 987 1597 1038 line
1610 987 1752 1052 adaequato
1762 991 1835 1054 legis.
1848 1018 1883 1030 -
1893 993 1919 1044 c.
1931 995 2017 1047 becre-
2123 997 2124 1048 ξ

1252 1061 1305 1106 turn
1319 1055 1444 1122 principis
1461 1069 1510 1108 non
1522 1058 1675 1122 requiritur,
1688 1066 1716 1109 ut
1727 1060 1786 1110 talis
1796 1062 1837 1112 lex
1849 1061 1949 1114 desinat
1957 1066 2017 1117 obli·
2123 1089 2124 1110 t

1250 1137 1323 1187 gare.
1333 1151 1369 1162 -
1380 1125 1422 1178 to.
1438 1125 1605 1178 Examinatur
1617 1127 1752 1180 distinctio
1764 1130 1925 1184 iuristarum.
1933 1159 1966 1171 -
1976 1137 2015 1188 ll.
2123 1145 2124 1154 ¹

1250 1195 1356 1256 Quando
1364 1201 1449 1248 cesset
1459 1197 1585 1259 obligatio
1600 1197 1732 1249 fraternae
1741 1202 1922 1253 correctionis.
1932 1229 1967 1241 -
1978 1204 2016 1256 ts.

1250 1263 1397 1316 Differentic
1412 1267 1481 1316 inter
1492 1268 1662 1318 cessationem
1675 1267 1740 1332 legis
1758 1269 1784 1318 in
1802 1271 1943 1324 universali
1955 1274 2017 1325 etin
2123 1289 2124 1294 ¹

1249 1335 1549 1399 particulari-illies
1561 1343 1647 1401 potest
1657 1335 1730 1388 reddi
1740 1338 1842 1392 inutilis
1851 1341 1936 1404 quoad
1948 1356 2017 1396 unam

1250 1416 1300 1455 non
1319 1405 1402 1468 quoad
1418 1405 1495 1456 etiarn
1513 1414 1622 1470 partem.
1633 1405 1837 1486 -Quandolex
1855 1409 1952 1463 dicitur
1967 1426 2017 1465 sus·
2123 1485 2124 1488 Ἴ

303 1534 308 1546 ,
380 1477 442 1534 ficit
461 1476 496 1534 ad
515 1476 718 1551 dubitandum,
740 1479 862 1552 prolecto
881 1484 910 1535 et
925 1494 1009 1550 parva
1023 1487 1069 1537 cst
1084 1495 1181 1538 ncces·
1250 1473 1326 1538 ietidl
1339 1487 1389 1525 ¹¹⁰ss
1401 1475 1528 1539 extingui.

379 1567 462 1637 sitas,
485 1573 515 1624 et
534 1569 624 1626 maior
644 1574 687 1626 est
702 1570 854 1626 necessitas
870 1567 998 1626 servandi
1013 1569 1121 1642 legem,
1140 1569 1180 1627 ri-

378 1654 464 1714 tando
485 1657 645 1729 periculum
662 1659 786 1731 peccati,
799 1663 828 1715 et
842 1659 923 1731 quasi
939 1658 1130 1716 conservando
1146 1658 1182 1716 il·
1257 1661 1282 1718 l.
1297 1660 1366 1718 Cum
1386 1659 1428 1717 les
1452 1659 1492 1718 sit
1514 1661 1548 1718 de
1561 1676 1591 1719 se
1605 1671 1759 1738 perpetua,
1778 1671 1807 1724 et
1821 1682 1873 1740 pro
1897 1681 2017 1726 commn-

378 1746 433 1804 lam
456 1748 485 1805 in
505 1751 689 1820 possessione
710 1765 774 1808 sua.
799 1751 855 1808 Nec
877 1756 921 1807 est
939 1749 1043 1819 simile,
1068 1749 1179 1822 quando
1217 1749 1303 1808 nitate
1317 1751 1446 1822 leretur,
1463 1751 1640 1810 manifestum
1655 1761 1715 1828 est,
1731 1769 1787 1812 non
1802 1772 1891 1829 posse
1908 1773 2016 1816 cessare

378 1835 523 1895 dubitatur
544 1837 578 1895 de
600 1844 657 1896 tota
679 1838 759 1914 lege,
780 1855 814 1896 en
830 1841 867 1896 sit
886 1839 958 1913 lata,
978 1854 1032 1897 nec
1047 1855 1097 1912 ne,
1115 1841 1181 1914 quia
1215 1853 1250 1896 ex
1269 1838 1382 1897 delectu
1402 1855 1505 1899 causae
1524 1841 1689 1916 efficientis3
1706 1861 1761 1902 non
1776 1846 1849 1903 enim
1867 1847 1959 1904 linitur
1973 1863 2016 1922 per
2123 1913 2124 1924 ,

349 1991 354 2001 ¹
377 1933 445 1984 tunc
473 1926 516 1984 les
535 1927 660 1985 nondum
675 1926 817 2002 possidet,
840 1929 917 1986 sicut
930 1931 959 1986 in
975 1928 1058 1987 simili
1071 1927 1127 1986 disi
1144 1930 1179 1988 do
1216 1934 1337 1987 mortem
1359 1928 1491 2002 serentis,
1514 1931 1556 1989 vel
1577 1935 1764 2006 successoris,
1788 1943 1820 1994 ut
1841 1952 1875 1994 ex
1896 1934 1977 1994 dictis
1990 1938 2015 1994 in

374 2024 440 2075 roto
455 2017 502 2074 lib.
519 2021 547 2077 t.
562 2015 596 2074 de
610 2025 667 2074 vot.
682 2033 708 2074 c.
728 2023 754 2089 t,
770 2026 798 2074 ct
813 2023 839 2078 6.
1216 2017 1262 2076 lib.
1275 2020 1297 2075 l.
1310 2025 1434 2091 constan
1448 2027 1477 2078 ct
1489 2028 1702 2095 consequenter
1716 2039 1770 2082 nec
1785 2041 1836 2098 per
1851 2025 2018 2084 solam-tem·

417 2111 512 2182 Atque
533 2124 566 2165 ex
588 2108 629 2165 bis
650 2108 760 2166 tandem
774 2123 941 2183 responsum
962 2117 1005 2168 est
1026 2109 1060 2168 ad
1077 2127 1180 2169 secun·
1216 2110 1297 2181 poris
1312 2109 1525 2167 successionem
1542 2110 1667 2186 tollitur,
1681 2113 1746 2188 quia
1759 2114 1899 2174 indefinite
1915 2119 2015 2173 consti·

334 2235 336 2240 -
375 2197 439 2256 darn
468 2200 603 2256 rationem
619 2199 762 2259 dubitandi
776 2201 1017 2274 cap.V.positnm-
1032 2203 1099 2259 Nam
1114 2201 1135 2258 l.
1153 2204 1178 2274 i,
1216 2201 1262 2255 tui
1286 2196 1383 2256 debet.
1398 2199 1477 2267 Quod
1505 2201 1527 2256 si
1553 2201 1701 2275 aliquendo
1727 2210 1825 2277 potest
1849 2206 1886 2264 ad
1913 2213 2017 2264 certum

377 2290 409 2346 C.
431 2288 465 2345 de
480 2289 607 2364 legibus,
621 2290 783 2362 intelligitur
796 2292 885 2363 primo
899 2292 934 2349 de
952 2291 1181 2365 interpretatione
1216 2296 1326 2362 tempus
1342 2289 1422 2362 lerri,
1436 2290 1509 2349 illud
1524 2293 1774 2352 extraordinarium
1790 2303 1849 2369 est,
1865 2305 1894 2356 et
1908 2304 1973 2356 trrnc
1990 2299 2015 2355 in

377 2379 552 2448 authentica,
578 2395 652 2453 quae
668 2379 724 2437 vim
740 2379 841 2437 babeat
854 2381 1012 2455 obligandi,
1035 2388 1065 2439 et
1081 2397 1181 2440 neces·
1215 2385 1326 2435 suamet
1343 2382 1545 2445 constitutione
1559 2381 1714 2441 habettalis
1730 2385 1774 2443 lex
1788 2389 1870 2460 quasi
1888 2387 2016 2446 adnexam

377 2470 486 2527 ritatem
506 2469 622 2526 inducat
640 2472 680 2527 ita
695 2470 868 2543 intelligendi
880 2471 980 2545 legem.
994 2474 1036 2529 lta
1049 2473 1126 2529 liert.
1142 2474 1179 2531 ibi
1214 2469 1421 2526 revocationem
1449 2487 1502 2543 pro
1523 2471 1572 2529 tali
1592 2478 1734 2554 tempore,
1755 2491 1827 2548 quae
1847 2478 1965 2548 pertinet
1984 2477 2021 2534 ad,

376 2574 455 2617 nunt.
479 2565 506 2631 8,
521 2565 551 2617 et
564 2562 651 2617 sentit
665 2559 742 2617 Bald.
759 2561 786 2616 in
804 2560 859 2634 leg.
881 2577 949 2618 cnm
968 2559 1005 2618 de
1025 2578 1113 2628 noco,
1133 2577 1179 2619 eo·
1213 2559 1295 2616 alium
1326 2558 1441 2616 modurn
1467 2560 1609 2618 ablationis
1631 2562 1701 2636 legis
1723 2563 1793 2621 inira
1826 2564 2013 2623 tractandum.

376 2647 453 2705 dena.
471 2649 600 2707 Secundo
615 2652 699 2707 etiam
714 2649 884 2723 intelligitur
898 2651 932 2708 de
949 2651 1179 2723 interpretatione
1212 2651 1359 2707 Praeterea
1382 2664 1439 2705 non
1459 2657 1553 2708 cessat
1572 2650 1614 2708 les
1636 2667 1670 2708 ex
1690 2651 1802 2712 deiectu
1820 2669 1940 2722 eorum,
1967 2669 2015 2727 pro

377 2739 404 2795 in
423 2753 493 2798 casu
507 2738 605 2810 dubio,
621 2741 646 2796 in
662 2755 719 2812 quo
736 2738 868 2797 subditus
883 2755 940 2796 uon
955 2745 1050 2812 potest
1066 2742 1179 2797 restrin·
1211 2739 1311 2811 quibus
1334 2738 1441 2808 lentur,
1464 2755 1528 2796 narn
1548 2743 1737 2798 communitas
1761 2744 1889 2802 civitatis
1903 2755 1952 2802 aut
1971 2761 2015 2816 po·
2123 2797 2124 2834 ,

376 2843 442 2902 gere
467 2830 556 2902 legem
577 2837 677 2888 contra
698 2830 786 2888 verba
799 2829 879 2903 eius,
900 2837 934 2887 ut
952 2829 1129 2903 dictumest,
1149 2835 1178 2887 et
1212 2828 1269 2900 puli
1295 2827 1329 2885 de
1346 2843 1375 2886 se
1391 2834 1527 2901 perpetua
1540 2837 1599 2898 est,
1626 2846 1692 2888 nam
1714 2847 1763 2905 per
1777 2833 1940 2892 continuam
1954 2849 2013 2891 suc·

378 2921 416 2977 ita
441 2918 557 2993 exponit
582 2922 797 2978 Panormitanus
813 2921 903 2992 capite
935 2921 959 2976 l.
975 2919 1010 2976 de
1025 2921 1175 2978 constitut.
1211 2919 1367 2976 cessionem
1382 2924 1590 2992 conservetur,
1604 2926 1632 2976 et
1645 2921 1708 2978 licet
1723 2922 1822 2979 civitas
1836 2920 1882 2979 rel
1897 2921 2011 2996 populus
2123 2919 2124 2946 ³

376 2991 523 3078 num‘tr,
543 3015 574 3066 et
593 3011 719 3066 insinuat
739 3008 817 3066 Bald.
833 3009 857 3064 in
874 3009 935 3082 lege
950 3013 979 3080 2,
996 3011 1026 3067 G.
1043 3007 1076 3065 de
1092 3008 1173 3082 legib.
1212 3007 1325 3066 omnino
1344 3007 1430 3064 deleri
1446 3010 1551 3079 possit,
1573 3009 1600 3067 id
1615 3025 1711 3068 rarurn
1726 3016 1789 3082 est,
1808 3017 1837 3068 et
1853 3027 1912 3068 non
1939 3011 2015 3069 babet

375 3114 455 3155 num.
474 3105 502 3172 2,
520 3105 550 3156 et
571 3101 694 3178 sumitur
717 3115 751 3156 ex
772 3099 825 3174 leg.
843 3115 913 3156 cnm
930 3097 967 3156 de
982 3115 1065 3168 nono,
1082 3102 1115 3158 C·
1129 3115 1178 3158 eo·
1211 3098 1343 3155 moralem
1361 3097 1628 3156 considerationem.
1645 3101 1734 3172 lgitur
1748 3099 1840 3158 solum
1860 3107 1957 3174 potest
1974 3099 2013 3156 lea

376 3189 450 3262 deur,
471 3191 518 3247 ubi
540 3190 565 3246 id
583 3196 663 3247 notat
675 3189 781 3264 Cynos.
797 3190 912 3248 Glossae
927 3203 1015 3261 vero,
1034 3194 1063 3246 et
1079 3197 1177 3247 aucto·
1211 3201 1325 3245 cessare
1344 3189 1590 3260 permutationem
1606 3188 1720 3262 obiecti,
1735 3189 1813 3248 circa
1828 3189 1905 3264 quod
1925 3204 2012 3246 rersa·
2123 3235 2124 3246 ,

375 3294 421 3337 res
436 3279 519 3338 relati
531 3279 633 3338 ibidem
644 3280 669 3336 in
682 3281 936 3338 tertiaobiectione
949 3278 984 3336 ad
995 3293 1100 3336 verum
1115 3295 1177 3338 sen·
1211 3285 1273 3348 tur,
1295 3291 1387 3350 quae,
1408 3276 1522 3352 phpsice
1543 3275 1698 3352 loquendo,
1719 3285 1810 3350 potest
1827 3279 2011 3351 multipliciter
2123 3273 2124 3318 t

376 3385 438 3426 surn
453 3370 533 3427 leciie
548 3370 619 3428 trabi
634 3377 775 3442 possunt,
790 3386 852 3426 narn
868 3371 955 3442 prima
970 3368 1069 3424 Glossa
1086 3368 1176 3442 loqui·
1210 3367 1381 3441 contingere;
1409 3373 1498 3424 buren
1518 3369 1544 3423 in
1565 3371 1701 3448 praesenti
1718 3368 1806 3425 solum
1821 3374 1934 3440 oportet
1949 3383 2012 3424 con·
2123 3361 2124 3426 3

373 3467 433 3532 tur,
450 3461 563 3533 qnando
582 3462 657 3518 ratio
676 3459 742 3534 legis
758 3463 886 3532 negative
901 3465 1010 3516 tanturn
1028 3464 1135 3530 cessat,
1149 3465 1178 3517 et
1211 3457 1333 3514 siderare
1345 3458 1524 3514 mutationem
1536 3457 1563 3512 in
1577 3457 1688 3512 materia
1704 3456 1768 3531 legis
1780 3457 1873 3530 quoad
1886 3459 2011 3514 rstionern
2123 3485 2124 3488 ¹

375 3565 431 3608 nou
454 3552 609 3608 contrarie.
626 3550 720 3608 Altera
736 3565 801 3606 vero
819 3551 916 3608 Glossn
936 3547 1113 3629 intelligenda
1133 3555 1178 3605 est
1211 3547 1364 3620 propriant,
1387 3546 1424 3604 ob
1443 3561 1526 3620 quam
1551 3545 1604 3602 sub
1623 3545 1814 3619 obligationem
1832 3545 1902 3620 legis
1916 3545 2011 3604 consti·

374 3643 405 3700 in
427 3656 497 3699 casu
518 3639 620 3714 dnbio,
643 3632 740 3714 in'quo
755 3656 812 3697 non
826 3640 892 3700 licet
905 3640 1078 3713 aequitatem
1098 3638 1176 3711 sequi
1210 3635 1318 3708 tuitur3
1340 3637 1445 3693 namsi
1468 3634 1510 3691 illa
1531 3641 1707 3707 perseverat,
1723 3650 1776 3691 non
1789 3634 1968 3692 cessabit-lea
1980 3651 2010 3692 er

375 3735 476 3788 contra
493 3732 535 3788 ius
550 3734 687 3802 scriptum
702 3729 867 3788 inconsulto
881 3729 1018 3802 principe,
1032 3728 1083 3784 nisi
1101 3729 1176 3802 ipsa·
1209 3726 1255 3783 illo
1277 3727 1383 3798 capite,
1398 3739 1432 3781 ac
1447 3722 1561 3781 subinde
1576 3723 1735 3795 simpliciter
1750 3739 1803 3782 non
1818 3725 1949 3796 cessabit,
1965 3726 2011 3784 nisi
2123 3771 2124 3808 ,

375 3826 435 3877 met
455 3823 582 3893 aequitas
605 3821 711 3892 scripta
730 3821 782 3892 sit,
801 3826 833 3876 nt
850 3819 955 3876 dicitur
968 3820 993 3875 in
1011 3817 1029 3874 Ι.
1043 3818 1171 3893 placuit,
1210 3820 1377 3886 revocetur,
1406 3814 1470 3886 quia
1491 3828 1546 3869 non
1571 3811 1653 3870 babet
1666 3811 1745 3869 aliam
1759 3829 1879 3872 causam
1897 3813 2010 3872 mutabi·
2123 3855 2124 3904 ,

375 3911 405 3967 c.
422 3908 457 3965 de
471 3908 673 3981 iudiciis,iuxta
685 3910 826 3983 vulgatam
841 3909 995 3966 lectionem
1009 3911 1081 3965 eius.
1101 3909 1138 3965 Et
1149 3909 1175 3964 in
1209 3905 1280 3976 lem,
1303 3919 1319 3960 a
1340 3918 1395 3977 qua
1417 3903 1443 3959 in
1466 3917 1516 3960 sua
1536 3903 1745 3959 conservatione
1763 3901 1898 3977 pendeat,
1918 3904 2005 3961 utde·
2123 3953 2124 3956 ,

374 3997 474 4056 eodem
498 4013 582 4056 sensu
606 3998 734 4056 ridentur
759 4001 847 4057 locuti
867 4004 998 4056 auctores
1023 4001 1057 4086 iu
1076 3997 1175 4055 eadem
1210 3994 1348 4052 claretum
1366 3998 1420 4048 est.
1436 3991 1467 4048 st
1483 3997 1574 4050 autem
1595 3991 1622 4048 in
1646 3991 1755 4050 obiecto
1783 3994 1835 4050 sub
1853 4009 1888 4052 ea
1911 3997 2010 4054 ratione
2123 4029 2124 4042 ,

1209 4079 1333 4157 spee'tato
1344 4083 1391 4140 liat
1405 4083 1532 4155 neuntio,
1546 4079 1743 4156 undecumque
1760 4081 1805 4140 illa
1820 4086 1937 4147 mutabo
1950 4101 2011 4156 pro·

1209 4173 1309 4246 veniat,
1323 4171 1419 4229 eadem
1433 4176 1475 4228 est
1488 4170 1622 4245 quaestio,
1634 4187 1669 4227 au
1683 4185 1717 4229 ea
1733 4172 1758 4228 ri
1774 4173 1835 4228 talis
1857 4176 2009 4233 mutationis

1207 4265 1235 4321 in
1250 4263 1360 4320 materia
1374 4261 1441 4335 legis
1455 4259 1561 4318 desinat
1572 4261 1632 4332 ipsa
1644 4260 1777 4332 lca,idem
1787 4262 1860 4319 enirn
1877 4271 1921 4321 est
1930 4279 2010 4338 quae·

1150 4374 1161 4390 =
1209 4368 1298 4425 rere,
1310 4367 1362 4426 en,
1384 4355 1509 4409 cessante
1528 4352 1640 4407 omnino
1653 4357 1681 4410 et
1693 4350 1813 4409 totaliter
1825 4353 1948 4420 ratione,
1968 4353 2008 4412 rel

1207 4444 1258 4499 liue
1270 4440 1347 4515 legis,
1362 4445 1453 4497 cesset
1469 4437 1551 4496 etiarn
1564 4436 1629 4509 ies,
1646 4439 1685 4495 ita
1698 4447 1730 4497 ut
1749 4441 1858 4499 omnino
1873 4443 2009 4516 extiugua·

375 4089 530 4146 obiectione
552 4088 676 4164 attegnti.

608 4337 611 4344 '
671 4332 810 4404 CAPUT
832 4331 891 4402 tx.

397 4564 504 4622 Utrum
518 4555 683 4634 aliqnando
696 4556 746 4615 len
760 4561 824 4622 toto
832 4573 889 4634 per
902 4560 1035 4634 seipsam
1049 4559 1148 4624 cesset,

606 4662 703 4706 cappa
716 4651 779 4706 erg,
792 4653 938 4707 cessam,
1208 4623 1327 4680 omnino
1351 4624 1379 4677 et
1399 4616 1529 4676 totaliter
1548 4621 1667 4676 cottone
1686 4617 1774 4694 legin·
1797 4621 1861 4695 quis
1887 4622 1940 4679 inm
1966 4620 2007 4679 bio

1209 4728 1264 4770 non
1278 4708 1469 4770 consideratur
1483 4709 1599 4766 cessatio
1618 4710 1644 4765 in
1666 4725 1722 4766 uno
1739 4710 1780 4767 rel
1797 4711 1849 4768 alio
1864 4719 1940 4784 actu,
1959 4725 2007 4768 nec

1208 4803 1261 4862 alia
1281 4800 1372 4858 similis
1394 4799 1509 4857 mutatio
1529 4797 1666 4872 partialis,
1686 4815 1757 4873 quae
1773 4799 1862 4859 solum
1878 4803 2008 4875 contingit

1209 4893 1236 4952 iu
1256 4907 1309 4950 una
1323 4890 1485 4960 occasione,
1502 4888 1546 4948 vel
1560 4890 1587 4946 in
1602 4888 1691 4964 aliqua
1705 4895 1783 4964 parte
1798 4892 1926 4949 materiae
1942 4891 2006 4965 legis

375 5063 400 5113 ¹·
411 5061 465 5113 ¹³⁰¹
475 5049 521 5125 W
530 5071 558 5110 ὅθ
567 5064 607 5110 ⁰⁸²
617 5059 785 5122 Wle‘ffl’et
795 5054 1033 5120 ¹³⁹⁰⁰⁰⁰¹¹¹¹¹¹¹¹¹¹⁸²⁰
1042 5052 1175 5105 ‘estur‘
1209 4977 2006 5143 gasafflffimtefflsgasstffpdietzsessipnrtriurtlguinrigatus?

383 5200 385 5204 -
408 5125 1176 5259 ξὲθᾞ,ξεζ,ἱξῧὲᾙὲζξῖξζοξῶῗὲῇῗιζὶὧῖξῖ,
1210 5169 1250 5221 ter
1264 5161 1352 5234 possit
1365 5160 1391 5217 iu
1407 5160 1544 5232 praesenti
1562 5158 1729 5217 considerari
1744 5160 1865 5235 partialis
1883 5159 2003 5230 mutabo,

375 5305 379 5312 ·
410 5271 483 5336 legis.
496 5269 574 5320 -Ut
592 5269 633 5320 lex
646 5267 846 5330 rigoremsuurn
859 5266 970 5330 amittat,
983 5269 1099 5334 opusest
1118 5263 1175 5314 eri·
1210 5251 1253 5312 tel
1274 5256 1408 5326 perpetua
1426 5247 1557 5323 ineliqua
1572 5249 1681 5308 notabili
1695 5257 1772 5325 parte
1786 5252 1913 5310 materiae
1926 5249 2002 5327 legis,

652 4855 898 4921 summarium

1207 4539 1271 4605 tur,
1297 4529 1379 4588 etde
1402 4525 1489 4585 medio
1512 4527 1633 4585 tollatur.
1654 4529 1720 4586 uico
1742 4536 1851 4603 autern,
1879 4537 2008 4590 cessante
2123 4569 2124 4576 ,
