4278 6242
366 386 429 451 lib
1079 405 1180 455 arnan
1195 405 1228 454 v.
1256 485 1265 494 .

325 529 508 588 considerata.
521 530 637 604 Oportet
649 547 716 606 ergo
729 545 879 604 exponere,
905 547 938 587 arr
954 529 1020 587 baec
1035 529 1131 603 regula
1167 529 1287 596 nullitas,
1304 535 1353 587 aut
1367 529 1443 587 ralor
1457 536 1555 601 actus,
1570 531 1718 604 exquibus
1734 529 1803 590 duae
1818 535 1923 590 tantum
1937 531 1972 591 ad
2075 601 2082 618 Ι

325 620 360 676 sit
373 619 508 678 indefinite
522 621 672 694 sumenda,
687 622 715 678 id
735 627 823 679 estut
842 620 883 678 ler
898 637 967 694 pure
983 619 1129 692 prohibens
1169 636 1225 677 rem
1244 627 1366 688 nostram
1389 621 1479 678 lacere
1501 620 1640 678 videntur.
1656 621 1715 678 Uno
1729 627 1786 693 est,
1803 624 1914 696 quando
1928 624 1971 681 lex

325 725 379 765 non
394 724 501 780 semper
522 711 626 782 irritet,
641 711 685 768 vel
699 709 880 784 generaliter,
896 719 928 767 ut
947 724 1087 782 nunquam
1103 726 1131 766 se
1167 710 1294 782 probibet
1316 718 1429 783 actum,
1445 727 1499 768 non
1521 711 1622 768 intuitu
1641 711 1776 784 iustitiae,
1792 711 1839 768 sed
1859 713 1972 771 alterius

324 798 382 854 sola
396 797 492 871 irritet,
505 806 533 856 et
548 800 599 857 boo
615 802 761 871 posteriori
771 800 851 857 modo
862 799 1014 866 intellecta,
1028 813 1062 855 an
1077 799 1127 855 ali·
1166 801 1288 873 virtutis,
1305 807 1335 857 ut
1349 799 1499 873 religionis,
1512 799 1554 857 rel
1569 799 1746 871 liberalitatis,
1757 808 1807 860 eut
1821 801 1930 874 similis,
1945 809 1974 860 et

323 903 407 960 quam
427 889 614 960 exceptionem
635 889 764 962 patiatur.
786 891 854 946 llam
875 890 898 944 si
919 888 986 945 ratio
1007 887 1080 944 lacta
1099 887 1127 942 in
1166 904 1218 945 nou
1232 888 1306 946 addit
1315 889 1467 946 clausulam
1477 890 1711 960 irritantem,tunc
1722 903 1865 962 nunquam
1875 891 1973 950 annul-

322 991 385 1048 cop.
398 977 478 1034 xxv,
495 977 582 1035 valida
596 987 656 1052 est,
673 979 781 1036 videtur
796 978 931 1051 probare,
946 993 1042 1051 puram
1057 979 1125 1050 legis
1166 979 1223 1035 lare
1235 978 1419 1037 notum.Unde
1431 993 1478 1051 per
1489 984 1680 1051 argumentum
1691 993 1705 1034 a
1717 981 1856 1036 contrario
1867 980 1968 1038 inleret

323 1067 530 1138 prohibitionem
542 1085 683 1142 nunquam
696 1069 802 1126 irritare
813 1075 919 1140 actum,
931 1068 996 1140 quia
1010 1068 1125 1124 verbum
1166 1067 1276 1141 aliquis,
1292 1070 1314 1124 si
1327 1067 1369 1126 lex
1386 1068 1527 1140 prohibeat
1542 1073 1635 1125 actum
1649 1050 1746 1125 inluito
1762 1069 1893 1141 iustitiae,
1910 1071 1963 1128 boo

320 1155 481 1227 prohibendi
503 1174 643 1233 nunquam
663 1160 797 1232 significat
817 1157 992 1228 nullitatem,
1008 1157 1056 1215 sed
1071 1165 1131 1214 tan·
1166 1159 1225 1231 ipso
1240 1158 1346 1246 irritage
1366 1157 1459 1216 illum:
1476 1157 1553 1232 quod
1568 1163 1658 1214 tamen
1672 1173 1723 1214 nec
1737 1157 1771 1214 ab
1791 1156 1836 1215 illo
1852 1166 1967 1216 auctore

324 1252 382 1303 tum
396 1246 586 1320 obligationem
606 1265 661 1306 nou
677 1248 803 1321 faciendi,
817 1247 961 1310 sedverba
974 1247 1040 1321 legis
1055 1265 1126 1306 nun·
1166 1247 1342 1320 conceditur,
1358 1262 1409 1306 neo
1428 1262 1525 1304 rerum
1539 1252 1596 1321 est,
1613 1247 1749 1304 utstatim
1765 1247 1864 1306 dicam.
1881 1249 1915 1306 Et
1933 1249 1969 1306 ita

324 1349 407 1409 quarn
421 1343 538 1410 possunt
551 1337 613 1409 plus
626 1337 748 1410 efficere,
765 1354 848 1411 quam
863 1332 1032 1412 signitiohnt3
1049 1353 1127 1411 ergo.
1166 1354 1198 1396 ex
1213 1337 1256 1395 illa
1270 1337 1365 1410 regula
1378 1353 1432 1393 non
1451 1336 1586 1408 habetur,
1601 1335 1712 1410 quando
1727 1343 1809 1393 notus
1822 1339 1859 1394 sit
1877 1337 1971 1394 nullus

367 1425 397 1480 ln
421 1427 589 1484 contrarium
614 1442 680 1484 vero
704 1433 762 1498 est,
780 1428 844 1500 quia
867 1441 947 1498 saepe
966 1428 1039 1499 leges
1064 1442 1131 1499 pure
1168 1435 1283 1502 propter
1304 1425 1390 1484 solam
1410 1425 1637 1498 prohibitionem,
1654 1424 1703 1482 sed
1721 1425 1831 1499 quando
1846 1429 1883 1484 sit
1903 1427 1970 1484 rali-

323 1515 497 1590 prohibontes
519 1514 646 1574 ridentur
659 1515 759 1574 babere
772 1517 846 1574 bunc
857 1517 985 1574 ellectum
997 1531 1046 1588 per
1059 1532 1129 1590 sese,
1167 1517 1230 1585 due,
1249 1533 1302 1574 non
1319 1518 1442 1574 obstante
1457 1515 1520 1589 illa,
1536 1515 1611 1590 quod
1626 1515 1678 1572 iam
1693 1517 1824 1574 babemus
1840 1533 1873 1575 er
1885 1533 1968 1590 gene·

323 1613 352 1664 et
365 1623 419 1663 uon
441 1607 469 1662 in
488 1606 591 1664 virtuto
605 1606 673 1680 legis
686 1623 746 1663 uon
767 1605 902 1664 dubium.
919 1608 978 1663 lloc
994 1607 1020 1662 in
1038 1608 1132 1681 primis
1166 1607 1215 1665 rali
1229 1607 1324 1680 regule
1338 1609 1426 1679 posita
1439 1607 1466 1662 in
1485 1621 1546 1680 cap.
1563 1607 1643 1664 xxv.
1661 1609 1712 1664 Per
1732 1607 1801 1664 hanc
1816 1622 1882 1664 vero
1896 1608 1972 1665 addi·

323 1696 455 1768 probatur
476 1695 510 1753 de
527 1695 586 1770 lege
599 1697 729 1768 naturali,
741 1712 804 1752 nam
815 1696 1013 1769 supradictum
1029 1704 1080 1769 est,
1092 1698 1133 1754 in·
1165 1703 1222 1769 tur,
1239 1697 1312 1754 illam
1326 1696 1508 1753 universalem
1522 1695 1647 1768 regulam
1661 1711 1803 1768 nunquam
1816 1698 1870 1769 pati
1883 1711 1965 1754 exce·

322 1785 433 1842 tendum
454 1786 562 1843 irritare
582 1793 691 1860 actum,
708 1793 735 1844 et
756 1787 886 1844 tamenin
905 1786 951 1843 illa
966 1803 1020 1844 non
1034 1803 1132 1860 possu·
1165 1787 1286 1859 ptionem
1301 1785 1327 1842 in
1341 1785 1462 1858 legibus,
1477 1800 1548 1858 quaa
1562 1801 1615 1842 non
1637 1787 1813 1844 constituunt
1827 1793 1921 1844 actum
1940 1788 1968 1844 in

323 1890 387 1932 mus
407 1874 575 1948 distinguere
590 1875 673 1933 verba
687 1875 846 1933 irritantiaa
859 1876 950 1933 verbis
964 1877 1132 1950 prohibenti·
1165 1877 1420 1934 materisiustitiae.
1436 1874 1513 1942 Quod
1528 1873 1593 1932 licet
1605 1874 1722 1933 tortasse
1736 1890 1833 1933 rerum
1847 1879 1892 1949 sit,
1908 1893 1963 1936 nou

323 1964 388 2038 bus,
410 1981 504 2038 neque
515 1967 595 2022 etiam
609 1966 634 2021 in
645 1981 676 2022 aa
688 1965 781 2023 locum
794 1965 987 2024 babetdccieio
998 1967 1064 2041 legis
1072 1984 1131 2025 oon
1165 1973 1256 2022 tamen
1276 1964 1357 2022 solvit
1376 1963 1555 2021 obiectionem
1576 1964 1677 2022 iactam
1697 1964 1732 2021 do
1757 1964 1816 2038 lege
1836 1966 1968 2038 naturali,

323 2053 455 2121 dubium,
479 2071 545 2111 curn
562 2053 609 2112 illa
624 2055 659 2112 sit
671 2069 746 2112 mere
760 2057 887 2129 positiva,
901 2064 931 2114 et
944 2073 997 2114 nou
1011 2057 1133 2116 declaret
1165 2069 1236 2128 quae
1261 2053 1399 2112 interdum
1423 2053 1512 2111 reddit
1535 2054 1643 2111 nullum
1667 2061 1761 2112 actum
1789 2053 1969 2127 prohibitum,

323 2150 431 2202 tantum
454 2147 498 2201 ius
518 2143 658 2218 naturale,
673 2161 741 2219 ergo
756 2149 882 2204 convenit
896 2146 948 2203 hoc
969 2145 1053 2204 alicui
1071 2147 1132 2222 lege
1166 2147 1272 2218 etiamsi
1291 2144 1436 2218 prohibitio
1451 2159 1505 2202 non
1525 2147 1662 2217 pertineat
1675 2145 1708 2204 ad
1729 2147 1871 2203 materiam
1891 2147 1971 2203 iusti·

323 2233 441 2291 naturali
452 2249 486 2290 ex
502 2241 581 2306 parte
596 2234 726 2292 materiae
738 2234 861 2292 habentis
870 2235 993 2294 eamdem
1004 2237 1132 2295 indecen·
1166 2238 1232 2308 tiae,
1245 2235 1292 2292 sed
1307 2235 1469 2308 honestatis,
1481 2233 1524 2292 rel
1534 2237 1655 2309 pietatis,
1667 2241 1716 2293 aut
1727 2236 1927 2310 observantiae,
1941 2242 1973 2293 ut

324 2324 390 2380 tiam
405 2326 433 2382 in
444 2325 716 2396 continuatione,seu
728 2327 936 2384 conservatione
948 2334 1038 2398 actus,
1048 2343 1131 2399 quarn
1165 2333 1208 2384 est
1220 2325 1364 2399 probibitio
1377 2325 1541 2383 matrimonii
1555 2327 1626 2383 inter
1644 2324 1760 2398 iratres,
1776 2326 1818 2383 rel
1837 2329 1909 2384 inter
1923 2341 1972 2398 po·

325 2413 422 2471 babuit
432 2415 457 2471 in
480 2416 567 2487 prima
580 2415 733 2488 effectione,
747 2431 813 2490 ergo
828 2416 900 2474 idem
915 2417 1016 2489 poterit
1026 2419 1132 2474 contin·
1165 2424 1236 2476 trem
1246 2427 1274 2474 et
1284 2417 1375 2490 filiam,
1387 2423 1442 2474 etc.
1455 2415 1531 2475 Unde
1541 2416 1624 2473 etiam
1635 2411 1799 2490 relinquitur
1809 2415 1969 2488 dillloultas,

328 2517 393 2576 gere
410 2505 437 2560 iu
459 2504 516 2578 lege
531 2506 647 2576 positive
665 2504 825 2577 prohibente
844 2513 949 2562 actum.
964 2507 1031 2564 Nam
1047 2509 1069 2563 si
1088 2521 1132 2563 ea·
1165 2524 1218 2566 our
1236 2508 1343 2564 nonsit
1362 2507 1433 2564 idem
1447 2507 1474 2562 in
1496 2506 1554 2580 lege
1568 2506 1683 2580 positira
1697 2504 1768 2579 lata,
1784 2523 1811 2563 r.
1827 2522 1855 2579 g.
1872 2505 1972 2563 intuitu
2013 2531 2015 2536 ·

326 2594 389 2652 dem
405 2596 491 2667 ratio,
508 2594 550 2652 vel
568 2596 720 2652 indecentia
735 2596 887 2653 inveniatur
909 2596 934 2653 in
953 2597 1011 2672 ipso
1025 2603 1090 2654 actu
1105 2597 1131 2653 in
1165 2597 1320 2670 religionis,
1336 2597 1358 2652 si
1378 2599 1520 2669 contingat
1539 2595 1640 2654 babere
1661 2593 1775 2654 causam
1794 2602 1968 2670 perpetuam,

326 2683 398 2743 laeto
415 2700 493 2758 esse,
509 2700 580 2759 quae
595 2685 645 2743 luit
658 2687 684 2742 in
698 2686 770 2757 ieri,
784 2685 968 2760 intelligetur,
986 2686 1131 2758 pertatem
1165 2703 1214 2746 seu
1228 2687 1352 2746 eamdem
1370 2688 1505 2752 rationem
1519 2689 1547 2743 in
1565 2689 1625 2759 ipso
1639 2685 1783 2744 duratione
1804 2693 1904 2761 actus,
1920 2701 1971 2745 eeu

327 2773 414 2848 legem
432 2790 486 2830 non
502 2773 591 2832 solum
606 2774 759 2848 prohiberi,
775 2774 821 2831 sed
837 2775 919 2832 etiam
933 2775 1050 2847 irritari,
1065 2779 1131 2849 quia
1166 2779 1282 2836 ellectus
1296 2779 1368 2850 eiua,
1384 2792 1454 2851 quae
1468 2775 1522 2834 luit
1534 2777 1562 2833 in
1578 2777 1636 2849 ipso
1650 2777 1719 2833 lieri.

327 2863 354 2919 in
366 2865 568 2937 perseverantia
580 2865 655 2922 circa
666 2864 748 2922 talem
758 2870 852 2921 actum
862 2865 1056 2936 semperderet
1066 2881 1131 2922 con·
1204 2873 1232 2927 2.
1249 2868 1308 2925 hlia
1329 2867 1429 2940 regula
1443 2865 1565 2923 eiusdem
1588 2867 1711 2924 auctoris
1724 2873 1782 2922 est:
1797 2867 1909 2934 Quoties
1928 2866 1971 2924 lex

325 2959 369 3010 tra
388 2952 487 3026 legem.
502 2955 538 3012 Et
551 2955 730 3011 confirmatur
744 2955 847 3027 primo,
863 2957 928 3028 quia
941 2955 971 3011 in·
981 2953 1034 3026 hpc
1049 2971 1131 3012 sensu
1165 2958 1200 3015 ita
1215 2957 1338 3030 probibet
1351 2956 1511 3030 simpliciter
1526 2961 1619 3016 actrrm
1633 2963 1712 3013 certo
1732 2959 1824 3029 generi
1839 2972 1971 3029 persona-

325 3042 434 3102 ridetur
445 3045 545 3116 optime
563 3043 689 3115 intelligi,
701 3042 846 3101 etdetendi
858 3045 1013 3101 communis
1024 3051 1132 3102 senten·
1165 3063 1246 3120 rum,
1262 3054 1295 3105 ut
1307 3047 1436 3121 designet
1445 3045 1595 3119 legitimum
1609 3053 1753 3103 auctorem
1767 3045 1856 3117 illius,
1873 3061 1972 3104 conse·

326 3135 365 3192 tia
379 3148 464 3206 supra
482 3134 579 3207 relata,
593 3147 664 3204 quae
678 3134 789 3206 asserit,
802 3132 912 3206 quando
927 3133 1071 3206 prohibitio
1084 3135 1132 3191 ba·
1166 3144 1282 3212 quenter
1306 3137 1414 3194 irritare
1434 3143 1531 3193 actum
1551 3142 1647 3194 contro
1667 3134 1739 3193 illam
1761 3135 1970 3209 prohibitionem

327 3223 377 3281 bet
390 3237 502 3279 causam
522 3229 700 3294 perpetuam,
717 3221 816 3279 babere
834 3224 887 3279 virn
905 3222 1042 3294 irritandi3
1059 3224 1131 3282 scili·
1166 3226 1284 3299 lactum,
1296 3227 1408 3283 etiamsi
1420 3224 1485 3282 nihil
1498 3224 1572 3282 aliud
1584 3231 1693 3297 praeter
1704 3224 1914 3298 prohibitionem
1923 3241 1971 3282 ex·

327 3321 389 3386 oet,
404 3316 427 3369 si
447 3314 617 3386 perpetuitas
632 3312 676 3369 illa
697 3329 750 3369 non
765 3313 900 3370 reseratur
914 3307 948 3370 'ad
969 3328 1132 3387 quamcum·
1166 3317 1327 3391 plicetllon
1338 3317 1459 3390 assignat
1471 3321 1564 3372 autem
1574 3315 1730 3388 generalem
1741 3317 1874 3373 rationem
1886 3315 1969 3372 buius

316 3420 380 3479 ,que
394 3419 507 3462 oausam
524 3403 668 3474 motivam,
685 3403 732 3460 sed
751 3402 784 3460 ad
804 3404 982 3461 intrinsecam
996 3406 1128 3463 rationem
1165 3407 1293 3482 regulae,
1310 3406 1357 3463 sed
1376 3407 1457 3463 variis
1470 3405 1601 3478 exemplis
1615 3405 1706 3478 logum
1726 3407 1921 3478 pertinentium
1935 3405 1970 3464 ed

325 3495 505 3567 pertinentem
525 3494 560 3551 ad
572 3494 771 3567 indecentiam,
785 3509 869 3568 quam
883 3494 924 3551 lex
938 3497 964 3550 iu
979 3503 1047 3553 actu
1063 3511 1130 3552 con·
1165 3502 1341 3568 testamenta,
1358 3503 1386 3553 et
1399 3495 1587 3569 alienationes,
1602 3495 1676 3552 illam
1690 3495 1843 3554 confirmat.
1855 3496 1891 3553 Ut
1904 3500 1971 3553 suut

328 3585 472 3659 siderarit,
484 3585 517 3642 nd
529 3583 728 3656 prohibendum
739 3573 1021 3643 illumcontirmatur
1032 3601 1131 3644 securr-
1165 3585 1242 3660 illae,
1258 3601 1330 3660 quae
1344 3583 1489 3658 probibent
1507 3583 1642 3656 aliquibus
1657 3585 1779 3656 personis
1798 3585 1912 3658 testari,
1928 3583 1970 3642 rel

328 3672 380 3746 do,
393 3690 456 3730 nam
468 3675 576 3746 quoties
587 3673 630 3731 loa
641 3673 770 3746 prohibet
780 3680 873 3731 actum
886 3673 987 3731 intuitu
1002 3675 1130 3748 iustitiae,
1164 3674 1308 3749 designant
1322 3681 1428 3747 partem
1444 3673 1602 3748 legitimam,
1616 3674 1649 3730 de
1663 3689 1719 3747 qua
1732 3673 1826 3732 testari
1839 3680 1967 3747 possunt.

329 3769 397 3820 tunc
406 3761 551 3836 prohibitio
560 3762 625 3844 lacit
634 3779 695 3820 esso
706 3763 837 3822 iniustum
844 3770 937 3822 actum
950 3765 1128 3839 prohibitum,
1164 3766 1231 3823 ltem
1245 3764 1334 3839 leges,
1349 3779 1420 3838 quae
1434 3763 1578 3835 prohibent
1597 3761 1713 3821 alienare
1732 3769 1844 3836 propter
1858 3755 1969 3837 incapa-¹

328 3868 395 3928 ergo
407 3867 516 3925 semper
526 3852 588 3909 talis
600 3852 641 3910 lex
655 3855 746 3910 irritat
757 3855 933 3928 actum,quia
944 3871 1052 3928 semper
1062 3855 1131 3913 obli·
1144 3839 1149 3848 ’
1165 3855 1288 3928 citatem,
1301 3853 1448 3912 iudicatam
1461 3853 1616 3911 secundum
1628 3853 1747 3927 aliquem
1757 3853 1869 3910 modum
1882 3854 1969 3927 alege

327 3949 376 4018 gat
389 3942 422 4000 ad
438 3942 586 4000 tollendam
601 3942 759 4000 iniustitiam
774 3943 893 4014 laetam,
917 3951 945 4001 et
959 3959 1130 4018 consequen·
1165 3947 1378 4018 praescriptum.
1394 3945 1423 4001 ln
1442 3943 1494 4000 bac
1509 3958 1575 4002 vero
1596 3941 1694 4017 regula
1708 3945 1733 4000 in
1753 3945 1849 4018 primis
1863 3943 1970 4001 deside·

328 4040 372 4091 ter
387 4033 492 4107 obligat
505 4032 531 4089 in
546 4027 714 4090 conscientia
725 4032 758 4089 ad
774 4033 985 4109 restituendum,
994 4037 1022 4092 et
1035 4034 1070 4092 od
1083 4035 1131 4092 ba·
1165 4041 1244 4095 ratur
1259 4035 1369 4107 propria
1382 4036 1442 4090 eius
1458 4033 1539 4091 ratio.
1550 4035 1585 4091 lit
1598 4041 1741 4106 praeterea
1754 4035 1780 4090 in
1796 4035 1889 4092 multis
1903 4033 1969 4108 legi·

254 4141 259 4152 ·
328 4123 448 4182 bendum
465 4138 515 4196 pro
536 4122 653 4194 inlecto,
669 4121 743 4196 quod
762 4123 867 4181 lactum
881 4124 984 4196 luerat,
998 4125 1074 4198 qtrod
1088 4132 1131 4184 est
1165 4125 1217 4182 bus
1230 4123 1314 4181 videri
1326 4129 1416 4195 potest
1425 4122 1492 4180 haec
1503 4123 1601 4196 regula
1615 4139 1770 4197 repugnare
1784 4121 1966 4196 praecedenti.

330 4214 470 4271 annullare
494 4218 599 4270 actum.
616 4213 739 4286 Denique
759 4211 811 4269 boc
831 4211 911 4270 modo
926 4212 1051 4270 videntur
1069 4215 1131 4271 irri·
1165 4214 1233 4271 llam
1254 4215 1329 4271 iuxta
1352 4206 1424 4270 hane
1448 4212 1572 4286 regulam
1597 4214 1638 4270 lex
1663 4213 1807 4286 prohibens
1836 4215 1969 4272 minorem

329 4309 388 4360 tare
405 4311 498 4361 actum
514 4303 616 4360 multae
631 4302 705 4375 leges
720 4301 823 4377 civiles,
845 4318 916 4376 quae
937 4303 974 4360 ita
988 4303 1132 4375 probibent
1166 4303 1303 4361 sexdecim
1324 4317 1459 4359 annorum
1473 4303 1602 4375 protiteri,
1617 4303 1738 4360 irritaret
1754 4309 1848 4361 actum
1868 4309 1967 4361 eontra

329 4400 436 4465 actum,
449 4400 481 4452 ut
494 4394 516 4450 si
530 4395 577 4451 liat
587 4399 686 4450 eontra
700 4391 799 4467 legem,
812 4392 893 4450 cedat
903 4393 927 4450 in
942 4393 1065 4450 iniuriam
1076 4400 1132 4451 ter·
1165 4391 1237 4449 illam
1251 4391 1355 4449 lectum
1365 4408 1399 4449 ex
1409 4391 1435 4448 vi
1449 4390 1647 4464 prohibitionis,
1660 4393 1765 4450 etiamsi
1778 4391 1897 4466 amplius
1907 4407 1962 4450 non

329 4485 378 4555 tii,
394 4490 427 4542 ut
442 4482 486 4542 lex
499 4484 647 4557 prohibens
662 4482 807 4540 meliorare
821 4481 905 4540 lilium
920 4482 992 4540 ultra
1010 4485 1130 4558 tertiam,
1164 4481 1342 4555 procederet,
1357 4482 1421 4556 quia
1434 4486 1476 4537 est
1494 4479 1537 4538 lex
1550 4480 1697 4554 prohibens
1715 4488 1810 4539 actum
1821 4490 1908 4568 'certo
1922 4498 1970 4556 ge-

330 4580 380 4630 aut
395 4573 506 4631 similes:
519 4573 583 4630 illae
597 4575 707 4631 enimin
722 4574 890 4630 conscientia
903 4573 1032 4648 obligant,
1041 4582 1070 4633 et
1083 4575 1132 4633 im·
1167 4573 1225 4630 neri
1235 4587 1428 4645 personarum,
1443 4576 1476 4627 ut
1488 4570 1584 4645 regula
1595 4569 1672 4628 dicit.
1684 4571 1862 4645 Consequens
1876 4578 1970 4630 autem

329 4663 443 4737 pediunt
454 4665 574 4722 valorem
590 4672 681 4738 actus,
692 4664 797 4722 etiamsi
807 4664 849 4722 lex
864 4679 913 4738 per
927 4666 1011 4723 rerba
1024 4671 1131 4728 tontum
1165 4669 1194 4720 ot
1208 4668 1251 4720 est
1264 4661 1365 4719 laisum
1379 4704 1386 4732 ,
1402 4667 1434 4717 ut
1452 4666 1561 4718 constat
1575 4676 1609 4718 ex
1628 4663 1689 4718 iure
1703 4661 1830 4735 antiquo,
1845 4667 1874 4718 et
1887 4676 1970 4733 repu-

329 4753 503 4826 probibentia
517 4752 677 4825 loquantur.
1165 4759 1232 4826 gnat
1246 4751 1330 4824 priori
1344 4750 1467 4824 regulae,
1483 4751 1547 4824 quir
1561 4748 1603 4807 illo
1618 4749 1762 4822 probibitio
1777 4765 1831 4807 non
1845 4749 1875 4807 m
1890 4748 1969 4807 titulo

368 4845 483 4916 Propter
498 4841 548 4898 bas
566 4843 734 4913 posteriores
748 4843 868 4900 rationes
884 4842 966 4901 videri
982 4851 1071 4916 potest
1085 4861 1132 4904 ne·
1164 4842 1293 4916 iustitiae,
1306 4840 1352 4898 scd
1368 4841 1516 4914 religionis.
1530 4838 1608 4907 Quod
1625 4839 1646 4896 si
1660 4839 1727 4897 baec
1743 4839 1839 4913 regulo
1853 4840 1969 4898 restrin-

329 4932 490 5006 cessarium,
506 4931 624 5006 aliquam
638 4917 826 5005 exceptionem
842 4932 941 4990 addere
954 4934 1075 5009 generali
1089 4952 1132 4994 re·
1165 4939 1246 5007 gatur
1257 4931 1290 4990 nd
1304 4931 1391 5005 legem
1404 4930 1591 5004 prohibentem
1604 4929 1705 4987 intuitu
1719 4929 1847 5001 iustitiae,
1860 4929 1899 4986 sie
1914 4945 1969 4987 non

328 5022 408 5097 gulae
422 5038 506 5095 supra
525 5023 629 5095 positos
643 5022 668 5078 io
689 5022 776 5094 prima
789 5024 948 5081 assertione.
965 5024 1002 5081 lit
1018 5024 1055 5080 ita
1069 5041 1131 5083 sen·
1165 5029 1250 5082 eruut
1263 5022 1296 5079 ad
1313 5037 1373 5079 rem
1384 5019 1525 5094 exempla,
1542 5033 1612 5092 quae
1628 5019 1780 5076 alleruntur
1793 5019 1826 5076 dc
1841 5017 1966 5093 prodigo,

326 5115 361 5169 tit
373 5113 456 5186 Vasq.
470 5111 545 5169 dicta
558 5111 630 5184 disp.
647 5115 711 5185 lbi,
722 5127 785 5185 cap.
795 5118 822 5186 3,
841 5113 886 5171 ubl
901 5114 1005 5189 aliquas
1019 5116 1129 5189 regulas
1165 5114 1211 5187 qui
1230 5112 1383 5185 prohibitus
1396 5118 1439 5168 est
1457 5111 1590 5182 alienare,
1606 5109 1671 5182 quia
1688 5109 1733 5165 illa
1752 5109 1897 5182 probibitio
1912 5123 1967 5166 non

327 5203 471 5260 constituit
486 5201 520 5258 ad
540 5200 765 5273 discernendum,
781 5203 891 5276 quando
905 5219 937 5260 ex
952 5212 1030 5275 parte
1044 5212 1129 5264 mate·
1163 5203 1192 5260 lit
1206 5202 1284 5260 titulo
1301 5200 1404 5259 vitandi
1417 5200 1591 5271 iniustitiam,
1607 5199 1655 5258 sed
1675 5199 1776 5256 vitandi
1792 5199 1969 5273 prodigalita-

326 5291 396 5365 riae,
421 5290 463 5350 rel
477 5307 510 5350 ox
531 5293 634 5352 motivo
653 5289 721 5365 legio
741 5291 912 5363 prohibentis
931 5292 1020 5368 colligi
1033 5297 1128 5369 possit
1165 5301 1221 5354 tem
1232 5300 1261 5352 et
1269 5292 1474 5367 dissipationem
1484 5290 1629 5348 bonorum.
1640 5289 1674 5346 lit
1685 5287 1808 5348 similiter
1819 5290 1862 5348 lox
1877 5289 1968 5364 probi·
