4290 6222
439 343 501 409 ΜΒ
1141 360 1333 410 imminu.

402 493 444 545 set
458 487 686 557 constitutiones,
701 494 821 557 statuta,
835 489 992 561 privilegia,
1008 489 1131 556 indulta,
1147 493 1203 542 etc.
1240 487 1361 542 mallone
1381 485 1516 558 diximus,
1535 486 1568 543 de
1586 503 1641 560 qua
1655 488 1739 546 refert
1754 489 1873 546 mirabile
1886 492 2014 563 exemplun

402 593 489 648 enque
509 577 597 632 omnia
619 577 826 645 eonnrnssser,
849 585 944 650 postea
965 578 1078 634 limitsts
1099 576 1202 633 subdit:
1240 575 1402 631 Emmanuel
1420 575 1574 633 Rodericus
1595 578 1668 634 dicta
1685 595 1714 651 q.
1732 584 1764 642 8.
1784 588 1836 636 art.
1856 586 1902 654 lb,
1925 582 1947 636 ia
1965 583 2015 655 ine,

403 663 578 738 Supplentes
592 680 692 721 omnes
713 668 789 722 luris
803 673 831 722 et
847 665 931 739 sacti
945 665 1092 738 desectus,
1111 670 1136 722 si
1156 666 1206 738 qui
1240 664 1315 736 qrrod
1333 665 1358 720 in
1372 681 1406 722 eo
1421 665 1506 722 videri
1519 673 1621 739 potest.

401 755 653 810 intervenerintin
660 755 829 828 praedictis
840 757 1101 814 constitutionibus
1109 761 1136 812 et
1146 759 1206 812 stn-

403 844 486 899 tntis.
504 841 553 898 Ubi
575 849 702 912 constat,
718 844 939 926 supplementum
955 847 1007 904 boc
1030 863 1082 902 non
1098 844 1206 902 extendi
1512 871 1652 943 CAPUT
1667 873 1746 941 XXI

404 929 436 986 ad
453 929 599 1001 privilegia.
609 933 644 986 nt
657 933 803 1004 Gregorius
819 935 886 991 lllll.
902 936 1058 1009 generalius
1077 934 1159 990 dixit:
1175 935 1207 990 di
1750 925 1759 940 ⁰

404 1022 455 1090 put
468 1021 679 1076 intervenerint
691 1023 724 1100 in
738 1021 862 1090 eisdem,
877 1024 956 1096 plane
971 1024 1091 1081 referens
1105 1024 1206 1092 omnis,
1249 1067 1355 1125 mmm

1366 1063 1409 1122 cd
1421 1081 1492 1133 esse,
1506 1081 1559 1124 seu
1569 1063 1765 1136 eductorem,
1783 1065 2020 1140 neisructnmpri·

1283 1153 1385 1228 oilepii
1403 1154 1510 1230 aliqua
1527 1161 1610 1216 iustu
1628 1173 1725 1216 sousa
1738 1160 1929 1216 concessionis
1943 1173 2020 1214 neces·

1282 1247 1368 1302 scria
1381 1249 1429 1303 sit.

405 1123 476 1180 quae
493 1123 578 1179 supra
591 1117 775 1168 enarraverat.
785 1111 819 1167 Et
833 1111 929 1168 ecdem
945 1112 1026 1170 mode
1040 1113 1152 1169 locutus
1166 1117 1209 1168 est

405 1199 434 1252 S.
449 1200 480 1253 ll.
493 1198 524 1253 Ν.
538 1197 640 1254 Paulus
655 1198 688 1272 V,
703 1205 731 1256 et
744 1201 839 1256 similia
855 1201 990 1259 habentur
1006 1203 1031 1257 in
1046 1200 1124 1258 Bulla
1139 1203 1208 1258 Pau-

404 1283 422 1340 li
436 1287 480 1342 lv.
498 1285 560 1341 enni
582 1288 665 1358 1561,
681 1288 707 1342 in
728 1303 782 1360 qua
797 1289 935 1361 privilegia
956 1291 1088 1350 Miserum
1111 1291 1210 1347 confir·

405 1381 526 1432 tuantur.
537 1375 640 1449 llystus
654 1384 745 1452 sutem
759 1379 792 1434 V.
808 1379 995 1437 confirmando
1009 1379 1150 1453 privilegia
1165 1381 1210 1438 lli·

406 1478 519 1532 norum,
537 1463 649 1520 adiecit:
660 1463 840 1541 ·Snpptenns
854 1485 954 1526 omncs
969 1473 997 1526 et
1011 1468 1144 1542 singulos
1162 1469 1211 1528 eie·

399 1549 499 1626 sectus
519 1556 594 1609 iuris
607 1558 636 1610 et
645 1553 740 1634 secti.
758 1571 795 1613 ac
815 1556 1037 1616 solemnitatum
1058 1562 1149 1616 etiarn
1175 1557 1211 1615 de
1247 1611 1272 1660 ¹·
1286 1611 1321 1660 lle
1333 1623 1408 1660 causa
1421 1610 1490 1662 finali
1501 1611 1566 1675 logis
1580 1612 1635 1662 -2
1657 1613 1677 1662 l
1678 1613 1694 1663 d
1704 1614 1835 1676 privilegii
1845 1613 2013 1664 mmmm

408 1646 485 1700 ΝΜ
499 1646 680 1710 mamma
702 1649 755 1701 (Μ
769 1644 849 1702 “¹5³⁸
861 1646 1074 1721 ⁹²⁴⁰m⁰d⁰lib⁸l
1090 1650 1211 1720 'equid'
1282 1687 1311 1729 ut
1325 1681 1396 1730 licite
1409 1680 1462 1742 liet,
1477 1695 1541 1744 opus
1553 1649 1592 1732 est
1604 1651 1680 1732 causa
1690 1683 1796 1734 honesta
1806 1691 1833 1732 et
1844 1649 2021 1746 proportionata:

408 1740 513 1792 tarum
526 1730 638 1804 forsan
658 1737 851 1800 omissorum,
869 1743 897 1793 et
916 1737 992 1794 olins
1015 1753 1212 1810 quoscumque
1280 1762 1346 1812 quse
1358 1751 1499 1813 principem
1512 1750 1616 1801 inducet
1628 1750 1659 1800 sd
1673 1751 1873 1802 concedendum.
1887 1777 1919 1788 -
1932 1751 1956 1802 3.
1965 1751 2022 1800 bulla

409 1819 553 1893 desectus,
570 1825 596 1878 si
607 1819 660 1893 ‘pul
664 1818 799 1893 forsitan
811 1827 1023 1882 intervenerint
1041 1829 1074 1881 in
1089 1824 1210 1883 eisdem.
1281 1826 1394 1882 potestas
1413 1819 1520 1870 inferior
1533 1827 1616 1884 potest
1629 1821 1769 1872 θθΰθθᾰθῑθ
1782 1821 1942 1885 privilegium
1952 1827 2022 1870 fflffl

408 1913 482 1980 Quae
498 1911 579 1966 verba
594 1912 683 1982 specie
698 1920 780 1969 tenos
801 1913 928 1970 videntur
944 1918 1073 1971 maiorem
1098 1931 1213 1972 conces-
1281 1889 2023 2024 22⁵pssffi⁰2¹2iogmssffiggg‘)flufflemfflffi

410 2003 513 2056 sionem
535 2000 691 2072 continere,
707 2014 737 2057 re
759 2009 849 2058 tamen
864 2018 929 2060 vera
943 2004 968 2058 in
988 2003 1139 2060 substantia
1157 2020 1212 2060 non
1281 2027 1454 2090 ,ponig-g,
1469 2028 1596 2090 Quaenam
1609 2041 1685 2080 caus,
1698 2029 1806 2080 sullicist
1816 2028 1849 2078 ,g
1861 2027 2022 2080 iustificam

411 2091 560 2149 continent.
1281 2097 1456 2160 privilegium.

452 2183 497 2237 te.
513 2180 625 2236 Certum
639 2185 681 2236 est
692 2181 775 2252 enim,
789 2196 837 2252 per
849 2184 939 2239 omnia
949 2181 1017 2240 haec
1028 2182 1110 2239 verba
1120 2183 1145 2238 in
1158 2183 1214 2253 pri·

411 2270 462 2325 mis
482 2283 534 2324 non
553 2268 672 2339 suppleri
687 2270 825 2326 naturales
840 2270 964 2328 defectus
979 2287 1011 2328 ea
1026 2273 1085 2329 iure
1100 2278 1213 2328 naturae
1290 2271 1314 2325 l.
1331 2269 1482 2340 Explicatis
1503 2267 1562 2325 aliis
1584 2270 1691 2342 causis,
1712 2267 1863 2326 dicendum
1878 2266 2023 2340 superestis

411 2362 595 2429 repugnantes
609 2357 693 2413 valori
705 2365 798 2430 actus,
812 2364 842 2414 ut
860 2359 976 2415 insimili
994 2359 1074 2416 tradit
1090 2361 1215 2416 llcstien·
1249 2358 1320 2414 finali
1333 2373 1417 2414 causa
1433 2358 1579 2431 privilegii,
1594 2360 1718 2436 quernis
1734 2359 1807 2415 bunc
1823 2358 1913 2416 lecum
1924 2371 2023 2414 reserva·

412 2447 450 2501 sis
463 2447 490 2500 in
502 2461 563 2517 cep.
579 2445 643 2503 l.de
658 2453 819 2503 transactel
829 2449 957 2505 lnnoc.in
969 2451 1210 2521 capSciscilotis,
1249 2449 1350 2512 vimus,
1366 2447 1441 2519 qrria,
1458 2449 1575 2520 cognitis
1589 2447 1658 2518 aliis,
1674 2446 1783 2505 facilius
1801 2450 1906 2520 poterit
1919 2445 2023 2518 expedin'.

412 2535 446 2592 de
461 2535 584 2605 rescript.
599 2533 644 2589 ubi
660 2535 768 2592 felinus
783 2551 810 2593 n.
827 2539 854 2593 l.
871 2535 964 2608 plures
986 2537 1080 2594 refert.
1097 2539 1133 2594 Et
1147 2539 1215 2594 rnlio
1250 2535 1422 2607 Pririlegium
1436 2544 1528 2593 sertem
1543 2535 1712 2594 considerari
1727 2544 1831 2608 potest,
1848 2535 1890 2592 vel
1904 2543 1934 2593 ut
1945 2542 1982 2590 est
1992 2535 2024 2589 lar

412 2631 456 2680 est
466 2623 551 2694 cisra,
564 2625 629 2696 quia
640 2623 699 2678 telis
711 2622 835 2681 deiectus
847 2625 970 2698 suppleri
981 2643 1034 2682 uon
1046 2633 1146 2698 potest.
1160 2629 1216 2684 lmo
1250 2631 1403 2698 qrrsedam,
1422 2626 1464 2680 vel
1480 2633 1510 2682 ut
1524 2633 1567 2682 est
1580 2627 1716 2698 exemptio
1731 2642 1746 2682 a
1760 2627 1832 2698 lege,
1848 2641 1895 2682 seu
1910 2623 2024 2681 concessio

414 2716 478 2773 licet
492 2713 612 2770 defecto
628 2721 733 2785 posset,
749 2714 770 2769 si
782 2729 835 2769 non
848 2714 919 2770 iuste
930 2717 1025 2786 possit,
1039 2732 1092 2772 non
1103 2724 1146 2773 est
1155 2732 1217 2773 cre·
1252 2731 1335 2786 supra
1347 2714 1443 2787 legem.
1455 2715 1541 2770 Priori
1554 2714 1634 2772 modo
1647 2721 1802 2786 spectatum
1815 2715 1851 2771 ita
1862 2714 2025 2787 requirirent·

413 2803 533 2861 (lendum
549 2802 685 2874 suppleri,
700 2803 763 2874 quie
777 2805 905 2874 princeps
918 2813 1049 2861 censetur
1063 2813 1170 2863 tautum
1184 2822 1217 2863 ea
1251 2821 1309 2861 snrn
1323 2807 1441 2876 iustam,
1459 2804 1533 2860 sicut
1547 2805 1681 2877 quaelibet
1695 2805 1746 2860 elia
1761 2805 1814 2874 lex,
1830 2803 1895 2876 quia
1908 2803 2025 2859 iustilitet

414 2891 579 2960 concedere,
594 2905 663 2962 quae
678 2891 748 2947 inste
765 2899 867 2964 potest,
880 2899 910 2948 ut
921 2900 996 2949 recte
1008 2882 1159 2951 llostieasis
1171 2912 1216 2953 su·
1252 2895 1379 2951 honestas
1398 2909 1432 2951 ex
1452 2900 1528 2965 parte
1549 2908 1650 2950 causse
1669 2893 1825 2950 communis
1845 2899 1888 2949 sst
1900 2891 1966 2948 omni
1978 2889 2023 2959 legi

413 2997 473 3054 pra.
497 2981 670 3050 Quapropter
693 2981 774 3035 etiam
797 2979 923 3037 defectus
945 2997 993 3053 psr
1015 2984 1217 3056 subreptionem
1252 2991 1342 3040 tamen
1361 2982 1487 3039 honestas
1506 2990 1534 3038 et
1552 2983 1655 3038 iustitia
1670 2981 1800 3055 privilegii
1816 2981 1868 3062 sub
1883 2982 1932 3038 bac
1945 2979 2025 3036 ratione

414 3069 551 3129 commissi
568 3083 621 3124 nou
637 3067 810 3141 supplentur,
826 3075 857 3126 ut
871 3084 955 3143 supra
968 3071 1001 3128 de
1012 3074 1217 3132 confirmatione
1251 3072 1318 3146 legis
1336 3071 1435 3144 pendet
1453 3087 1485 3128 ex
1505 3071 1608 3128 iustitia
1630 3071 1753 3129 eiusdem
1768 3071 1821 3128 sub
1837 3071 1917 3144 priori
1930 3070 2024 3126 ratione.

412 3177 447 3217 cr
468 3165 544 3216 certo
565 3157 677 3214 scientia
697 3156 800 3214 dietum
819 3165 871 3216 est.
885 3162 941 3218 fiee
955 3160 1074 3234 denique
1089 3164 1217 3220 substan·
1251 3165 1318 3220 llam
1333 3167 1399 3218 tunc
1415 3160 1586 3232 privilegium
1601 3159 1683 3217 alicui
1698 3176 1866 3218 concessum
1881 3159 1914 3216 ab
1930 3159 1979 3216 aliis
1990 3157 2026 3212 ob

414 3247 485 3306 tialis
502 3246 627 3303 delectus
641 3261 690 3317 per
703 3246 797 3303 dolum
812 3250 989 3323 commissus,
1007 3258 1037 3308 ut
1047 3255 1153 3310 notavit
1163 3255 1217 3310 llo-
1250 3251 1353 3307 serrari
1373 3251 1445 3306 iuste
1459 3249 1641 3320 praecipitur,
1663 3248 1772 3323 quaudo
1786 3250 1928 3307 concessio
1946 3251 1969 3304 in
1982 3249 2025 3318 ipsa

413 3337 519 3394 stiensis
534 3335 608 3392 dicto
622 3350 684 3404 cap.
706 3342 731 3408 l,
746 3341 774 3392 et
786 3339 905 3394 sumitur
919 3355 953 3396 ex
966 3339 1063 3398 eodem
1077 3348 1154 3400 testu
1169 3343 1215 3414 ibi,
1250 3340 1387 3412 specialis,
1411 3353 1461 3394 seu
1473 3339 1608 3410 exemptio
1622 3353 1638 3394 a
1652 3336 1710 3410 lege
1726 3341 1797 3395 iuste
1812 3346 1874 3409 est,
1888 3347 1915 3394 et
1931 3337 2025 3393 retiens-

412 3428 545 3510 inpurin,
564 3423 606 3480 vel
620 3427 786 3498 imperitia:
800 3433 828 3481 et
843 3427 913 3483 idem
928 3429 1081 3500 significant
1096 3431 1136 3487 slii
1146 3433 1215 3488 Pon·
1250 3429 1328 3485 bilem
1343 3441 1456 3484 causum
1470 3426 1572 3498 habeti
1583 3425 1700 3500 ideoque
1714 3428 1803 3484 solum
1815 3433 1923 3499 oportet
1933 3439 2025 3498 erpom

412 3517 513 3588 tidees,
534 3531 598 3571 cum
610 3516 783 3578 ,confirmant
803 3515 962 3589 privilegia,
983 3525 1011 3576 et
1025 3519 1130 3577 addunt
1143 3520 1214 3576 illem
1248 3533 1289 3585 re,
1305 3531 1375 3589 quae
1390 3532 1475 3572 cause
1490 3518 1644 3573 necessaria
1659 3518 1705 3588 sit,
1721 3523 1753 3574 ut
1767 3517 1830 3574 talis
1845 3518 1980 3589 exemptio,
1993 3509 2024 3570 rel

412 3605 580 3675 clausulnm,
604 3602 776 3676 supplentem
796 3604 919 3662 defectus
938 3608 990 3664 sub
1008 3608 1107 3680 dubio,
1122 3617 1150 3666 et
1163 3610 1215 3666 sub
1249 3605 1367 3678 speciale
1381 3607 1425 3661 ius
1439 3614 1488 3660 aut
1501 3603 1573 3661 licite
1588 3611 1636 3662 sut
1649 3604 1736 3662 valide
1750 3607 1921 3665 conferatur.
2006 3619 2013 3632 ·

412 3695 582 3764 conditione,
605 3695 627 3748 si
647 3693 765 3749 fortasse
786 3695 1002 3752 intervenerunt.
1024 3698 1100 3755 Unde
1124 3712 1214 3772 neque
1287 3701 1315 3754 2.
1332 3696 1398 3752 llice
1417 3694 1520 3765 primo,
1537 3699 1569 3751 ut
1587 3693 1721 3767 privilegii
1738 3698 1888 3753 concessio
1907 3693 2023 3752 licitolrt.

414 3800 462 3858 per
476 3785 558 3841 verba
571 3784 648 3857 llysti
665 3781 734 3840 tales
754 3782 868 3840 effeetus
884 3785 1060 3858 supplentur,
1078 3794 1136 3844 tum
1151 3788 1215 3860 quia
1249 3785 1431 3842 necessariam
1450 3797 1511 3839 esse
1530 3783 1672 3840 honestam
1692 3789 1720 3839 et
1737 3788 1965 3856 proportionatam
1976 3797 2026 3838 cau·

413 3869 503 3932 forma
517 3872 664 3930 verborum
683 3877 725 3927 est
745 3871 840 3928 eadem
855 3873 947 3946 quoad
962 3873 1072 3932 modum
1087 3875 1213 3949 loquendi
1249 3890 1323 3943 sam,
1344 3887 1417 3946 quae
1437 3873 1587 3944 principem
1608 3870 1642 3928 ad
1663 3871 1735 3928 illam
1757 3871 1912 3930 factendam
1925 3871 2023 3928 inducat.

413 3963 467 4020 sub
482 3962 646 4032 conditione,
662 3967 690 4016 et
700 3958 783 4015 dubio
793 3959 827 4016 de
837 3959 999 4031 defectibus,
1012 3962 1215 4036 sisorscnin·
1248 3963 1338 4020 Probo
1357 3964 1445 4035 primo
1458 3977 1491 4017 ea
1505 3961 1625 4033 generali
1640 3961 1742 4018 ratione
1756 3969 1838 4019 actus
1853 3963 1967 4032 burnani,
1977 3959 2025 4032 puis

412 4054 604 4112 teruenerlnt,
628 4049 721 4120 utique
741 4049 800 4104 sine
821 4049 884 4105 dolo
904 4057 932 4107 et
950 4053 1138 4125 surreptioue3
1154 4063 1214 4112 tum
1249 4062 1280 4110 ut
1293 4053 1328 4109 sit
1342 4052 1486 4122 honestus,
1502 4048 1584 4106 debet
1596 4051 1651 4106 deri
1665 4065 1795 4107 excausa
1806 4051 1965 4120 redonabit,
1976 4048 2024 4103 alias

413 4143 496 4199 etiam
515 4139 579 4212 quia
599 4137 694 4193 similis
715 4135 841 4193 clausula
861 4153 915 4195 non
933 4140 1043 4212 supplet
1056 4142 1212 4217 falsitatem,
1249 4141 1399 4224 prudenter
1416 4155 1469 4195 non
1484 4141 1545 4211 liet,
1560 4147 1589 4195 et
1602 4146 1806 4212 consequenter
1820 4155 1910 4213 neque
1924 4139 2023 4194 honeste.

413 4231 456 4288 vel
471 4226 672 4285 fraudulentam
688 4228 914 4300 taciturnitatem,
928 4239 959 4284 ιιι
972 4246 1055 4301 supra
1066 4247 1099 4288 ex
1111 4233 1214 4290 Pauor·
1248 4228 1360 4300 Deinde,
1375 4228 1417 4284 sel
1432 4227 1604 4301 privilegium
1618 4235 1662 4284 est
1675 4231 1827 4285 contraius
1839 4221 2025 4297 semmurensi

412 4321 474 4377 mit.
492 4324 520 4375 et
539 4315 597 4372 aliis
611 4313 744 4384 vidimus,
764 4321 794 4370 et
807 4314 900 4386 plures
915 4316 999 4374 refert
1011 4321 1038 4375 in
1054 4321 1132 4378 simili
1147 4323 1214 4380 San·
1248 4323 1354 4375 tantum
1370 4317 1489 4374 ultra.ln
1506 4318 1588 4389 priori
1600 4316 1750 4389 privilegio,
1764 4325 1796 4374 ut
1809 4325 1934 4374 servetur
1946 4313 2026 4372 iustitis
2051 4336 2055 4344 ·

413 4409 475 4466 cius
490 4408 536 4463 lib.
552 4411 577 4464 8.
590 4403 626 4459 de
640 4407 731 4460 nrctr.
746 4403 816 4474 disp.
831 4409 879 4476 nt,
894 4421 971 4462 uum.
986 4411 1012 4463 6.
1028 4409 1063 4466 Et
1076 4410 1102 4465 iu
1116 4410 1213 4468 eodem
1249 4407 1342 4481 legalis
1366 4415 1395 4464 st
1417 4405 1608 4478 distributiva,
1629 4413 1671 4462 est
1688 4410 1845 4464 necessaria
1863 4410 1934 4464 iusta
1949 4418 2025 4472 causa,

412 4513 496 4554 sensu
511 4496 579 4552 dixit
595 4495 699 4550 llnrtin.
717 4490 837 4548 lauden.
851 4500 932 4550 treet.
949 4494 982 4550 de
996 4497 1119 4572 privileg.
1136 4515 1165 4572 q.
1182 4503 1209 4572 3,
1248 4505 1280 4554 ut
1295 4503 1405 4554 constat
1422 4512 1438 4552 a
1457 4496 1585 4553 similior
1604 4495 1686 4554 dictis
1699 4495 1746 4553 lib.
1762 4497 1809 4553 Vl.
1825 4497 1860 4554 ds
1872 4495 2027 4568 dispensatio·
2099 4525 2100 4528 =

411 4603 461 4660 per
479 4582 635 4642 huiusmodi
654 4581 735 4638 verba
755 4581 876 4652 suppleri
894 4597 942 4652 ea,
958 4598 1028 4655 qrrne
1048 4596 1114 4644 sunt
1134 4588 1210 4662 iuris,
1247 4601 1280 4643 ne
1300 4587 1379 4660 legis.
1397 4589 1426 4642 ln
1445 4586 1593 4658 posteriori
1611 4595 1702 4642 autern
1721 4601 1774 4642 uon
1795 4595 1839 4643 est
1860 4593 1931 4642 ιιιιιιι
1947 4581 2027 4639 inordi-

412 4693 465 4733 non
481 4689 551 4749 quae
566 4678 629 4728 srrnt
643 4672 718 4742 facti,
733 4686 767 4727 ex
782 4671 895 4740 Specul.
910 4673 953 4729 tit.
966 4673 1000 4730 de
1011 4675 1094 4747 legat.
1109 4672 1213 4740 inune
1247 4678 1332 4748 ostio,
1348 4678 1371 4732 si
1391 4677 1496 4748 absque
1509 4690 1594 4731 eausa
1608 4675 1797 4746 concedatur,
1812 4677 1879 4748 quia
1894 4675 1951 4746 plus
1963 4671 2027 4727 bsbd

411 4761 640 4829 ostendendum,
664 4760 749 4818 verbo
769 4758 989 4829 decimoctueo;
1011 4771 1071 4820 tum
1095 4756 1212 4838 denique
1246 4767 1280 4824 de
1300 4769 1404 4839 gretie,
1426 4781 1510 4838 quem
1530 4764 1564 4821 de
1584 4765 1700 4836 iustitia3
1724 4764 1899 4821 nibilominus
1915 4764 2027 4820 mmenut

411 4858 476 4930 puin
497 4854 530 4910 ab
551 4852 689 4911 ordinario
710 4852 771 4907 iure
790 4857 819 4907 et
838 4851 909 4925 stylo
929 4866 983 4908 non
1003 4851 1140 4910 receditur
1154 4855 1217 4910 sine
1246 4870 1300 4911 non
1315 4856 1347 4911 sit
1362 4861 1441 4912 nctus
1456 4852 1670 4926 prodigalitatis,
1686 4852 1733 4910 ssd
1749 4853 1893 4926 prudentis
1907 4850 2025 4909 liberalita-

1439 1398 1441 1406 ’
1529 1424 1762 1489 διωωιήιω

295 4983 300 4996 .
410 4944 505 5004 maiori
518 4941 728 5015 specificatione,
739 4946 767 4995 et
778 4939 1055 4999 declaratione.Unde
1068 4959 1119 4998 non
1128 4959 1210 5016 nego,
1245 4943 2027 5014 tis,nonnulfscauseproportionatanecessariaesuprae-

410 5037 476 5109 quin
490 5032 636 5106 aliquando
652 5029 757 5102 possint
771 5028 853 5084 verba
864 5027 1004 5087 clausulae
1015 5046 1075 5089 esse
1088 5039 1141 5088 tsrn
1155 5048 1213 5090 am·
1246 5032 1341 5089 sertim
1354 5035 1421 5105 quia
1436 5031 1577 5105 privilegia
1590 5031 1670 5088 aliter
1684 5047 1818 5089 concessa
1829 5032 2027 5105 multiplicantur

409 5127 465 5198 pla,
480 5131 514 5181 ut
526 5123 606 5180 etiarn
621 5119 744 5176 defectus
759 5116 915 5188 praedictos
929 5118 1085 5189 suppleant3
1103 5127 1211 5192 oportet
1245 5120 1373 5191 nimis,et
1383 5127 1612 5192 contemnuntur,
1624 5121 1689 5177 etin
1700 5120 1758 5180 aliis
1768 5119 2025 5193 generantinridisn,

409 5223 501 5276 tamen
520 5219 551 5274 ut
563 5223 692 5285 expresse
706 5205 732 5266 id
747 5206 907 5281 significent,
923 5215 955 5266 ut
968 5223 1052 5282 supra
1066 5208 1100 5267 de
1113 5212 1212 5268 coudr-
1244 5217 1273 5268 et
1287 5209 1450 5283 perturbant
1462 5223 1571 5283 pacem,
1586 5209 1651 5283 quia
1665 5224 1720 5268 non
1734 5211 1802 5270 liunt
1815 5214 1874 5270 sine
1883 5210 1967 5286 aliqua
1977 5221 2026 5280 per·
