4290 6222
776 455 782 472 ,
877 408 981 458 robur
996 411 1053 458 xv.
1675 399 1736 460 393

130 541 193 611 ipsa
207 539 427 596 est-distinctum
441 552 456 594 e
472 553 522 594 suo
536 534 697 607 exemplari,
713 540 741 591 et
755 548 808 590 non
820 538 863 589 cst
874 547 938 589 cor·
977 535 1046 590 ratio
1067 541 1109 590 est
1129 534 1257 606 evidens,
1275 535 1337 608 quia
1352 535 1397 592 ille
1412 537 1557 592 concessio
1572 537 1705 608 generalis
1723 555 1778 594 nra-

130 629 278 686 relatirum
300 630 377 699 eius,
398 641 487 700 neque
502 627 535 682 ab
549 624 597 681 illo
611 623 711 696 pendet
724 625 750 679 io
766 623 935 693 conservari,
973 629 1018 679 net
1038 624 1159 696 incerta,
1181 630 1209 679 et
1228 639 1282 680 uon
1303 631 1393 696 potest
1407 624 1441 681 ad
1458 626 1634 696 particularia
1650 627 1778 684 determi-

131 719 202 790 quia
215 717 298 774 serbe
314 715 446 788 privilegii
464 713 588 772 absoluta
602 719 683 782 suut,
699 717 730 769 ut
743 713 935 784 supponimus,
974 715 1049 781 nari,
1073 729 1139 784 ergo
1154 721 1194 768 est
1210 713 1322 785 inutilis,
1339 714 1403 785 quia
1417 715 1539 770 actiones
1554 716 1671 772 morales
1685 723 1711 773 et
1727 717 1777 772 bu-

129 813 160 862 et
175 823 207 862 ex
224 806 249 862 vi
264 804 414 878 particulae
429 803 471 862 od
483 806 582 861 instar
596 817 651 858 non
666 802 792 874 sequitur
813 798 874 857 talis
889 799 936 856 de·
974 817 1069 858 manae
1085 809 1152 858 sunt
1166 803 1241 860 circa
1261 802 1445 874 particularia.
1467 805 1501 859 Et
1519 805 1697 861 consumatur
1712 821 1727 860 a
1743 807 1778 860 si-

131 889 938 966 pendentia.lmo‚iarigoreloquendo,pririlegium,quod
974 891 1029 947 mili
1049 907 1081 946 ex
1098 892 1116 947 l.
1133 895 1158 948 si
1178 894 1222 948 sic
1241 889 1387 964 leqotum,
1408 894 1458 963 ts,
1474 894 1525 963 §si
1542 894 1628 960 mibi,
1649 894 1675 950 o.
1691 893 1725 949 de
1740 892 1778 949 le·

131 984 247 1054 ponitur
260 985 286 1038 in
298 983 465 1056 exemplum,
476 998 530 1038 non
540 989 584 1039 eet
594 981 703 1054 propria
714 985 740 1036 et
752 995 800 1052 pcr
810 995 840 1036 se
853 994 938 1035 causa
973 986 1029 1052 gat.
1051 985 1075 1051 t,
1091 981 1140 1036 ibi:
1161 983 1193 1037 Si
1206 984 1362 1052 quantitas
1376 997 1436 1038 uon
1450 983 1489 1038 stt
1502 979 1629 1050 adiecto,
1650 981 1777 1038 euidenti

132 1072 267 1134 alterius,
289 1070 337 1128 sad
356 1073 470 1144 ponitur
483 1077 588 1129 tautum
604 1071 637 1128 ad
652 1069 887 1127 determinandam
902 1069 938 1124 si·
972 1071 1091 1125 ratione
1109 1068 1192 1126 nibil.
1204 1068 1338 1136 debetur,
1356 1073 1431 1142 quie
1450 1087 1508 1127 non
1521 1078 1663 1146 apparet,
1680 1087 1778 1144 quun·

131 1163 335 1233 gnificstiouem
359 1161 526 1235 generalium
541 1161 701 1232 verborum,
716 1159 818 1232 quibus
832 1157 940 1230 privile·
974 1156 1141 1228 transsuertt
1154 1157 1298 1231 leqoturu.
1314 1161 1423 1230 Dicens,
1438 1164 1504 1216 tunc
1520 1160 1647 1233 prudenti
1663 1162 1776 1218 arbitrio

131 1253 210 1324 gium
233 1248 275 1308 od
287 1254 389 1307 instar
401 1248 582 1321 conceditur,
598 1250 671 1305 iacta
686 1256 778 1304 autem
794 1245 838 1304 illa
848 1246 938 1304 deter—
972 1247 1147 1304 determinari
1166 1249 1267 1318 poterit
1281 1247 1380 1304 modus
1395 1255 1422 1304 et
1434 1251 1584 1322 quantitas,
1602 1249 1642 1305 vel
1658 1250 1777 1322 qualitas

134 1343 301 1412 minatione,
322 1348 351 1398 et
368 1341 481 1412 cognita
500 1339 646 1412 qualitate,
667 1343 694 1394 et
709 1337 791 1394 modo
806 1336 939 1409 privilegii
973 1337 1113 1408 privilegii,
1129 1336 1303 1394 considerata
1318 1337 1475 1396 conditione
1489 1340 1625 1410 materiae,
1638 1347 1666 1397 et
1683 1355 1777 1412 perso·

133 1433 177 1488 sia
195 1433 337 1504 concessi,
356 1431 431 1486 nulla
445 1431 515 1486 ratio
529 1428 723 1501 dependentiae
737 1427 808 1484 inter
823 1425 869 1482 ilia
883 1427 940 1498 pri·
976 1443 1088 1493 narum,
1110 1435 1139 1484 et
1158 1429 1312 1484 coniectata
1332 1433 1423 1486 mente
1441 1428 1633 1500 concedentis3
1651 1430 1691 1484 sio
1705 1431 1776 1486 euim

134 1519 233 1591 vilegia
248 1519 421 1591 relinquitur:
430 1525 457 1576 et
467 1519 595 1591 quamvis
606 1515 795 1586 demus,illam
804 1530 864 1571 esse
876 1529 940 1587 pro·
974 1518 1002 1573 in
1023 1514 1051 1571 d.
1074 1513 1093 1570 Ι.
1115 1518 1148 1570 ιιι
1165 1519 1340 1572 testamenta
1354 1516 1468 1588 dicitur,
1484 1520 1504 1572 si
1520 1523 1637 1574 testator
1655 1518 1777 1588 iusserit,

133 1609 225 1678 priam
239 1607 427 1665 causalitatem
441 1606 635 1678 exemplarem,
651 1606 719 1662 baec
733 1611 844 1661 nonest
865 1605 938 1672 talis,
975 1605 1026 1660 sibi
1048 1610 1257 1660 mouumentum
1278 1605 1334 1659 lieri
1355 1606 1439 1662 instar
1460 1606 1572 1663 alterius
1591 1606 1730 1663 existentis
1751 1608 1777 1663 in

135 1705 170 1754 ut
188 1697 222 1753 ab
241 1697 385 1754 existentia
409 1695 572 1768 exemplaris
596 1694 712 1768 pendeat
739 1694 936 1766 exemplatum,
978 1693 1023 1749 tali
1037 1691 1111 1763 loco,
1126 1698 1154 1748 et
1171 1693 1205 1748 ibi
1220 1691 1326 1750 nullum
1342 1702 1551 1751 monumentum
1567 1696 1705 1752 inuentum
1721 1697 1778 1752 lue·

134 1791 284 1860 postquam
302 1785 474 1856 factumest,
487 1783 757 1855 siceoimsidamus,
770 1783 869 1840 multas
881 1797 936 1854 res,
976 1783 1021 1851 rit,
1037 1798 1091 1838 non
1105 1782 1227 1854 obligari
1239 1782 1382 1840 haeredem
1397 1782 1430 1838 ιιι
1445 1783 1600 1841 iaciendum
1618 1801 1779 1842 mouumen-

134 1874 179 1932 sel
199 1873 319 1931 aedificia
343 1874 401 1930 ficri
421 1875 507 1930 lnsttr
527 1872 659 1944 aliorum,
679 1887 750 1945 quae
770 1877 866 1944 postea
883 1887 939 1928 ma·
976 1879 1034 1929 tum
1049 1872 1136 1928 simile
1150 1871 1245 1941 alteri,
1260 1871 1375 1943 obligari
1390 1879 1482 1930 tamen
1502 1867 1535 1930 ad
1550 1873 1704 1931 iaciendum
1719 1891 1775 1930 mo·

134 1970 212 2030 nent,
228 1963 292 2020 licet
309 1962 472 2035 exemplaria
484 1957 674 2019 destruantur.
690 1961 778 2033 Igitur
793 1961 938 2018 destructo
975 1967 1138 2016 numentum
1158 1961 1259 2017 decens
1278 1962 1353 2017 iuxta
1367 1960 1438 2018 vires
1452 1962 1625 2020 baereditatis
1639 1971 1667 2020 et
1682 1963 1777 2021 condi·

135 2055 215 2123 loca,
229 2051 262 2108 ιιι
277 2053 357 2110 cuius
377 2053 463 2108 instar
477 2050 547 2108 alius
562 2050 730 2126 privilegium
746 2051 869 2122 accepit,
886 2049 939 2106 du·
977 2051 1065 2108 tiones
1085 2049 1219 2107 deiuncti.
1240 2049 1450 2122 Respondetur,
1469 2053 1646 2123 inpraesenti
1664 2055 1778 2110 materia

133 2149 179 2198 rat
197 2141 367 2215 privilegium
393 2155 557 2198 concessum
578 2141 723 2211 posteriori
739 2139 817 2210 loco,
832 2139 938 2194 etiamsi
975 2155 1030 2196 noo
1053 2138 1152 2195 babere
1174 2139 1266 2196 locum
1289 2139 1341 2196 boc
1362 2139 1505 2197 arbitrium
1527 2142 1582 2196 sine
1604 2156 1721 2198 recursu
1745 2139 1777 2196 ad

133 2235 162 2287 in
183 2232 266 2304 priori
293 2229 466 2288 destructum
482 2231 524 2286 sit.
542 2228 682 2301 llultoque
698 2227 794 2301 magis,
809 2233 939 2284 reuocato
976 2243 1056 2301 enm,
1078 2229 1124 2301 qui
1146 2226 1316 2300 privilegium
1330 2229 1485 2297 concessit,
1500 2229 1565 2301 quia
1578 2229 1612 2284 ad
1626 2229 1703 2285 illum
1718 2243 1779 2300 spe·

134 2320 275 2392 privilegio
291 2317 457 2384 udtnmor,
476 2333 531 2374 non
544 2324 695 2380 revocatur
708 2315 793 2387 aliud,
810 2315 843 2372 ad
857 2317 937 2372 cuius
975 2323 1043 2386 ctat,
1063 2324 1093 2373 et
1106 2332 1159 2372 oon
1175 2315 1320 2386 adolium,
1335 2317 1410 2390 quod
1426 2333 1478 2373 non
1494 2317 1575 2374 babet
1588 2316 1681 2375 locum
1696 2319 1723 2372 in
1740 2324 1779 2373 ta·

134 2409 224 2466 instar
241 2423 407 2466 concessum
422 2409 527 2474 iuerat,
543 2409 608 2479 quia
621 2412 664 2464 ast
677 2405 787 2463 omnino
802 2405 896 2478 prius,
911 2411 940 2462 ct
975 2411 1092 2475 stature,
1113 2405 1160 2477 qui
1179 2411 1241 2476 post
1258 2413 1377 2462 mortem
1392 2421 1445 2462 nou
1460 2412 1550 2478 potest
1565 2413 1683 2462 mentem
1698 2421 1776 2461 suam

134 2498 301 2571 absolutum,
328 2504 411 2571 atque
431 2495 613 2569 independens
635 2511 649 2552 a
671 2496 831 2566 posteriori.
852 2495 887 2551 lit
905 2508 939 2551 ax
974 2494 1158 2566 interpretari:
1189 2500 1289 2552 auctor
1310 2499 1401 2551 auum
1421 2495 1553 2568 privilegii
1568 2510 1676 2567 semper
1688 2496 1715 2551 id
1731 2512 1779 2567 po·

134 2587 191 2642 bec
206 2587 337 2659 principio
352 2585 434 2642 iniert
444 2584 592 2642 Panormit.
606 2597 701 2655 supra,
714 2581 825 2655 quando
837 2597 939 2640 conce·
975 2589 1044 2654 test,
1064 2585 1129 2655 quia
1153 2582 1216 2638 licet
1236 2598 1369 2654 personae
1391 2591 1543 2655 mutentur,
1560 2600 1667 2655 semper
1682 2585 1777 2640 eadem

133 2675 210 2732 ditur
229 2675 400 2748 privilegium
418 2673 453 2732 ad
472 2674 558 2729 instar
572 2672 690 2728 alicuius
704 2672 790 2743 iuris,
807 2670 848 2726 vel
864 2676 939 2743 pote·
974 2672 1104 2730 cathedra
1130 2679 1307 2743 perseverat,
1327 2674 1392 2746 quia
1406 2673 1484 2730 sedes
1498 2689 1552 2730 noa
1568 2666 1694 2730 moritur.
1711 2675 1778 2730 item

134 2766 233 2833 statis,
253 2764 320 2822 licet
335 2771 430 2836 postea
445 2762 629 2834 restringatur
644 2759 793 2832 exemplar,
808 2775 861 2816 uon
877 2775 940 2831 pro·
974 2762 999 2816 in
1014 2776 1083 2818 casu
1101 2761 1173 2818 itlius
1189 2761 1253 2834 legis
1269 2761 1415 2818 constabat
1429 2763 1495 2818 satis
1510 2762 1543 2818 de
1554 2762 1694 2820 voluntate
1704 2761 1779 2819 illius

62 2857 68 2866 ‘
134 2860 229 2925 pterea
249 2851 377 2926 restringi
396 2851 568 2924 privilegium
587 2849 630 2907 ud
651 2851 759 2906 instar.
776 2849 939 2921 Exemplum
974 2852 1129 2916 metatoris,
1155 2847 1246 2922 quoad
1267 2850 1346 2923 legati
1369 2851 1565 2921 substantiam,
1588 2849 1777 2908 determinatio

134 2943 212 3014 pouit
225 2943 251 2998 in
268 2941 401 2999 Clement.
417 2937 547 3004 Dudum,
562 2938 596 3021 de
607 2944 694 3010 sepul.
708 2937 754 2994 ubi
765 2937 937 3006 declaretur,
974 2954 1038 2995 vero
1056 2939 1147 3011 quoad
1162 2937 1275 2995 modum
1290 2954 1343 2994 non
1358 2940 1410 2996 luit
1424 2940 1460 2996 ita
1476 2939 1632 3012 dependens
1643 2943 1676 3000 ab
1687 2957 1781 2998 exem·

134 3033 305 3106 privilegium
331 3028 489 3087 absolvendi
515 3042 681 3086 concessum
707 3021 938 3093 mendicantibus,
974 3028 1040 3100 plari
1063 3044 1096 3084 ex
1118 3033 1208 3084 mente
1230 3030 1388 3100 testatoris,
1411 3038 1441 3087 ut
1462 3029 1507 3086 illa
1521 3030 1678 3102 deliciante,
1694 3031 1780 3088 luerit

134 3122 250 3193 legitime
269 3119 516 3192 praesentatis,seu
527 3117 683 3190 approbetis
691 3115 725 3172 ab
733 3118 880 3190 episcopis,
891 3130 939 3172 ex·
974 3117 1122 3177 omittenda
1149 3116 1308 3188 principalis
1324 3116 1464 3191 voluntas,
1486 3121 1550 3191 quia
1563 3135 1613 3176 nec
1629 3119 1672 3176 illa
1690 3123 1779 3192 positu

133 3209 208 3268 tendi
222 3209 256 3267 ad
277 3224 372 3266 omnes
385 3209 487 3279 casus,
504 3213 693 3279 praeterquam
709 3205 743 3263 ad
757 3221 820 3274 eos,
835 3205 882 3279 qui
896 3220 939 3262 re·
973 3208 1025 3264 ιιιιι
1043 3215 1074 3265 ut
1098 3209 1253 3264 necessaria
1272 3205 1409 3278 conditio,
1425 3215 1532 3265 necest
1546 3209 1601 3266 ulla
1617 3211 1777 3265 coniectura

134 3304 282 3356 serventur
312 3314 327 3354 a
351 3298 409 3354 iure
434 3303 563 3368 respectu
583 3295 779 3368 parochorum.
796 3295 937 3365 biteuim,
973 3296 1007 3352 ad
1028 3295 1053 3353 id
1078 3295 1328 3368 praesumendum,
1351 3298 1427 3352 iuxta
1440 3311 1488 3364 ea,
1505 3313 1574 3370 quae
1588 3299 1614 3352 in
1633 3297 1712 3353 simili
1727 3297 1779 3353 lete

132 3387 207 3461 quod
232 3387 297 3444 licet
315 3393 411 3459 postea
424 3386 545 3457 episcopi
560 3399 644 3442 casus
660 3390 799 3440 reservent
812 3383 939 3455 parocbia
972 3384 1027 3444 dixi
1046 3386 1091 3443 lib.
1106 3391 1134 3444 l.
1146 3385 1180 3442 de
1193 3391 1248 3440 vot.
1265 3397 1327 3454 cap.
1343 3387 1374 3456 i,
1389 3392 1416 3441 et
1432 3391 1457 3442 8.
1474 3389 1509 3441 bt
1522 3400 1586 3441 sero
1598 3387 1624 3442 in
1643 3389 1778 3457 praesenti

133 3477 185 3533 sibi
203 3476 350 3546 subiectis,
367 3473 544 3530 nibilominus
558 3471 732 3544 privilegium
748 3470 938 3545 religiosorum
974 3477 1086 3532 materia
1110 3473 1261 3530 substantia
1283 3473 1415 3546 privilegii
1435 3471 1478 3530 od
1494 3477 1593 3530 instar
1613 3480 1717 3530 tautum
1733 3490 1778 3545 ge·

133 3582 189 3622 non
211 3566 411 3637 restringetur,
433 3565 497 3636 quia
516 3569 559 3619 est
578 3576 744 3636 concessum
759 3561 792 3618 ad
809 3562 894 3617 instar
907 3560 939 3616 il·
973 3563 1101 3620 neruliter
1117 3563 1244 3620 concessi
1263 3565 1371 3620 omnino
1394 3561 1494 3634 pendet
1509 3562 1542 3618 ab
1557 3563 1602 3618 illo
1620 3563 1779 3634 exemplari,

32 3714 37 3723 ‚
135 3655 189 3710 lius
209 3653 368 3727 potestatis,
390 3667 473 3724 quam
494 3649 631 3707 habebant
648 3651 739 3707 Curati
753 3665 785 3706 eo
801 3657 936 3722 tempore,
974 3669 1023 3710 seu
1039 3667 1071 3709 ex
1089 3653 1216 3721 termino,
1232 3653 1265 3709 ud
1280 3667 1362 3724 quem
1378 3652 1407 3707 ιιι
1420 3651 1526 3722 relatio,
1541 3660 1568 3708 et
1583 3652 1642 3708 ideo
1660 3667 1713 3708 non
1731 3669 1779 3724 po·

133 3760 191 3817 quo
212 3743 384 3816 privilegium
398 3741 450 3797 luit
463 3755 638 3797 concessum.
656 3741 730 3806 Quae
745 3740 879 3796 sententia
894 3754 936 3795 sa·
973 3749 1027 3798 test
1045 3741 1220 3798 determinari
1240 3757 1288 3813 per
1307 3741 1443 3814 privatum
1463 3741 1620 3813 arbitrium,
1639 3741 1687 3798 sed
1702 3751 1778 3813 pote·

135 3835 170 3888 tis
188 3831 348 3890 communis
359 3835 414 3901 est,
428 3837 455 3886 ct
469 3828 585 3886 tortasse
600 3844 674 3899 vera,
690 3836 720 3885 ut
731 3828 783 3884 late
795 3829 939 3902 prosequi·
973 3838 1070 3887 statem
1088 3829 1263 3887 concedentis
1278 3831 1404 3902 requirit.
1777 3846 1780 3858 ·

134 3930 182 3978 tur
200 3924 324 3978 Emmen.
340 3919 442 3977 lieder.
458 3925 525 3974 tom.
546 3922 570 3975 l.
588 3916 707 3990 regular.
725 3923 834 3988 qnacst.
846 3932 873 3989 q.
889 3919 936 3984 st,
1012 3920 1070 3975 Dixi
1084 3927 1192 3992 sutem,
1208 3917 1261 3976 boc
1276 3935 1337 3976 esse
1355 3918 1580 3991 intelligendum,
1596 3920 1706 3992 quando
1725 3923 1778 3991 pri-

132 4018 188 4067 art.
210 4015 239 4081 l,
254 4014 282 4066 ct
295 4007 328 4064 dc
342 4007 389 4065 illa
403 4023 454 4063 suo
471 4005 533 4064 loco
546 4005 683 4062 dicemus.
696 4005 763 4062 Nam
775 4007 885 4076 propria
897 4020 939 4061 ra·
973 4007 1101 4080 vilegium
1119 4006 1162 4064 od
1173 4011 1273 4066 instar
1285 4014 1392 4066 tantum
1404 4010 1556 4081 generatim
1573 4009 1706 4081 loquitur,
1726 4026 1780 4066 non

134 4101 185 4172 tio,
205 4104 236 4154 ut
251 4098 360 4170 opinor,
374 4112 429 4153 non
444 4111 479 4153 ex
492 4101 617 4165 tempore
632 4095 828 4166 concessionis,
844 4094 892 4152 sed
906 4108 938 4151 ex
973 4094 1138 4152 declarando
1159 4099 1266 4168 species
1281 4097 1417 4164 lasarum,
1433 4097 1474 4153 vel
1489 4097 1657 4170 gratiarum,
1678 4101 1743 4171 quia
1758 4101 1781 4155 si

131 4189 178 4245 illa
202 4185 336 4260 particula
355 4202 376 4244 o
397 4188 464 4242 iure
481 4181 613 4240 sumenda
628 4189 688 4252 est,
704 4183 852 4240 reservatio
866 4183 938 4238 enim
973 4186 1032 4243 illae
1054 4185 1243 4258 exprimantur
1263 4188 1391 4258 specifice
1410 4203 1476 4243 curn
1497 4186 1626 4242 relatione
1639 4186 1675 4243 ad
1693 4187 1777 4258 aliud,

130 4277 308 4348 particularis
331 4274 453 4348 episcopi
468 4289 520 4330 nou
535 4278 579 4329 est
591 4287 607 4328 a
621 4273 691 4342 iure,
705 4279 733 4328 et
747 4271 809 4329 ideo
823 4287 874 4327 uon
890 4270 939 4328 ob·
974 4293 1000 4330 ι.
1023 4291 1051 4346 g.
1073 4273 1204 4344 dicendo,
1227 4274 1407 4332 concedimus
1427 4276 1601 4333 Universitxti
1633 4276 1781 4334 conimbri-

131 4373 234 4437 staret,
258 4365 367 4421 etiamsi
388 4369 468 4420 autea
487 4366 579 4432 esset,
593 4361 670 4416 etita
685 4375 738 4416 non
753 4360 878 4417 recteibi
892 4375 937 4416 ac·
974 4365 1050 4418 censi
1072 4362 1124 4420 isle
1143 4369 1171 4419 et
1191 4362 1243 4418 tale
1267 4361 1544 4436 privilegium,‘siout
1566 4363 1780 4421 salmanticensis

129 4445 327 4512 commodatur
347 4465 476 4524 praesens
492 4449 626 4507 resolutio
640 4464 672 4506 ex
687 4451 794 4506 ratione
806 4446 938 4522 privilegii
974 4452 1013 4508 eis
1030 4452 1149 4523 fruitur,
1165 4452 1191 4506 iu
1204 4467 1237 4508 eo
1253 4465 1320 4508 casu
1336 4452 1401 4509 licet
1413 4453 1553 4524 exemplar
1563 4468 1617 4509 non
1635 4453 1778 4524 subsistat,

130 4541 174 4599 od
187 4547 295 4600 testor.
974 4555 1024 4597 seu
1036 4539 1102 4596 licet
1110 4538 1254 4596 Academia
1265 4540 1483 4598 salmanticensis
1495 4541 1558 4598 talia
1576 4541 1779 4613 privilegiasse

171 4635 199 4690 l.
217 4629 270 4688 sed
290 4629 375 4702 quid,
388 4629 411 4684 si
425 4627 568 4700 contingat
580 4627 695 4684 concedi
710 4627 883 4702 privilegium
897 4626 940 4698 nd
974 4630 1087 4702 babeet3
1106 4629 1283 4686 nibilominus
1298 4630 1467 4704 privilegium
1481 4629 1548 4688 illud
1559 4629 1602 4686 od
1616 4634 1715 4688 instar
1728 4633 1782 4688 erit

129 4723 242 4786 instar,
260 4725 288 4777 et
299 4724 392 4791 postea
404 4716 510 4774 nullum
522 4717 633 4773 inveniri
645 4717 814 4790 privilegium
826 4719 851 4774 in
864 4718 937 4787 loco,
974 4720 1105 4791 validum,
1122 4726 1150 4777 et
1164 4718 1275 4776 babebit
1288 4719 1416 4777 ellectum
1429 4719 1587 4792 specibcum
1600 4721 1626 4776 in
1643 4737 1676 4777 eo
1687 4719 1780 4779 decla·

130 4819 182 4868 aut
196 4825 331 4882 persona,
347 4807 389 4864 rel
405 4822 539 4880 corpore,
555 4806 588 4863 ad
609 4807 690 4864 cuius
707 4807 883 4864 instoralteri
897 4815 939 4865 est
974 4818 1081 4883 ratum3
1105 4809 1149 4865 ille
1165 4823 1230 4865 rero
1244 4808 1369 4865 clausola
1389 4811 1479 4876 sicut,
1496 4815 1550 4866 etc.
1573 4809 1637 4865 nibil
1655 4809 1778 4882 operabi-

129 4899 302 4973 prisilegium
317 4895 499 4955 concessum?
513 4895 686 4967 Respondes,
702 4897 755 4953 tale
768 4897 937 4969 privilegium
973 4911 1038 4973 tur,
1055 4899 1102 4956 sed
1123 4898 1254 4956 salebuot
1267 4899 1330 4954 talis
1344 4898 1492 4970 privilegia,
1513 4907 1596 4970 prout
1610 4899 1643 4956 da
1659 4901 1717 4955 iure
1732 4913 1778 4954 ra-

129 4988 174 5046 ud
193 4992 291 5045 tortor
316 5002 349 5043 ex
365 4987 389 5042 ri
407 4985 479 5042 illius
493 4985 627 5058 generalis
641 4985 781 5042 clausulae
796 4987 860 5043 nibil
874 5003 938 5059 ope·
974 4990 1029 5047 lere
1050 4995 1183 5062 possunt,
1205 4987 1247 5044 sel
1265 4995 1348 5061 prout
1361 4987 1487 5044 absolute
1506 4995 1619 5054 sonant,
1636 4987 1678 5044 sel
1693 4997 1778 5058 prout

128 5079 201 5151 rari,
226 5092 318 5150 neque
331 5088 391 5132 esse
408 5073 538 5146 calidum,
554 5075 576 5130 si
593 5075 618 5130 in
632 5089 665 5130 eo
680 5075 746 5130 nibil
760 5074 834 5132 aliud
849 5079 939 5147 expri·
973 5078 1063 5135 solent
1079 5079 1176 5134 similia
1190 5076 1312 5150 intelligi,
1325 5093 1356 5133 ec
1372 5078 1487 5133 servari.
1500 5076 1574 5144 Quae
1590 5079 1722 5133 sententia
1732 5094 1780 5136 su·

128 5171 226 5239 mitur,
249 5173 277 5224 et
296 5164 452 5238 exemplum
473 5179 526 5220 oon
545 5165 693 5221 invenitur.
717 5165 789 5220 llaec
809 5170 850 5221 est
863 5180 939 5222 com·
973 5168 1055 5224 ruitur
1074 5183 1106 5223 ex
1121 5182 1183 5237 cap.
1202 5165 1325 5227 Abbote,
1341 5164 1375 5220 de
1389 5165 1464 5221 verb.
1478 5165 1593 5239 sigoiflc.
1611 5165 1657 5222 ubi
1670 5165 1779 5238 privile·

129 5256 223 5315 munis
245 5253 379 5312 senentis
395 5253 557 5323 doctorum,
573 5269 643 5326 quos
658 5254 747 5312 statim
762 5254 894 5312 relatam:
909 5261 939 5340 et
973 5259 1048 5330 giurn
1070 5256 1122 5311 sub
1142 5255 1194 5311 bac
1214 5255 1301 5311 torma
1317 5268 1497 5310 concessum:
1518 5252 1718 5312 Concedimua
1730 5273 1779 5312 uo·

222 5360 591 5416 suxnse‚llel.eqibus-Parslt.
1588 5365 1614 5408 ω
