<?xml version="1.0" encoding="UTF-8"?>
<!DOCTYPE html PUBLIC "-//W3C//DTD XHTML 1.0 Transitional//EN"
    "http://www.w3.org/TR/xhtml1/DTD/xhtml1-transitional.dtd">
<html xmlns="http://www.w3.org/1999/xhtml" xml:lang="en" lang="en">
 <head>
  <title>
</title>
<meta http-equiv="Content-Type" content="text/html;charset=utf-8" />
  <meta name='ocr-system' content='tesseract 3.04.00' />
  <meta name='ocr-capabilities' content='ocr_page ocr_carea ocr_par ocr_line ocrx_word'/>
</head>
<body>
  <div class='ocr_page' id='page_1' title='image "./tractatusdelegi00sugoog_0510.png"; bbox 0 0 4260 6222; ppageno 0'>
   <div class='ocr_carea' id='block_1_1' title="bbox 850 319 1735 384">
    <p class='ocr_par' dir='ltr' id='par_1_1' title="bbox 850 319 1735 384">
     <span class='ocr_line' id='line_1_1' title="bbox 850 319 1735 384; baseline 0.001 -3"><span class='ocrx_word' id='word_1_1' title='bbox 850 333 955 381; x_wconf 77' lang='lat' dir='ltr'>assur</span> <span class='ocrx_word' id='word_1_2' title='bbox 969 333 1097 384; x_wconf 81' lang='lat' dir='ltr'>xxxin.</span> <span class='ocrx_word' id='word_1_3' title='bbox 1677 319 1735 382; x_wconf 73' lang='grc' dir='ltr'>ιιι</span> 
     </span>
    </p>
   </div>
   <div class='ocr_carea' id='block_1_2' title="bbox 138 455 1785 710">
    <p class='ocr_par' dir='ltr' id='par_1_2' title="bbox 138 455 1785 710">
     <span class='ocr_line' id='line_1_2' title="bbox 139 455 1781 531; baseline 0 -15"><span class='ocrx_word' id='word_1_4' title='bbox 139 461 230 530; x_wconf 86' lang='lat' dir='ltr'>laeto,</span> <span class='ocrx_word' id='word_1_5' title='bbox 254 466 285 516; x_wconf 92' lang='lat' dir='ltr'>ut</span> <span class='ocrx_word' id='word_1_6' title='bbox 305 459 345 516; x_wconf 90' lang='lat' dir='ltr'>sic</span> <span class='ocrx_word' id='word_1_7' title='bbox 366 459 474 530; x_wconf 91' lang='lat' dir='ltr'>dicam,</span> <span class='ocrx_word' id='word_1_8' title='bbox 496 458 670 515; x_wconf 89' lang='lat' dir='ltr'>nibilominus</span> <span class='ocrx_word' id='word_1_9' title='bbox 689 457 760 515; x_wconf 87' lang='lat' dir='ltr'>illam</span> <span class='ocrx_word' id='word_1_10' title='bbox 777 457 944 515; x_wconf 85' lang='lat' dir='ltr'>voluntatem</span> <span class='ocrx_word' id='word_1_11' title='bbox 981 463 1077 530; x_wconf 72' lang='lat' dir='ltr'>gente,</span> <span class='ocrx_word' id='word_1_12' title='bbox 1099 473 1161 514; x_wconf 91' lang='lat' dir='ltr'>nam</span> <span class='ocrx_word' id='word_1_13' title='bbox 1176 471 1190 512; x_wconf 88' lang='lat' dir='ltr'>a</span> <span class='ocrx_word' id='word_1_14' title='bbox 1205 455 1330 530; x_wconf 91' lang='lat' dir='ltr'>delegato</span> <span class='ocrx_word' id='word_1_15' title='bbox 1346 463 1451 515; x_wconf 87' lang='lat' dir='ltr'>lantum</span> <span class='ocrx_word' id='word_1_16' title='bbox 1468 459 1493 514; x_wconf 92' lang='lat' dir='ltr'>in</span> <span class='ocrx_word' id='word_1_17' title='bbox 1508 475 1561 515; x_wconf 91' lang='lat' dir='ltr'>usu</span> <span class='ocrx_word' id='word_1_18' title='bbox 1577 458 1687 531; x_wconf 91' lang='lat' dir='ltr'>pendet.</span> <span class='ocrx_word' id='word_1_19' title='bbox 1702 459 1781 528; x_wconf 86' lang='lat' dir='ltr'>Quod</span> 
     </span>
     <span class='ocr_line' id='line_1_3' title="bbox 139 545 1785 632; baseline 0.001 -28"><span class='ocrx_word' id='word_1_20' title='bbox 139 565 195 604; x_wconf 89' lang='lat' dir='ltr'>non</span> <span class='ocrx_word' id='word_1_21' title='bbox 211 549 310 606; x_wconf 88' lang='lat' dir='ltr'>bebere</span> <span class='ocrx_word' id='word_1_22' title='bbox 324 547 417 604; x_wconf 90' lang='lat' dir='ltr'>statim</span> <span class='ocrx_word' id='word_1_23' title='bbox 433 548 515 604; x_wconf 87' lang='lat' dir='ltr'>talem</span> <span class='ocrx_word' id='word_1_24' title='bbox 529 548 704 616; x_wconf 88' lang='lat' dir='ltr'>ellectum,et</span> <span class='ocrx_word' id='word_1_25' title='bbox 720 552 826 603; x_wconf 91' lang='lat' dir='ltr'>tantum</span> <span class='ocrx_word' id='word_1_26' title='bbox 843 561 902 602; x_wconf 90' lang='lat' dir='ltr'>esse</span> <span class='ocrx_word' id='word_1_27' title='bbox 913 562 946 602; x_wconf 85' lang='grc' dir='ltr'>ιιι</span> <span class='ocrx_word' id='word_1_28' title='bbox 982 545 1089 603; x_wconf 89' lang='lat' dir='ltr'>videtur</span> <span class='ocrx_word' id='word_1_29' title='bbox 1113 552 1220 602; x_wconf 88' lang='lat' dir='ltr'>eertum</span> <span class='ocrx_word' id='word_1_30' title='bbox 1240 547 1266 602; x_wconf 91' lang='lat' dir='ltr'>in</span> <span class='ocrx_word' id='word_1_31' title='bbox 1282 545 1513 632; x_wconf 78' lang='lat' dir='ltr'>delegatiqnibus,</span> <span class='ocrx_word' id='word_1_32' title='bbox 1528 564 1599 621; x_wconf 92' lang='lat' dir='ltr'>quae</span> <span class='ocrx_word' id='word_1_33' title='bbox 1614 549 1682 606; x_wconf 84' lang='lat' dir='ltr'>liunt</span> <span class='ocrx_word' id='word_1_34' title='bbox 1697 551 1721 604; x_wconf 93' lang='lat' dir='ltr'>in</span> <span class='ocrx_word' id='word_1_35' title='bbox 1735 564 1785 605; x_wconf 85' lang='lat' dir='ltr'>ex·</span> 
     </span>
     <span class='ocr_line' id='line_1_4' title="bbox 138 634 1783 710; baseline 0.001 -17"><span class='ocrx_word' id='word_1_36' title='bbox 138 638 306 710; x_wconf 78' lang='lat' dir='ltr'><strong>ignorantia,</strong></span> <span class='ocrx_word' id='word_1_37' title='bbox 322 644 349 694; x_wconf 92' lang='grc' dir='ltr'>ιι</span> <span class='ocrx_word' id='word_1_38' title='bbox 363 637 428 693; x_wconf 91' lang='lat' dir='ltr'>ialsa</span> <span class='ocrx_word' id='word_1_39' title='bbox 444 639 621 709; x_wconf 78' lang='lat' dir='ltr'>cogitatione,</span> <span class='ocrx_word' id='word_1_40' title='bbox 633 652 665 692; x_wconf 90' lang='lat' dir='ltr'>ac</span> <span class='ocrx_word' id='word_1_41' title='bbox 681 637 702 691; x_wconf 89' lang='lat' dir='ltr'>si</span> <span class='ocrx_word' id='word_1_42' title='bbox 718 636 770 692; x_wconf 91' lang='lat' dir='ltr'>boc</span> <span class='ocrx_word' id='word_1_43' title='bbox 785 642 860 692; x_wconf 88' lang='lat' dir='ltr'>esset</span> <span class='ocrx_word' id='word_1_44' title='bbox 874 634 946 705; x_wconf 90' lang='lat' dir='ltr'>posi·</span> <span class='ocrx_word' id='word_1_45' title='bbox 980 643 1057 693; x_wconf 89' lang='lat' dir='ltr'>terno</span> <span class='ocrx_word' id='word_1_46' title='bbox 1077 637 1145 693; x_wconf 91' lang='lat' dir='ltr'>loro.</span> <span class='ocrx_word' id='word_1_47' title='bbox 1163 638 1230 692; x_wconf 91' lang='lat' dir='ltr'>item</span> <span class='ocrx_word' id='word_1_48' title='bbox 1250 635 1292 693; x_wconf 92' lang='lat' dir='ltr'>ille</span> <span class='ocrx_word' id='word_1_49' title='bbox 1311 636 1409 692; x_wconf 91' lang='lat' dir='ltr'>modus</span> <span class='ocrx_word' id='word_1_50' title='bbox 1425 637 1549 694; x_wconf 90' lang='lat' dir='ltr'>mutandi</span> <span class='ocrx_word' id='word_1_51' title='bbox 1567 636 1783 694; x_wconf 90' lang='lat' dir='ltr'>iurisdictionem</span> 
     </span>
    </p>
   </div>
   <div class='ocr_carea' id='block_1_3' title="bbox 31 723 1783 798">
    <p class='ocr_par' dir='ltr' id='par_1_3' title="bbox 31 723 1783 798">
     <span class='ocr_line' id='line_1_5' title="bbox 31 723 1783 798; baseline -0.001 -16"><span class='ocrx_word' id='word_1_52' title='bbox 31 783 35 790; x_wconf 74' lang='grc'>,</span> <span class='ocrx_word' id='word_1_53' title='bbox 139 735 201 782; x_wconf 90' lang='lat' dir='ltr'>tum</span> <span class='ocrx_word' id='word_1_54' title='bbox 220 727 319 784; x_wconf 83' lang='lat' dir='ltr'>insola</span> <span class='ocrx_word' id='word_1_55' title='bbox 334 729 442 798; x_wconf 90' lang='lat' dir='ltr'>propria</span> <span class='ocrx_word' id='word_1_56' title='bbox 456 727 609 783; x_wconf 84' lang='lat' dir='ltr'>voluntate.</span> <span class='ocrx_word' id='word_1_57' title='bbox 626 727 684 782; x_wconf 86' lang='lat' dir='ltr'>lloc</span> <span class='ocrx_word' id='word_1_58' title='bbox 700 726 763 782; x_wconf 91' lang='lat' dir='ltr'>mibi</span> <span class='ocrx_word' id='word_1_59' title='bbox 779 723 946 796; x_wconf 88' lang='lat' dir='ltr'>persuadent</span> <span class='ocrx_word' id='word_1_60' title='bbox 981 733 1133 798; x_wconf 89' lang='lat' dir='ltr'>peractum</span> <span class='ocrx_word' id='word_1_61' title='bbox 1147 741 1220 781; x_wconf 92' lang='lat' dir='ltr'>mere</span> <span class='ocrx_word' id='word_1_62' title='bbox 1235 725 1372 782; x_wconf 90' lang='lat' dir='ltr'>internum</span> <span class='ocrx_word' id='word_1_63' title='bbox 1384 725 1656 782; x_wconf 87' lang='lat' dir='ltr'>nonestbominibus</span> <span class='ocrx_word' id='word_1_64' title='bbox 1671 741 1783 782; x_wconf 84' lang='lat' dir='ltr'>accom-</span> 
     </span>
    </p>
   </div>
   <div class='ocr_carea' id='block_1_4' title="bbox 110 814 1834 5270">
    <p class='ocr_par' dir='ltr' id='par_1_4' title="bbox 110 814 1834 5270">
     <span class='ocr_line' id='line_1_6' title="bbox 139 814 1784 887; baseline 0 -17"><span class='ocrx_word' id='word_1_65' title='bbox 139 819 264 872; x_wconf 88' lang='lat' dir='ltr'>rationes</span> <span class='ocrx_word' id='word_1_66' title='bbox 279 816 423 887; x_wconf 78' lang='lat' dir='ltr'><strong>posteriori</strong></span> <span class='ocrx_word' id='word_1_67' title='bbox 441 815 503 871; x_wconf 90' lang='lat' dir='ltr'>loco</span> <span class='ocrx_word' id='word_1_68' title='bbox 517 815 615 872; x_wconf 83' lang='lat' dir='ltr'>lactas.</span> <span class='ocrx_word' id='word_1_69' title='bbox 633 814 793 887; x_wconf 80' lang='lat' dir='ltr'><strong>Explicatur</strong></span> <span class='ocrx_word' id='word_1_70' title='bbox 806 829 872 871; x_wconf 90' lang='lat' dir='ltr'>vero</span> <span class='ocrx_word' id='word_1_71' title='bbox 888 829 945 869; x_wconf 91' lang='lat' dir='ltr'>am·</span> <span class='ocrx_word' id='word_1_72' title='bbox 981 815 1123 884; x_wconf 86' lang='lat' dir='ltr'>modulus,</span> <span class='ocrx_word' id='word_1_73' title='bbox 1145 820 1173 871; x_wconf 92' lang='lat' dir='ltr'>et</span> <span class='ocrx_word' id='word_1_74' title='bbox 1186 815 1289 872; x_wconf 90' lang='lat' dir='ltr'>inlinita</span> <span class='ocrx_word' id='word_1_75' title='bbox 1300 814 1475 873; x_wconf 88' lang='lat' dir='ltr'>incommoda</span> <span class='ocrx_word' id='word_1_76' title='bbox 1489 831 1522 872; x_wconf 93' lang='grc' dir='ltr'>ιιι</span> <span class='ocrx_word' id='word_1_77' title='bbox 1536 815 1582 871; x_wconf 93' lang='lat' dir='ltr'>illo</span> <span class='ocrx_word' id='word_1_78' title='bbox 1598 821 1711 887; x_wconf 82' lang='lat' dir='ltr'>possent</span> <span class='ocrx_word' id='word_1_79' title='bbox 1724 831 1784 870; x_wconf 92' lang='lat' dir='ltr'>mo·</span> 
     </span>
     <span class='ocr_line' id='line_1_7' title="bbox 139 902 1783 977; baseline -0.002 -15"><span class='ocrx_word' id='word_1_80' title='bbox 139 905 213 977; x_wconf 86' lang='lat' dir='ltr'>plius</span> <span class='ocrx_word' id='word_1_81' title='bbox 236 902 396 976; x_wconf 88' lang='lat' dir='ltr'>applicando</span> <span class='ocrx_word' id='word_1_82' title='bbox 415 903 486 960; x_wconf 91' lang='lat' dir='ltr'>banc</span> <span class='ocrx_word' id='word_1_83' title='bbox 507 903 629 976; x_wconf 89' lang='lat' dir='ltr'>regulam</span> <span class='ocrx_word' id='word_1_84' title='bbox 645 904 679 960; x_wconf 91' lang='lat' dir='ltr'>ad</span> <span class='ocrx_word' id='word_1_85' title='bbox 695 902 826 960; x_wconf 91' lang='lat' dir='ltr'>nonnulla</span> <span class='ocrx_word' id='word_1_86' title='bbox 840 902 947 974; x_wconf 84' lang='lat' dir='ltr'>privile·</span> <span class='ocrx_word' id='word_1_87' title='bbox 979 905 1072 961; x_wconf 89' lang='lat' dir='ltr'>raliter</span> <span class='ocrx_word' id='word_1_88' title='bbox 1090 905 1172 970; x_wconf 63' lang='lat' dir='ltr'>oriris</span> <span class='ocrx_word' id='word_1_89' title='bbox 1193 918 1259 976; x_wconf 84' lang='lat' dir='ltr'>ergo</span> <span class='ocrx_word' id='word_1_90' title='bbox 1275 920 1324 960; x_wconf 90' lang='lat' dir='ltr'>uec</span> <span class='ocrx_word' id='word_1_91' title='bbox 1339 912 1383 960; x_wconf 90' lang='lat' dir='ltr'>est</span> <span class='ocrx_word' id='word_1_92' title='bbox 1398 903 1534 976; x_wconf 86' lang='lat' dir='ltr'>possibilis</span> <span class='ocrx_word' id='word_1_93' title='bbox 1550 905 1650 961; x_wconf 91' lang='lat' dir='ltr'>bomini</span> <span class='ocrx_word' id='word_1_94' title='bbox 1665 919 1713 975; x_wconf 90' lang='lat' dir='ltr'>per</span> <span class='ocrx_word' id='word_1_95' title='bbox 1729 904 1783 976; x_wconf 88' lang='lat' dir='ltr'>pri·</span> 
     </span>
     <span class='ocr_line' id='line_1_8' title="bbox 138 991 1785 1065; baseline 0.001 -17"><span class='ocrx_word' id='word_1_96' title='bbox 138 996 250 1065; x_wconf 83' lang='lat' dir='ltr'><strong>giorum</strong></span> <span class='ocrx_word' id='word_1_97' title='bbox 275 1008 385 1065; x_wconf 90' lang='lat' dir='ltr'>genera.</span> <span class='ocrx_word' id='word_1_98' title='bbox 402 993 471 1050; x_wconf 85' lang='lat' dir='ltr'>Nam</span> <span class='ocrx_word' id='word_1_99' title='bbox 485 991 621 1064; x_wconf 75' lang='lat' dir='ltr'>quaedam</span> <span class='ocrx_word' id='word_1_100' title='bbox 640 998 705 1048; x_wconf 90' lang='lat' dir='ltr'>sunt</span> <span class='ocrx_word' id='word_1_101' title='bbox 730 991 813 1049; x_wconf 88' lang='lat' dir='ltr'>veluti</span> <span class='ocrx_word' id='word_1_102' title='bbox 836 992 947 1062; x_wconf 90' lang='lat' dir='ltr'>dispen·</span> <span class='ocrx_word' id='word_1_103' title='bbox 979 1002 1070 1051; x_wconf 87' lang='lat' dir='ltr'>vatam</span> <span class='ocrx_word' id='word_1_104' title='bbox 1084 995 1265 1060; x_wconf 85' lang='lat' dir='ltr'>voluntatem,</span> <span class='ocrx_word' id='word_1_105' title='bbox 1281 1007 1332 1050; x_wconf 89' lang='lat' dir='ltr'>neo</span> <span class='ocrx_word' id='word_1_106' title='bbox 1347 1000 1389 1050; x_wconf 89' lang='lat' dir='ltr'>est</span> <span class='ocrx_word' id='word_1_107' title='bbox 1403 994 1557 1064; x_wconf 88' lang='lat' dir='ltr'>verisimile,</span> <span class='ocrx_word' id='word_1_108' title='bbox 1575 993 1627 1049; x_wconf 88' lang='lat' dir='ltr'>boo</span> <span class='ocrx_word' id='word_1_109' title='bbox 1641 1008 1701 1050; x_wconf 88' lang='lat' dir='ltr'>ease</span> <span class='ocrx_word' id='word_1_110' title='bbox 1715 1009 1785 1050; x_wconf 87' lang='lat' dir='ltr'>oon·</span> 
     </span>
     <span class='ocr_line' id='line_1_9' title="bbox 131 1081 1785 1156; baseline 0.001 -20"><span class='ocrx_word' id='word_1_111' title='bbox 131 1083 261 1138; x_wconf 83' lang='lat' dir='ltr'>sationes</span> <span class='ocrx_word' id='word_1_112' title='bbox 275 1085 302 1138; x_wconf 91' lang='lat' dir='ltr'>in</span> <span class='ocrx_word' id='word_1_113' title='bbox 320 1082 411 1156; x_wconf 90' lang='lat' dir='ltr'>aliqua</span> <span class='ocrx_word' id='word_1_114' title='bbox 425 1083 503 1154; x_wconf 85' lang='lat' dir='ltr'>legs,</span> <span class='ocrx_word' id='word_1_115' title='bbox 523 1083 598 1139; x_wconf 90' lang='lat' dir='ltr'>etde</span> <span class='ocrx_word' id='word_1_116' title='bbox 618 1081 659 1138; x_wconf 90' lang='lat' dir='ltr'>bis</span> <span class='ocrx_word' id='word_1_117' title='bbox 673 1097 791 1153; x_wconf 86' lang='lat' dir='ltr'>censeo,</span> <span class='ocrx_word' id='word_1_118' title='bbox 806 1081 947 1153; x_wconf 87' lang='lat' dir='ltr'>dispensa·</span> <span class='ocrx_word' id='word_1_119' title='bbox 980 1088 1140 1140; x_wconf 89' lang='lat' dir='ltr'>sentaneum</span> <span class='ocrx_word' id='word_1_120' title='bbox 1164 1083 1299 1139; x_wconf 88' lang='lat' dir='ltr'>voluntati</span> <span class='ocrx_word' id='word_1_121' title='bbox 1321 1084 1469 1155; x_wconf 87' lang='lat' dir='ltr'>superioris</span> <span class='ocrx_word' id='word_1_122' title='bbox 1488 1082 1656 1154; x_wconf 87' lang='lat' dir='ltr'>privilegium</span> <span class='ocrx_word' id='word_1_123' title='bbox 1684 1097 1785 1140; x_wconf 85' lang='lat' dir='ltr'>conee-</span> 
     </span>
     <span class='ocr_line' id='line_1_10' title="bbox 138 1170 1785 1244; baseline 0.001 -18"><span class='ocrx_word' id='word_1_124' title='bbox 138 1173 242 1228; x_wconf 90' lang='lat' dir='ltr'>tionem</span> <span class='ocrx_word' id='word_1_125' title='bbox 261 1172 447 1229; x_wconf 88' lang='lat' dir='ltr'>consummari</span> <span class='ocrx_word' id='word_1_126' title='bbox 467 1171 594 1228; x_wconf 89' lang='lat' dir='ltr'>absolute</span> <span class='ocrx_word' id='word_1_127' title='bbox 614 1173 640 1228; x_wconf 90' lang='lat' dir='ltr'>iu</span> <span class='ocrx_word' id='word_1_128' title='bbox 656 1172 847 1243; x_wconf 89' lang='lat' dir='ltr'>acceptatione</span> <span class='ocrx_word' id='word_1_129' title='bbox 863 1170 944 1242; x_wconf 87' lang='lat' dir='ltr'>privi-</span> <span class='ocrx_word' id='word_1_130' title='bbox 980 1170 1077 1228; x_wconf 89' lang='lat' dir='ltr'>dentis.</span> <span class='ocrx_word' id='word_1_131' title='bbox 1097 1178 1186 1244; x_wconf 84' lang='lat' dir='ltr'>atque</span> <span class='ocrx_word' id='word_1_132' title='bbox 1202 1170 1265 1227; x_wconf 89' lang='lat' dir='ltr'>hinc</span> <span class='ocrx_word' id='word_1_133' title='bbox 1280 1173 1361 1244; x_wconf 83' lang='lat' dir='ltr'>etium</span> <span class='ocrx_word' id='word_1_134' title='bbox 1375 1170 1449 1241; x_wconf 91' lang='lat' dir='ltr'>dico,</span> <span class='ocrx_word' id='word_1_135' title='bbox 1464 1187 1518 1229; x_wconf 92' lang='lat' dir='ltr'>non</span> <span class='ocrx_word' id='word_1_136' title='bbox 1533 1172 1653 1244; x_wconf 77' lang='lat' dir='ltr'>extingui</span> <span class='ocrx_word' id='word_1_137' title='bbox 1669 1171 1785 1230; x_wconf 83' lang='lat' dir='ltr'>luculla-</span> 
     </span>
     <span class='ocr_line' id='line_1_11' title="bbox 141 1258 1786 1335; baseline 0.002 -22"><span class='ocrx_word' id='word_1_138' title='bbox 141 1258 221 1330; x_wconf 88' lang='lat' dir='ltr'>legii,</span> <span class='ocrx_word' id='word_1_139' title='bbox 247 1267 275 1316; x_wconf 92' lang='lat' dir='ltr'>et</span> <span class='ocrx_word' id='word_1_140' title='bbox 298 1267 500 1333; x_wconf 86' lang='lat' dir='ltr'>consequenter</span> <span class='ocrx_word' id='word_1_141' title='bbox 521 1276 575 1316; x_wconf 93' lang='lat' dir='ltr'>non</span> <span class='ocrx_word' id='word_1_142' title='bbox 590 1275 671 1332; x_wconf 89' lang='lat' dir='ltr'>posse</span> <span class='ocrx_word' id='word_1_143' title='bbox 685 1261 806 1332; x_wconf 77' lang='lat' dir='ltr'>aliquem</span> <span class='ocrx_word' id='word_1_144' title='bbox 821 1259 878 1316; x_wconf 89' lang='lat' dir='ltr'>sola</span> <span class='ocrx_word' id='word_1_145' title='bbox 893 1275 944 1316; x_wconf 90' lang='lat' dir='ltr'>sua</span> <span class='ocrx_word' id='word_1_146' title='bbox 979 1269 1033 1320; x_wconf 88' lang='lat' dir='ltr'>tem</span> <span class='ocrx_word' id='word_1_147' title='bbox 1052 1261 1167 1335; x_wconf 88' lang='lat' dir='ltr'>eligendi</span> <span class='ocrx_word' id='word_1_148' title='bbox 1186 1260 1373 1318; x_wconf 88' lang='lat' dir='ltr'>contessorem</span> <span class='ocrx_word' id='word_1_149' title='bbox 1390 1277 1438 1333; x_wconf 93' lang='lat' dir='ltr'>per</span> <span class='ocrx_word' id='word_1_150' title='bbox 1455 1261 1541 1318; x_wconf 90' lang='lat' dir='ltr'>solam</span> <span class='ocrx_word' id='word_1_151' title='bbox 1557 1261 1730 1318; x_wconf 83' lang='lat' dir='ltr'>voluntatem</span> <span class='ocrx_word' id='word_1_152' title='bbox 1747 1263 1786 1316; x_wconf 87' lang='grc' dir='ltr'>ιιι-</span> 
     </span>
     <span class='ocr_line' id='line_1_12' title="bbox 138 1349 1786 1423; baseline 0.002 -20"><span class='ocrx_word' id='word_1_153' title='bbox 138 1349 282 1406; x_wconf 86' lang='grc' dir='ltr'>ιοιιιιιιι</span> <span class='ocrx_word' id='word_1_154' title='bbox 305 1365 334 1406; x_wconf 89' lang='lat' dir='ltr'>se</span> <span class='ocrx_word' id='word_1_155' title='bbox 353 1351 452 1406; x_wconf 88' lang='lat' dir='ltr'>iterum</span> <span class='ocrx_word' id='word_1_156' title='bbox 469 1349 628 1406; x_wconf 74' lang='lat' dir='ltr'>submittere</span> <span class='ocrx_word' id='word_1_157' title='bbox 643 1349 710 1422; x_wconf 86' lang='lat' dir='ltr'>legi,</span> <span class='ocrx_word' id='word_1_158' title='bbox 727 1366 742 1405; x_wconf 91' lang='lat' dir='ltr'>a</span> <span class='ocrx_word' id='word_1_159' title='bbox 757 1365 812 1422; x_wconf 94' lang='lat' dir='ltr'>qua</span> <span class='ocrx_word' id='word_1_160' title='bbox 826 1364 875 1420; x_wconf 88' lang='lat' dir='ltr'>per</span> <span class='ocrx_word' id='word_1_161' title='bbox 890 1351 945 1421; x_wconf 91' lang='lat' dir='ltr'>pri·</span> <span class='ocrx_word' id='word_1_162' title='bbox 980 1356 1086 1408; x_wconf 87' lang='lat' dir='ltr'>ternam</span> <span class='ocrx_word' id='word_1_163' title='bbox 1108 1366 1161 1407; x_wconf 94' lang='lat' dir='ltr'>non</span> <span class='ocrx_word' id='word_1_164' title='bbox 1180 1349 1295 1408; x_wconf 90' lang='lat' dir='ltr'>babeudi</span> <span class='ocrx_word' id='word_1_165' title='bbox 1314 1351 1404 1422; x_wconf 67' lang='lat' dir='ltr'>illam,</span> <span class='ocrx_word' id='word_1_166' title='bbox 1426 1352 1491 1423; x_wconf 89' lang='lat' dir='ltr'>quia</span> <span class='ocrx_word' id='word_1_167' title='bbox 1514 1350 1560 1407; x_wconf 89' lang='lat' dir='ltr'>illa</span> <span class='ocrx_word' id='word_1_168' title='bbox 1583 1355 1626 1408; x_wconf 96' lang='grc' dir='ltr'>ιιι</span> <span class='ocrx_word' id='word_1_169' title='bbox 1651 1351 1786 1423; x_wconf 91' lang='lat' dir='ltr'>quaedam</span> 
     </span>
     <span class='ocr_line' id='line_1_13' title="bbox 138 1437 1786 1512; baseline 0.001 -18"><span class='ocrx_word' id='word_1_170' title='bbox 138 1437 269 1509; x_wconf 78' lang='lat' dir='ltr'>vilegium</span> <span class='ocrx_word' id='word_1_171' title='bbox 290 1437 343 1495; x_wconf 85' lang='lat' dir='ltr'>luit</span> <span class='ocrx_word' id='word_1_172' title='bbox 360 1440 572 1509; x_wconf 84' lang='lat' dir='ltr'>exemptus,ita</span> <span class='ocrx_word' id='word_1_173' title='bbox 587 1445 619 1496; x_wconf 92' lang='lat' dir='ltr'>ut</span> <span class='ocrx_word' id='word_1_174' title='bbox 632 1455 680 1510; x_wconf 89' lang='lat' dir='ltr'>per</span> <span class='ocrx_word' id='word_1_175' title='bbox 695 1439 782 1512; x_wconf 88' lang='lat' dir='ltr'>legem</span> <span class='ocrx_word' id='word_1_176' title='bbox 798 1438 944 1509; x_wconf 88' lang='lat' dir='ltr'>obligetur,</span> <span class='ocrx_word' id='word_1_177' title='bbox 980 1439 1106 1496; x_wconf 85' lang='lat' dir='ltr'>virtualis</span> <span class='ocrx_word' id='word_1_178' title='bbox 1127 1438 1262 1511; x_wconf 81' lang='lat' dir='ltr'>delegatio</span> <span class='ocrx_word' id='word_1_179' title='bbox 1283 1437 1494 1511; x_wconf 88' lang='lat' dir='ltr'>iurisdictionis,</span> <span class='ocrx_word' id='word_1_180' title='bbox 1516 1455 1566 1496; x_wconf 91' lang='lat' dir='ltr'>seu</span> <span class='ocrx_word' id='word_1_181' title='bbox 1584 1445 1626 1496; x_wconf 90' lang='lat' dir='ltr'>est</span> <span class='ocrx_word' id='word_1_182' title='bbox 1651 1439 1786 1512; x_wconf 89' lang='lat' dir='ltr'>quaedam</span> 
     </span>
     <span class='ocr_line' id='line_1_14' title="bbox 139 1525 1784 1602; baseline 0.002 -19"><span class='ocrx_word' id='word_1_183' title='bbox 139 1528 206 1584; x_wconf 89' lang='lat' dir='ltr'>licet</span> <span class='ocrx_word' id='word_1_184' title='bbox 220 1529 306 1598; x_wconf 89' lang='lat' dir='ltr'>possit</span> <span class='ocrx_word' id='word_1_185' title='bbox 323 1526 417 1599; x_wconf 90' lang='lat' dir='ltr'>illam,</span> <span class='ocrx_word' id='word_1_186' title='bbox 438 1527 460 1582; x_wconf 90' lang='lat' dir='ltr'>si</span> <span class='ocrx_word' id='word_1_187' title='bbox 474 1528 548 1598; x_wconf 86' lang='lat' dir='ltr'>velit,</span> <span class='ocrx_word' id='word_1_188' title='bbox 564 1530 711 1585; x_wconf 81' lang='lat' dir='ltr'>observare</span> <span class='ocrx_word' id='word_1_189' title='bbox 725 1527 828 1600; x_wconf 87' lang='lat' dir='ltr'>absque</span> <span class='ocrx_word' id='word_1_190' title='bbox 842 1527 945 1600; x_wconf 90' lang='lat' dir='ltr'>obliga·</span> <span class='ocrx_word' id='word_1_191' title='bbox 981 1527 1107 1594; x_wconf 90' lang='lat' dir='ltr'>licentia,</span> <span class='ocrx_word' id='word_1_192' title='bbox 1128 1526 1162 1584; x_wconf 91' lang='lat' dir='ltr'>de</span> <span class='ocrx_word' id='word_1_193' title='bbox 1186 1543 1242 1600; x_wconf 91' lang='lat' dir='ltr'>qua</span> <span class='ocrx_word' id='word_1_194' title='bbox 1262 1525 1355 1584; x_wconf 88' lang='lat' dir='ltr'>eadem</span> <span class='ocrx_word' id='word_1_195' title='bbox 1370 1529 1513 1600; x_wconf 90' lang='lat' dir='ltr'>estratio,</span> <span class='ocrx_word' id='word_1_196' title='bbox 1528 1526 1646 1600; x_wconf 86' lang='lat' dir='ltr'>quaeda</span> <span class='ocrx_word' id='word_1_197' title='bbox 1662 1529 1784 1602; x_wconf 92' lang='lat' dir='ltr'>reliquis.</span> 
     </span>
     <span class='ocr_line' id='line_1_15' title="bbox 137 1616 1787 1690; baseline 0.001 -18"><span class='ocrx_word' id='word_1_198' title='bbox 137 1617 269 1672; x_wconf 84' lang='lat' dir='ltr'>tione.Et</span> <span class='ocrx_word' id='word_1_199' title='bbox 280 1622 481 1689; x_wconf 86' lang='lat' dir='ltr'>consequenter</span> <span class='ocrx_word' id='word_1_200' title='bbox 494 1616 561 1673; x_wconf 89' lang='lat' dir='ltr'>licet</span> <span class='ocrx_word' id='word_1_201' title='bbox 575 1618 688 1674; x_wconf 89' lang='lat' dir='ltr'>interius</span> <span class='ocrx_word' id='word_1_202' title='bbox 701 1618 767 1674; x_wconf 80' lang='lat' dir='ltr'>velit</span> <span class='ocrx_word' id='word_1_203' title='bbox 777 1632 830 1673; x_wconf 93' lang='lat' dir='ltr'>non</span> <span class='ocrx_word' id='word_1_204' title='bbox 845 1617 945 1675; x_wconf 89' lang='lat' dir='ltr'>babere</span> <span class='ocrx_word' id='word_1_205' title='bbox 982 1619 1014 1674; x_wconf 84' lang='lat' dir='ltr'>Et</span> <span class='ocrx_word' id='word_1_206' title='bbox 1034 1617 1069 1674; x_wconf 91' lang='grc' dir='ltr'>ιι</span> <span class='ocrx_word' id='word_1_207' title='bbox 1089 1616 1141 1674; x_wconf 89' lang='lat' dir='ltr'>hos</span> <span class='ocrx_word' id='word_1_208' title='bbox 1162 1617 1259 1674; x_wconf 91' lang='lat' dir='ltr'>modos</span> <span class='ocrx_word' id='word_1_209' title='bbox 1274 1616 1478 1690; x_wconf 84' lang='lat' dir='ltr'>privilegiorum</span> <span class='ocrx_word' id='word_1_210' title='bbox 1493 1616 1620 1675; x_wconf 90' lang='lat' dir='ltr'>ridentur</span> <span class='ocrx_word' id='word_1_211' title='bbox 1638 1624 1787 1675; x_wconf 81' lang='lat' dir='ltr'>celerare·</span> 
     </span>
     <span class='ocr_line' id='line_1_16' title="bbox 137 1703 1783 1780; baseline 0.001 -18"><span class='ocrx_word' id='word_1_212' title='bbox 137 1703 258 1776; x_wconf 90' lang='lat' dir='ltr'>amplius</span> <span class='ocrx_word' id='word_1_213' title='bbox 274 1704 326 1761; x_wconf 89' lang='lat' dir='ltr'>tale</span> <span class='ocrx_word' id='word_1_214' title='bbox 343 1705 705 1776; x_wconf 79' lang='lat' dir='ltr'>privilegium,nibilominus</span> <span class='ocrx_word' id='word_1_215' title='bbox 716 1722 824 1778; x_wconf 91' lang='lat' dir='ltr'>semper</span> <span class='ocrx_word' id='word_1_216' title='bbox 835 1705 872 1762; x_wconf 90' lang='lat' dir='ltr'>illi</span> <span class='ocrx_word' id='word_1_217' title='bbox 882 1722 944 1763; x_wconf 85' lang='lat' dir='ltr'>esse</span> <span class='ocrx_word' id='word_1_218' title='bbox 979 1705 1060 1778; x_wconf 76' lang='lat' dir='ltr'>duci,</span> <span class='ocrx_word' id='word_1_219' title='bbox 1075 1713 1104 1763; x_wconf 89' lang='lat' dir='ltr'>et</span> <span class='ocrx_word' id='word_1_220' title='bbox 1120 1705 1154 1762; x_wconf 89' lang='lat' dir='ltr'>de</span> <span class='ocrx_word' id='word_1_221' title='bbox 1169 1705 1295 1762; x_wconf 90' lang='lat' dir='ltr'>omnibus</span> <span class='ocrx_word' id='word_1_222' title='bbox 1314 1721 1413 1762; x_wconf 89' lang='lat' dir='ltr'>censeo</span> <span class='ocrx_word' id='word_1_223' title='bbox 1428 1706 1551 1764; x_wconf 89' lang='lat' dir='ltr'>eamdem</span> <span class='ocrx_word' id='word_1_224' title='bbox 1565 1721 1626 1766; x_wconf 86' lang='lat' dir='ltr'>esse</span> <span class='ocrx_word' id='word_1_225' title='bbox 1640 1708 1783 1780; x_wconf 90' lang='lat' dir='ltr'>rationem,</span> 
     </span>
     <span class='ocr_line' id='line_1_17' title="bbox 137 1786 1584 1868; baseline 0.002 -19"><span class='ocrx_word' id='word_1_226' title='bbox 137 1798 277 1867; x_wconf 89' lang='lat' dir='ltr'>integrum</span> <span class='ocrx_word' id='word_1_227' title='bbox 301 1786 453 1850; x_wconf 74' lang='lat' dir='ltr'>retrectare</span> <span class='ocrx_word' id='word_1_228' title='bbox 478 1795 664 1868; x_wconf 81' lang='lat' dir='ltr'>voluntatem,</span> <span class='ocrx_word' id='word_1_229' title='bbox 689 1804 716 1852; x_wconf 92' lang='lat' dir='ltr'>et</span> <span class='ocrx_word' id='word_1_230' title='bbox 735 1813 786 1852; x_wconf 92' lang='lat' dir='ltr'>suo</span> <span class='ocrx_word' id='word_1_231' title='bbox 805 1795 946 1868; x_wconf 80' lang='lat' dir='ltr'>privilegio</span> <span class='ocrx_word' id='word_1_232' title='bbox 982 1803 1117 1868; x_wconf 89' lang='lat' dir='ltr'>quantum</span> <span class='ocrx_word' id='word_1_233' title='bbox 1132 1794 1165 1852; x_wconf 92' lang='lat' dir='ltr'>ad</span> <span class='ocrx_word' id='word_1_234' title='bbox 1182 1811 1310 1866; x_wconf 79' lang='lat' dir='ltr'>praeseus</span> <span class='ocrx_word' id='word_1_235' title='bbox 1327 1802 1461 1866; x_wconf 90' lang='lat' dir='ltr'>punctum</span> <span class='ocrx_word' id='word_1_236' title='bbox 1475 1796 1584 1854; x_wconf 87' lang='lat' dir='ltr'>attinet.</span> 
     </span>
     <span class='ocr_line' id='line_1_18' title="bbox 139 1875 1787 1958; baseline 0.002 -20"><span class='ocrx_word' id='word_1_237' title='bbox 139 1875 193 1940; x_wconf 85' lang='lat' dir='ltr'>ut&#39;i.</span> <span class='ocrx_word' id='word_1_238' title='bbox 209 1884 268 1939; x_wconf 87' lang='lat' dir='ltr'>lioo</span> <span class='ocrx_word' id='word_1_239' title='bbox 288 1883 353 1939; x_wconf 88' lang='lat' dir='ltr'>mibi</span> <span class='ocrx_word' id='word_1_240' title='bbox 373 1883 471 1954; x_wconf 89' lang='lat' dir='ltr'>probat</span> <span class='ocrx_word' id='word_1_241' title='bbox 491 1883 636 1942; x_wconf 89' lang='lat' dir='ltr'>discursus</span> <span class='ocrx_word' id='word_1_242' title='bbox 657 1901 740 1957; x_wconf 89' lang='lat' dir='ltr'>supra</span> <span class='ocrx_word' id='word_1_243' title='bbox 755 1885 861 1954; x_wconf 89' lang='lat' dir='ltr'>lactus,</span> <span class='ocrx_word' id='word_1_244' title='bbox 879 1886 946 1957; x_wconf 90' lang='lat' dir='ltr'>quia</span> <span class='ocrx_word' id='word_1_245' title='bbox 1022 1890 1070 1943; x_wconf 81' lang='lat'>20.</span> <span class='ocrx_word' id='word_1_246' title='bbox 1085 1884 1226 1941; x_wconf 83' lang='lat' dir='ltr'>concludo</span> <span class='ocrx_word' id='word_1_247' title='bbox 1241 1884 1336 1956; x_wconf 88' lang='lat' dir='ltr'>igitur,</span> <span class='ocrx_word' id='word_1_248' title='bbox 1352 1885 1537 1941; x_wconf 87' lang='lat' dir='ltr'>necessarium</span> <span class='ocrx_word' id='word_1_249' title='bbox 1550 1899 1623 1958; x_wconf 90' lang='lat' dir='ltr'>esse,</span> <span class='ocrx_word' id='word_1_250' title='bbox 1638 1893 1670 1944; x_wconf 90' lang='lat' dir='ltr'>ut</span> <span class='ocrx_word' id='word_1_251' title='bbox 1685 1886 1787 1943; x_wconf 80' lang='lat' dir='ltr'>volun·</span> 
     </span>
     <span class='ocr_line' id='line_1_19' title="bbox 138 1972 1787 2048; baseline 0.001 -18"><span class='ocrx_word' id='word_1_252' title='bbox 138 1974 287 2030; x_wconf 89' lang='lat' dir='ltr'>concessio</span> <span class='ocrx_word' id='word_1_253' title='bbox 308 1973 455 2044; x_wconf 80' lang='lat' dir='ltr'>superioria</span> <span class='ocrx_word' id='word_1_254' title='bbox 476 1973 529 2030; x_wconf 83' lang='lat' dir='ltr'>luit</span> <span class='ocrx_word' id='word_1_255' title='bbox 549 1975 574 2030; x_wconf 96' lang='lat' dir='ltr'>in</span> <span class='ocrx_word' id='word_1_256' title='bbox 589 1975 776 2048; x_wconf 88' lang='lat' dir='ltr'>acceptatione</span> <span class='ocrx_word' id='word_1_257' title='bbox 791 1972 946 2046; x_wconf 80' lang='lat' dir='ltr'>privilegia·</span> <span class='ocrx_word' id='word_1_258' title='bbox 981 1981 1022 2030; x_wconf 87' lang='lat' dir='ltr'>tas</span> <span class='ocrx_word' id='word_1_259' title='bbox 1037 1974 1211 2031; x_wconf 88' lang='lat' dir='ltr'>renuntiandi</span> <span class='ocrx_word' id='word_1_260' title='bbox 1226 1972 1395 2046; x_wconf 84' lang='lat' dir='ltr'>privilegium</span> <span class='ocrx_word' id='word_1_261' title='bbox 1409 1974 1528 2032; x_wconf 83' lang='lat' dir='ltr'>exterius</span> <span class='ocrx_word' id='word_1_262' title='bbox 1540 1990 1569 2030; x_wconf 89' lang='lat' dir='ltr'>se</span> <span class='ocrx_word' id='word_1_263' title='bbox 1580 1973 1688 2047; x_wconf 76' lang='lat' dir='ltr'>prodat3</span> <span class='ocrx_word' id='word_1_264' title='bbox 1704 1990 1787 2047; x_wconf 90' lang='lat' dir='ltr'>quam</span> 
     </span>
     <span class='ocr_line' id='line_1_20' title="bbox 138 2061 1787 2136; baseline 0 -18"><span class='ocrx_word' id='word_1_265' title='bbox 138 2063 173 2119; x_wconf 90' lang='lat' dir='ltr'>rii</span> <span class='ocrx_word' id='word_1_266' title='bbox 188 2066 428 2133; x_wconf 89' lang='lat' dir='ltr'>consummata,et</span> <span class='ocrx_word' id='word_1_267' title='bbox 440 2061 494 2119; x_wconf 87' lang='lat' dir='ltr'>luit</span> <span class='ocrx_word' id='word_1_268' title='bbox 507 2062 631 2121; x_wconf 90' lang='lat' dir='ltr'>absoluta</span> <span class='ocrx_word' id='word_1_269' title='bbox 643 2063 735 2136; x_wconf 89' lang='lat' dir='ltr'>quoad</span> <span class='ocrx_word' id='word_1_270' title='bbox 749 2063 879 2120; x_wconf 87' lang='lat' dir='ltr'>ellectum</span> <span class='ocrx_word' id='word_1_271' title='bbox 895 2062 946 2119; x_wconf 92' lang='lat' dir='ltr'>tol·</span> <span class='ocrx_word' id='word_1_272' title='bbox 981 2062 1179 2121; x_wconf 80' lang='lat' dir='ltr'>resolutionem</span> <span class='ocrx_word' id='word_1_273' title='bbox 1189 2063 1356 2119; x_wconf 91' lang='lat' dir='ltr'>conlirmant</span> <span class='ocrx_word' id='word_1_274' title='bbox 1368 2061 1659 2135; x_wconf 88' lang='lat' dir='ltr'>argumentasecundo</span> <span class='ocrx_word' id='word_1_275' title='bbox 1675 2063 1736 2120; x_wconf 89' lang='lat' dir='ltr'>loeo</span> <span class='ocrx_word' id='word_1_276' title='bbox 1748 2063 1787 2119; x_wconf 90' lang='lat' dir='ltr'>la·</span> 
     </span>
     <span class='ocr_line' id='line_1_21' title="bbox 139 2149 1787 2224; baseline 0 -16"><span class='ocrx_word' id='word_1_277' title='bbox 139 2151 212 2208; x_wconf 88' lang='lat' dir='ltr'>lendi</span> <span class='ocrx_word' id='word_1_278' title='bbox 228 2150 297 2223; x_wconf 86' lang='lat' dir='ltr'>legis</span> <span class='ocrx_word' id='word_1_279' title='bbox 310 2149 514 2223; x_wconf 79' lang='lat' dir='ltr'>obligationem,</span> <span class='ocrx_word' id='word_1_280' title='bbox 530 2166 600 2224; x_wconf 88' lang='lat' dir='ltr'>quae</span> <span class='ocrx_word' id='word_1_281' title='bbox 615 2153 705 2208; x_wconf 87' lang='lat' dir='ltr'>redire</span> <span class='ocrx_word' id='word_1_282' title='bbox 720 2167 771 2208; x_wconf 91' lang='lat' dir='ltr'>non</span> <span class='ocrx_word' id='word_1_283' title='bbox 787 2156 881 2223; x_wconf 91' lang='lat' dir='ltr'>potest</span> <span class='ocrx_word' id='word_1_284' title='bbox 898 2165 947 2222; x_wconf 89' lang='lat' dir='ltr'>per</span> <span class='ocrx_word' id='word_1_285' title='bbox 982 2158 1037 2224; x_wconf 87' lang='lat' dir='ltr'>ota,</span> <span class='ocrx_word' id='word_1_286' title='bbox 1050 2159 1078 2209; x_wconf 92' lang='lat' dir='ltr'>et</span> <span class='ocrx_word' id='word_1_287' title='bbox 1090 2152 1178 2209; x_wconf 88' lang='lat' dir='ltr'>Gloss.</span> <span class='ocrx_word' id='word_1_288' title='bbox 1194 2149 1269 2208; x_wconf 86' lang='lat' dir='ltr'>Bald.</span> <span class='ocrx_word' id='word_1_289' title='bbox 1286 2167 1319 2208; x_wconf 88' lang='lat' dir='ltr'>ac</span> <span class='ocrx_word' id='word_1_290' title='bbox 1334 2151 1418 2210; x_wconf 84' lang='lat' dir='ltr'>Felin.</span> <span class='ocrx_word' id='word_1_291' title='bbox 1432 2152 1460 2208; x_wconf 91' lang='lat' dir='ltr'>in</span> <span class='ocrx_word' id='word_1_292' title='bbox 1474 2152 1608 2224; x_wconf 87' lang='lat' dir='ltr'>principio</span> <span class='ocrx_word' id='word_1_293' title='bbox 1622 2152 1741 2224; x_wconf 91' lang='lat' dir='ltr'>allegati.</span> <span class='ocrx_word' id='word_1_294' title='bbox 1751 2153 1787 2208; x_wconf 84' lang='lat' dir='ltr'>Et</span> 
     </span>
     <span class='ocr_line' id='line_1_22' title="bbox 139 2239 1786 2322; baseline -0.001 -23"><span class='ocrx_word' id='word_1_295' title='bbox 139 2242 311 2322; x_wconf 81' lang='lat' dir='ltr'>voluntatem</span> <span class='ocrx_word' id='word_1_296' title='bbox 328 2244 474 2313; x_wconf 86' lang='lat' dir='ltr'>privatam,</span> <span class='ocrx_word' id='word_1_297' title='bbox 488 2241 536 2298; x_wconf 88' lang='lat' dir='ltr'>sed</span> <span class='ocrx_word' id='word_1_298' title='bbox 547 2240 669 2298; x_wconf 87' lang='lat' dir='ltr'>eiusdem</span> <span class='ocrx_word' id='word_1_299' title='bbox 683 2240 946 2313; x_wconf 86' lang='lat' dir='ltr'>legislatoris,sicut</span> <span class='ocrx_word' id='word_1_300' title='bbox 981 2257 1014 2299; x_wconf 85' lang='lat' dir='ltr'>aa</span> <span class='ocrx_word' id='word_1_301' title='bbox 1035 2241 1101 2314; x_wconf 88' lang='lat' dir='ltr'>illis,</span> <span class='ocrx_word' id='word_1_302' title='bbox 1125 2248 1153 2298; x_wconf 91' lang='lat' dir='ltr'>et</span> <span class='ocrx_word' id='word_1_303' title='bbox 1170 2257 1204 2298; x_wconf 86' lang='lat' dir='ltr'>ex</span> <span class='ocrx_word' id='word_1_304' title='bbox 1219 2241 1345 2318; x_wconf 82' lang='lat' dir='ltr'>omnibus</span> <span class='ocrx_word' id='word_1_305' title='bbox 1363 2239 1444 2298; x_wconf 87' lang='lat' dir='ltr'>dictis</span> <span class='ocrx_word' id='word_1_306' title='bbox 1459 2242 1597 2315; x_wconf 88' lang='lat' dir='ltr'>colligitur</span> <span class='ocrx_word' id='word_1_307' title='bbox 1609 2243 1728 2300; x_wconf 84' lang='lat' dir='ltr'>breviter</span> <span class='ocrx_word' id='word_1_308' title='bbox 1741 2257 1786 2297; x_wconf 93' lang='lat' dir='ltr'>ra-</span> 
     </span>
     <span class='ocr_line' id='line_1_23' title="bbox 138 2329 1786 2405; baseline -0.002 -17"><span class='ocrx_word' id='word_1_309' title='bbox 138 2331 303 2388; x_wconf 88' lang='lat' dir='ltr'>dieebamus</span> <span class='ocrx_word' id='word_1_310' title='bbox 325 2330 358 2386; x_wconf 91' lang='lat' dir='ltr'>de</span> <span class='ocrx_word' id='word_1_311' title='bbox 377 2329 578 2402; x_wconf 89' lang='lat' dir='ltr'>dispensatione</span> <span class='ocrx_word' id='word_1_312' title='bbox 593 2330 704 2387; x_wconf 84' lang='lat' dir='ltr'>tollente</span> <span class='ocrx_word' id='word_1_313' title='bbox 719 2329 945 2403; x_wconf 90' lang='lat' dir='ltr'>impedimentum</span> <span class='ocrx_word' id='word_1_314' title='bbox 982 2333 1035 2402; x_wconf 85' lang='lat' dir='ltr'>tio,</span> <span class='ocrx_word' id='word_1_315' title='bbox 1055 2331 1119 2403; x_wconf 90' lang='lat' dir='ltr'>quia</span> <span class='ocrx_word' id='word_1_316' title='bbox 1133 2331 1165 2387; x_wconf 91' lang='lat' dir='ltr'>ad</span> <span class='ocrx_word' id='word_1_317' title='bbox 1179 2330 1310 2388; x_wconf 82' lang='lat' dir='ltr'>ellectum</span> <span class='ocrx_word' id='word_1_318' title='bbox 1325 2330 1503 2388; x_wconf 82' lang='lat' dir='ltr'>abdicationis</span> <span class='ocrx_word' id='word_1_319' title='bbox 1518 2331 1651 2405; x_wconf 82' lang='lat' dir='ltr'>privilegii</span> <span class='ocrx_word' id='word_1_320' title='bbox 1664 2347 1697 2388; x_wconf 87' lang='lat' dir='ltr'>ex</span> <span class='ocrx_word' id='word_1_321' title='bbox 1713 2334 1740 2387; x_wconf 90' lang='grc' dir='ltr'>ιι</span> <span class='ocrx_word' id='word_1_322' title='bbox 1754 2330 1786 2386; x_wconf 92' lang='lat' dir='ltr'>il·</span> 
     </span>
     <span class='ocr_line' id='line_1_24' title="bbox 139 2417 1834 2493; baseline -0.002 -15"><span class='ocrx_word' id='word_1_323' title='bbox 139 2419 319 2488; x_wconf 90' lang='lat' dir='ltr'>matrimonii,</span> <span class='ocrx_word' id='word_1_324' title='bbox 336 2418 378 2475; x_wconf 85' lang='lat' dir='ltr'>rel</span> <span class='ocrx_word' id='word_1_325' title='bbox 392 2419 474 2476; x_wconf 91' lang='lat' dir='ltr'>aliam</span> <span class='ocrx_word' id='word_1_326' title='bbox 490 2419 696 2477; x_wconf 85' lang='lat' dir='ltr'>inhabilitatem.</span> <span class='ocrx_word' id='word_1_327' title='bbox 981 2417 1033 2478; x_wconf 91' lang='lat' dir='ltr'>lius&#39;</span> <span class='ocrx_word' id='word_1_328' title='bbox 1046 2420 1195 2478; x_wconf 82' lang='lat' dir='ltr'>voluntatis</span> <span class='ocrx_word' id='word_1_329' title='bbox 1207 2419 1363 2476; x_wconf 88' lang='lat' dir='ltr'>necessaris</span> <span class='ocrx_word' id='word_1_330' title='bbox 1377 2425 1420 2476; x_wconf 92' lang='lat' dir='ltr'>est</span> <span class='ocrx_word' id='word_1_331' title='bbox 1433 2422 1594 2493; x_wconf 89' lang='lat' dir='ltr'>acceptatio,</span> <span class='ocrx_word' id='word_1_332' title='bbox 1611 2437 1660 2478; x_wconf 89' lang='lat' dir='ltr'>seu</span> <span class='ocrx_word' id='word_1_333' title='bbox 1672 2433 1788 2478; x_wconf 90' lang='lat' dir='ltr'>consen·</span> <span class='ocrx_word' id='word_1_334' title='bbox 1831 2435 1834 2444; x_wconf 76' lang='grc'><strong>’</strong></span> 
     </span>
     <span class='ocr_line' id='line_1_25' title="bbox 184 2506 1785 2583; baseline -0.001 -16"><span class='ocrx_word' id='word_1_335' title='bbox 184 2515 229 2567; x_wconf 87' lang='grc'>18.</span> <span class='ocrx_word' id='word_1_336' title='bbox 244 2508 302 2564; x_wconf 81' lang='lat' dir='ltr'>Alia</span> <span class='ocrx_word' id='word_1_337' title='bbox 316 2523 376 2564; x_wconf 88' lang='lat' dir='ltr'>esse</span> <span class='ocrx_word' id='word_1_338' title='bbox 391 2515 508 2578; x_wconf 89' lang='lat' dir='ltr'>possunt</span> <span class='ocrx_word' id='word_1_339' title='bbox 519 2507 659 2579; x_wconf 84' lang='lat' dir='ltr'>privilegia</span> <span class='ocrx_word' id='word_1_340' title='bbox 669 2523 718 2580; x_wconf 90' lang='lat' dir='ltr'>per</span> <span class='ocrx_word' id='word_1_341' title='bbox 730 2508 842 2565; x_wconf 91' lang='lat' dir='ltr'>modum</span> <span class='ocrx_word' id='word_1_342' title='bbox 855 2506 944 2564; x_wconf 89' lang='lat' dir='ltr'>iacul-</span> <span class='ocrx_word' id='word_1_343' title='bbox 981 2525 1029 2566; x_wconf 89' lang='lat' dir='ltr'>sus</span> <span class='ocrx_word' id='word_1_344' title='bbox 1050 2508 1173 2567; x_wconf 91' lang='lat' dir='ltr'>alterius.</span> <span class='ocrx_word' id='word_1_345' title='bbox 1189 2511 1256 2568; x_wconf 87' lang='lat' dir='ltr'>llam</span> <span class='ocrx_word' id='word_1_346' title='bbox 1278 2511 1301 2566; x_wconf 88' lang='grc' dir='ltr'>ιι</span> <span class='ocrx_word' id='word_1_347' title='bbox 1319 2509 1494 2583; x_wconf 80' lang='lat' dir='ltr'>privilegium</span> <span class='ocrx_word' id='word_1_348' title='bbox 1511 2511 1640 2582; x_wconf 89' lang='lat' dir='ltr'>respiciat</span> <span class='ocrx_word' id='word_1_349' title='bbox 1653 2510 1785 2580; x_wconf 90' lang='lat' dir='ltr'>alterum,</span> 
     </span>
     <span class='ocr_line' id='line_1_26' title="bbox 139 2595 1787 2671; baseline 0 -16"><span class='ocrx_word' id='word_1_350' title='bbox 139 2605 246 2670; x_wconf 89' lang='lat' dir='ltr'>tatum,</span> <span class='ocrx_word' id='word_1_351' title='bbox 267 2603 317 2654; x_wconf 93' lang='lat' dir='ltr'>aut</span> <span class='ocrx_word' id='word_1_352' title='bbox 329 2595 505 2653; x_wconf 84' lang='lat' dir='ltr'>licentiarum</span> <span class='ocrx_word' id='word_1_353' title='bbox 520 2595 554 2652; x_wconf 91' lang='lat' dir='ltr'>ad</span> <span class='ocrx_word' id='word_1_354' title='bbox 568 2597 671 2668; x_wconf 92' lang='lat' dir='ltr'>aliquid</span> <span class='ocrx_word' id='word_1_355' title='bbox 686 2595 820 2669; x_wconf 89' lang='lat' dir='ltr'>agendum</span> <span class='ocrx_word' id='word_1_356' title='bbox 835 2612 885 2668; x_wconf 91' lang='lat' dir='ltr'>pro</span> <span class='ocrx_word' id='word_1_357' title='bbox 900 2596 946 2652; x_wconf 88' lang='lat' dir='ltr'>ali·</span> <span class='ocrx_word' id='word_1_358' title='bbox 981 2601 1063 2656; x_wconf 91' lang='lat' dir='ltr'>cuius</span> <span class='ocrx_word' id='word_1_359' title='bbox 1081 2599 1194 2655; x_wconf 89' lang='lat' dir='ltr'>interest</span> <span class='ocrx_word' id='word_1_360' title='bbox 1209 2599 1267 2656; x_wconf 88' lang='lat' dir='ltr'>tulis</span> <span class='ocrx_word' id='word_1_361' title='bbox 1283 2598 1464 2669; x_wconf 79' lang='lat' dir='ltr'>renunciatio,</span> <span class='ocrx_word' id='word_1_362' title='bbox 1475 2607 1614 2671; x_wconf 89' lang='lat' dir='ltr'>quatenus</span> <span class='ocrx_word' id='word_1_363' title='bbox 1625 2601 1652 2655; x_wconf 91' lang='lat' dir='ltr'>iu</span> <span class='ocrx_word' id='word_1_364' title='bbox 1663 2602 1723 2656; x_wconf 89' lang='lat' dir='ltr'>eius</span> <span class='ocrx_word' id='word_1_365' title='bbox 1739 2615 1787 2656; x_wconf 89' lang='lat' dir='ltr'>ce·</span> 
     </span>
     <span class='ocr_line' id='line_1_27' title="bbox 139 2685 1785 2760; baseline 0 -16"><span class='ocrx_word' id='word_1_366' title='bbox 139 2704 199 2760; x_wconf 93' lang='lat' dir='ltr'>quo</span> <span class='ocrx_word' id='word_1_367' title='bbox 212 2693 345 2759; x_wconf 88' lang='lat' dir='ltr'>tempore,</span> <span class='ocrx_word' id='word_1_368' title='bbox 362 2686 436 2758; x_wconf 92' lang='lat' dir='ltr'>quod</span> <span class='ocrx_word' id='word_1_369' title='bbox 450 2685 507 2742; x_wconf 88' lang='lat' dir='ltr'>sine</span> <span class='ocrx_word' id='word_1_370' title='bbox 521 2685 568 2743; x_wconf 92' lang='lat' dir='ltr'>tali</span> <span class='ocrx_word' id='word_1_371' title='bbox 582 2685 693 2743; x_wconf 87' lang='lat' dir='ltr'>licentis</span> <span class='ocrx_word' id='word_1_372' title='bbox 707 2686 797 2742; x_wconf 88' lang='lat' dir='ltr'>lacere</span> <span class='ocrx_word' id='word_1_373' title='bbox 812 2702 866 2742; x_wconf 91' lang='lat' dir='ltr'>non</span> <span class='ocrx_word' id='word_1_374' title='bbox 880 2686 946 2742; x_wconf 90' lang='lat' dir='ltr'>lice·</span> <span class='ocrx_word' id='word_1_375' title='bbox 982 2687 1021 2744; x_wconf 93' lang='lat' dir='ltr'>dit</span> <span class='ocrx_word' id='word_1_376' title='bbox 1036 2687 1224 2758; x_wconf 89' lang='lat' dir='ltr'>commodum,</span> <span class='ocrx_word' id='word_1_377' title='bbox 1240 2695 1289 2744; x_wconf 91' lang='lat' dir='ltr'>aut</span> <span class='ocrx_word' id='word_1_378' title='bbox 1302 2687 1343 2744; x_wconf 91' lang='lat' dir='ltr'>ius</span> <span class='ocrx_word' id='word_1_379' title='bbox 1357 2687 1381 2743; x_wconf 91' lang='lat' dir='ltr'>ei</span> <span class='ocrx_word' id='word_1_380' title='bbox 1394 2687 1518 2759; x_wconf 80' lang='lat' dir='ltr'>praebet,</span> <span class='ocrx_word' id='word_1_381' title='bbox 1535 2689 1577 2744; x_wconf 87' lang='lat' dir='ltr'>rel</span> <span class='ocrx_word' id='word_1_382' title='bbox 1592 2689 1681 2746; x_wconf 90' lang='lat' dir='ltr'>aulert</span> <span class='ocrx_word' id='word_1_383' title='bbox 1702 2704 1785 2760; x_wconf 90' lang='lat' dir='ltr'>onus,</span> 
     </span>
     <span class='ocr_line' id='line_1_28' title="bbox 139 2774 1788 2847; baseline 0.002 -15"><span class='ocrx_word' id='word_1_384' title='bbox 139 2783 195 2832; x_wconf 88' lang='lat' dir='ltr'>ret.</span> <span class='ocrx_word' id='word_1_385' title='bbox 215 2777 250 2832; x_wconf 86' lang='lat' dir='ltr'>Et</span> <span class='ocrx_word' id='word_1_386' title='bbox 267 2775 301 2831; x_wconf 92' lang='lat' dir='ltr'>de</span> <span class='ocrx_word' id='word_1_387' title='bbox 320 2775 361 2830; x_wconf 90' lang='lat' dir='ltr'>bis</span> <span class='ocrx_word' id='word_1_388' title='bbox 383 2775 506 2831; x_wconf 89' lang='lat' dir='ltr'>similiter</span> <span class='ocrx_word' id='word_1_389' title='bbox 519 2774 664 2847; x_wconf 83' lang='lat' dir='ltr'>existimo,</span> <span class='ocrx_word' id='word_1_390' title='bbox 681 2774 744 2831; x_wconf 89' lang='lat' dir='ltr'>licet</span> <span class='ocrx_word' id='word_1_391' title='bbox 757 2774 818 2847; x_wconf 89' lang='lat' dir='ltr'>quis</span> <span class='ocrx_word' id='word_1_392' title='bbox 831 2774 946 2830; x_wconf 87' lang='lat' dir='ltr'>interius</span> <span class='ocrx_word' id='word_1_393' title='bbox 982 2782 1039 2833; x_wconf 92' lang='lat' dir='ltr'>etc.</span> <span class='ocrx_word' id='word_1_394' title='bbox 1056 2782 1122 2833; x_wconf 92' lang='lat' dir='ltr'>tuno</span> <span class='ocrx_word' id='word_1_395' title='bbox 1140 2775 1175 2832; x_wconf 95' lang='grc' dir='ltr'>ιι</span> <span class='ocrx_word' id='word_1_396' title='bbox 1193 2776 1457 2833; x_wconf 75' lang='lat' dir='ltr'>consummationem</span> <span class='ocrx_word' id='word_1_397' title='bbox 1471 2779 1687 2835; x_wconf 78' lang='lat' dir='ltr'>renunciationis</span> <span class='ocrx_word' id='word_1_398' title='bbox 1706 2793 1788 2835; x_wconf 90' lang='lat' dir='ltr'>acce·</span> 
     </span>
     <span class='ocr_line' id='line_1_29' title="bbox 139 2863 1787 2940; baseline 0.002 -20"><span class='ocrx_word' id='word_1_399' title='bbox 139 2866 237 2930; x_wconf 87' lang='lat' dir='ltr'>dicat,</span> <span class='ocrx_word' id='word_1_400' title='bbox 262 2879 289 2920; x_wconf 88' lang='lat' dir='ltr'>se</span> <span class='ocrx_word' id='word_1_401' title='bbox 305 2865 465 2920; x_wconf 88' lang='lat' dir='ltr'>renunciare</span> <span class='ocrx_word' id='word_1_402' title='bbox 480 2863 526 2920; x_wconf 89' lang='lat' dir='ltr'>tali</span> <span class='ocrx_word' id='word_1_403' title='bbox 541 2863 676 2936; x_wconf 87' lang='lat' dir='ltr'>licentiae,</span> <span class='ocrx_word' id='word_1_404' title='bbox 693 2863 736 2920; x_wconf 86' lang='lat' dir='ltr'>vel</span> <span class='ocrx_word' id='word_1_405' title='bbox 751 2863 947 2931; x_wconf 84' lang='lat' dir='ltr'>lacultati,non</span> <span class='ocrx_word' id='word_1_406' title='bbox 984 2869 1069 2939; x_wconf 81' lang='lat' dir='ltr'>piatio</span> <span class='ocrx_word' id='word_1_407' title='bbox 1083 2866 1155 2922; x_wconf 90' lang='lat' dir='ltr'>illius</span> <span class='ocrx_word' id='word_1_408' title='bbox 1168 2866 1240 2923; x_wconf 88' lang='lat' dir='ltr'>tertii</span> <span class='ocrx_word' id='word_1_409' title='bbox 1253 2866 1412 2938; x_wconf 83' lang='lat' dir='ltr'>requiritur.</span> <span class='ocrx_word' id='word_1_410' title='bbox 1429 2865 1506 2933; x_wconf 85' lang='lat' dir='ltr'>Quod</span> <span class='ocrx_word' id='word_1_411' title='bbox 1520 2869 1627 2940; x_wconf 89' lang='lat' dir='ltr'>egregie</span> <span class='ocrx_word' id='word_1_412' title='bbox 1642 2867 1787 2924; x_wconf 83' lang='lat' dir='ltr'>confirma-</span> 
     </span>
     <span class='ocr_line' id='line_1_30' title="bbox 138 2951 1787 3038; baseline 0.001 -28"><span class='ocrx_word' id='word_1_413' title='bbox 138 2957 178 3011; x_wconf 90' lang='lat' dir='ltr'>ita</span> <span class='ocrx_word' id='word_1_414' title='bbox 197 2952 272 3009; x_wconf 91' lang='lat' dir='ltr'>illam</span> <span class='ocrx_word' id='word_1_415' title='bbox 287 2952 321 3009; x_wconf 90' lang='lat' dir='ltr'>ab</span> <span class='ocrx_word' id='word_1_416' title='bbox 335 2969 363 3010; x_wconf 89' lang='lat' dir='ltr'>ee</span> <span class='ocrx_word' id='word_1_417' title='bbox 377 2951 502 3009; x_wconf 82' lang='lat' dir='ltr'>abdicem</span> <span class='ocrx_word' id='word_1_418' title='bbox 516 2995 522 3023; x_wconf 94' lang='lat'>,</span> <span class='ocrx_word' id='word_1_419' title='bbox 538 2955 604 3025; x_wconf 91' lang='lat' dir='ltr'>quin</span> <span class='ocrx_word' id='word_1_420' title='bbox 619 2959 717 3025; x_wconf 88' lang='lat' dir='ltr'>postea</span> <span class='ocrx_word' id='word_1_421' title='bbox 732 2959 837 3010; x_wconf 90' lang='lat' dir='ltr'>mutata</span> <span class='ocrx_word' id='word_1_422' title='bbox 852 2952 948 3010; x_wconf 86' lang='lat' dir='ltr'>volun·</span> <span class='ocrx_word' id='word_1_423' title='bbox 983 2962 1029 3012; x_wconf 87' lang='lat' dir='ltr'>tur</span> <span class='ocrx_word' id='word_1_424' title='bbox 1043 2970 1077 3012; x_wconf 89' lang='grc' dir='ltr'>ιιι</span> <span class='ocrx_word' id='word_1_425' title='bbox 1090 2970 1152 3026; x_wconf 88' lang='lat' dir='ltr'>cap.</span> <span class='ocrx_word' id='word_1_426' title='bbox 1165 2957 1256 3020; x_wconf 83' lang='lat' dir='ltr'>Licet,</span> <span class='ocrx_word' id='word_1_427' title='bbox 1271 2954 1304 3011; x_wconf 94' lang='lat' dir='ltr'>de</span> <span class='ocrx_word' id='word_1_428' title='bbox 1318 2969 1433 3026; x_wconf 88' lang='lat' dir='ltr'>procur.</span> <span class='ocrx_word' id='word_1_429' title='bbox 1441 2955 1468 3010; x_wconf 88' lang='lat' dir='ltr'>in</span> <span class='ocrx_word' id='word_1_430' title='bbox 1484 2959 1511 3027; x_wconf 81' lang='lat'>6,</span> <span class='ocrx_word' id='word_1_431' title='bbox 1525 2955 1697 3038; x_wconf 75' lang='lat' dir='ltr'>ubidicitur,</span> <span class='ocrx_word' id='word_1_432' title='bbox 1711 2971 1787 3013; x_wconf 89' lang='lat' dir='ltr'>man·</span> 
     </span>
     <span class='ocr_line' id='line_1_31' title="bbox 140 3041 1785 3115; baseline 0.001 -15"><span class='ocrx_word' id='word_1_433' title='bbox 140 3051 197 3100; x_wconf 88' lang='lat' dir='ltr'>tate</span> <span class='ocrx_word' id='word_1_434' title='bbox 218 3044 304 3115; x_wconf 87' lang='lat' dir='ltr'>possit</span> <span class='ocrx_word' id='word_1_435' title='bbox 324 3041 370 3098; x_wconf 93' lang='lat' dir='ltr'>illa</span> <span class='ocrx_word' id='word_1_436' title='bbox 389 3041 462 3098; x_wconf 91' lang='lat' dir='ltr'>licite</span> <span class='ocrx_word' id='word_1_437' title='bbox 478 3043 530 3112; x_wconf 81' lang='lat' dir='ltr'>uli3</span> <span class='ocrx_word' id='word_1_438' title='bbox 552 3043 616 3113; x_wconf 89' lang='lat' dir='ltr'>quia</span> <span class='ocrx_word' id='word_1_439' title='bbox 629 3057 662 3098; x_wconf 86' lang='lat' dir='ltr'>ex</span> <span class='ocrx_word' id='word_1_440' title='bbox 678 3043 703 3098; x_wconf 90' lang='grc' dir='ltr'>ιι</span> <span class='ocrx_word' id='word_1_441' title='bbox 718 3058 785 3099; x_wconf 86' lang='grc' dir='ltr'>ιιιι</span> <span class='ocrx_word' id='word_1_442' title='bbox 799 3042 948 3100; x_wconf 78' lang='lat' dir='ltr'>voluntatis</span> <span class='ocrx_word' id='word_1_443' title='bbox 983 3043 1077 3102; x_wconf 91' lang='lat' dir='ltr'>datum</span> <span class='ocrx_word' id='word_1_444' title='bbox 1098 3043 1298 3115; x_wconf 87' lang='lat' dir='ltr'>procurationis</span> <span class='ocrx_word' id='word_1_445' title='bbox 1318 3059 1373 3101; x_wconf 91' lang='lat' dir='ltr'>uon</span> <span class='ocrx_word' id='word_1_446' title='bbox 1398 3047 1505 3101; x_wconf 87' lang='lat' dir='ltr'>censeri</span> <span class='ocrx_word' id='word_1_447' title='bbox 1526 3044 1650 3102; x_wconf 90' lang='lat' dir='ltr'>absolute</span> <span class='ocrx_word' id='word_1_448' title='bbox 1671 3058 1785 3102; x_wconf 80' lang='lat' dir='ltr'>revoca·</span> 
     </span>
     <span class='ocr_line' id='line_1_32' title="bbox 140 3130 1802 3206; baseline 0 -20"><span class='ocrx_word' id='word_1_449' title='bbox 140 3149 198 3189; x_wconf 91' lang='lat' dir='ltr'>non</span> <span class='ocrx_word' id='word_1_450' title='bbox 216 3132 332 3188; x_wconf 89' lang='lat' dir='ltr'>mutarit</span> <span class='ocrx_word' id='word_1_451' title='bbox 344 3130 512 3187; x_wconf 84' lang='lat' dir='ltr'>voluntatem</span> <span class='ocrx_word' id='word_1_452' title='bbox 526 3131 714 3202; x_wconf 88' lang='lat' dir='ltr'>concedentis,</span> <span class='ocrx_word' id='word_1_453' title='bbox 729 3148 746 3188; x_wconf 91' lang='grc' dir='ltr'>ι</span> <span class='ocrx_word' id='word_1_454' title='bbox 759 3147 815 3205; x_wconf 90' lang='lat' dir='ltr'>qua</span> <span class='ocrx_word' id='word_1_455' title='bbox 829 3132 887 3190; x_wconf 91' lang='lat' dir='ltr'>sola</span> <span class='ocrx_word' id='word_1_456' title='bbox 901 3132 948 3189; x_wconf 90' lang='lat' dir='ltr'>illa</span> <span class='ocrx_word' id='word_1_457' title='bbox 985 3140 1059 3205; x_wconf 85' lang='lat' dir='ltr'>tum,</span> <span class='ocrx_word' id='word_1_458' title='bbox 1081 3133 1185 3189; x_wconf 89' lang='lat' dir='ltr'>etiamsi</span> <span class='ocrx_word' id='word_1_459' title='bbox 1206 3135 1246 3203; x_wconf 93' lang='lat' dir='ltr'>is,</span> <span class='ocrx_word' id='word_1_460' title='bbox 1262 3131 1296 3188; x_wconf 93' lang='lat' dir='ltr'>ad</span> <span class='ocrx_word' id='word_1_461' title='bbox 1310 3147 1392 3204; x_wconf 92' lang='lat' dir='ltr'>quem</span> <span class='ocrx_word' id='word_1_462' title='bbox 1407 3132 1551 3206; x_wconf 87' lang='lat' dir='ltr'>dirigitur,</span> <span class='ocrx_word' id='word_1_463' title='bbox 1566 3133 1655 3206; x_wconf 88' lang='lat' dir='ltr'>dicat,</span> <span class='ocrx_word' id='word_1_464' title='bbox 1672 3149 1701 3189; x_wconf 89' lang='lat' dir='ltr'>se</span> <span class='ocrx_word' id='word_1_465' title='bbox 1715 3133 1802 3189; x_wconf 55' lang='lat' dir='ltr'>noller</span> 
     </span>
     <span class='ocr_line' id='line_1_33' title="bbox 141 3219 1788 3296; baseline -0.001 -18"><span class='ocrx_word' id='word_1_466' title='bbox 141 3222 254 3278; x_wconf 89' lang='lat' dir='ltr'>licentia</span> <span class='ocrx_word' id='word_1_467' title='bbox 276 3220 391 3296; x_wconf 88' lang='lat' dir='ltr'>pendet,</span> <span class='ocrx_word' id='word_1_468' title='bbox 407 3227 554 3294; x_wconf 89' lang='lat' dir='ltr'>postquam</span> <span class='ocrx_word' id='word_1_469' title='bbox 569 3221 653 3277; x_wconf 86' lang='lat' dir='ltr'>semel</span> <span class='ocrx_word' id='word_1_470' title='bbox 667 3228 811 3294; x_wconf 87' lang='lat' dir='ltr'>acceptata</span> <span class='ocrx_word' id='word_1_471' title='bbox 825 3227 877 3278; x_wconf 89' lang='lat' dir='ltr'>est.</span> <span class='ocrx_word' id='word_1_472' title='bbox 891 3225 947 3279; x_wconf 89' lang='lat' dir='ltr'>Nec</span> <span class='ocrx_word' id='word_1_473' title='bbox 984 3227 1129 3292; x_wconf 86' lang='lat' dir='ltr'>acceptare</span> <span class='ocrx_word' id='word_1_474' title='bbox 1147 3219 1324 3277; x_wconf 86' lang='lat' dir='ltr'>mandatum:</span> <span class='ocrx_word' id='word_1_475' title='bbox 1348 3235 1425 3290; x_wconf 91' lang='lat' dir='ltr'>nam,</span> <span class='ocrx_word' id='word_1_476' title='bbox 1444 3220 1498 3276; x_wconf 90' lang='lat' dir='ltr'>boo</span> <span class='ocrx_word' id='word_1_477' title='bbox 1513 3236 1567 3276; x_wconf 92' lang='lat' dir='ltr'>non</span> <span class='ocrx_word' id='word_1_478' title='bbox 1582 3222 1724 3292; x_wconf 88' lang='lat' dir='ltr'>obstante,</span> <span class='ocrx_word' id='word_1_479' title='bbox 1740 3236 1788 3292; x_wconf 92' lang='lat' dir='ltr'>po-</span> 
     </span>
     <span class='ocr_line' id='line_1_34' title="bbox 141 3297 1789 3383; baseline -0.001 -16"><span class='ocrx_word' id='word_1_480' title='bbox 141 3327 191 3382; x_wconf 91' lang='lat' dir='ltr'>per</span> <span class='ocrx_word' id='word_1_481' title='bbox 213 3311 285 3368; x_wconf 89' lang='lat' dir='ltr'>illam</span> <span class='ocrx_word' id='word_1_482' title='bbox 305 3310 475 3366; x_wconf 84' lang='lat' dir='ltr'>voluntatem</span> <span class='ocrx_word' id='word_1_483' title='bbox 496 3297 633 3381; x_wconf 78' lang='lat' dir='ltr'>propriam</span> <span class='ocrx_word' id='word_1_484' title='bbox 647 3311 785 3367; x_wconf 79' lang='lat' dir='ltr'>contraxit</span> <span class='ocrx_word' id='word_1_485' title='bbox 798 3310 949 3383; x_wconf 80' lang='lat' dir='ltr'>privilegia·</span> <span class='ocrx_word' id='word_1_486' title='bbox 985 3312 1059 3381; x_wconf 92' lang='lat' dir='ltr'>terit,</span> <span class='ocrx_word' id='word_1_487' title='bbox 1073 3315 1178 3366; x_wconf 91' lang='lat' dir='ltr'>mutata</span> <span class='ocrx_word' id='word_1_488' title='bbox 1189 3310 1339 3381; x_wconf 83' lang='lat' dir='ltr'>voluntate,</span> <span class='ocrx_word' id='word_1_489' title='bbox 1352 3315 1497 3381; x_wconf 89' lang='lat' dir='ltr'>acceptare</span> <span class='ocrx_word' id='word_1_490' title='bbox 1512 3307 1789 3382; x_wconf 74' lang='lat' dir='ltr'>mandatumquam-</span> 
     </span>
     <span class='ocr_line' id='line_1_35' title="bbox 141 3396 1789 3482; baseline -0.001 -26"><span class='ocrx_word' id='word_1_491' title='bbox 141 3402 203 3456; x_wconf 87' lang='lat' dir='ltr'>rius</span> <span class='ocrx_word' id='word_1_492' title='bbox 224 3399 369 3472; x_wconf 84' lang='lat' dir='ltr'>specialem</span> <span class='ocrx_word' id='word_1_493' title='bbox 388 3396 580 3482; x_wconf 80' lang='lat' dir='ltr'>obligationem</span> <span class='ocrx_word' id='word_1_494' title='bbox 601 3413 654 3454; x_wconf 91' lang='lat' dir='ltr'>non</span> <span class='ocrx_word' id='word_1_495' title='bbox 670 3399 765 3455; x_wconf 92' lang='lat' dir='ltr'>utendi</span> <span class='ocrx_word' id='word_1_496' title='bbox 778 3399 826 3454; x_wconf 89' lang='lat' dir='ltr'>tali</span> <span class='ocrx_word' id='word_1_497' title='bbox 840 3399 950 3470; x_wconf 82' lang='lat' dir='ltr'>privile·</span> <span class='ocrx_word' id='word_1_498' title='bbox 984 3399 1031 3455; x_wconf 94' lang='lat' dir='ltr'>diu</span> <span class='ocrx_word' id='word_1_499' title='bbox 1046 3397 1176 3455; x_wconf 89' lang='lat' dir='ltr'>mundans</span> <span class='ocrx_word' id='word_1_500' title='bbox 1190 3399 1309 3469; x_wconf 89' lang='lat' dir='ltr'>priorem</span> <span class='ocrx_word' id='word_1_501' title='bbox 1324 3396 1494 3454; x_wconf 82' lang='lat' dir='ltr'>voluntatem</span> <span class='ocrx_word' id='word_1_502' title='bbox 1510 3413 1590 3455; x_wconf 85' lang='lat' dir='ltr'>suam</span> <span class='ocrx_word' id='word_1_503' title='bbox 1607 3413 1660 3454; x_wconf 92' lang='lat' dir='ltr'>non</span> <span class='ocrx_word' id='word_1_504' title='bbox 1674 3413 1789 3455; x_wconf 86' lang='lat' dir='ltr'>revoca-</span> 
     </span>
     <span class='ocr_line' id='line_1_36' title="bbox 141 3485 1789 3562; baseline -0.001 -18"><span class='ocrx_word' id='word_1_505' title='bbox 141 3490 199 3562; x_wconf 86' lang='lat' dir='ltr'>gio,</span> <span class='ocrx_word' id='word_1_506' title='bbox 217 3507 244 3544; x_wconf 90' lang='grc' dir='ltr'>ι.</span> <span class='ocrx_word' id='word_1_507' title='bbox 260 3504 287 3561; x_wconf 91' lang='lat' dir='ltr'>g.</span> <span class='ocrx_word' id='word_1_508' title='bbox 303 3503 357 3544; x_wconf 93' lang='lat' dir='ltr'>non</span> <span class='ocrx_word' id='word_1_509' title='bbox 374 3485 496 3544; x_wconf 85' lang='lat' dir='ltr'>solvendi</span> <span class='ocrx_word' id='word_1_510' title='bbox 517 3487 648 3559; x_wconf 89' lang='lat' dir='ltr'>decimas,</span> <span class='ocrx_word' id='word_1_511' title='bbox 666 3495 695 3544; x_wconf 93' lang='lat' dir='ltr'>ut</span> <span class='ocrx_word' id='word_1_512' title='bbox 709 3489 789 3546; x_wconf 89' lang='lat' dir='ltr'>etiam</span> <span class='ocrx_word' id='word_1_513' title='bbox 805 3488 950 3560; x_wconf 89' lang='lat' dir='ltr'>probatum</span> <span class='ocrx_word' id='word_1_514' title='bbox 985 3489 1073 3560; x_wconf 72' lang='lat' dir='ltr'>verit,</span> <span class='ocrx_word' id='word_1_515' title='bbox 1094 3503 1157 3544; x_wconf 91' lang='lat' dir='ltr'>nam</span> <span class='ocrx_word' id='word_1_516' title='bbox 1178 3485 1337 3543; x_wconf 91' lang='lat' dir='ltr'>mandatum</span> <span class='ocrx_word' id='word_1_517' title='bbox 1358 3485 1391 3543; x_wconf 88' lang='lat' dir='ltr'>de</span> <span class='ocrx_word' id='word_1_518' title='bbox 1413 3502 1442 3544; x_wconf 91' lang='lat' dir='ltr'>se</span> <span class='ocrx_word' id='word_1_519' title='bbox 1462 3501 1569 3558; x_wconf 86' lang='lat' dir='ltr'>semper</span> <span class='ocrx_word' id='word_1_520' title='bbox 1583 3487 1682 3555; x_wconf 90' lang='lat' dir='ltr'>durat,</span> <span class='ocrx_word' id='word_1_521' title='bbox 1698 3487 1789 3544; x_wconf 87' lang='lat' dir='ltr'>donee</span> 
     </span>
     <span class='ocr_line' id='line_1_37' title="bbox 142 3575 1790 3650; baseline -0.001 -15"><span class='ocrx_word' id='word_1_522' title='bbox 142 3587 203 3635; x_wconf 90' lang='lat' dir='ltr'>est:</span> <span class='ocrx_word' id='word_1_523' title='bbox 225 3593 287 3634; x_wconf 89' lang='lat' dir='ltr'>nam</span> <span class='ocrx_word' id='word_1_524' title='bbox 302 3591 351 3649; x_wconf 88' lang='lat' dir='ltr'>per</span> <span class='ocrx_word' id='word_1_525' title='bbox 370 3576 502 3633; x_wconf 89' lang='lat' dir='ltr'>internam</span> <span class='ocrx_word' id='word_1_526' title='bbox 521 3576 691 3634; x_wconf 84' lang='lat' dir='ltr'>voluntatem</span> <span class='ocrx_word' id='word_1_527' title='bbox 705 3577 883 3635; x_wconf 88' lang='lat' dir='ltr'>renunciandi</span> <span class='ocrx_word' id='word_1_528' title='bbox 898 3578 951 3636; x_wconf 92' lang='lat' dir='ltr'>tale</span> <span class='ocrx_word' id='word_1_529' title='bbox 985 3583 1143 3648; x_wconf 84' lang='lat' dir='ltr'>revocetur,</span> <span class='ocrx_word' id='word_1_530' title='bbox 1155 3583 1183 3634; x_wconf 92' lang='lat' dir='ltr'>et</span> <span class='ocrx_word' id='word_1_531' title='bbox 1194 3575 1263 3633; x_wconf 89' lang='lat' dir='ltr'>alter</span> <span class='ocrx_word' id='word_1_532' title='bbox 1276 3575 1358 3650; x_wconf 83' lang='lat' dir='ltr'>libero</span> <span class='ocrx_word' id='word_1_533' title='bbox 1372 3578 1454 3632; x_wconf 90' lang='lat' dir='ltr'>etiam</span> <span class='ocrx_word' id='word_1_534' title='bbox 1465 3582 1554 3648; x_wconf 90' lang='lat' dir='ltr'>potest</span> <span class='ocrx_word' id='word_1_535' title='bbox 1566 3592 1697 3634; x_wconf 87' lang='lat' dir='ltr'>revocare</span> <span class='ocrx_word' id='word_1_536' title='bbox 1710 3593 1790 3634; x_wconf 92' lang='lat' dir='ltr'>suam</span> 
     </span>
     <span class='ocr_line' id='line_1_38' title="bbox 145 3665 1792 3740; baseline 0 -18"><span class='ocrx_word' id='word_1_537' title='bbox 145 3666 330 3740; x_wconf 82' lang='lat' dir='ltr'>privilegium,</span> <span class='ocrx_word' id='word_1_538' title='bbox 346 3681 400 3722; x_wconf 91' lang='lat' dir='ltr'>non</span> <span class='ocrx_word' id='word_1_539' title='bbox 417 3665 506 3722; x_wconf 90' lang='lat' dir='ltr'>solum</span> <span class='ocrx_word' id='word_1_540' title='bbox 521 3681 573 3721; x_wconf 93' lang='lat' dir='ltr'>non</span> <span class='ocrx_word' id='word_1_541' title='bbox 587 3665 671 3724; x_wconf 89' lang='lat' dir='ltr'>datur</span> <span class='ocrx_word' id='word_1_542' title='bbox 682 3667 761 3724; x_wconf 92' lang='lat' dir='ltr'>alteri</span> <span class='ocrx_word' id='word_1_543' title='bbox 773 3668 817 3724; x_wconf 92' lang='lat' dir='ltr'>ius</span> <span class='ocrx_word' id='word_1_544' title='bbox 831 3666 863 3724; x_wconf 92' lang='lat' dir='ltr'>ad</span> <span class='ocrx_word' id='word_1_545' title='bbox 878 3667 951 3724; x_wconf 91' lang='lat' dir='ltr'>deci·</span> <span class='ocrx_word' id='word_1_546' title='bbox 986 3668 1165 3725; x_wconf 82' lang='lat' dir='ltr'>voluntatem.</span> <span class='ocrx_word' id='word_1_547' title='bbox 1179 3667 1253 3734; x_wconf 84' lang='lat' dir='ltr'>Quas</span> <span class='ocrx_word' id='word_1_548' title='bbox 1277 3665 1403 3723; x_wconf 90' lang='lat' dir='ltr'>doctrina</span> <span class='ocrx_word' id='word_1_549' title='bbox 1420 3681 1453 3725; x_wconf 81' lang='lat' dir='ltr'>ca</span> <span class='ocrx_word' id='word_1_550' title='bbox 1477 3667 1580 3724; x_wconf 88' lang='lat' dir='ltr'>eisdem</span> <span class='ocrx_word' id='word_1_551' title='bbox 1604 3667 1744 3740; x_wconf 85' lang='lat' dir='ltr'>principiis</span> <span class='ocrx_word' id='word_1_552' title='bbox 1764 3669 1792 3723; x_wconf 94' lang='lat' dir='ltr'>in</span> 
     </span>
     <span class='ocr_line' id='line_1_39' title="bbox 110 3754 1791 3832; baseline -0.001 -19"><span class='ocrx_word' id='word_1_553' title='bbox 110 3781 113 3786; x_wconf 58' lang='lat'><strong><em>¹</em></strong></span> <span class='ocrx_word' id='word_1_554' title='bbox 146 3771 319 3829; x_wconf 86' lang='lat' dir='ltr'>mas,rerum</span> <span class='ocrx_word' id='word_1_555' title='bbox 334 3757 415 3812; x_wconf 86' lang='lat' dir='ltr'>etiam</span> <span class='ocrx_word' id='word_1_556' title='bbox 428 3769 478 3811; x_wconf 86' lang='lat' dir='ltr'>nec</span> <span class='ocrx_word' id='word_1_557' title='bbox 492 3755 549 3826; x_wconf 91' lang='lat' dir='ltr'>ipse</span> <span class='ocrx_word' id='word_1_558' title='bbox 560 3755 748 3830; x_wconf 85' lang='lat' dir='ltr'>privilegiatus</span> <span class='ocrx_word' id='word_1_559' title='bbox 760 3756 952 3832; x_wconf 89' lang='lat' dir='ltr'>manetquoad</span> <span class='ocrx_word' id='word_1_560' title='bbox 987 3759 1059 3814; x_wconf 92' lang='lat' dir='ltr'>omni</span> <span class='ocrx_word' id='word_1_561' title='bbox 1081 3773 1150 3814; x_wconf 88' lang='lat' dir='ltr'>casu</span> <span class='ocrx_word' id='word_1_562' title='bbox 1171 3755 1252 3812; x_wconf 91' lang='lat' dir='ltr'>simili</span> <span class='ocrx_word' id='word_1_563' title='bbox 1266 3754 1402 3828; x_wconf 84' lang='lat' dir='ltr'>procedit,</span> <span class='ocrx_word' id='word_1_564' title='bbox 1419 3762 1451 3812; x_wconf 91' lang='lat' dir='ltr'>ut</span> <span class='ocrx_word' id='word_1_565' title='bbox 1466 3755 1500 3812; x_wconf 91' lang='lat' dir='ltr'>lbi</span> <span class='ocrx_word' id='word_1_566' title='bbox 1514 3763 1594 3813; x_wconf 89' lang='lat' dir='ltr'>notat</span> <span class='ocrx_word' id='word_1_567' title='bbox 1611 3757 1746 3814; x_wconf 80' lang='lat' dir='ltr'>ancharr.</span> <span class='ocrx_word' id='word_1_568' title='bbox 1760 3758 1791 3812; x_wconf 92' lang='lat' dir='ltr'>ln</span> 
     </span>
     <span class='ocr_line' id='line_1_40' title="bbox 146 3843 1792 3919; baseline -0.001 -16"><span class='ocrx_word' id='word_1_569' title='bbox 146 3863 177 3902; x_wconf 88' lang='lat' dir='ltr'>se</span> <span class='ocrx_word' id='word_1_570' title='bbox 192 3846 328 3918; x_wconf 88' lang='lat' dir='ltr'>obligatus</span> <span class='ocrx_word' id='word_1_571' title='bbox 347 3843 381 3901; x_wconf 90' lang='lat' dir='ltr'>ad</span> <span class='ocrx_word' id='word_1_572' title='bbox 397 3843 457 3900; x_wconf 90' lang='lat' dir='ltr'>illas</span> <span class='ocrx_word' id='word_1_573' title='bbox 471 3844 626 3917; x_wconf 79' lang='lat' dir='ltr'>solvendas,</span> <span class='ocrx_word' id='word_1_574' title='bbox 638 3852 670 3904; x_wconf 88' lang='lat' dir='ltr'>ut</span> <span class='ocrx_word' id='word_1_575' title='bbox 683 3846 793 3903; x_wconf 91' lang='lat' dir='ltr'>ridetur</span> <span class='ocrx_word' id='word_1_576' title='bbox 808 3852 950 3918; x_wconf 89' lang='lat' dir='ltr'>receptum</span> <span class='ocrx_word' id='word_1_577' title='bbox 986 3847 1227 3919; x_wconf 85' lang='lat' dir='ltr'>praesentientem</span> <span class='ocrx_word' id='word_1_578' title='bbox 1243 3846 1338 3902; x_wconf 88' lang='lat' dir='ltr'>eadem</span> <span class='ocrx_word' id='word_1_579' title='bbox 1353 3851 1397 3902; x_wconf 89' lang='grc' dir='ltr'>ιιι</span> <span class='ocrx_word' id='word_1_580' title='bbox 1410 3847 1500 3918; x_wconf 91' lang='lat' dir='ltr'>ratio,</span> <span class='ocrx_word' id='word_1_581' title='bbox 1521 3853 1552 3904; x_wconf 93' lang='lat' dir='ltr'>ut</span> <span class='ocrx_word' id='word_1_582' title='bbox 1565 3853 1683 3904; x_wconf 87' lang='lat' dir='ltr'>constat.</span> <span class='ocrx_word' id='word_1_583' title='bbox 1702 3849 1792 3919; x_wconf 79' lang='lat' dir='ltr'>Atque</span> 
     </span>
     <span class='ocr_line' id='line_1_41' title="bbox 147 3933 1792 4009; baseline 0.001 -17"><span class='ocrx_word' id='word_1_584' title='bbox 147 3935 319 4007; x_wconf 79' lang='lat' dir='ltr'>frequentius</span> <span class='ocrx_word' id='word_1_585' title='bbox 334 3936 362 3991; x_wconf 94' lang='lat' dir='ltr'>in</span> <span class='ocrx_word' id='word_1_586' title='bbox 377 3933 490 3990; x_wconf 90' lang='lat' dir='ltr'>materia</span> <span class='ocrx_word' id='word_1_587' title='bbox 503 3934 639 4006; x_wconf 77' lang='lat' dir='ltr'>iustitiao3</span> <span class='ocrx_word' id='word_1_588' title='bbox 654 3949 721 4007; x_wconf 89' lang='lat' dir='ltr'>ergo</span> <span class='ocrx_word' id='word_1_589' title='bbox 736 3935 793 4007; x_wconf 89' lang='lat' dir='ltr'>pari</span> <span class='ocrx_word' id='word_1_590' title='bbox 808 3935 910 3992; x_wconf 88' lang='lat' dir='ltr'>ratione</span> <span class='ocrx_word' id='word_1_591' title='bbox 926 3935 951 3990; x_wconf 93' lang='lat' dir='ltr'>in</span> <span class='ocrx_word' id='word_1_592' title='bbox 988 3936 1083 3994; x_wconf 89' lang='lat' dir='ltr'>eadem</span> <span class='ocrx_word' id='word_1_593' title='bbox 1099 3937 1290 4009; x_wconf 90' lang='lat' dir='ltr'>proportione,</span> <span class='ocrx_word' id='word_1_594' title='bbox 1307 3935 1329 3991; x_wconf 91' lang='lat' dir='ltr'>si</span> <span class='ocrx_word' id='word_1_595' title='bbox 1344 3935 1515 4009; x_wconf 82' lang='lat' dir='ltr'>privilegium</span> <span class='ocrx_word' id='word_1_596' title='bbox 1531 3935 1566 3992; x_wconf 92' lang='lat' dir='ltr'>sit</span> <span class='ocrx_word' id='word_1_597' title='bbox 1579 3935 1747 4007; x_wconf 87' lang='lat' dir='ltr'>absolutum,</span> <span class='ocrx_word' id='word_1_598' title='bbox 1763 3941 1792 3994; x_wconf 89' lang='lat' dir='ltr'>et</span> 
     </span>
     <span class='ocr_line' id='line_1_42' title="bbox 146 4022 1791 4097; baseline 0.001 -17"><span class='ocrx_word' id='word_1_599' title='bbox 146 4025 293 4096; x_wconf 78' lang='lat' dir='ltr'>privilegiis</span> <span class='ocrx_word' id='word_1_600' title='bbox 308 4024 388 4096; x_wconf 90' lang='lat' dir='ltr'>quasi</span> <span class='ocrx_word' id='word_1_601' title='bbox 401 4022 546 4094; x_wconf 89' lang='lat' dir='ltr'>absolutis,</span> <span class='ocrx_word' id='word_1_602' title='bbox 558 4041 608 4082; x_wconf 89' lang='lat' dir='ltr'>seu</span> <span class='ocrx_word' id='word_1_603' title='bbox 623 4039 677 4080; x_wconf 95' lang='lat' dir='ltr'>non</span> <span class='ocrx_word' id='word_1_604' title='bbox 691 4025 899 4097; x_wconf 89' lang='lat' dir='ltr'>respicientibus</span> <span class='ocrx_word' id='word_1_605' title='bbox 913 4025 952 4081; x_wconf 92' lang='lat' dir='ltr'>al·</span> <span class='ocrx_word' id='word_1_606' title='bbox 987 4029 1100 4084; x_wconf 92' lang='lat' dir='ltr'>tertium</span> <span class='ocrx_word' id='word_1_607' title='bbox 1121 4041 1174 4082; x_wconf 92' lang='lat' dir='ltr'>non</span> <span class='ocrx_word' id='word_1_608' title='bbox 1197 4025 1341 4096; x_wconf 89' lang='lat' dir='ltr'>respiciat,</span> <span class='ocrx_word' id='word_1_609' title='bbox 1362 4031 1429 4081; x_wconf 90' lang='lat' dir='ltr'>tunc</span> <span class='ocrx_word' id='word_1_610' title='bbox 1448 4026 1604 4083; x_wconf 87' lang='lat' dir='ltr'>necessaria</span> <span class='ocrx_word' id='word_1_611' title='bbox 1621 4027 1672 4082; x_wconf 89' lang='lat' dir='ltr'>erit</span> <span class='ocrx_word' id='word_1_612' title='bbox 1693 4027 1791 4082; x_wconf 91' lang='lat' dir='ltr'>saltem</span> 
     </span>
     <span class='ocr_line' id='line_1_43' title="bbox 147 4111 1791 4186; baseline 0.002 -16"><span class='ocrx_word' id='word_1_613' title='bbox 147 4123 311 4186; x_wconf 86' lang='lat' dir='ltr'>terum,non</span> <span class='ocrx_word' id='word_1_614' title='bbox 326 4111 463 4185; x_wconf 89' lang='lat' dir='ltr'>obligatur</span> <span class='ocrx_word' id='word_1_615' title='bbox 478 4113 575 4184; x_wconf 88' lang='lat' dir='ltr'>aliquis</span> <span class='ocrx_word' id='word_1_616' title='bbox 588 4127 748 4184; x_wconf 89' lang='lat' dir='ltr'>permanere</span> <span class='ocrx_word' id='word_1_617' title='bbox 760 4114 784 4169; x_wconf 95' lang='lat' dir='ltr'>in</span> <span class='ocrx_word' id='word_1_618' title='bbox 800 4112 843 4170; x_wconf 90' lang='lat' dir='ltr'>illa</span> <span class='ocrx_word' id='word_1_619' title='bbox 857 4114 952 4172; x_wconf 85' lang='lat' dir='ltr'>volun·</span> <span class='ocrx_word' id='word_1_620' title='bbox 987 4115 1163 4172; x_wconf 84' lang='lat' dir='ltr'>concedentis</span> <span class='ocrx_word' id='word_1_621' title='bbox 1174 4115 1340 4184; x_wconf 88' lang='lat' dir='ltr'>acceptatio,</span> <span class='ocrx_word' id='word_1_622' title='bbox 1352 4119 1384 4170; x_wconf 92' lang='lat' dir='ltr'>ut</span> <span class='ocrx_word' id='word_1_623' title='bbox 1395 4121 1474 4171; x_wconf 88' lang='lat' dir='ltr'>recte</span> <span class='ocrx_word' id='word_1_624' title='bbox 1486 4114 1585 4171; x_wconf 90' lang='lat' dir='ltr'>docuit</span> <span class='ocrx_word' id='word_1_625' title='bbox 1602 4116 1719 4171; x_wconf 88' lang='lat' dir='ltr'>Saucius</span> <span class='ocrx_word' id='word_1_626' title='bbox 1729 4114 1748 4170; x_wconf 93' lang='lat' dir='ltr'>l.</span> <span class='ocrx_word' id='word_1_627' title='bbox 1764 4121 1791 4173; x_wconf 82' lang='grc' dir='ltr'>ι.</span> 
     </span>
     <span class='ocr_line' id='line_1_44' title="bbox 148 4201 1793 4275; baseline -0.002 -14"><span class='ocrx_word' id='word_1_628' title='bbox 148 4209 223 4274; x_wconf 89' lang='lat' dir='ltr'>tate,</span> <span class='ocrx_word' id='word_1_629' title='bbox 244 4217 295 4260; x_wconf 89' lang='lat' dir='ltr'>nee</span> <span class='ocrx_word' id='word_1_630' title='bbox 314 4201 359 4258; x_wconf 89' lang='lat' dir='ltr'>illa</span> <span class='ocrx_word' id='word_1_631' title='bbox 373 4201 455 4258; x_wconf 88' lang='lat' dir='ltr'>babet</span> <span class='ocrx_word' id='word_1_632' title='bbox 469 4202 560 4260; x_wconf 86' lang='lat' dir='ltr'>statim</span> <span class='ocrx_word' id='word_1_633' title='bbox 574 4201 704 4260; x_wconf 88' lang='lat' dir='ltr'>ellectum</span> <span class='ocrx_word' id='word_1_634' title='bbox 718 4203 856 4261; x_wconf 81' lang='lat' dir='ltr'>auferendi</span> <span class='ocrx_word' id='word_1_635' title='bbox 871 4203 953 4275; x_wconf 89' lang='lat' dir='ltr'>privi·</span> <span class='ocrx_word' id='word_1_636' title='bbox 987 4203 1021 4260; x_wconf 89' lang='lat' dir='ltr'>de</span> <span class='ocrx_word' id='word_1_637' title='bbox 1038 4204 1190 4261; x_wconf 87' lang='lat' dir='ltr'>matrimon.</span> <span class='ocrx_word' id='word_1_638' title='bbox 1207 4201 1278 4275; x_wconf 85' lang='lat' dir='ltr'>disp.</span> <span class='ocrx_word' id='word_1_639' title='bbox 1293 4207 1340 4272; x_wconf 79' lang='lat'>32,</span> <span class='ocrx_word' id='word_1_640' title='bbox 1354 4218 1420 4259; x_wconf 89' lang='lat' dir='ltr'>cum</span> <span class='ocrx_word' id='word_1_641' title='bbox 1434 4205 1534 4260; x_wconf 81' lang='lat' dir='ltr'>Loezes</span> <span class='ocrx_word' id='word_1_642' title='bbox 1549 4209 1630 4260; x_wconf 89' lang='lat' dir='ltr'>tract.</span> <span class='ocrx_word' id='word_1_643' title='bbox 1644 4202 1677 4258; x_wconf 91' lang='lat' dir='ltr'>de</span> <span class='ocrx_word' id='word_1_644' title='bbox 1696 4205 1793 4260; x_wconf 90' lang='lat' dir='ltr'>matri·</span> 
     </span>
     <span class='ocr_line' id='line_1_45' title="bbox 147 4289 1794 4365; baseline 0 -17"><span class='ocrx_word' id='word_1_645' title='bbox 147 4293 263 4365; x_wconf 87' lang='lat' dir='ltr'>legium.</span> <span class='ocrx_word' id='word_1_646' title='bbox 988 4294 1078 4350; x_wconf 91' lang='lat' dir='ltr'>monio</span> <span class='ocrx_word' id='word_1_647' title='bbox 1095 4291 1167 4364; x_wconf 90' lang='lat' dir='ltr'>regis</span> <span class='ocrx_word' id='word_1_648' title='bbox 1181 4291 1292 4363; x_wconf 74' lang='lat' dir='ltr'>angliae</span> <span class='ocrx_word' id='word_1_649' title='bbox 1306 4289 1373 4347; x_wconf 94' lang='lat' dir='ltr'>dub.</span> <span class='ocrx_word' id='word_1_650' title='bbox 1393 4296 1437 4361; x_wconf 80' lang='lat'>12,</span> <span class='ocrx_word' id='word_1_651' title='bbox 1454 4308 1532 4348; x_wconf 88' lang='lat' dir='ltr'>num.</span> <span class='ocrx_word' id='word_1_652' title='bbox 1547 4297 1594 4350; x_wconf 79' lang='lat'>28.</span> <span class='ocrx_word' id='word_1_653' title='bbox 1610 4292 1688 4349; x_wconf 83' lang='lat' dir='ltr'>italio</span> <span class='ocrx_word' id='word_1_654' title='bbox 1701 4298 1794 4349; x_wconf 87' lang='lat' dir='ltr'>autem</span> 
     </span>
     <span class='ocr_line' id='line_1_46' title="bbox 190 4377 1792 4455; baseline -0.001 -17"><span class='ocrx_word' id='word_1_655' title='bbox 190 4384 234 4439; x_wconf 79' lang='lat'>19.</span> <span class='ocrx_word' id='word_1_656' title='bbox 251 4379 309 4437; x_wconf 84' lang='lat' dir='ltr'>tilia</span> <span class='ocrx_word' id='word_1_657' title='bbox 324 4384 389 4436; x_wconf 89' lang='lat' dir='ltr'>sunt</span> <span class='ocrx_word' id='word_1_658' title='bbox 402 4377 554 4452; x_wconf 80' lang='lat' dir='ltr'>privilegia,</span> <span class='ocrx_word' id='word_1_659' title='bbox 569 4393 617 4451; x_wconf 93' lang='lat' dir='ltr'>per</span> <span class='ocrx_word' id='word_1_660' title='bbox 628 4393 699 4453; x_wconf 90' lang='lat' dir='ltr'>quae</span> <span class='ocrx_word' id='word_1_661' title='bbox 715 4379 857 4454; x_wconf 88' lang='lat' dir='ltr'>delegatur</span> <span class='ocrx_word' id='word_1_662' title='bbox 871 4381 952 4438; x_wconf 90' lang='lat' dir='ltr'>iuris·</span> <span class='ocrx_word' id='word_1_663' title='bbox 987 4388 1030 4439; x_wconf 89' lang='lat' dir='ltr'>est</span> <span class='ocrx_word' id='word_1_664' title='bbox 1040 4423 1048 4454; x_wconf 92' lang='lat'>,</span> <span class='ocrx_word' id='word_1_665' title='bbox 1060 4381 1123 4455; x_wconf 87' lang='lat' dir='ltr'>quie</span> <span class='ocrx_word' id='word_1_666' title='bbox 1140 4379 1310 4436; x_wconf 89' lang='lat' dir='ltr'>renunciatio</span> <span class='ocrx_word' id='word_1_667' title='bbox 1325 4378 1488 4452; x_wconf 77' lang='lat' dir='ltr'>privilegiari</span> <span class='ocrx_word' id='word_1_668' title='bbox 1502 4395 1556 4436; x_wconf 91' lang='lat' dir='ltr'>non</span> <span class='ocrx_word' id='word_1_669' title='bbox 1569 4381 1684 4439; x_wconf 82' lang='lat' dir='ltr'>mutarit</span> <span class='ocrx_word' id='word_1_670' title='bbox 1696 4381 1792 4437; x_wconf 86' lang='lat' dir='ltr'>volun·</span> 
     </span>
     <span class='ocr_line' id='line_1_47' title="bbox 147 4467 1792 4544; baseline 0 -17"><span class='ocrx_word' id='word_1_671' title='bbox 147 4469 253 4542; x_wconf 69' lang='lat' dir='ltr'>dictio,</span> <span class='ocrx_word' id='word_1_672' title='bbox 275 4475 303 4525; x_wconf 88' lang='grc' dir='ltr'>ιι</span> <span class='ocrx_word' id='word_1_673' title='bbox 320 4467 347 4524; x_wconf 87' lang='grc' dir='ltr'>ιι</span> <span class='ocrx_word' id='word_1_674' title='bbox 362 4468 498 4525; x_wconf 82' lang='lat' dir='ltr'>bisetium</span> <span class='ocrx_word' id='word_1_675' title='bbox 513 4467 655 4542; x_wconf 83' lang='lat' dir='ltr'>existimo,</span> <span class='ocrx_word' id='word_1_676' title='bbox 669 4469 885 4528; x_wconf 90' lang='lat' dir='ltr'>iurisdictionem</span> <span class='ocrx_word' id='word_1_677' title='bbox 899 4487 953 4528; x_wconf 90' lang='lat' dir='ltr'>non</span> <span class='ocrx_word' id='word_1_678' title='bbox 988 4477 1071 4528; x_wconf 88' lang='lat' dir='ltr'>tatem</span> <span class='ocrx_word' id='word_1_679' title='bbox 1086 4469 1231 4541; x_wconf 88' lang='lat' dir='ltr'>principis,</span> <span class='ocrx_word' id='word_1_680' title='bbox 1254 4469 1302 4525; x_wconf 90' lang='lat' dir='ltr'>sed</span> <span class='ocrx_word' id='word_1_681' title='bbox 1316 4468 1412 4525; x_wconf 90' lang='lat' dir='ltr'>eadem</span> <span class='ocrx_word' id='word_1_682' title='bbox 1428 4476 1599 4541; x_wconf 71' lang='lat' dir='ltr'>perseverat,</span> <span class='ocrx_word' id='word_1_683' title='bbox 1614 4485 1680 4544; x_wconf 91' lang='lat' dir='ltr'>ergo</span> <span class='ocrx_word' id='word_1_684' title='bbox 1694 4487 1792 4544; x_wconf 85' lang='lat' dir='ltr'>quam·</span> 
     </span>
     <span class='ocr_line' id='line_1_48' title="bbox 123 4557 1792 4636; baseline 0 -20"><span class='ocrx_word' id='word_1_685' title='bbox 123 4615 126 4622; x_wconf 88' lang='lat'><em>.</em></span> <span class='ocrx_word' id='word_1_686' title='bbox 148 4558 251 4616; x_wconf 88' lang='lat' dir='ltr'>aulerri</span> <span class='ocrx_word' id='word_1_687' title='bbox 274 4573 323 4630; x_wconf 90' lang='lat' dir='ltr'>per</span> <span class='ocrx_word' id='word_1_688' title='bbox 337 4558 422 4614; x_wconf 89' lang='lat' dir='ltr'>solam</span> <span class='ocrx_word' id='word_1_689' title='bbox 437 4558 569 4614; x_wconf 90' lang='lat' dir='ltr'>internam</span> <span class='ocrx_word' id='word_1_690' title='bbox 582 4558 752 4618; x_wconf 85' lang='lat' dir='ltr'>voluntatem</span> <span class='ocrx_word' id='word_1_691' title='bbox 767 4562 952 4636; x_wconf 71' lang='lat' dir='ltr'>privilegiari,</span> <span class='ocrx_word' id='word_1_692' title='bbox 988 4559 1035 4617; x_wconf 95' lang='lat' dir='ltr'>diu</span> <span class='ocrx_word' id='word_1_693' title='bbox 1049 4575 1103 4616; x_wconf 88' lang='lat' dir='ltr'>noa</span> <span class='ocrx_word' id='word_1_694' title='bbox 1119 4563 1229 4616; x_wconf 88' lang='lat' dir='ltr'>constat</span> <span class='ocrx_word' id='word_1_695' title='bbox 1242 4557 1275 4615; x_wconf 93' lang='lat' dir='ltr'>de</span> <span class='ocrx_word' id='word_1_696' title='bbox 1289 4558 1363 4615; x_wconf 91' lang='lat' dir='ltr'>illius</span> <span class='ocrx_word' id='word_1_697' title='bbox 1379 4559 1665 4630; x_wconf 87' lang='lat' dir='ltr'>mutatione,liberum</span> <span class='ocrx_word' id='word_1_698' title='bbox 1680 4567 1723 4616; x_wconf 90' lang='grc' dir='ltr'>ιιι</span> <span class='ocrx_word' id='word_1_699' title='bbox 1736 4561 1792 4631; x_wconf 91' lang='lat' dir='ltr'>pri-</span> 
     </span>
     <span class='ocr_line' id='line_1_49' title="bbox 150 4648 1793 4724; baseline -0.001 -17"><span class='ocrx_word' id='word_1_700' title='bbox 150 4656 183 4707; x_wconf 92' lang='lat' dir='ltr'>ut</span> <span class='ocrx_word' id='word_1_701' title='bbox 201 4653 225 4706; x_wconf 90' lang='lat' dir='ltr'>si</span> <span class='ocrx_word' id='word_1_702' title='bbox 246 4649 384 4720; x_wconf 91' lang='lat' dir='ltr'>praelatus</span> <span class='ocrx_word' id='word_1_703' title='bbox 404 4649 470 4704; x_wconf 92' lang='lat' dir='ltr'>mibi</span> <span class='ocrx_word' id='word_1_704' title='bbox 484 4648 622 4724; x_wconf 88' lang='lat' dir='ltr'>commisit</span> <span class='ocrx_word' id='word_1_705' title='bbox 636 4649 709 4706; x_wconf 82' lang='lat' dir='ltr'>vices</span> <span class='ocrx_word' id='word_1_706' title='bbox 723 4666 799 4723; x_wconf 89' lang='lat' dir='ltr'>suas,</span> <span class='ocrx_word' id='word_1_707' title='bbox 812 4651 855 4709; x_wconf 87' lang='lat' dir='ltr'>rel</span> <span class='ocrx_word' id='word_1_708' title='bbox 870 4667 954 4708; x_wconf 88' lang='lat' dir='ltr'>casus</span> <span class='ocrx_word' id='word_1_709' title='bbox 989 4648 1126 4721; x_wconf 80' lang='lat' dir='ltr'>allegiario</span> <span class='ocrx_word' id='word_1_710' title='bbox 1146 4654 1253 4705; x_wconf 88' lang='lat' dir='ltr'>mutare</span> <span class='ocrx_word' id='word_1_711' title='bbox 1274 4663 1353 4704; x_wconf 90' lang='lat' dir='ltr'>suam</span> <span class='ocrx_word' id='word_1_712' title='bbox 1372 4649 1557 4720; x_wconf 83' lang='lat' dir='ltr'>voluntatem,</span> <span class='ocrx_word' id='word_1_713' title='bbox 1577 4656 1606 4705; x_wconf 91' lang='grc' dir='ltr'>ιι</span> <span class='ocrx_word' id='word_1_714' title='bbox 1620 4650 1793 4722; x_wconf 81' lang='lat' dir='ltr'>privilegium</span> 
     </span>
     <span class='ocr_line' id='line_1_50' title="bbox 150 4734 1793 4813; baseline -0.001 -18"><span class='ocrx_word' id='word_1_715' title='bbox 150 4739 203 4795; x_wconf 89' lang='lat' dir='ltr'>sibi</span> <span class='ocrx_word' id='word_1_716' title='bbox 221 4745 395 4806; x_wconf 84' lang='lat' dir='ltr'>reservatos,</span> <span class='ocrx_word' id='word_1_717' title='bbox 411 4742 439 4794; x_wconf 92' lang='lat' dir='ltr'>ct</span> <span class='ocrx_word' id='word_1_718' title='bbox 452 4751 503 4809; x_wconf 87' lang='lat' dir='ltr'>ogo</span> <span class='ocrx_word' id='word_1_719' title='bbox 518 4739 661 4810; x_wconf 82' lang='lat' dir='ltr'>acceptari</span> <span class='ocrx_word' id='word_1_720' title='bbox 675 4737 763 4813; x_wconf 91' lang='lat' dir='ltr'>illam,</span> <span class='ocrx_word' id='word_1_721' title='bbox 781 4739 847 4797; x_wconf 89' lang='lat' dir='ltr'>licet</span> <span class='ocrx_word' id='word_1_722' title='bbox 860 4745 956 4811; x_wconf 88' lang='lat' dir='ltr'>postea</span> <span class='ocrx_word' id='word_1_723' title='bbox 990 4743 1146 4809; x_wconf 87' lang='lat' dir='ltr'>acceptare.</span> <span class='ocrx_word' id='word_1_724' title='bbox 1161 4737 1285 4809; x_wconf 78' lang='lat' dir='ltr'>accedit,</span> <span class='ocrx_word' id='word_1_725' title='bbox 1302 4734 1375 4810; x_wconf 92' lang='lat' dir='ltr'>quod</span> <span class='ocrx_word' id='word_1_726' title='bbox 1389 4735 1424 4794; x_wconf 90' lang='lat' dir='ltr'>ad</span> <span class='ocrx_word' id='word_1_727' title='bbox 1438 4737 1607 4808; x_wconf 89' lang='lat' dir='ltr'>superiorem</span> <span class='ocrx_word' id='word_1_728' title='bbox 1621 4753 1669 4809; x_wconf 89' lang='lat' dir='ltr'>per</span> <span class='ocrx_word' id='word_1_729' title='bbox 1685 4755 1715 4794; x_wconf 89' lang='lat' dir='ltr'>so</span> <span class='ocrx_word' id='word_1_730' title='bbox 1729 4753 1793 4810; x_wconf 91' lang='lat' dir='ltr'>per-</span> 
     </span>
     <span class='ocr_line' id='line_1_51' title="bbox 150 4823 1793 4901; baseline 0 -17"><span class='ocrx_word' id='word_1_731' title='bbox 150 4829 267 4884; x_wconf 89' lang='lat' dir='ltr'>babeam</span> <span class='ocrx_word' id='word_1_732' title='bbox 288 4828 436 4899; x_wconf 85' lang='lat' dir='ltr'>allectum,</span> <span class='ocrx_word' id='word_1_733' title='bbox 457 4833 592 4899; x_wconf 92' lang='lat' dir='ltr'>quantum</span> <span class='ocrx_word' id='word_1_734' title='bbox 606 4827 632 4884; x_wconf 91' lang='lat' dir='ltr'>in</span> <span class='ocrx_word' id='word_1_735' title='bbox 646 4845 689 4885; x_wconf 92' lang='lat' dir='ltr'>me</span> <span class='ocrx_word' id='word_1_736' title='bbox 703 4835 756 4899; x_wconf 88' lang='lat' dir='ltr'>est,</span> <span class='ocrx_word' id='word_1_737' title='bbox 771 4829 913 4887; x_wconf 87' lang='lat' dir='ltr'>efficacem</span> <span class='ocrx_word' id='word_1_738' title='bbox 926 4834 956 4886; x_wconf 88' lang='lat' dir='ltr'>et</span> <span class='ocrx_word' id='word_1_739' title='bbox 991 4829 1054 4886; x_wconf 89' lang='lat' dir='ltr'>tinet</span> <span class='ocrx_word' id='word_1_740' title='bbox 1070 4836 1124 4885; x_wconf 94' lang='lat' dir='ltr'>tam</span> <span class='ocrx_word' id='word_1_741' title='bbox 1140 4828 1253 4885; x_wconf 90' lang='lat' dir='ltr'>mulatio</span> <span class='ocrx_word' id='word_1_742' title='bbox 1269 4823 1488 4900; x_wconf 82' lang='lat' dir='ltr'>privilegiorum,</span> <span class='ocrx_word' id='word_1_743' title='bbox 1501 4841 1585 4899; x_wconf 90' lang='lat' dir='ltr'>quam</span> <span class='ocrx_word' id='word_1_744' title='bbox 1599 4827 1753 4901; x_wconf 88' lang='lat' dir='ltr'>concessio,</span> <span class='ocrx_word' id='word_1_745' title='bbox 1765 4833 1793 4884; x_wconf 91' lang='lat' dir='ltr'>et</span> 
     </span>
     <span class='ocr_line' id='line_1_52' title="bbox 151 4914 1793 4991; baseline -0.001 -16"><span class='ocrx_word' id='word_1_746' title='bbox 151 4917 311 4975; x_wconf 88' lang='lat' dir='ltr'>absolutum</span> <span class='ocrx_word' id='word_1_747' title='bbox 324 4915 469 4973; x_wconf 89' lang='lat' dir='ltr'>abdicandi</span> <span class='ocrx_word' id='word_1_748' title='bbox 484 4932 499 4972; x_wconf 91' lang='lat' dir='ltr'>a</span> <span class='ocrx_word' id='word_1_749' title='bbox 514 4933 556 4973; x_wconf 91' lang='lat' dir='ltr'>me</span> <span class='ocrx_word' id='word_1_750' title='bbox 571 4918 652 4974; x_wconf 87' lang='lat' dir='ltr'>talem</span> <span class='ocrx_word' id='word_1_751' title='bbox 665 4919 956 4991; x_wconf 77' lang='lat' dir='ltr'>iurisdietionem‚non</span> <span class='ocrx_word' id='word_1_752' title='bbox 991 4917 1025 4975; x_wconf 90' lang='lat' dir='ltr'>ab</span> <span class='ocrx_word' id='word_1_753' title='bbox 1044 4917 1118 4975; x_wconf 90' lang='lat' dir='ltr'>illius</span> <span class='ocrx_word' id='word_1_754' title='bbox 1139 4931 1277 4975; x_wconf 86' lang='lat' dir='ltr'>consensu</span> <span class='ocrx_word' id='word_1_755' title='bbox 1291 4931 1338 4988; x_wconf 93' lang='lat' dir='ltr'>per</span> <span class='ocrx_word' id='word_1_756' title='bbox 1354 4931 1383 4972; x_wconf 87' lang='lat' dir='ltr'>se</span> <span class='ocrx_word' id='word_1_757' title='bbox 1398 4914 1497 4986; x_wconf 89' lang='lat' dir='ltr'>pendet</span> <span class='ocrx_word' id='word_1_758' title='bbox 1511 4922 1567 4973; x_wconf 91' lang='lat' dir='ltr'>tum</span> <span class='ocrx_word' id='word_1_759' title='bbox 1583 4917 1714 4990; x_wconf 79' lang='lat' dir='ltr'>privilegii</span> <span class='ocrx_word' id='word_1_760' title='bbox 1729 4917 1793 4974; x_wconf 85' lang='lat' dir='ltr'>elle-</span> 
     </span>
     <span class='ocr_line' id='line_1_53' title="bbox 152 5004 1795 5084; baseline 0 -21"><span class='ocrx_word' id='word_1_761' title='bbox 152 5008 248 5084; x_wconf 85' lang='lat' dir='ltr'>priror</span> <span class='ocrx_word' id='word_1_762' title='bbox 263 5005 325 5080; x_wconf 92' lang='lat' dir='ltr'>illa,</span> <span class='ocrx_word' id='word_1_763' title='bbox 347 5005 395 5064; x_wconf 89' lang='lat' dir='ltr'>sed</span> <span class='ocrx_word' id='word_1_764' title='bbox 409 5012 514 5064; x_wconf 87' lang='lat' dir='ltr'>mutata</span> <span class='ocrx_word' id='word_1_765' title='bbox 528 5006 684 5080; x_wconf 89' lang='lat' dir='ltr'>voluntate,</span> <span class='ocrx_word' id='word_1_766' title='bbox 700 5025 814 5081; x_wconf 92' lang='lat' dir='ltr'>possum</span> <span class='ocrx_word' id='word_1_767' title='bbox 827 5015 855 5066; x_wconf 91' lang='lat' dir='ltr'>et</span> <span class='ocrx_word' id='word_1_768' title='bbox 868 5009 955 5066; x_wconf 80' lang='lat' dir='ltr'>aalide</span> <span class='ocrx_word' id='word_1_769' title='bbox 991 5013 1133 5078; x_wconf 91' lang='lat' dir='ltr'>ctus,tum</span> <span class='ocrx_word' id='word_1_770' title='bbox 1146 5007 1230 5063; x_wconf 89' lang='lat' dir='ltr'>etiam</span> <span class='ocrx_word' id='word_1_771' title='bbox 1243 5005 1358 5063; x_wconf 86' lang='lat' dir='ltr'>allectus</span> <span class='ocrx_word' id='word_1_772' title='bbox 1369 5004 1507 5079; x_wconf 87' lang='lat' dir='ltr'>privilegio</span> <span class='ocrx_word' id='word_1_773' title='bbox 1519 5006 1685 5063; x_wconf 89' lang='lat' dir='ltr'>contrarius.</span> <span class='ocrx_word' id='word_1_774' title='bbox 1695 5009 1734 5063; x_wconf 87' lang='lat' dir='ltr'>lto</span> <span class='ocrx_word' id='word_1_775' title='bbox 1747 5005 1795 5063; x_wconf 90' lang='grc' dir='ltr'>ιι-</span> 
     </span>
     <span class='ocr_line' id='line_1_54' title="bbox 151 5092 1793 5169; baseline -0.001 -15"><span class='ocrx_word' id='word_1_776' title='bbox 151 5103 181 5154; x_wconf 85' lang='grc' dir='ltr'>ιι</span> <span class='ocrx_word' id='word_1_777' title='bbox 201 5097 274 5153; x_wconf 90' lang='grc' dir='ltr'>ιιιιιι</span> <span class='ocrx_word' id='word_1_778' title='bbox 288 5095 332 5150; x_wconf 91' lang='lat' dir='ltr'>illa</span> <span class='ocrx_word' id='word_1_779' title='bbox 348 5097 398 5152; x_wconf 91' lang='lat' dir='ltr'>uti.</span> <span class='ocrx_word' id='word_1_780' title='bbox 415 5096 484 5164; x_wconf 83' lang='lat' dir='ltr'>Quia</span> <span class='ocrx_word' id='word_1_781' title='bbox 498 5095 549 5152; x_wconf 90' lang='lat' dir='ltr'>iam</span> <span class='ocrx_word' id='word_1_782' title='bbox 566 5095 610 5152; x_wconf 90' lang='lat' dir='ltr'>illa</span> <span class='ocrx_word' id='word_1_783' title='bbox 623 5096 776 5154; x_wconf 89' lang='lat' dir='ltr'>iurisdictio</span> <span class='ocrx_word' id='word_1_784' title='bbox 791 5114 843 5156; x_wconf 92' lang='lat' dir='ltr'>noa</span> <span class='ocrx_word' id='word_1_785' title='bbox 857 5097 958 5169; x_wconf 90' lang='lat' dir='ltr'>pendet</span> <span class='ocrx_word' id='word_1_786' title='bbox 990 5098 1073 5169; x_wconf 90' lang='lat' dir='ltr'>nique</span> <span class='ocrx_word' id='word_1_787' title='bbox 1098 5097 1133 5153; x_wconf 90' lang='lat' dir='ltr'>ita</span> <span class='ocrx_word' id='word_1_788' title='bbox 1156 5092 1266 5166; x_wconf 84' lang='lat' dir='ltr'>expedit</span> <span class='ocrx_word' id='word_1_789' title='bbox 1283 5093 1418 5150; x_wconf 87' lang='lat' dir='ltr'>humanae</span> <span class='ocrx_word' id='word_1_790' title='bbox 1438 5094 1638 5167; x_wconf 81' lang='lat' dir='ltr'>gubernationi.</span> <span class='ocrx_word' id='word_1_791' title='bbox 1661 5101 1690 5150; x_wconf 91' lang='lat' dir='ltr'>ut</span> <span class='ocrx_word' id='word_1_792' title='bbox 1703 5098 1793 5154; x_wconf 89' lang='lat' dir='ltr'>omnia</span> 
     </span>
     <span class='ocr_line' id='line_1_55' title="bbox 154 5183 1794 5270; baseline -0.002 -25"><span class='ocrx_word' id='word_1_793' title='bbox 154 5189 181 5245; x_wconf 89' lang='lat' dir='ltr'>in</span> <span class='ocrx_word' id='word_1_794' title='bbox 197 5202 249 5243; x_wconf 90' lang='lat' dir='ltr'>suo</span> <span class='ocrx_word' id='word_1_795' title='bbox 264 5197 323 5241; x_wconf 84' lang='lat' dir='ltr'>esse</span> <span class='ocrx_word' id='word_1_796' title='bbox 338 5201 353 5240; x_wconf 91' lang='lat' dir='ltr'>a</span> <span class='ocrx_word' id='word_1_797' title='bbox 367 5187 528 5256; x_wconf 89' lang='lat' dir='ltr'>recipiente,</span> <span class='ocrx_word' id='word_1_798' title='bbox 538 5183 585 5240; x_wconf 88' lang='grc' dir='ltr'>ιιι</span> <span class='ocrx_word' id='word_1_799' title='bbox 600 5200 615 5240; x_wconf 90' lang='lat' dir='ltr'>a</span> <span class='ocrx_word' id='word_1_800' title='bbox 629 5183 809 5259; x_wconf 88' lang='lat' dir='ltr'>concedente,</span> <span class='ocrx_word' id='word_1_801' title='bbox 819 5201 868 5244; x_wconf 91' lang='lat' dir='ltr'>seu</span> <span class='ocrx_word' id='word_1_802' title='bbox 883 5185 956 5243; x_wconf 87' lang='lat' dir='ltr'>delc-</span> <span class='ocrx_word' id='word_1_803' title='bbox 975 5185 1116 5243; x_wconf 69' lang='lat' dir='ltr'>ordinate</span> <span class='ocrx_word' id='word_1_804' title='bbox 1128 5186 1277 5242; x_wconf 81' lang='lat' dir='ltr'>deotliaec</span> <span class='ocrx_word' id='word_1_805' title='bbox 1289 5189 1381 5242; x_wconf 92' lang='lat' dir='ltr'>autem</span> <span class='ocrx_word' id='word_1_806' title='bbox 1393 5184 1570 5243; x_wconf 87' lang='lat' dir='ltr'>consedentis</span> <span class='ocrx_word' id='word_1_807' title='bbox 1582 5185 1733 5270; x_wconf 80' lang='lat' dir='ltr'>acceptatio</span> <span class='ocrx_word' id='word_1_808' title='bbox 1746 5187 1794 5245; x_wconf 89' lang='lat' dir='ltr'>tri-</span> 
     </span>
    </p>
   </div>
   <div class='ocr_carea' id='block_1_5' title="bbox 234 5289 1576 5348">
    <p class='ocr_par' dir='ltr' id='par_1_5' title="bbox 234 5289 1576 5348">
     <span class='ocr_line' id='line_1_56' title="bbox 234 5289 1576 5348; baseline -0.001 -10"><span class='ocrx_word' id='word_1_809' title='bbox 234 5293 332 5344; x_wconf 78' lang='lat' dir='ltr'>susam,</span> <span class='ocrx_word' id='word_1_810' title='bbox 347 5289 620 5348; x_wconf 73' lang='lat' dir='ltr'>delegitur-Persii.</span> <span class='ocrx_word' id='word_1_811' title='bbox 1547 5289 1576 5336; x_wconf 85' lang='lat' dir='ltr'>et</span> 
     </span>
    </p>
   </div>
   <div class='ocr_carea' id='block_1_6' title="bbox 0 0 2146 6212">
    <p class='ocr_par' dir='ltr' id='par_1_6' title="bbox 0 0 2146 6212">
     <span class='ocr_line' id='line_1_57' title="bbox 0 0 2146 6212; baseline 0 0"><span class='ocrx_word' id='word_1_812' title='bbox 0 0 2146 6212; x_wconf 95' lang='lat' dir='ltr'> </span> 
     </span>
    </p>
   </div>
  </div>
 </body>
</html>
