<?xml version="1.0" encoding="UTF-8"?>
<!DOCTYPE html PUBLIC "-//W3C//DTD XHTML 1.0 Transitional//EN"
    "http://www.w3.org/TR/xhtml1/DTD/xhtml1-transitional.dtd">
<html xmlns="http://www.w3.org/1999/xhtml" xml:lang="en" lang="en">
 <head>
  <title>
</title>
<meta http-equiv="Content-Type" content="text/html;charset=utf-8" />
  <meta name='ocr-system' content='tesseract 3.04.00' />
  <meta name='ocr-capabilities' content='ocr_page ocr_carea ocr_par ocr_line ocrx_word'/>
</head>
<body>
  <div class='ocr_page' id='page_1' title='image "./tractatusdelegi00sugoog_0530.png"; bbox 0 0 4260 6222; ppageno 0'>
   <div class='ocr_carea' id='block_1_1' title="bbox 834 391 1726 456">
    <p class='ocr_par' dir='ltr' id='par_1_1' title="bbox 834 391 1726 456">
     <span class='ocr_line' id='line_1_1' title="bbox 834 391 1726 456; baseline 0.002 -2"><span class='ocrx_word' id='word_1_1' title='bbox 834 402 1079 454; x_wconf 78' lang='lat' dir='ltr'><strong>mnuaxxuvs.</strong></span> <span class='ocrx_word' id='word_1_2' title='bbox 1667 391 1726 456; x_wconf 78' lang='lat' dir='ltr'><strong>ant</strong></span> 
     </span>
    </p>
   </div>
   <div class='ocr_carea' id='block_1_2' title="bbox 127 525 1774 4284">
    <p class='ocr_par' dir='ltr' id='par_1_2' title="bbox 127 525 1774 4284">
     <span class='ocr_line' id='line_1_2' title="bbox 129 525 1770 608; baseline 0.003 -20"><span class='ocrx_word' id='word_1_3' title='bbox 129 534 176 590; x_wconf 80' lang='lat' dir='ltr'><strong>lini</strong></span> <span class='ocrx_word' id='word_1_4' title='bbox 191 531 336 606; x_wconf 86' lang='lat' dir='ltr'><strong>privilegii,</strong></span> <span class='ocrx_word' id='word_1_5' title='bbox 349 547 397 588; x_wconf 87' lang='lat' dir='ltr'><strong>seu</strong></span> <span class='ocrx_word' id='word_1_6' title='bbox 412 526 530 588; x_wconf 74' lang='lat' dir='ltr'><strong>destruit</strong></span> <span class='ocrx_word' id='word_1_7' title='bbox 543 527 751 588; x_wconf 83' lang='lat' dir='ltr'><strong>tundamentum</strong></span> <span class='ocrx_word' id='word_1_8' title='bbox 766 527 839 602; x_wconf 85' lang='lat' dir='ltr'><strong>elus,</strong></span> <span class='ocrx_word' id='word_1_9' title='bbox 854 529 877 584; x_wconf 87' lang='lat' dir='ltr'><strong>si</strong></span> <span class='ocrx_word' id='word_1_10' title='bbox 891 527 937 584; x_wconf 90' lang='lat' dir='ltr'><strong>be·</strong></span> <span class='ocrx_word' id='word_1_11' title='bbox 1015 533 1041 587; x_wconf 82' lang='lat'><strong>5.</strong></span> <span class='ocrx_word' id='word_1_12' title='bbox 1056 529 1136 587; x_wconf 84' lang='lat' dir='ltr'><strong>Circa</strong></span> <span class='ocrx_word' id='word_1_13' title='bbox 1149 525 1318 602; x_wconf 86' lang='lat' dir='ltr'><strong>secundum,</strong></span> <span class='ocrx_word' id='word_1_14' title='bbox 1335 547 1407 606; x_wconf 88' lang='lat' dir='ltr'><strong>quae</strong></span> <span class='ocrx_word' id='word_1_15' title='bbox 1420 531 1527 592; x_wconf 88' lang='lat' dir='ltr'><strong>scilieet</strong></span> <span class='ocrx_word' id='word_1_16' title='bbox 1539 535 1649 594; x_wconf 86' lang='lat' dir='ltr'><strong>amissio</strong></span> <span class='ocrx_word' id='word_1_17' title='bbox 1662 535 1770 608; x_wconf 89' lang='lat' dir='ltr'><strong>privile·</strong></span> 
     </span>
     <span class='ocr_line' id='line_1_3' title="bbox 128 618 1770 703; baseline 0.001 -23"><span class='ocrx_word' id='word_1_18' title='bbox 128 618 934 703; x_wconf 85' lang='lat' dir='ltr'><strong>nebcistusprivilegiatos,utsitabsenspropterstudium,</strong></span> <span class='ocrx_word' id='word_1_19' title='bbox 972 621 1010 694; x_wconf 90' lang='lat' dir='ltr'><strong>gli</strong></span> <span class='ocrx_word' id='word_1_20' title='bbox 1031 619 1188 680; x_wconf 76' lang='lat' dir='ltr'><strong>incurratur</strong></span> <span class='ocrx_word' id='word_1_21' title='bbox 1208 637 1257 694; x_wconf 91' lang='lat' dir='ltr'><strong>per</strong></span> <span class='ocrx_word' id='word_1_22' title='bbox 1278 621 1396 681; x_wconf 82' lang='lat' dir='ltr'><strong>aborsum</strong></span> <span class='ocrx_word' id='word_1_23' title='bbox 1410 625 1485 696; x_wconf 89' lang='lat' dir='ltr'><strong>eius,</strong></span> <span class='ocrx_word' id='word_1_24' title='bbox 1501 623 1613 682; x_wconf 75' lang='lat' dir='ltr'><strong>adverto</strong></span> <span class='ocrx_word' id='word_1_25' title='bbox 1628 642 1692 682; x_wconf 90' lang='lat' dir='ltr'><strong>curn</strong></span> <span class='ocrx_word' id='word_1_26' title='bbox 1707 641 1770 698; x_wconf 91' lang='lat' dir='ltr'><strong>pro·</strong></span> 
     </span>
     <span class='ocr_line' id='line_1_4' title="bbox 127 707 1770 788; baseline 0.003 -19"><span class='ocrx_word' id='word_1_27' title='bbox 127 713 233 770; x_wconf 88' lang='lat' dir='ltr'><strong>dicitur</strong></span> <span class='ocrx_word' id='word_1_28' title='bbox 247 713 322 771; x_wconf 91' lang='lat' dir='ltr'><strong>abuti</strong></span> <span class='ocrx_word' id='word_1_29' title='bbox 337 711 485 785; x_wconf 80' lang='lat' dir='ltr'><strong>privilegi05</strong></span> <span class='ocrx_word' id='word_1_30' title='bbox 503 709 613 782; x_wconf 89' lang='lat' dir='ltr'><strong>quando</strong></span> <span class='ocrx_word' id='word_1_31' title='bbox 628 708 752 780; x_wconf 89' lang='lat' dir='ltr'><strong>neglecto</strong></span> <span class='ocrx_word' id='word_1_32' title='bbox 766 707 935 781; x_wconf 87' lang='lat' dir='ltr'><strong>studio,aliis</strong></span> <span class='ocrx_word' id='word_1_33' title='bbox 970 712 1097 784; x_wconf 77' lang='lat' dir='ltr'><strong>portione</strong></span> <span class='ocrx_word' id='word_1_34' title='bbox 1112 710 1204 769; x_wconf 91' lang='lat' dir='ltr'><strong>addita</strong></span> <span class='ocrx_word' id='word_1_35' title='bbox 1217 712 1243 768; x_wconf 92' lang='lat' dir='ltr'><strong>in</strong></span> <span class='ocrx_word' id='word_1_36' title='bbox 1257 713 1431 784; x_wconf 85' lang='lat' dir='ltr'><strong>praecedenti</strong></span> <span class='ocrx_word' id='word_1_37' title='bbox 1445 715 1543 788; x_wconf 90' lang='lat' dir='ltr'><strong>capite,</strong></span> <span class='ocrx_word' id='word_1_38' title='bbox 1555 715 1694 788; x_wconf 90' lang='lat' dir='ltr'><strong>duplicem</strong></span> <span class='ocrx_word' id='word_1_39' title='bbox 1708 730 1770 774; x_wconf 81' lang='lat' dir='ltr'><strong>csse</strong></span> 
     </span>
     <span class='ocr_line' id='line_1_5' title="bbox 129 797 1770 876; baseline 0.003 -18"><span class='ocrx_word' id='word_1_40' title='bbox 129 803 273 860; x_wconf 90' lang='lat' dir='ltr'><strong>inutilibus</strong></span> <span class='ocrx_word' id='word_1_41' title='bbox 297 801 451 858; x_wconf 76' lang='lat' dir='ltr'><strong>actionibus</strong></span> <span class='ocrx_word' id='word_1_42' title='bbox 475 805 642 871; x_wconf 85' lang='lat' dir='ltr'><strong>occupatur.</strong></span> <span class='ocrx_word' id='word_1_43' title='bbox 668 799 704 856; x_wconf 88' lang='lat' dir='ltr'><strong>Et</strong></span> <span class='ocrx_word' id='word_1_44' title='bbox 727 797 760 854; x_wconf 93' lang='lat' dir='ltr'><strong>ad</strong></span> <span class='ocrx_word' id='word_1_45' title='bbox 787 797 856 856; x_wconf 91' lang='lat' dir='ltr'><strong>baec</strong></span> <span class='ocrx_word' id='word_1_46' title='bbox 883 800 936 856; x_wconf 87' lang='lat' dir='ltr'><strong>tria</strong></span> <span class='ocrx_word' id='word_1_47' title='bbox 971 817 1051 874; x_wconf 90' lang='lat' dir='ltr'><strong>posse</strong></span> <span class='ocrx_word' id='word_1_48' title='bbox 1073 801 1205 875; x_wconf 89' lang='lat' dir='ltr'><strong>privilegii</strong></span> <span class='ocrx_word' id='word_1_49' title='bbox 1225 803 1415 876; x_wconf 87' lang='lat' dir='ltr'><strong>amissionem,</strong></span> <span class='ocrx_word' id='word_1_50' title='bbox 1432 804 1546 862; x_wconf 69' lang='lat' dir='ltr'><strong>alutam</strong></span> <span class='ocrx_word' id='word_1_51' title='bbox 1560 804 1722 873; x_wconf 84' lang='lat' dir='ltr'><strong>radicalem,</strong></span> <span class='ocrx_word' id='word_1_52' title='bbox 1739 812 1770 863; x_wconf 92' lang='lat' dir='ltr'><strong>ut</strong></span> 
     </span>
     <span class='ocr_line' id='line_1_6' title="bbox 128 886 1770 966; baseline 0.001 -16"><span class='ocrx_word' id='word_1_53' title='bbox 128 892 254 950; x_wconf 89' lang='lat' dir='ltr'><strong>membra</strong></span> <span class='ocrx_word' id='word_1_54' title='bbox 269 891 396 949; x_wconf 87' lang='lat' dir='ltr'><strong>videntur</strong></span> <span class='ocrx_word' id='word_1_55' title='bbox 410 905 492 963; x_wconf 90' lang='lat' dir='ltr'><strong>posse</strong></span> <span class='ocrx_word' id='word_1_56' title='bbox 509 889 606 947; x_wconf 88' lang='lat' dir='ltr'><strong>reduci</strong></span> <span class='ocrx_word' id='word_1_57' title='bbox 624 903 718 946; x_wconf 90' lang='lat' dir='ltr'><strong>omnes</strong></span> <span class='ocrx_word' id='word_1_58' title='bbox 732 886 935 962; x_wconf 85' lang='lat' dir='ltr'><strong>privilegiorum</strong></span> <span class='ocrx_word' id='word_1_59' title='bbox 970 891 1011 948; x_wconf 88' lang='lat' dir='ltr'><strong>sic</strong></span> <span class='ocrx_word' id='word_1_60' title='bbox 1026 891 1132 964; x_wconf 88' lang='lat' dir='ltr'><strong>dicam,</strong></span> <span class='ocrx_word' id='word_1_61' title='bbox 1149 898 1180 949; x_wconf 93' lang='lat' dir='ltr'><strong>ut</strong></span> <span class='ocrx_word' id='word_1_62' title='bbox 1193 892 1303 966; x_wconf 86' lang='lat' dir='ltr'><strong>quaudo</strong></span> <span class='ocrx_word' id='word_1_63' title='bbox 1320 893 1410 966; x_wconf 88' lang='lat' dir='ltr'><strong>ipsum</strong></span> <span class='ocrx_word' id='word_1_64' title='bbox 1425 896 1467 951; x_wconf 86' lang='lat' dir='ltr'><strong>ius</strong></span> <span class='ocrx_word' id='word_1_65' title='bbox 1483 894 1574 952; x_wconf 87' lang='lat' dir='ltr'><strong>utendi</strong></span> <span class='ocrx_word' id='word_1_66' title='bbox 1589 896 1671 953; x_wconf 89' lang='lat' dir='ltr'><strong>etiam</strong></span> <span class='ocrx_word' id='word_1_67' title='bbox 1686 897 1713 952; x_wconf 92' lang='lat' dir='ltr'><strong>in</strong></span> <span class='ocrx_word' id='word_1_68' title='bbox 1727 896 1770 952; x_wconf 91' lang='lat' dir='ltr'><strong>ln·</strong></span> 
     </span>
     <span class='ocr_line' id='line_1_7' title="bbox 129 982 1771 1057; baseline 0.001 -17"><span class='ocrx_word' id='word_1_69' title='bbox 129 983 246 1041; x_wconf 88' lang='lat' dir='ltr'><strong>abusus.</strong></span> <span class='ocrx_word' id='word_1_70' title='bbox 970 988 1065 1040; x_wconf 90' lang='lat' dir='ltr'><strong>turum</strong></span> <span class='ocrx_word' id='word_1_71' title='bbox 1085 982 1235 1056; x_wconf 89' lang='lat' dir='ltr'><strong>amittitur,</strong></span> <span class='ocrx_word' id='word_1_72' title='bbox 1251 983 1307 1040; x_wconf 75' lang='lat' dir='ltr'><strong>siae</strong></span> <span class='ocrx_word' id='word_1_73' title='bbox 1322 983 1493 1057; x_wconf 87' lang='lat' dir='ltr'><strong>privilegium</strong></span> <span class='ocrx_word' id='word_1_74' title='bbox 1507 987 1532 1041; x_wconf 89' lang='lat' dir='ltr'><strong>in</strong></span> <span class='ocrx_word' id='word_1_75' title='bbox 1549 990 1609 1042; x_wconf 89' lang='lat' dir='ltr'><strong>toto</strong></span> <span class='ocrx_word' id='word_1_76' title='bbox 1622 1001 1672 1042; x_wconf 91' lang='lat' dir='ltr'><strong>sua</strong></span> <span class='ocrx_word' id='word_1_77' title='bbox 1686 993 1771 1042; x_wconf 86' lang='lat' dir='ltr'><strong>mate·</strong></span> 
     </span>
     <span class='ocr_line' id='line_1_8' title="bbox 171 1067 1770 1150; baseline 0.001 -19"><span class='ocrx_word' id='word_1_78' title='bbox 171 1079 200 1131; x_wconf 84' lang='lat' dir='ltr'><strong>l.</strong></span> <span class='ocrx_word' id='word_1_79' title='bbox 211 1070 361 1130; x_wconf 84' lang='lat' dir='ltr'><strong>Dicendum</strong></span> <span class='ocrx_word' id='word_1_80' title='bbox 370 1085 437 1143; x_wconf 90' lang='lat' dir='ltr'><strong>ergo</strong></span> <span class='ocrx_word' id='word_1_81' title='bbox 448 1075 501 1142; x_wconf 90' lang='lat' dir='ltr'><strong>est,</strong></span> <span class='ocrx_word' id='word_1_82' title='bbox 510 1069 633 1143; x_wconf 90' lang='lat' dir='ltr'><strong>regulam</strong></span> <span class='ocrx_word' id='word_1_83' title='bbox 644 1070 763 1141; x_wconf 91' lang='lat' dir='ltr'><strong>positam</strong></span> <span class='ocrx_word' id='word_1_84' title='bbox 773 1067 936 1140; x_wconf 90' lang='lat' dir='ltr'><strong>generaliter</strong></span> <span class='ocrx_word' id='word_1_85' title='bbox 970 1072 1012 1129; x_wconf 88' lang='lat' dir='ltr'><strong>ria</strong></span> <span class='ocrx_word' id='word_1_86' title='bbox 1034 1074 1189 1143; x_wconf 88' lang='lat' dir='ltr'><strong>emittatur,</strong></span> <span class='ocrx_word' id='word_1_87' title='bbox 1210 1074 1266 1130; x_wconf 83' lang='lat' dir='ltr'><strong>sive</strong></span> <span class='ocrx_word' id='word_1_88' title='bbox 1281 1074 1307 1129; x_wconf 92' lang='lat' dir='ltr'><strong>in</strong></span> <span class='ocrx_word' id='word_1_89' title='bbox 1323 1073 1413 1147; x_wconf 89' lang='lat' dir='ltr'><strong>aliqua</strong></span> <span class='ocrx_word' id='word_1_90' title='bbox 1428 1081 1505 1146; x_wconf 88' lang='lat' dir='ltr'><strong>parte</strong></span> <span class='ocrx_word' id='word_1_91' title='bbox 1518 1075 1606 1146; x_wconf 88' lang='lat' dir='ltr'><strong>illios;</strong></span> <span class='ocrx_word' id='word_1_92' title='bbox 1624 1082 1770 1150; x_wconf 89' lang='lat' dir='ltr'><strong>utramque</strong></span> 
     </span>
     <span class='ocr_line' id='line_1_9' title="bbox 129 1157 1771 1236; baseline 0.001 -16"><span class='ocrx_word' id='word_1_93' title='bbox 129 1181 194 1221; x_wconf 87' lang='lat' dir='ltr'><strong>esse</strong></span> <span class='ocrx_word' id='word_1_94' title='bbox 212 1161 413 1236; x_wconf 88' lang='lat' dir='ltr'><strong>intelligendam</strong></span> <span class='ocrx_word' id='word_1_95' title='bbox 433 1160 466 1217; x_wconf 89' lang='lat' dir='ltr'><strong>de</strong></span> <span class='ocrx_word' id='word_1_96' title='bbox 487 1175 666 1234; x_wconf 90' lang='lat' dir='ltr'><strong>quocumque</strong></span> <span class='ocrx_word' id='word_1_97' title='bbox 680 1158 770 1216; x_wconf 92' lang='lat' dir='ltr'><strong>abusu</strong></span> <span class='ocrx_word' id='word_1_98' title='bbox 784 1157 933 1230; x_wconf 87' lang='lat' dir='ltr'><strong>privilegii,</strong></span> <span class='ocrx_word' id='word_1_99' title='bbox 970 1163 1043 1219; x_wconf 89' lang='lat' dir='ltr'><strong>enim</strong></span> <span class='ocrx_word' id='word_1_100' title='bbox 1056 1161 1231 1219; x_wconf 88' lang='lat' dir='ltr'><strong>amissionem</strong></span> <span class='ocrx_word' id='word_1_101' title='bbox 1244 1178 1318 1220; x_wconf 92' lang='lat' dir='ltr'><strong>nunc</strong></span> <span class='ocrx_word' id='word_1_102' title='bbox 1333 1178 1403 1220; x_wconf 91' lang='lat' dir='ltr'><strong>voco</strong></span> <span class='ocrx_word' id='word_1_103' title='bbox 1415 1163 1573 1236; x_wconf 85' lang='lat' dir='ltr'><strong>radicalem,</strong></span> <span class='ocrx_word' id='word_1_104' title='bbox 1586 1180 1635 1222; x_wconf 90' lang='lat' dir='ltr'><strong>seu</strong></span> <span class='ocrx_word' id='word_1_105' title='bbox 1647 1166 1771 1222; x_wconf 86' lang='lat' dir='ltr'><strong>amissio·</strong></span> 
     </span>
     <span class='ocr_line' id='line_1_10' title="bbox 133 1247 1770 1327; baseline 0 -15"><span class='ocrx_word' id='word_1_106' title='bbox 133 1263 194 1312; x_wconf 89' lang='lat' dir='ltr'><strong>turn</strong></span> <span class='ocrx_word' id='word_1_107' title='bbox 208 1254 274 1326; x_wconf 90' lang='lat' dir='ltr'><strong>quia</strong></span> <span class='ocrx_word' id='word_1_108' title='bbox 286 1255 326 1309; x_wconf 89' lang='lat' dir='ltr'><strong>ita</strong></span> <span class='ocrx_word' id='word_1_109' title='bbox 339 1249 522 1308; x_wconf 90' lang='lat' dir='ltr'><strong>communiter</strong></span> <span class='ocrx_word' id='word_1_110' title='bbox 535 1249 641 1307; x_wconf 86' lang='lat' dir='ltr'><strong>videtur</strong></span> <span class='ocrx_word' id='word_1_111' title='bbox 653 1265 667 1306; x_wconf 94' lang='lat' dir='ltr'><strong>a</strong></span> <span class='ocrx_word' id='word_1_112' title='bbox 679 1247 840 1306; x_wconf 87' lang='lat' dir='ltr'><strong>doctoribus</strong></span> <span class='ocrx_word' id='word_1_113' title='bbox 855 1247 933 1304; x_wconf 92' lang='lat' dir='ltr'><strong>intel·</strong></span> <span class='ocrx_word' id='word_1_114' title='bbox 969 1267 1030 1308; x_wconf 88' lang='lat' dir='ltr'><strong>nem</strong></span> <span class='ocrx_word' id='word_1_115' title='bbox 1045 1252 1217 1324; x_wconf 88' lang='lat' dir='ltr'><strong>simpliciter:</strong></span> <span class='ocrx_word' id='word_1_116' title='bbox 1234 1252 1286 1309; x_wconf 86' lang='lat' dir='ltr'><strong>alio</strong></span> <span class='ocrx_word' id='word_1_117' title='bbox 1297 1253 1378 1310; x_wconf 92' lang='lat' dir='ltr'><strong>modo</strong></span> <span class='ocrx_word' id='word_1_118' title='bbox 1390 1254 1501 1325; x_wconf 79' lang='lat' dir='ltr'><strong>intelligi</strong></span> <span class='ocrx_word' id='word_1_119' title='bbox 1515 1259 1612 1326; x_wconf 89' lang='lat' dir='ltr'><strong>potest,</strong></span> <span class='ocrx_word' id='word_1_120' title='bbox 1622 1255 1706 1311; x_wconf 90' lang='lat' dir='ltr'><strong>amitti</strong></span> <span class='ocrx_word' id='word_1_121' title='bbox 1717 1256 1770 1327; x_wconf 92' lang='lat' dir='ltr'><strong>pri·</strong></span> 
     </span>
     <span class='ocr_line' id='line_1_11' title="bbox 131 1337 1770 1420; baseline 0.001 -19"><span class='ocrx_word' id='word_1_122' title='bbox 131 1346 191 1420; x_wconf 89' lang='lat' dir='ltr'><strong>ligi.</strong></span> <span class='ocrx_word' id='word_1_123' title='bbox 210 1345 280 1401; x_wconf 83' lang='lat' dir='ltr'><strong>Turn</strong></span> <span class='ocrx_word' id='word_1_124' title='bbox 300 1343 381 1400; x_wconf 87' lang='lat' dir='ltr'><strong>etiam</strong></span> <span class='ocrx_word' id='word_1_125' title='bbox 402 1342 467 1416; x_wconf 88' lang='lat' dir='ltr'><strong>quia</strong></span> <span class='ocrx_word' id='word_1_126' title='bbox 488 1341 570 1397; x_wconf 90' lang='lat' dir='ltr'><strong>verba</strong></span> <span class='ocrx_word' id='word_1_127' title='bbox 584 1340 651 1396; x_wconf 92' lang='lat' dir='ltr'><strong>iuris</strong></span> <span class='ocrx_word' id='word_1_128' title='bbox 666 1345 731 1395; x_wconf 91' lang='lat' dir='ltr'><strong>sunt</strong></span> <span class='ocrx_word' id='word_1_129' title='bbox 745 1337 870 1394; x_wconf 90' lang='lat' dir='ltr'><strong>absoluta</strong></span> <span class='ocrx_word' id='word_1_130' title='bbox 884 1381 891 1408; x_wconf 98' lang='lat'><strong>,</strong></span> <span class='ocrx_word' id='word_1_131' title='bbox 906 1345 935 1394; x_wconf 89' lang='lat' dir='ltr'><strong>et</strong></span> <span class='ocrx_word' id='word_1_132' title='bbox 969 1341 1098 1414; x_wconf 79' lang='lat' dir='ltr'><strong>vilegium</strong></span> <span class='ocrx_word' id='word_1_133' title='bbox 1113 1341 1202 1398; x_wconf 90' lang='lat' dir='ltr'><strong>solutu</strong></span> <span class='ocrx_word' id='word_1_134' title='bbox 1215 1344 1242 1398; x_wconf 91' lang='lat' dir='ltr'><strong>in</strong></span> <span class='ocrx_word' id='word_1_135' title='bbox 1258 1344 1415 1414; x_wconf 73' lang='lat' dir='ltr'><strong>praesenti,</strong></span> <span class='ocrx_word' id='word_1_136' title='bbox 1431 1344 1557 1401; x_wconf 89' lang='lat' dir='ltr'><strong>nimirum</strong></span> <span class='ocrx_word' id='word_1_137' title='bbox 1572 1345 1662 1417; x_wconf 90' lang='lat' dir='ltr'><strong>quoad</strong></span> <span class='ocrx_word' id='word_1_138' title='bbox 1677 1347 1770 1402; x_wconf 85' lang='lat' dir='ltr'><strong>netum</strong></span> 
     </span>
     <span class='ocr_line' id='line_1_12' title="bbox 131 1427 1771 1506; baseline -0.001 -14"><span class='ocrx_word' id='word_1_139' title='bbox 131 1453 187 1494; x_wconf 90' lang='lat' dir='ltr'><strong>non</strong></span> <span class='ocrx_word' id='word_1_140' title='bbox 203 1435 303 1492; x_wconf 89' lang='lat' dir='ltr'><strong>debent</strong></span> <span class='ocrx_word' id='word_1_141' title='bbox 321 1450 337 1489; x_wconf 90' lang='lat' dir='ltr'><strong>a</strong></span> <span class='ocrx_word' id='word_1_142' title='bbox 356 1431 433 1490; x_wconf 92' lang='lat' dir='ltr'><strong>nobis</strong></span> <span class='ocrx_word' id='word_1_143' title='bbox 452 1430 577 1499; x_wconf 89' lang='lat' dir='ltr'><strong>limitari,</strong></span> <span class='ocrx_word' id='word_1_144' title='bbox 593 1445 660 1486; x_wconf 87' lang='lat' dir='ltr'><strong>cona</strong></span> <span class='ocrx_word' id='word_1_145' title='bbox 676 1444 770 1485; x_wconf 90' lang='lat' dir='ltr'><strong>omnes</strong></span> <span class='ocrx_word' id='word_1_146' title='bbox 786 1427 823 1484; x_wconf 91' lang='lat' dir='ltr'><strong>illi</strong></span> <span class='ocrx_word' id='word_1_147' title='bbox 837 1443 934 1485; x_wconf 88' lang='lat' dir='ltr'><strong>exces-</strong></span> <span class='ocrx_word' id='word_1_148' title='bbox 970 1430 1064 1501; x_wconf 86' lang='lat' dir='ltr'><strong>illum,</strong></span> <span class='ocrx_word' id='word_1_149' title='bbox 1080 1431 1127 1504; x_wconf 94' lang='lat' dir='ltr'><strong>qui</strong></span> <span class='ocrx_word' id='word_1_150' title='bbox 1142 1431 1171 1487; x_wconf 90' lang='lat' dir='ltr'><strong>lit</strong></span> <span class='ocrx_word' id='word_1_151' title='bbox 1184 1445 1249 1487; x_wconf 88' lang='lat' dir='ltr'><strong>cuna</strong></span> <span class='ocrx_word' id='word_1_152' title='bbox 1264 1432 1351 1488; x_wconf 89' lang='lat' dir='ltr'><strong>abusu</strong></span> <span class='ocrx_word' id='word_1_153' title='bbox 1366 1432 1510 1504; x_wconf 87' lang='lat' dir='ltr'><strong>privilegii,</strong></span> <span class='ocrx_word' id='word_1_154' title='bbox 1526 1435 1591 1506; x_wconf 93' lang='lat' dir='ltr'><strong>quia</strong></span> <span class='ocrx_word' id='word_1_155' title='bbox 1607 1433 1714 1491; x_wconf 89' lang='lat' dir='ltr'><strong>scilieet</strong></span> <span class='ocrx_word' id='word_1_156' title='bbox 1729 1451 1771 1491; x_wconf 91' lang='lat' dir='ltr'><strong>ra·</strong></span> 
     </span>
     <span class='ocr_line' id='line_1_13' title="bbox 129 1518 1771 1596; baseline -0.001 -14"><span class='ocrx_word' id='word_1_157' title='bbox 129 1543 181 1582; x_wconf 88' lang='lat' dir='ltr'><strong>sus</strong></span> <span class='ocrx_word' id='word_1_158' title='bbox 202 1527 256 1580; x_wconf 84' lang='lat' dir='ltr'><strong>sint</strong></span> <span class='ocrx_word' id='word_1_159' title='bbox 279 1523 387 1595; x_wconf 86' lang='lat' dir='ltr'><strong>proprie</strong></span> <span class='ocrx_word' id='word_1_160' title='bbox 408 1523 511 1578; x_wconf 88' lang='lat' dir='ltr'><strong>abusus</strong></span> <span class='ocrx_word' id='word_1_161' title='bbox 529 1519 677 1591; x_wconf 90' lang='lat' dir='ltr'><strong>privilegii,</strong></span> <span class='ocrx_word' id='word_1_162' title='bbox 692 1526 719 1575; x_wconf 91' lang='lat' dir='ltr'><strong>et</strong></span> <span class='ocrx_word' id='word_1_163' title='bbox 732 1519 757 1574; x_wconf 95' lang='lat' dir='ltr'><strong>in</strong></span> <span class='ocrx_word' id='word_1_164' title='bbox 771 1518 846 1576; x_wconf 88' lang='lat' dir='ltr'><strong>illius</strong></span> <span class='ocrx_word' id='word_1_165' title='bbox 862 1518 931 1575; x_wconf 93' lang='lat' dir='ltr'><strong>iniu·</strong></span> <span class='ocrx_word' id='word_1_166' title='bbox 969 1519 1040 1577; x_wconf 79' lang='lat' dir='ltr'><strong>done</strong></span> <span class='ocrx_word' id='word_1_167' title='bbox 1060 1518 1166 1576; x_wconf 87' lang='lat' dir='ltr'><strong>abusus</strong></span> <span class='ocrx_word' id='word_1_168' title='bbox 1186 1519 1277 1592; x_wconf 86' lang='lat' dir='ltr'><strong>perdit</strong></span> <span class='ocrx_word' id='word_1_169' title='bbox 1290 1519 1426 1592; x_wconf 88' lang='lat' dir='ltr'><strong>valorem,</strong></span> <span class='ocrx_word' id='word_1_170' title='bbox 1443 1522 1483 1577; x_wconf 92' lang='lat' dir='ltr'><strong>vel</strong></span> <span class='ocrx_word' id='word_1_171' title='bbox 1499 1522 1674 1595; x_wconf 86' lang='lat' dir='ltr'><strong>qualitatem,</strong></span> <span class='ocrx_word' id='word_1_172' title='bbox 1689 1540 1771 1596; x_wconf 89' lang='lat' dir='ltr'><strong>quarn</strong></span> 
     </span>
     <span class='ocr_line' id='line_1_14' title="bbox 129 1605 1771 1686; baseline -0.001 -15"><span class='ocrx_word' id='word_1_173' title='bbox 129 1616 216 1684; x_wconf 89' lang='lat' dir='ltr'><strong>riam,</strong></span> <span class='ocrx_word' id='word_1_174' title='bbox 233 1613 274 1669; x_wconf 90' lang='lat' dir='ltr'><strong>vel</strong></span> <span class='ocrx_word' id='word_1_175' title='bbox 290 1611 468 1668; x_wconf 78' lang='lat' dir='ltr'><strong>concedentis</strong></span> <span class='ocrx_word' id='word_1_176' title='bbox 483 1609 592 1667; x_wconf 90' lang='lat' dir='ltr'><strong>cedant.</strong></span> <span class='ocrx_word' id='word_1_177' title='bbox 609 1610 678 1666; x_wconf 85' lang='lat' dir='ltr'><strong>Tum</strong></span> <span class='ocrx_word' id='word_1_178' title='bbox 693 1609 807 1664; x_wconf 81' lang='lat' dir='ltr'><strong>manime</strong></span> <span class='ocrx_word' id='word_1_179' title='bbox 821 1608 885 1680; x_wconf 89' lang='lat' dir='ltr'><strong>quia</strong></span> <span class='ocrx_word' id='word_1_180' title='bbox 900 1605 933 1663; x_wconf 90' lang='lat' dir='ltr'><strong>do</strong></span> <span class='ocrx_word' id='word_1_181' title='bbox 968 1623 1002 1665; x_wconf 84' lang='lat' dir='ltr'><strong>ex</strong></span> <span class='ocrx_word' id='word_1_182' title='bbox 1016 1609 1122 1666; x_wconf 87' lang='lat' dir='ltr'><strong>inllusu</strong></span> <span class='ocrx_word' id='word_1_183' title='bbox 1143 1609 1292 1686; x_wconf 87' lang='lat' dir='ltr'><strong>privilegii,</strong></span> <span class='ocrx_word' id='word_1_184' title='bbox 1308 1623 1357 1668; x_wconf 89' lang='lat' dir='ltr'><strong>seu</strong></span> <span class='ocrx_word' id='word_1_185' title='bbox 1372 1613 1516 1684; x_wconf 89' lang='lat' dir='ltr'><strong>potestatis</strong></span> <span class='ocrx_word' id='word_1_186' title='bbox 1529 1611 1673 1671; x_wconf 86' lang='lat' dir='ltr'><strong>habiturus</strong></span> <span class='ocrx_word' id='word_1_187' title='bbox 1687 1623 1771 1684; x_wconf 89' lang='lat' dir='ltr'><strong>esset,</strong></span> 
     </span>
     <span class='ocr_line' id='line_1_15' title="bbox 130 1697 1355 1776; baseline -0.006 -16"><span class='ocrx_word' id='word_1_188' title='bbox 130 1703 262 1760; x_wconf 85' lang='lat' dir='ltr'><strong>omnibus</strong></span> <span class='ocrx_word' id='word_1_189' title='bbox 285 1702 336 1759; x_wconf 93' lang='lat' dir='ltr'><strong>illis</strong></span> <span class='ocrx_word' id='word_1_190' title='bbox 355 1701 443 1758; x_wconf 91' lang='lat' dir='ltr'><strong>modis</strong></span> <span class='ocrx_word' id='word_1_191' title='bbox 462 1707 581 1776; x_wconf 90' lang='lat' dir='ltr'><strong>possunt</strong></span> <span class='ocrx_word' id='word_1_192' title='bbox 600 1701 627 1756; x_wconf 90' lang='lat' dir='ltr'><strong>in</strong></span> <span class='ocrx_word' id='word_1_193' title='bbox 646 1700 707 1756; x_wconf 85' lang='lat' dir='ltr'><strong>iure</strong></span> <span class='ocrx_word' id='word_1_194' title='bbox 720 1697 844 1769; x_wconf 85' lang='lat' dir='ltr'><strong>exempla</strong></span> <span class='ocrx_word' id='word_1_195' title='bbox 859 1700 933 1754; x_wconf 91' lang='lat' dir='ltr'><strong>inve·</strong></span> <span class='ocrx_word' id='word_1_196' title='bbox 969 1698 992 1754; x_wconf 93' lang='lat' dir='ltr'><strong>si</strong></span> <span class='ocrx_word' id='word_1_197' title='bbox 1007 1704 1082 1754; x_wconf 90' lang='lat' dir='ltr'><strong>esset</strong></span> <span class='ocrx_word' id='word_1_198' title='bbox 1095 1698 1243 1770; x_wconf 85' lang='lat' dir='ltr'><strong>legitimus.</strong></span> <span class='ocrx_word' id='word_1_199' title='bbox 1351 1739 1355 1746; x_wconf 90' lang='lat'><em>.</em></span> 
     </span>
     <span class='ocr_line' id='line_1_16' title="bbox 130 1787 1770 1865; baseline 0 -16"><span class='ocrx_word' id='word_1_200' title='bbox 130 1796 197 1850; x_wconf 84' lang='lat' dir='ltr'><strong>nini.</strong></span> <span class='ocrx_word' id='word_1_201' title='bbox 214 1794 281 1853; x_wconf 83' lang='lat' dir='ltr'><strong>lton</strong></span> <span class='ocrx_word' id='word_1_202' title='bbox 292 1793 383 1864; x_wconf 86' lang='lat' dir='ltr'><strong>capita</strong></span> <span class='ocrx_word' id='word_1_203' title='bbox 393 1791 419 1846; x_wconf 93' lang='lat' dir='ltr'><strong>in</strong></span> <span class='ocrx_word' id='word_1_204' title='bbox 432 1789 527 1862; x_wconf 91' lang='lat' dir='ltr'><strong>regula</strong></span> <span class='ocrx_word' id='word_1_205' title='bbox 539 1788 654 1861; x_wconf 87' lang='lat' dir='ltr'><strong>allegata</strong></span> <span class='ocrx_word' id='word_1_206' title='bbox 666 1787 803 1860; x_wconf 90' lang='lat' dir='ltr'><strong>potissime</strong></span> <span class='ocrx_word' id='word_1_207' title='bbox 816 1787 934 1859; x_wconf 92' lang='lat' dir='ltr'><strong>loquun·</strong></span> <span class='ocrx_word' id='word_1_208' title='bbox 1008 1793 1035 1846; x_wconf 86' lang='grc'><strong>6.</strong></span> <span class='ocrx_word' id='word_1_209' title='bbox 1048 1787 1115 1843; x_wconf 86' lang='lat' dir='ltr'><strong>bico</strong></span> <span class='ocrx_word' id='word_1_210' title='bbox 1126 1802 1192 1861; x_wconf 88' lang='lat' dir='ltr'><strong>ergo</strong></span> <span class='ocrx_word' id='word_1_211' title='bbox 1203 1788 1334 1860; x_wconf 88' lang='lat' dir='ltr'><strong>breviter,</strong></span> <span class='ocrx_word' id='word_1_212' title='bbox 1344 1787 1491 1862; x_wconf 88' lang='lat' dir='ltr'><strong>aliquando</strong></span> <span class='ocrx_word' id='word_1_213' title='bbox 1501 1791 1587 1849; x_wconf 89' lang='lat' dir='ltr'><strong>amitti</strong></span> <span class='ocrx_word' id='word_1_214' title='bbox 1599 1791 1770 1865; x_wconf 88' lang='lat' dir='ltr'><strong>privilegium</strong></span> 
     </span>
     <span class='ocr_line' id='line_1_17' title="bbox 132 1876 1772 1954; baseline -0.001 -14"><span class='ocrx_word' id='word_1_215' title='bbox 132 1890 179 1940; x_wconf 91' lang='lat' dir='ltr'><strong>tur</strong></span> <span class='ocrx_word' id='word_1_216' title='bbox 193 1882 227 1939; x_wconf 93' lang='lat' dir='ltr'><strong>de</strong></span> <span class='ocrx_word' id='word_1_217' title='bbox 250 1882 339 1954; x_wconf 90' lang='lat' dir='ltr'><strong>primo</strong></span> <span class='ocrx_word' id='word_1_218' title='bbox 354 1879 445 1938; x_wconf 84' lang='lat' dir='ltr'><strong>abusu</strong></span> <span class='ocrx_word' id='word_1_219' title='bbox 458 1894 507 1952; x_wconf 89' lang='lat' dir='ltr'><strong>per</strong></span> <span class='ocrx_word' id='word_1_220' title='bbox 519 1893 665 1936; x_wconf 84' lang='lat' dir='ltr'><strong>excessum</strong></span> <span class='ocrx_word' id='word_1_221' title='bbox 683 1876 785 1934; x_wconf 92' lang='lat' dir='ltr'><strong>utendo</strong></span> <span class='ocrx_word' id='word_1_222' title='bbox 800 1883 935 1949; x_wconf 83' lang='lat' dir='ltr'><strong>potestate</strong></span> <span class='ocrx_word' id='word_1_223' title='bbox 970 1876 1054 1948; x_wconf 88' lang='lat' dir='ltr'><strong>priori</strong></span> <span class='ocrx_word' id='word_1_224' title='bbox 1077 1876 1173 1944; x_wconf 86' lang='lat' dir='ltr'><strong>modo,</strong></span> <span class='ocrx_word' id='word_1_225' title='bbox 1194 1876 1318 1948; x_wconf 90' lang='lat' dir='ltr'><strong>scilicet,</strong></span> <span class='ocrx_word' id='word_1_226' title='bbox 1339 1878 1430 1950; x_wconf 88' lang='lat' dir='ltr'><strong>quoad</strong></span> <span class='ocrx_word' id='word_1_227' title='bbox 1445 1881 1489 1937; x_wconf 92' lang='lat' dir='ltr'><strong>ius</strong></span> <span class='ocrx_word' id='word_1_228' title='bbox 1503 1881 1605 1952; x_wconf 85' lang='lat' dir='ltr'><strong>ipsum,</strong></span> <span class='ocrx_word' id='word_1_229' title='bbox 1623 1887 1651 1938; x_wconf 90' lang='lat' dir='ltr'><strong>et</strong></span> <span class='ocrx_word' id='word_1_230' title='bbox 1665 1897 1772 1938; x_wconf 90' lang='lat' dir='ltr'><strong>omnem</strong></span> 
     </span>
     <span class='ocr_line' id='line_1_18' title="bbox 131 1965 1772 2044; baseline -0.001 -15"><span class='ocrx_word' id='word_1_231' title='bbox 131 1973 205 2029; x_wconf 82' lang='lat' dir='ltr'><strong>ulus</strong></span> <span class='ocrx_word' id='word_1_232' title='bbox 220 1971 317 2028; x_wconf 87' lang='lat' dir='ltr'><strong>limites</strong></span> <span class='ocrx_word' id='word_1_233' title='bbox 335 1974 412 2042; x_wconf 91' lang='lat' dir='ltr'><strong>eius,</strong></span> <span class='ocrx_word' id='word_1_234' title='bbox 437 1976 469 2028; x_wconf 93' lang='lat' dir='ltr'><strong>ut</strong></span> <span class='ocrx_word' id='word_1_235' title='bbox 480 1977 523 2026; x_wconf 89' lang='lat' dir='ltr'><strong>est</strong></span> <span class='ocrx_word' id='word_1_236' title='bbox 538 1970 576 2026; x_wconf 91' lang='lat' dir='ltr'><strong>uti</strong></span> <span class='ocrx_word' id='word_1_237' title='bbox 590 1975 724 2040; x_wconf 85' lang='lat' dir='ltr'><strong>potestate</strong></span> <span class='ocrx_word' id='word_1_238' title='bbox 736 1965 877 2025; x_wconf 89' lang='lat' dir='ltr'><strong>ordinandi</strong></span> <span class='ocrx_word' id='word_1_239' title='bbox 888 1983 934 2024; x_wconf 91' lang='lat' dir='ltr'><strong>co·</strong></span> <span class='ocrx_word' id='word_1_240' title='bbox 970 1966 1095 2024; x_wconf 89' lang='lat' dir='ltr'><strong>laturum</strong></span> <span class='ocrx_word' id='word_1_241' title='bbox 1111 1981 1194 2024; x_wconf 88' lang='lat' dir='ltr'><strong>usum</strong></span> <span class='ocrx_word' id='word_1_242' title='bbox 1209 1967 1355 2040; x_wconf 86' lang='lat' dir='ltr'><strong>privilegii,</strong></span> <span class='ocrx_word' id='word_1_243' title='bbox 1371 1967 1509 2027; x_wconf 88' lang='lat' dir='ltr'><strong>interdurn</strong></span> <span class='ocrx_word' id='word_1_244' title='bbox 1523 1969 1690 2044; x_wconf 89' lang='lat' dir='ltr'><strong>adaequate,</strong></span> <span class='ocrx_word' id='word_1_245' title='bbox 1706 1977 1733 2028; x_wconf 91' lang='lat' dir='ltr'><strong>et</strong></span> <span class='ocrx_word' id='word_1_246' title='bbox 1745 1969 1772 2027; x_wconf 91' lang='lat' dir='ltr'><strong>in</strong></span> 
     </span>
     <span class='ocr_line' id='line_1_19' title="bbox 130 2055 1771 2137; baseline 0 -18"><span class='ocrx_word' id='word_1_247' title='bbox 130 2063 224 2137; x_wconf 87' lang='lat' dir='ltr'><strong>gendo</strong></span> <span class='ocrx_word' id='word_1_248' title='bbox 242 2060 402 2133; x_wconf 89' lang='lat' dir='ltr'><strong>subditum,</strong></span> <span class='ocrx_word' id='word_1_249' title='bbox 417 2066 448 2116; x_wconf 90' lang='lat' dir='ltr'><strong>ut</strong></span> <span class='ocrx_word' id='word_1_250' title='bbox 461 2059 614 2130; x_wconf 87' lang='lat' dir='ltr'><strong>ordinetur,</strong></span> <span class='ocrx_word' id='word_1_251' title='bbox 630 2058 665 2115; x_wconf 90' lang='lat' dir='ltr'><strong>de</strong></span> <span class='ocrx_word' id='word_1_252' title='bbox 677 2075 733 2132; x_wconf 94' lang='lat' dir='ltr'><strong>quo</strong></span> <span class='ocrx_word' id='word_1_253' title='bbox 747 2065 790 2114; x_wconf 89' lang='lat' dir='ltr'><strong>est</strong></span> <span class='ocrx_word' id='word_1_254' title='bbox 803 2073 893 2114; x_wconf 89' lang='lat' dir='ltr'><strong>sermo</strong></span> <span class='ocrx_word' id='word_1_255' title='bbox 908 2057 936 2114; x_wconf 93' lang='lat' dir='ltr'><strong>in</strong></span> <span class='ocrx_word' id='word_1_256' title='bbox 972 2060 1028 2112; x_wconf 89' lang='lat' dir='ltr'><strong>tota</strong></span> <span class='ocrx_word' id='word_1_257' title='bbox 1052 2055 1181 2127; x_wconf 86' lang='lat' dir='ltr'><strong>materis;</strong></span> <span class='ocrx_word' id='word_1_258' title='bbox 1208 2055 1348 2114; x_wconf 89' lang='lat' dir='ltr'><strong>interdum</strong></span> <span class='ocrx_word' id='word_1_259' title='bbox 1369 2073 1435 2116; x_wconf 90' lang='lat' dir='ltr'><strong>vero</strong></span> <span class='ocrx_word' id='word_1_260' title='bbox 1459 2060 1654 2134; x_wconf 88' lang='lat' dir='ltr'><strong>inadaequnts,</strong></span> <span class='ocrx_word' id='word_1_261' title='bbox 1675 2077 1724 2118; x_wconf 91' lang='lat' dir='ltr'><strong>seu</strong></span> <span class='ocrx_word' id='word_1_262' title='bbox 1743 2064 1771 2118; x_wconf 90' lang='lat' dir='ltr'><strong>in</strong></span> 
     </span>
     <span class='ocr_line' id='line_1_20' title="bbox 130 2145 1770 2225; baseline 0 -17"><span class='ocrx_word' id='word_1_263' title='bbox 130 2152 231 2223; x_wconf 92' lang='lat' dir='ltr'><strong>d.cap.</strong></span> <span class='ocrx_word' id='word_1_264' title='bbox 244 2148 321 2212; x_wconf 77' lang='lat' dir='ltr'><strong>Ubi:</strong></span> <span class='ocrx_word' id='word_1_265' title='bbox 333 2155 361 2206; x_wconf 92' lang='lat' dir='ltr'><strong>et</strong></span> <span class='ocrx_word' id='word_1_266' title='bbox 380 2149 475 2206; x_wconf 90' lang='lat' dir='ltr'><strong>similis</strong></span> <span class='ocrx_word' id='word_1_267' title='bbox 495 2149 599 2206; x_wconf 89' lang='lat' dir='ltr'><strong>abusus</strong></span> <span class='ocrx_word' id='word_1_268' title='bbox 619 2155 662 2206; x_wconf 89' lang='lat' dir='ltr'><strong>est</strong></span> <span class='ocrx_word' id='word_1_269' title='bbox 679 2163 779 2221; x_wconf 72' lang='lat' dir='ltr'><strong>negm</strong></span> <span class='ocrx_word' id='word_1_270' title='bbox 797 2148 935 2205; x_wconf 86' lang='lat' dir='ltr'><strong>licentiam</strong></span> <span class='ocrx_word' id='word_1_271' title='bbox 972 2149 1048 2216; x_wconf 88' lang='lat' dir='ltr'><strong>parte</strong></span> <span class='ocrx_word' id='word_1_272' title='bbox 1062 2145 1208 2217; x_wconf 74' lang='lat' dir='ltr'><strong>materiae,</strong></span> <span class='ocrx_word' id='word_1_273' title='bbox 1226 2146 1371 2219; x_wconf 91' lang='lat' dir='ltr'><strong>aliquando</strong></span> <span class='ocrx_word' id='word_1_274' title='bbox 1387 2163 1452 2206; x_wconf 89' lang='lat' dir='ltr'><strong>vero</strong></span> <span class='ocrx_word' id='word_1_275' title='bbox 1465 2150 1550 2206; x_wconf 90' lang='lat' dir='ltr'><strong>amitti</strong></span> <span class='ocrx_word' id='word_1_276' title='bbox 1561 2151 1770 2225; x_wconf 90' lang='lat' dir='ltr'><strong>tantumquoad</strong></span> 
     </span>
     <span class='ocr_line' id='line_1_21' title="bbox 132 2235 1770 2312; baseline -0.002 -13"><span class='ocrx_word' id='word_1_277' title='bbox 132 2239 300 2306; x_wconf 86' lang='lat' dir='ltr'><strong>transeundi¹</strong></span> <span class='ocrx_word' id='word_1_278' title='bbox 321 2237 356 2297; x_wconf 91' lang='lat' dir='ltr'><strong>nd</strong></span> <span class='ocrx_word' id='word_1_279' title='bbox 376 2239 535 2312; x_wconf 79' lang='lat' dir='ltr'><strong>religionem</strong></span> <span class='ocrx_word' id='word_1_280' title='bbox 551 2239 717 2296; x_wconf 88' lang='lat' dir='ltr'><strong>strictiorem</strong></span> <span class='ocrx_word' id='word_1_281' title='bbox 733 2238 848 2310; x_wconf 90' lang='lat' dir='ltr'><strong>legitime</strong></span> <span class='ocrx_word' id='word_1_282' title='bbox 862 2236 934 2294; x_wconf 90' lang='lat' dir='ltr'><strong>illarn</strong></span> <span class='ocrx_word' id='word_1_283' title='bbox 970 2241 1201 2306; x_wconf 87' lang='lat' dir='ltr'><strong>praesentaneum</strong></span> <span class='ocrx_word' id='word_1_284' title='bbox 1211 2235 1349 2294; x_wconf 85' lang='lat' dir='ltr'><strong>ellectum.</strong></span> <span class='ocrx_word' id='word_1_285' title='bbox 1359 2237 1435 2294; x_wconf 88' lang='lat' dir='ltr'><strong>Prior</strong></span> <span class='ocrx_word' id='word_1_286' title='bbox 1446 2253 1511 2310; x_wconf 85' lang='lat' dir='ltr'><strong>pars</strong></span> <span class='ocrx_word' id='word_1_287' title='bbox 1523 2241 1642 2302; x_wconf 89' lang='lat' dir='ltr'><strong>sumitur</strong></span> <span class='ocrx_word' id='word_1_288' title='bbox 1652 2255 1685 2296; x_wconf 85' lang='lat' dir='ltr'><strong>ea</strong></span> <span class='ocrx_word' id='word_1_289' title='bbox 1696 2239 1770 2297; x_wconf 89' lang='lat' dir='ltr'><strong>dioto</strong></span> 
     </span>
     <span class='ocr_line' id='line_1_22' title="bbox 131 2323 1770 2405; baseline -0.002 -15"><span class='ocrx_word' id='word_1_290' title='bbox 131 2332 301 2405; x_wconf 88' lang='lat' dir='ltr'><strong>postulanti,</strong></span> <span class='ocrx_word' id='word_1_291' title='bbox 326 2326 361 2386; x_wconf 89' lang='lat' dir='ltr'><strong>de</strong></span> <span class='ocrx_word' id='word_1_292' title='bbox 380 2345 434 2402; x_wconf 90' lang='lat' dir='ltr'><strong>quo</strong></span> <span class='ocrx_word' id='word_1_293' title='bbox 455 2335 498 2386; x_wconf 92' lang='lat' dir='ltr'><strong>est</strong></span> <span class='ocrx_word' id='word_1_294' title='bbox 517 2343 608 2385; x_wconf 93' lang='lat' dir='ltr'><strong>sermo</strong></span> <span class='ocrx_word' id='word_1_295' title='bbox 627 2329 653 2383; x_wconf 91' lang='lat' dir='ltr'><strong>in</strong></span> <span class='ocrx_word' id='word_1_296' title='bbox 668 2327 742 2384; x_wconf 88' lang='lat' dir='ltr'><strong>dicto</strong></span> <span class='ocrx_word' id='word_1_297' title='bbox 756 2343 783 2384; x_wconf 90' lang='lat' dir='ltr'><strong>o.</strong></span> <span class='ocrx_word' id='word_1_298' title='bbox 799 2330 890 2390; x_wconf 86' lang='lat' dir='ltr'><strong>Licet,</strong></span> <span class='ocrx_word' id='word_1_299' title='bbox 907 2334 936 2384; x_wconf 92' lang='lat' dir='ltr'><strong>et</strong></span> <span class='ocrx_word' id='word_1_300' title='bbox 970 2325 1060 2396; x_wconf 87' lang='lat' dir='ltr'><strong>capite</strong></span> <span class='ocrx_word' id='word_1_301' title='bbox 1074 2323 1277 2397; x_wconf 71' lang='lat' dir='ltr'><strong>Priolleqtum,</strong></span> <span class='ocrx_word' id='word_1_302' title='bbox 1296 2331 1339 2400; x_wconf 93' lang='lat' dir='ltr'><strong>lt,</strong></span> <span class='ocrx_word' id='word_1_303' title='bbox 1352 2333 1461 2401; x_wconf 86' lang='lat' dir='ltr'><strong>quaest.</strong></span> <span class='ocrx_word' id='word_1_304' title='bbox 1474 2333 1500 2385; x_wconf 85' lang='grc'><strong>3.</strong></span> <span class='ocrx_word' id='word_1_305' title='bbox 1511 2329 1562 2386; x_wconf 90' lang='lat' dir='ltr'><strong>Ubi</strong></span> <span class='ocrx_word' id='word_1_306' title='bbox 1575 2329 1698 2402; x_wconf 90' lang='lat' dir='ltr'><strong>adverto,</strong></span> <span class='ocrx_word' id='word_1_307' title='bbox 1710 2328 1770 2386; x_wconf 88' lang='lat' dir='ltr'><strong>addi</strong></span> 
     </span>
     <span class='ocr_line' id='line_1_23' title="bbox 132 2414 1771 2499; baseline -0.001 -22"><span class='ocrx_word' id='word_1_308' title='bbox 132 2422 227 2479; x_wconf 88' lang='lat' dir='ltr'><strong>similis</strong></span> <span class='ocrx_word' id='word_1_309' title='bbox 240 2427 284 2478; x_wconf 90' lang='lat' dir='ltr'><strong>est</strong></span> <span class='ocrx_word' id='word_1_310' title='bbox 298 2417 436 2493; x_wconf 89' lang='lat' dir='ltr'><strong>quaelibet</strong></span> <span class='ocrx_word' id='word_1_311' title='bbox 451 2416 597 2475; x_wconf 90' lang='lat' dir='ltr'><strong>indiscreta</strong></span> <span class='ocrx_word' id='word_1_312' title='bbox 608 2418 730 2474; x_wconf 83' lang='lat' dir='ltr'><strong>extensio</strong></span> <span class='ocrx_word' id='word_1_313' title='bbox 745 2416 886 2489; x_wconf 83' lang='lat' dir='ltr'><strong>privilegii,</strong></span> <span class='ocrx_word' id='word_1_314' title='bbox 901 2414 935 2474; x_wconf 89' lang='lat' dir='ltr'><strong>da</strong></span> <span class='ocrx_word' id='word_1_315' title='bbox 971 2415 997 2470; x_wconf 92' lang='lat' dir='ltr'><strong>in</strong></span> <span class='ocrx_word' id='word_1_316' title='bbox 1015 2414 1113 2488; x_wconf 90' lang='lat' dir='ltr'><strong>regula</strong></span> <span class='ocrx_word' id='word_1_317' title='bbox 1126 2417 1216 2487; x_wconf 90' lang='lat' dir='ltr'><strong>posita</strong></span> <span class='ocrx_word' id='word_1_318' title='bbox 1235 2416 1399 2487; x_wconf 82' lang='lat' dir='ltr'><strong>particulam</strong></span> <span class='ocrx_word' id='word_1_319' title='bbox 1415 2421 1545 2499; x_wconf 62' lang='lat' dir='ltr'><strong>omnisne</strong></span> <span class='ocrx_word' id='word_1_320' title='bbox 1563 2419 1668 2476; x_wconf 88' lang='lat' dir='ltr'><strong>scilicet</strong></span> <span class='ocrx_word' id='word_1_321' title='bbox 1677 2421 1771 2493; x_wconf 84' lang='lat' dir='ltr'><strong>prini-</strong></span> 
     </span>
     <span class='ocr_line' id='line_1_24' title="bbox 132 2502 1771 2584; baseline -0.002 -16"><span class='ocrx_word' id='word_1_322' title='bbox 132 2527 190 2584; x_wconf 91' lang='lat' dir='ltr'><strong>qua</strong></span> <span class='ocrx_word' id='word_1_323' title='bbox 203 2511 356 2584; x_wconf 92' lang='lat' dir='ltr'><strong>loquuntur</strong></span> <span class='ocrx_word' id='word_1_324' title='bbox 370 2510 461 2581; x_wconf 88' lang='lat' dir='ltr'><strong>capita</strong></span> <span class='ocrx_word' id='word_1_325' title='bbox 478 2511 505 2580; x_wconf 91' lang='lat' dir='ltr'><strong>l,</strong></span> <span class='ocrx_word' id='word_1_326' title='bbox 520 2515 548 2564; x_wconf 90' lang='lat' dir='ltr'><strong>et</strong></span> <span class='ocrx_word' id='word_1_327' title='bbox 562 2511 591 2577; x_wconf 85' lang='lat'><strong>2,</strong></span> <span class='ocrx_word' id='word_1_328' title='bbox 607 2506 640 2563; x_wconf 92' lang='lat' dir='ltr'><strong>de</strong></span> <span class='ocrx_word' id='word_1_329' title='bbox 655 2506 757 2578; x_wconf 90' lang='lat' dir='ltr'><strong>postul.</strong></span> <span class='ocrx_word' id='word_1_330' title='bbox 775 2504 889 2578; x_wconf 90' lang='lat' dir='ltr'><strong>praelat.</strong></span> <span class='ocrx_word' id='word_1_331' title='bbox 905 2510 934 2561; x_wconf 90' lang='lat' dir='ltr'><strong>et</strong></span> <span class='ocrx_word' id='word_1_332' title='bbox 972 2502 1081 2578; x_wconf 74' lang='lat' dir='ltr'><strong>legium</strong></span> <span class='ocrx_word' id='word_1_333' title='bbox 1102 2508 1223 2562; x_wconf 84' lang='lat' dir='ltr'><strong>omnino</strong></span> <span class='ocrx_word' id='word_1_334' title='bbox 1236 2511 1376 2574; x_wconf 74' lang='lat' dir='ltr'><strong>meretoc,</strong></span> <span class='ocrx_word' id='word_1_335' title='bbox 1393 2515 1448 2565; x_wconf 90' lang='lat' dir='ltr'><strong>etc.</strong></span> <span class='ocrx_word' id='word_1_336' title='bbox 1464 2509 1538 2576; x_wconf 86' lang='lat' dir='ltr'><strong>Quae</strong></span> <span class='ocrx_word' id='word_1_337' title='bbox 1552 2523 1605 2564; x_wconf 92' lang='lat' dir='ltr'><strong>non</strong></span> <span class='ocrx_word' id='word_1_338' title='bbox 1621 2509 1731 2581; x_wconf 91' lang='lat' dir='ltr'><strong>ponitur</strong></span> <span class='ocrx_word' id='word_1_339' title='bbox 1745 2510 1771 2564; x_wconf 92' lang='lat' dir='ltr'><strong>in</strong></span> 
     </span>
     <span class='ocr_line' id='line_1_25' title="bbox 132 2594 1771 2671; baseline -0.001 -13"><span class='ocrx_word' id='word_1_340' title='bbox 132 2603 218 2658; x_wconf 88' lang='lat' dir='ltr'><strong>latius</strong></span> <span class='ocrx_word' id='word_1_341' title='bbox 232 2599 338 2656; x_wconf 89' lang='lat' dir='ltr'><strong>dictum</strong></span> <span class='ocrx_word' id='word_1_342' title='bbox 350 2613 412 2670; x_wconf 89' lang='lat' dir='ltr'><strong>cap.</strong></span> <span class='ocrx_word' id='word_1_343' title='bbox 430 2601 467 2659; x_wconf 85' lang='lat' dir='ltr'><strong>Ut</strong></span> <span class='ocrx_word' id='word_1_344' title='bbox 477 2595 645 2671; x_wconf 73' lang='lat' dir='ltr'><strong>privilegio.</strong></span> <span class='ocrx_word' id='word_1_345' title='bbox 659 2594 758 2652; x_wconf 86' lang='lat' dir='ltr'><strong>Etbuc</strong></span> <span class='ocrx_word' id='word_1_346' title='bbox 769 2599 877 2665; x_wconf 87' lang='lat' dir='ltr'><strong>spectat</strong></span> <span class='ocrx_word' id='word_1_347' title='bbox 887 2595 934 2652; x_wconf 87' lang='lat' dir='ltr'><strong>de·</strong></span> <span class='ocrx_word' id='word_1_348' title='bbox 971 2607 1033 2666; x_wconf 89' lang='lat' dir='ltr'><strong>cap.</strong></span> <span class='ocrx_word' id='word_1_349' title='bbox 1055 2595 1126 2656; x_wconf 83' lang='lat' dir='ltr'><strong>Ubi,</strong></span> <span class='ocrx_word' id='word_1_350' title='bbox 1143 2611 1208 2652; x_wconf 91' lang='lat' dir='ltr'><strong>cum</strong></span> <span class='ocrx_word' id='word_1_351' title='bbox 1224 2603 1312 2652; x_wconf 88' lang='lat' dir='ltr'><strong>tamen</strong></span> <span class='ocrx_word' id='word_1_352' title='bbox 1328 2601 1419 2669; x_wconf 92' lang='lat' dir='ltr'><strong>capita</strong></span> <span class='ocrx_word' id='word_1_353' title='bbox 1432 2597 1478 2655; x_wconf 88' lang='lat' dir='ltr'><strong>illa</strong></span> <span class='ocrx_word' id='word_1_354' title='bbox 1492 2614 1577 2655; x_wconf 83' lang='lat' dir='ltr'><strong>ununt</strong></span> <span class='ocrx_word' id='word_1_355' title='bbox 1591 2614 1666 2670; x_wconf 88' lang='lat' dir='ltr'><strong>esse,</strong></span> <span class='ocrx_word' id='word_1_356' title='bbox 1682 2599 1723 2656; x_wconf 95' lang='lat' dir='ltr'><strong>vel</strong></span> <span class='ocrx_word' id='word_1_357' title='bbox 1737 2615 1771 2656; x_wconf 83' lang='lat' dir='ltr'><strong>ca</strong></span> 
     </span>
     <span class='ocr_line' id='line_1_26' title="bbox 132 2684 1770 2761; baseline -0.001 -15"><span class='ocrx_word' id='word_1_358' title='bbox 132 2690 202 2747; x_wconf 87' lang='lat' dir='ltr'><strong>cisio</strong></span> <span class='ocrx_word' id='word_1_359' title='bbox 217 2705 279 2760; x_wconf 89' lang='lat' dir='ltr'><strong>esp.</strong></span> <span class='ocrx_word' id='word_1_360' title='bbox 296 2690 483 2761; x_wconf 74' lang='lat' dir='ltr'><strong>Suggeslom,</strong></span> <span class='ocrx_word' id='word_1_361' title='bbox 501 2685 535 2743; x_wconf 94' lang='lat' dir='ltr'><strong>de</strong></span> <span class='ocrx_word' id='word_1_362' title='bbox 549 2684 647 2742; x_wconf 88' lang='lat' dir='ltr'><strong>decim.</strong></span> <span class='ocrx_word' id='word_1_363' title='bbox 662 2684 707 2742; x_wconf 93' lang='lat' dir='ltr'><strong>ubi</strong></span> <span class='ocrx_word' id='word_1_364' title='bbox 720 2691 831 2757; x_wconf 88' lang='lat' dir='ltr'><strong>propter</strong></span> <span class='ocrx_word' id='word_1_365' title='bbox 841 2699 935 2741; x_wconf 89' lang='lat' dir='ltr'><strong>rerum</strong></span> <span class='ocrx_word' id='word_1_366' title='bbox 969 2684 1066 2742; x_wconf 89' lang='lat' dir='ltr'><strong>eodem</strong></span> <span class='ocrx_word' id='word_1_367' title='bbox 1088 2684 1215 2758; x_wconf 90' lang='lat' dir='ltr'><strong>originali</strong></span> <span class='ocrx_word' id='word_1_368' title='bbox 1230 2693 1341 2758; x_wconf 87' lang='lat' dir='ltr'><strong>sumpta</strong></span> <span class='ocrx_word' id='word_1_369' title='bbox 1354 2701 1415 2742; x_wconf 91' lang='lat' dir='ltr'><strong>esse</strong></span> <span class='ocrx_word' id='word_1_370' title='bbox 1429 2694 1605 2744; x_wconf 88' lang='lat' dir='ltr'><strong>censeantur.</strong></span> <span class='ocrx_word' id='word_1_371' title='bbox 1620 2688 1675 2744; x_wconf 85' lang='lat' dir='ltr'><strong>l&#39;lec</strong></span> <span class='ocrx_word' id='word_1_372' title='bbox 1688 2689 1770 2745; x_wconf 88' lang='lat' dir='ltr'><strong>etiam</strong></span> 
     </span>
     <span class='ocr_line' id='line_1_27' title="bbox 133 2772 1770 2849; baseline -0.001 -13"><span class='ocrx_word' id='word_1_373' title='bbox 133 2779 312 2837; x_wconf 89' lang='lat' dir='ltr'><strong>mutationem</strong></span> <span class='ocrx_word' id='word_1_374' title='bbox 334 2784 464 2834; x_wconf 89' lang='lat' dir='ltr'><strong>censetur</strong></span> <span class='ocrx_word' id='word_1_375' title='bbox 480 2775 676 2833; x_wconf 89' lang='lat' dir='ltr'><strong>moderandum</strong></span> <span class='ocrx_word' id='word_1_376' title='bbox 697 2775 887 2848; x_wconf 88' lang='lat' dir='ltr'><strong>privilegium,</strong></span> <span class='ocrx_word' id='word_1_377' title='bbox 902 2789 936 2830; x_wconf 93' lang='lat' dir='ltr'><strong>ne</strong></span> <span class='ocrx_word' id='word_1_378' title='bbox 971 2775 998 2830; x_wconf 93' lang='lat' dir='ltr'><strong>in</strong></span> <span class='ocrx_word' id='word_1_379' title='bbox 1013 2772 1106 2848; x_wconf 90' lang='lat' dir='ltr'><strong>aliquo</strong></span> <span class='ocrx_word' id='word_1_380' title='bbox 1120 2789 1154 2832; x_wconf 85' lang='lat' dir='ltr'><strong>es</strong></span> <span class='ocrx_word' id='word_1_381' title='bbox 1168 2774 1438 2848; x_wconf 78' lang='lat' dir='ltr'><strong>allegatis&#39;enpitibus</strong></span> <span class='ocrx_word' id='word_1_382' title='bbox 1448 2777 1555 2833; x_wconf 90' lang='lat' dir='ltr'><strong>invenio</strong></span> <span class='ocrx_word' id='word_1_383' title='bbox 1567 2776 1637 2834; x_wconf 88' lang='lat' dir='ltr'><strong>illaan</strong></span> <span class='ocrx_word' id='word_1_384' title='bbox 1650 2779 1770 2849; x_wconf 89' lang='lat' dir='ltr'><strong>particu-</strong></span> 
     </span>
     <span class='ocr_line' id='line_1_28' title="bbox 134 2863 1772 2943; baseline -0.001 -17"><span class='ocrx_word' id='word_1_385' title='bbox 134 2885 216 2943; x_wconf 92' lang='lat' dir='ltr'><strong>usus,</strong></span> <span class='ocrx_word' id='word_1_386' title='bbox 234 2863 282 2942; x_wconf 84' lang='lat' dir='ltr'><strong>qui</strong></span> <span class='ocrx_word' id='word_1_387' title='bbox 296 2873 377 2924; x_wconf 90' lang='lat' dir='ltr'><strong>antea</strong></span> <span class='ocrx_word' id='word_1_388' title='bbox 391 2865 501 2936; x_wconf 88' lang='lat' dir='ltr'><strong>licebat,</strong></span> <span class='ocrx_word' id='word_1_389' title='bbox 517 2871 628 2937; x_wconf 87' lang='lat' dir='ltr'><strong>propter</strong></span> <span class='ocrx_word' id='word_1_390' title='bbox 643 2863 801 2920; x_wconf 91' lang='lat' dir='ltr'><strong>scandalum</strong></span> <span class='ocrx_word' id='word_1_391' title='bbox 817 2869 937 2921; x_wconf 87' lang='lat' dir='ltr'><strong>transeat</strong></span> <span class='ocrx_word' id='word_1_392' title='bbox 972 2864 1024 2920; x_wconf 90' lang='lat' dir='ltr'><strong>lam</strong></span> <span class='ocrx_word' id='word_1_393' title='bbox 1046 2868 1185 2932; x_wconf 65' lang='lat' dir='ltr'><strong>omnium·</strong></span> <span class='ocrx_word' id='word_1_394' title='bbox 1208 2875 1236 2922; x_wconf 89' lang='lat' dir='ltr'><strong>et</strong></span> <span class='ocrx_word' id='word_1_395' title='bbox 1255 2863 1314 2921; x_wconf 89' lang='lat' dir='ltr'><strong>ideo</strong></span> <span class='ocrx_word' id='word_1_396' title='bbox 1332 2867 1471 2923; x_wconf 86' lang='lat' dir='ltr'><strong>incertum</strong></span> <span class='ocrx_word' id='word_1_397' title='bbox 1486 2866 1551 2923; x_wconf 86' lang='lat' dir='ltr'><strong>milri</strong></span> <span class='ocrx_word' id='word_1_398' title='bbox 1564 2871 1615 2935; x_wconf 85' lang='lat' dir='ltr'><strong>est,</strong></span> <span class='ocrx_word' id='word_1_399' title='bbox 1631 2882 1665 2923; x_wconf 91' lang='lat' dir='ltr'><strong>an</strong></span> <span class='ocrx_word' id='word_1_400' title='bbox 1678 2869 1712 2924; x_wconf 90' lang='lat' dir='ltr'><strong>sit</strong></span> <span class='ocrx_word' id='word_1_401' title='bbox 1725 2867 1772 2924; x_wconf 89' lang='lat' dir='ltr'><strong>ad-</strong></span> 
     </span>
     <span class='ocr_line' id='line_1_29' title="bbox 133 2951 1771 3028; baseline -0.001 -14"><span class='ocrx_word' id='word_1_402' title='bbox 133 2961 160 3014; x_wconf 91' lang='lat' dir='ltr'><strong>in</strong></span> <span class='ocrx_word' id='word_1_403' title='bbox 178 2959 306 3016; x_wconf 86' lang='lat' dir='ltr'><strong>abusum.</strong></span> <span class='ocrx_word' id='word_1_404' title='bbox 323 2957 358 3013; x_wconf 86' lang='lat' dir='ltr'><strong>Et</strong></span> <span class='ocrx_word' id='word_1_405' title='bbox 368 2955 402 3013; x_wconf 91' lang='lat' dir='ltr'><strong>ad</strong></span> <span class='ocrx_word' id='word_1_406' title='bbox 417 2954 488 3012; x_wconf 90' lang='lat' dir='ltr'><strong>idem</strong></span> <span class='ocrx_word' id='word_1_407' title='bbox 503 2957 579 3012; x_wconf 89' lang='lat' dir='ltr'><strong>iuvat</strong></span> <span class='ocrx_word' id='word_1_408' title='bbox 592 2953 634 3012; x_wconf 81' lang='lat' dir='ltr'><strong>lex</strong></span> <span class='ocrx_word' id='word_1_409' title='bbox 648 2957 699 3026; x_wconf 84' lang='lat' dir='ltr'><strong>qot</strong></span> <span class='ocrx_word' id='word_1_410' title='bbox 712 2957 784 3020; x_wconf 84' lang='lat' dir='ltr'><strong>siue,</strong></span> <span class='ocrx_word' id='word_1_411' title='bbox 804 2954 831 3010; x_wconf 85' lang='lat' dir='ltr'><strong>ll.</strong></span> <span class='ocrx_word' id='word_1_412' title='bbox 844 2951 876 3008; x_wconf 93' lang='lat' dir='ltr'><strong>de</strong></span> <span class='ocrx_word' id='word_1_413' title='bbox 888 2968 934 3010; x_wconf 89' lang='lat' dir='ltr'><strong>ne·</strong></span> <span class='ocrx_word' id='word_1_414' title='bbox 971 2953 1027 3010; x_wconf 89' lang='lat' dir='ltr'><strong>dita</strong></span> <span class='ocrx_word' id='word_1_415' title='bbox 1042 2970 1058 3010; x_wconf 93' lang='lat' dir='ltr'><strong>a</strong></span> <span class='ocrx_word' id='word_1_416' title='bbox 1072 2956 1211 3028; x_wconf 85' lang='lat' dir='ltr'><strong>Gratiano,</strong></span> <span class='ocrx_word' id='word_1_417' title='bbox 1228 2955 1269 3012; x_wconf 93' lang='lat' dir='ltr'><strong>vel</strong></span> <span class='ocrx_word' id='word_1_418' title='bbox 1283 2971 1349 3013; x_wconf 86' lang='lat' dir='ltr'><strong>casu</strong></span> <span class='ocrx_word' id='word_1_419' title='bbox 1365 2955 1504 3028; x_wconf 88' lang='lat' dir='ltr'><strong>irrepserit</strong></span> <span class='ocrx_word' id='word_1_420' title='bbox 1519 2957 1544 3012; x_wconf 95' lang='lat' dir='ltr'><strong>in</strong></span> <span class='ocrx_word' id='word_1_421' title='bbox 1560 2961 1665 3012; x_wconf 82' lang='lat' dir='ltr'><strong>textum</strong></span> <span class='ocrx_word' id='word_1_422' title='bbox 1678 2973 1711 3013; x_wconf 84' lang='lat' dir='ltr'><strong>ex</strong></span> <span class='ocrx_word' id='word_1_423' title='bbox 1725 2957 1771 3013; x_wconf 91' lang='lat' dir='ltr'><strong>ali·</strong></span> 
     </span>
     <span class='ocr_line' id='line_1_30' title="bbox 131 3042 1772 3122; baseline -0.001 -18"><span class='ocrx_word' id='word_1_424' title='bbox 131 3055 192 3122; x_wconf 87' lang='lat' dir='ltr'><strong>got.</strong></span> <span class='ocrx_word' id='word_1_425' title='bbox 209 3054 280 3120; x_wconf 90' lang='lat' dir='ltr'><strong>gest.</strong></span> <span class='ocrx_word' id='word_1_426' title='bbox 300 3051 328 3103; x_wconf 93' lang='lat' dir='ltr'><strong>et</strong></span> <span class='ocrx_word' id='word_1_427' title='bbox 349 3047 452 3119; x_wconf 87' lang='lat' dir='ltr'><strong>optime</strong></span> <span class='ocrx_word' id='word_1_428' title='bbox 473 3044 514 3101; x_wconf 81' lang='lat' dir='ltr'><strong>les</strong></span> <span class='ocrx_word' id='word_1_429' title='bbox 531 3047 565 3102; x_wconf 77' lang='lat'><strong>⁴2</strong></span> <span class='ocrx_word' id='word_1_430' title='bbox 578 3087 584 3114; x_wconf 92' lang='lat'><strong>,</strong></span> <span class='ocrx_word' id='word_1_431' title='bbox 599 3047 644 3101; x_wconf 90' lang='lat' dir='ltr'><strong>tit.</strong></span> <span class='ocrx_word' id='word_1_432' title='bbox 664 3049 713 3114; x_wconf 87' lang='lat'><strong>18,</strong></span> <span class='ocrx_word' id='word_1_433' title='bbox 730 3044 823 3116; x_wconf 88' lang='lat' dir='ltr'><strong>partit.</strong></span> <span class='ocrx_word' id='word_1_434' title='bbox 840 3047 874 3114; x_wconf 81' lang='grc'><strong>3,</strong></span> <span class='ocrx_word' id='word_1_435' title='bbox 891 3042 937 3100; x_wconf 92' lang='lat' dir='ltr'><strong>ubi</strong></span> <span class='ocrx_word' id='word_1_436' title='bbox 970 3056 1025 3117; x_wconf 90' lang='lat' dir='ltr'><strong>qua</strong></span> <span class='ocrx_word' id='word_1_437' title='bbox 1044 3044 1284 3118; x_wconf 86' lang='lat' dir='ltr'><strong>interpretatione,</strong></span> <span class='ocrx_word' id='word_1_438' title='bbox 1305 3060 1354 3101; x_wconf 91' lang='lat' dir='ltr'><strong>seu</strong></span> <span class='ocrx_word' id='word_1_439' title='bbox 1375 3045 1489 3102; x_wconf 87' lang='lat' dir='ltr'><strong>scholio.</strong></span> <span class='ocrx_word' id='word_1_440' title='bbox 1505 3045 1553 3103; x_wconf 91' lang='lat' dir='ltr'><strong>llla</strong></span> <span class='ocrx_word' id='word_1_441' title='bbox 1568 3055 1657 3103; x_wconf 88' lang='lat' dir='ltr'><strong>lamen</strong></span> <span class='ocrx_word' id='word_1_442' title='bbox 1672 3045 1772 3103; x_wconf 89' lang='lat' dir='ltr'><strong>ndanis·</strong></span> 
     </span>
     <span class='ocr_line' id='line_1_31' title="bbox 131 3133 1771 3213; baseline -0.002 -17"><span class='ocrx_word' id='word_1_443' title='bbox 131 3144 248 3213; x_wconf 86' lang='lat' dir='ltr'><strong>Gregor.</strong></span> <span class='ocrx_word' id='word_1_444' title='bbox 266 3139 336 3208; x_wconf 87' lang='lat' dir='ltr'><strong>Lop.</strong></span> <span class='ocrx_word' id='word_1_445' title='bbox 352 3135 439 3193; x_wconf 84' lang='lat' dir='ltr'><strong>Gloss.</strong></span> <span class='ocrx_word' id='word_1_446' title='bbox 457 3134 507 3191; x_wconf 94' lang='lat' dir='ltr'><strong>ult.</strong></span> <span class='ocrx_word' id='word_1_447' title='bbox 521 3134 730 3206; x_wconf 84' lang='lat' dir='ltr'><strong>variaeaempla</strong></span> <span class='ocrx_word' id='word_1_448' title='bbox 742 3134 935 3207; x_wconf 91' lang='lat' dir='ltr'><strong>poniteorum,</strong></span> <span class='ocrx_word' id='word_1_449' title='bbox 971 3149 1018 3204; x_wconf 92' lang='lat' dir='ltr'><strong>sa,</strong></span> <span class='ocrx_word' id='word_1_450' title='bbox 1040 3141 1116 3190; x_wconf 90' lang='lat' dir='ltr'><strong>recte</strong></span> <span class='ocrx_word' id='word_1_451' title='bbox 1135 3150 1184 3206; x_wconf 90' lang='lat' dir='ltr'><strong>per</strong></span> <span class='ocrx_word' id='word_1_452' title='bbox 1202 3134 1275 3191; x_wconf 88' lang='lat' dir='ltr'><strong>illam</strong></span> <span class='ocrx_word' id='word_1_453' title='bbox 1293 3133 1466 3206; x_wconf 87' lang='lat' dir='ltr'><strong>declaratur,</strong></span> <span class='ocrx_word' id='word_1_454' title='bbox 1490 3134 1637 3208; x_wconf 88' lang='lat' dir='ltr'><strong>aliquando</strong></span> <span class='ocrx_word' id='word_1_455' title='bbox 1658 3141 1771 3207; x_wconf 85' lang='lat' dir='ltr'><strong>propter</strong></span> 
     </span>
     <span class='ocr_line' id='line_1_32' title="bbox 132 3213 1774 3302; baseline -0.001 -18"><span class='ocrx_word' id='word_1_456' title='bbox 132 3229 181 3302; x_wconf 93' lang='lat' dir='ltr'><strong>qui</strong></span> <span class='ocrx_word' id='word_1_457' title='bbox 204 3231 347 3299; x_wconf 83' lang='lat' dir='ltr'><strong>praetextu</strong></span> <span class='ocrx_word' id='word_1_458' title='bbox 362 3213 571 3298; x_wconf 73' lang='lat' dir='ltr'><strong>&#39;privilegiorum</strong></span> <span class='ocrx_word' id='word_1_459' title='bbox 587 3223 677 3297; x_wconf 85' lang='lat' dir='ltr'><strong>alique</strong></span> <span class='ocrx_word' id='word_1_460' title='bbox 691 3223 796 3280; x_wconf 87' lang='lat' dir='ltr'><strong>laniunt</strong></span> <span class='ocrx_word' id='word_1_461' title='bbox 810 3222 850 3279; x_wconf 90' lang='lat' dir='ltr'><strong>vel</strong></span> <span class='ocrx_word' id='word_1_462' title='bbox 866 3222 938 3279; x_wconf 90' lang='lat' dir='ltr'><strong>ultra</strong></span> <span class='ocrx_word' id='word_1_463' title='bbox 974 3222 1091 3279; x_wconf 90' lang='lat' dir='ltr'><strong>abusum</strong></span> <span class='ocrx_word' id='word_1_464' title='bbox 1107 3223 1239 3297; x_wconf 87' lang='lat' dir='ltr'><strong>privilegii</strong></span> <span class='ocrx_word' id='word_1_465' title='bbox 1253 3226 1352 3280; x_wconf 89' lang='lat' dir='ltr'><strong>mereri</strong></span> <span class='ocrx_word' id='word_1_466' title='bbox 1363 3227 1519 3298; x_wconf 89' lang='lat' dir='ltr'><strong>quempiam</strong></span> <span class='ocrx_word' id='word_1_467' title='bbox 1532 3224 1677 3282; x_wconf 87' lang='lat' dir='ltr'><strong>radicalem</strong></span> <span class='ocrx_word' id='word_1_468' title='bbox 1688 3231 1717 3282; x_wconf 93' lang='lat' dir='ltr'><strong>et</strong></span> <span class='ocrx_word' id='word_1_469' title='bbox 1731 3232 1774 3283; x_wconf 91' lang='lat' dir='ltr'><strong>to·</strong></span> 
     </span>
     <span class='ocr_line' id='line_1_33' title="bbox 133 3310 1773 3387; baseline -0.001 -15"><span class='ocrx_word' id='word_1_470' title='bbox 133 3317 325 3387; x_wconf 83' lang='lat' dir='ltr'><strong>privilegium,</strong></span> <span class='ocrx_word' id='word_1_471' title='bbox 341 3314 383 3371; x_wconf 86' lang='lat' dir='ltr'><strong>sel</strong></span> <span class='ocrx_word' id='word_1_472' title='bbox 404 3315 484 3370; x_wconf 90' lang='lat' dir='ltr'><strong>etiam</strong></span> <span class='ocrx_word' id='word_1_473' title='bbox 500 3318 597 3369; x_wconf 90' lang='lat' dir='ltr'><strong>contra</strong></span> <span class='ocrx_word' id='word_1_474' title='bbox 611 3311 691 3382; x_wconf 90' lang='lat' dir='ltr'><strong>illud,</strong></span> <span class='ocrx_word' id='word_1_475' title='bbox 706 3319 735 3368; x_wconf 91' lang='lat' dir='ltr'><strong>et</strong></span> <span class='ocrx_word' id='word_1_476' title='bbox 749 3312 800 3369; x_wconf 92' lang='lat' dir='ltr'><strong>alia</strong></span> <span class='ocrx_word' id='word_1_477' title='bbox 815 3312 877 3367; x_wconf 86' lang='lat' dir='ltr'><strong>iura</strong></span> <span class='ocrx_word' id='word_1_478' title='bbox 890 3310 937 3367; x_wconf 92' lang='lat' dir='ltr'><strong>ad·</strong></span> <span class='ocrx_word' id='word_1_479' title='bbox 972 3311 1053 3368; x_wconf 90' lang='lat' dir='ltr'><strong>talem</strong></span> <span class='ocrx_word' id='word_1_480' title='bbox 1074 3313 1248 3368; x_wconf 87' lang='lat' dir='ltr'><strong>amissionem</strong></span> <span class='ocrx_word' id='word_1_481' title='bbox 1268 3313 1410 3386; x_wconf 90' lang='lat' dir='ltr'><strong>privilegii.</strong></span> <span class='ocrx_word' id='word_1_482' title='bbox 1427 3312 1505 3381; x_wconf 86' lang='lat' dir='ltr'><strong>Quod</strong></span> <span class='ocrx_word' id='word_1_483' title='bbox 1518 3315 1598 3371; x_wconf 90' lang='lat' dir='ltr'><strong>stiam</strong></span> <span class='ocrx_word' id='word_1_484' title='bbox 1613 3315 1773 3385; x_wconf 80' lang='lat' dir='ltr'><strong>significavit</strong></span> 
     </span>
     <span class='ocr_line' id='line_1_34' title="bbox 133 3398 1772 3476; baseline -0.003 -12"><span class='ocrx_word' id='word_1_485' title='bbox 133 3409 222 3464; x_wconf 86' lang='lat' dir='ltr'><strong>ducit.</strong></span> <span class='ocrx_word' id='word_1_486' title='bbox 241 3409 275 3462; x_wconf 79' lang='lat' dir='ltr'><strong>lt</strong></span> <span class='ocrx_word' id='word_1_487' title='bbox 290 3421 354 3462; x_wconf 92' lang='lat' dir='ltr'><strong>vero</strong></span> <span class='ocrx_word' id='word_1_488' title='bbox 368 3410 453 3476; x_wconf 87' lang='lat' dir='ltr'><strong>ceput</strong></span> <span class='ocrx_word' id='word_1_489' title='bbox 471 3405 638 3475; x_wconf 72' lang='lat' dir='ltr'><strong>Contingit,</strong></span> <span class='ocrx_word' id='word_1_490' title='bbox 659 3407 751 3474; x_wconf 87' lang='lat' dir='ltr'><strong>aperte</strong></span> <span class='ocrx_word' id='word_1_491' title='bbox 767 3401 889 3474; x_wconf 89' lang='lat' dir='ltr'><strong>loquitar</strong></span> <span class='ocrx_word' id='word_1_492' title='bbox 903 3399 937 3458; x_wconf 87' lang='lat' dir='ltr'><strong>de</strong></span> <span class='ocrx_word' id='word_1_493' title='bbox 971 3401 1141 3474; x_wconf 73' lang='lat' dir='ltr'><strong>Augustinus</strong></span> <span class='ocrx_word' id='word_1_494' title='bbox 1157 3416 1238 3457; x_wconf 89' lang='lat' dir='ltr'><strong>serm.</strong></span> <span class='ocrx_word' id='word_1_495' title='bbox 1255 3401 1521 3473; x_wconf 67' lang='lat' dir='ltr'><strong>stomomate:</strong></span> <span class='ocrx_word' id='word_1_496' title='bbox 1538 3398 1654 3458; x_wconf 80' lang='lat' dir='ltr'><strong>Iudicio</strong></span> <span class='ocrx_word' id='word_1_497' title='bbox 1672 3401 1772 3475; x_wconf 80' lang='lat' dir='ltr'><strong>legum</strong></span> 
     </span>
     <span class='ocr_line' id='line_1_35' title="bbox 133 3489 1772 3567; baseline -0.004 -13"><span class='ocrx_word' id='word_1_498' title='bbox 133 3499 224 3555; x_wconf 90' lang='lat' dir='ltr'><strong>abusu</strong></span> <span class='ocrx_word' id='word_1_499' title='bbox 249 3493 429 3566; x_wconf 80' lang='lat' dir='ltr'><strong>occasionali,</strong></span> <span class='ocrx_word' id='word_1_500' title='bbox 450 3493 496 3567; x_wconf 93' lang='lat' dir='ltr'><strong>qui</strong></span> <span class='ocrx_word' id='word_1_501' title='bbox 517 3491 715 3562; x_wconf 88' lang='lat' dir='ltr'><strong>committitur,</strong></span> <span class='ocrx_word' id='word_1_502' title='bbox 731 3489 841 3563; x_wconf 93' lang='lat' dir='ltr'><strong>quando</strong></span> <span class='ocrx_word' id='word_1_503' title='bbox 856 3503 936 3546; x_wconf 89' lang='lat' dir='ltr'><strong>occa·</strong></span> <span class='ocrx_word' id='word_1_504' title='bbox 971 3493 1038 3546; x_wconf 84' lang='lat' dir='ltr'><strong>tore</strong></span> <span class='ocrx_word' id='word_1_505' title='bbox 1049 3490 1168 3548; x_wconf 79' lang='lat' dir='ltr'><strong>obtentu</strong></span> <span class='ocrx_word' id='word_1_506' title='bbox 1178 3489 1325 3563; x_wconf 80' lang='lat' dir='ltr'><strong>dignitate</strong></span> <span class='ocrx_word' id='word_1_507' title='bbox 1335 3490 1483 3558; x_wconf 80' lang='lat' dir='ltr'><strong>delinitor,</strong></span> <span class='ocrx_word' id='word_1_508' title='bbox 1494 3494 1545 3564; x_wconf 81' lang='lat' dir='ltr'><strong>qut</strong></span> <span class='ocrx_word' id='word_1_509' title='bbox 1551 3489 1772 3565; x_wconf 74' lang='lat' dir='ltr'><strong>privileptoslbt</strong></span> 
     </span>
     <span class='ocr_line' id='line_1_36' title="bbox 134 3578 1772 3658; baseline -0.004 -14"><span class='ocrx_word' id='word_1_510' title='bbox 134 3589 211 3644; x_wconf 88' lang='lat' dir='ltr'><strong>sione</strong></span> <span class='ocrx_word' id='word_1_511' title='bbox 234 3585 363 3658; x_wconf 88' lang='lat' dir='ltr'><strong>privilegii</strong></span> <span class='ocrx_word' id='word_1_512' title='bbox 384 3578 504 3640; x_wconf 87' lang='lat' dir='ltr'><strong>sumitur</strong></span> <span class='ocrx_word' id='word_1_513' title='bbox 525 3583 634 3639; x_wconf 91' lang='lat' dir='ltr'><strong>licentia</strong></span> <span class='ocrx_word' id='word_1_514' title='bbox 655 3579 804 3654; x_wconf 88' lang='lat' dir='ltr'><strong>peccandi,</strong></span> <span class='ocrx_word' id='word_1_515' title='bbox 828 3585 856 3636; x_wconf 91' lang='lat' dir='ltr'><strong>et</strong></span> <span class='ocrx_word' id='word_1_516' title='bbox 875 3593 938 3635; x_wconf 92' lang='lat' dir='ltr'><strong>eva·</strong></span> <span class='ocrx_word' id='word_1_517' title='bbox 973 3595 1110 3638; x_wconf 81' lang='lat' dir='ltr'><strong>coricesso</strong></span> <span class='ocrx_word' id='word_1_518' title='bbox 1129 3579 1277 3638; x_wconf 78' lang='lat' dir='ltr'><strong>abolitur.</strong></span> <span class='ocrx_word' id='word_1_519' title='bbox 1294 3583 1363 3636; x_wconf 81' lang='lat' dir='ltr'><strong>llum</strong></span> <span class='ocrx_word' id='word_1_520' title='bbox 1382 3580 1453 3638; x_wconf 88' lang='lat' dir='ltr'><strong>enim</strong></span> <span class='ocrx_word' id='word_1_521' title='bbox 1472 3579 1553 3650; x_wconf 79' lang='lat' dir='ltr'><strong>distr,</strong></span> <span class='ocrx_word' id='word_1_522' title='bbox 1573 3578 1660 3636; x_wconf 79' lang='lat' dir='ltr'><strong>delict</strong></span> <span class='ocrx_word' id='word_1_523' title='bbox 1672 3580 1710 3638; x_wconf 89' lang='lat' dir='ltr'><strong>ob</strong></span> <span class='ocrx_word' id='word_1_524' title='bbox 1724 3581 1772 3638; x_wconf 87' lang='lat' dir='ltr'><strong>ob·</strong></span> 
     </span>
     <span class='ocr_line' id='line_1_37' title="bbox 134 3668 1772 3746; baseline -0.005 -12"><span class='ocrx_word' id='word_1_525' title='bbox 134 3677 216 3734; x_wconf 89' lang='lat' dir='ltr'><strong>dendi</strong></span> <span class='ocrx_word' id='word_1_526' title='bbox 239 3677 324 3734; x_wconf 89' lang='lat' dir='ltr'><strong>iustas</strong></span> <span class='ocrx_word' id='word_1_527' title='bbox 343 3689 463 3746; x_wconf 88' lang='lat' dir='ltr'><strong>poenas,</strong></span> <span class='ocrx_word' id='word_1_528' title='bbox 477 3678 504 3728; x_wconf 89' lang='lat' dir='ltr'><strong>et</strong></span> <span class='ocrx_word' id='word_1_529' title='bbox 517 3670 550 3728; x_wconf 92' lang='lat' dir='ltr'><strong>de</strong></span> <span class='ocrx_word' id='word_1_530' title='bbox 564 3671 660 3729; x_wconf 90' lang='lat' dir='ltr'><strong>eodem</strong></span> <span class='ocrx_word' id='word_1_531' title='bbox 674 3670 730 3728; x_wconf 86' lang='lat' dir='ltr'><strong>lere</strong></span> <span class='ocrx_word' id='word_1_532' title='bbox 746 3669 834 3727; x_wconf 90' lang='lat' dir='ltr'><strong>abusu</strong></span> <span class='ocrx_word' id='word_1_533' title='bbox 849 3668 938 3741; x_wconf 92' lang='lat' dir='ltr'><strong>loqui·</strong></span> <span class='ocrx_word' id='word_1_534' title='bbox 974 3669 1226 3742; x_wconf 58' lang='lat' dir='ltr'><strong>testamentique,</strong></span> <span class='ocrx_word' id='word_1_535' title='bbox 1244 3670 1309 3725; x_wconf 87' lang='lat' dir='ltr'><strong>satis</strong></span> <span class='ocrx_word' id='word_1_536' title='bbox 1324 3669 1497 3726; x_wconf 90' lang='lat' dir='ltr'><strong>demonstrat</strong></span> <span class='ocrx_word' id='word_1_537' title='bbox 1511 3670 1643 3742; x_wconf 88' lang='lat' dir='ltr'><strong>integram</strong></span> <span class='ocrx_word' id='word_1_538' title='bbox 1654 3677 1682 3727; x_wconf 90' lang='lat' dir='ltr'><strong>et</strong></span> <span class='ocrx_word' id='word_1_539' title='bbox 1692 3669 1772 3732; x_wconf 65' lang='lat' dir='ltr'><strong>abso,-</strong></span> 
     </span>
     <span class='ocr_line' id='line_1_38' title="bbox 135 3757 1773 3838; baseline -0.004 -15"><span class='ocrx_word' id='word_1_540' title='bbox 135 3775 181 3824; x_wconf 88' lang='lat' dir='ltr'><strong>tnr</strong></span> <span class='ocrx_word' id='word_1_541' title='bbox 195 3781 257 3838; x_wconf 92' lang='lat' dir='ltr'><strong>cap.</strong></span> <span class='ocrx_word' id='word_1_542' title='bbox 282 3764 332 3821; x_wconf 92' lang='lat' dir='ltr'><strong>ult.</strong></span> <span class='ocrx_word' id='word_1_543' title='bbox 348 3762 382 3820; x_wconf 91' lang='lat' dir='ltr'><strong>ds</strong></span> <span class='ocrx_word' id='word_1_544' title='bbox 398 3763 445 3819; x_wconf 89' lang='lat' dir='ltr'><strong>vit.</strong></span> <span class='ocrx_word' id='word_1_545' title='bbox 457 3769 483 3818; x_wconf 92' lang='lat' dir='ltr'><strong>et</strong></span> <span class='ocrx_word' id='word_1_546' title='bbox 496 3762 602 3819; x_wconf 90' lang='lat' dir='ltr'><strong>honest.</strong></span> <span class='ocrx_word' id='word_1_547' title='bbox 617 3760 684 3817; x_wconf 90' lang='lat' dir='ltr'><strong>cler.</strong></span> <span class='ocrx_word' id='word_1_548' title='bbox 697 3759 749 3817; x_wconf 89' lang='lat' dir='ltr'><strong>Ubi</strong></span> <span class='ocrx_word' id='word_1_549' title='bbox 760 3758 879 3816; x_wconf 89' lang='lat' dir='ltr'><strong>elericos</strong></span> <span class='ocrx_word' id='word_1_550' title='bbox 892 3773 938 3812; x_wconf 90' lang='lat' dir='ltr'><strong>ne·</strong></span> <span class='ocrx_word' id='word_1_551' title='bbox 972 3759 1059 3817; x_wconf 90' lang='lat' dir='ltr'><strong>lutam</strong></span> <span class='ocrx_word' id='word_1_552' title='bbox 1078 3759 1210 3832; x_wconf 85' lang='lat' dir='ltr'><strong>privilegii</strong></span> <span class='ocrx_word' id='word_1_553' title='bbox 1229 3759 1418 3832; x_wconf 82' lang='lat' dir='ltr'><strong>privationem.</strong></span> <span class='ocrx_word' id='word_1_554' title='bbox 1433 3757 1510 3826; x_wconf 81' lang='lat' dir='ltr'><strong>Quod</strong></span> <span class='ocrx_word' id='word_1_555' title='bbox 1525 3765 1685 3815; x_wconf 91' lang='lat' dir='ltr'><strong>autemnon</strong></span> <span class='ocrx_word' id='word_1_556' title='bbox 1701 3775 1773 3826; x_wconf 84' lang='lat' dir='ltr'><strong>rem-¹</strong></span> 
     </span>
     <span class='ocr_line' id='line_1_39' title="bbox 133 3845 1770 3930; baseline -0.005 -16"><span class='ocrx_word' id='word_1_557' title='bbox 133 3858 256 3930; x_wconf 86' lang='lat' dir='ltr'><strong>gotiatnr</strong></span> <span class='ocrx_word' id='word_1_558' title='bbox 278 3854 401 3928; x_wconf 90' lang='lat' dir='ltr'><strong>privatur</strong></span> <span class='ocrx_word' id='word_1_559' title='bbox 421 3853 592 3909; x_wconf 87' lang='lat' dir='ltr'><strong>immunitate</strong></span> <span class='ocrx_word' id='word_1_560' title='bbox 613 3866 628 3906; x_wconf 88' lang='lat' dir='ltr'><strong>a</strong></span> <span class='ocrx_word' id='word_1_561' title='bbox 648 3851 755 3906; x_wconf 89' lang='lat' dir='ltr'><strong>tributis</strong></span> <span class='ocrx_word' id='word_1_562' title='bbox 780 3849 832 3907; x_wconf 92' lang='lat' dir='ltr'><strong>sub</strong></span> <span class='ocrx_word' id='word_1_563' title='bbox 852 3848 936 3904; x_wconf 88' lang='lat' dir='ltr'><strong>certis</strong></span> <span class='ocrx_word' id='word_1_564' title='bbox 974 3865 1021 3922; x_wconf 86' lang='lat' dir='ltr'><strong>per</strong></span> <span class='ocrx_word' id='word_1_565' title='bbox 1039 3849 1106 3906; x_wconf 89' lang='lat' dir='ltr'><strong>baec</strong></span> <span class='ocrx_word' id='word_1_566' title='bbox 1126 3849 1238 3922; x_wconf 85' lang='lat' dir='ltr'><strong>privatio</strong></span> <span class='ocrx_word' id='word_1_567' title='bbox 1253 3849 1289 3904; x_wconf 91' lang='lat' dir='ltr'><strong>sit</strong></span> <span class='ocrx_word' id='word_1_568' title='bbox 1302 3849 1417 3921; x_wconf 89' lang='lat' dir='ltr'><strong>integra,</strong></span> <span class='ocrx_word' id='word_1_569' title='bbox 1433 3849 1499 3906; x_wconf 92' lang='lat' dir='ltr'><strong>satis</strong></span> <span class='ocrx_word' id='word_1_570' title='bbox 1513 3845 1670 3904; x_wconf 89' lang='lat' dir='ltr'><strong>ostenditur</strong></span> <span class='ocrx_word' id='word_1_571' title='bbox 1683 3851 1710 3905; x_wconf 94' lang='lat' dir='ltr'><strong>in</strong></span> <span class='ocrx_word' id='word_1_572' title='bbox 1724 3865 1770 3906; x_wconf 91' lang='lat' dir='ltr'><strong>en·</strong></span> 
     </span>
     <span class='ocr_line' id='line_1_40' title="bbox 135 3937 1771 4012; baseline -0.006 -9"><span class='ocrx_word' id='word_1_573' title='bbox 135 3945 351 4004; x_wconf 88' lang='lat' dir='ltr'><strong>conditionibus.</strong></span> <span class='ocrx_word' id='word_1_574' title='bbox 362 3943 397 3999; x_wconf 84' lang='lat' dir='ltr'><strong>Et</strong></span> <span class='ocrx_word' id='word_1_575' title='bbox 412 3942 446 3998; x_wconf 98' lang='lat' dir='ltr'><strong>ad</strong></span> <span class='ocrx_word' id='word_1_576' title='bbox 460 3939 531 3998; x_wconf 89' lang='lat' dir='ltr'><strong>idem</strong></span> <span class='ocrx_word' id='word_1_577' title='bbox 547 3939 692 3998; x_wconf 91' lang='lat' dir='ltr'><strong>reducitur</strong></span> <span class='ocrx_word' id='word_1_578' title='bbox 706 3937 849 4009; x_wconf 88' lang='lat' dir='ltr'><strong>dispositio</strong></span> <span class='ocrx_word' id='word_1_579' title='bbox 864 3938 939 4007; x_wconf 88' lang='lat' dir='ltr'><strong>capi·</strong></span> <span class='ocrx_word' id='word_1_580' title='bbox 973 3938 1035 3996; x_wconf 85' lang='lat' dir='ltr'><strong>dena</strong></span> <span class='ocrx_word' id='word_1_581' title='bbox 1053 3941 1142 4012; x_wconf 87' lang='lat' dir='ltr'><strong>capite</strong></span> <span class='ocrx_word' id='word_1_582' title='bbox 1166 3938 1240 4004; x_wconf 84' lang='lat' dir='ltr'><strong>Ubi,</strong></span> <span class='ocrx_word' id='word_1_583' title='bbox 1264 3943 1292 3993; x_wconf 91' lang='lat' dir='ltr'><strong>et</strong></span> <span class='ocrx_word' id='word_1_584' title='bbox 1315 3939 1341 3993; x_wconf 94' lang='lat' dir='ltr'><strong>ln</strong></span> <span class='ocrx_word' id='word_1_585' title='bbox 1365 3937 1453 4010; x_wconf 88' lang='lat' dir='ltr'><strong>eapite</strong></span> <span class='ocrx_word' id='word_1_586' title='bbox 1472 3940 1707 4006; x_wconf 69' lang='lat' dir='ltr'><strong>Desunciomuq</strong></span> <span class='ocrx_word' id='word_1_587' title='bbox 1723 3943 1771 4011; x_wconf 83' lang='lat'><strong>25,</strong></span> 
     </span>
     <span class='ocr_line' id='line_1_41' title="bbox 135 4026 1773 4102; baseline -0.005 -9"><span class='ocrx_word' id='word_1_588' title='bbox 135 4039 169 4094; x_wconf 89' lang='lat' dir='ltr'><strong>tis</strong></span> <span class='ocrx_word' id='word_1_589' title='bbox 182 4035 233 4092; x_wconf 90' lang='lat' dir='ltr'><strong>ult.</strong></span> <span class='ocrx_word' id='word_1_590' title='bbox 246 4033 280 4091; x_wconf 92' lang='lat' dir='ltr'><strong>de</strong></span> <span class='ocrx_word' id='word_1_591' title='bbox 299 4031 524 4090; x_wconf 80' lang='lat' dir='ltr'><strong>immuneecles.</strong></span> <span class='ocrx_word' id='word_1_592' title='bbox 535 4030 580 4088; x_wconf 91' lang='lat' dir='ltr'><strong>ubi</strong></span> <span class='ocrx_word' id='word_1_593' title='bbox 595 4029 754 4102; x_wconf 89' lang='lat' dir='ltr'><strong>delinquens</strong></span> <span class='ocrx_word' id='word_1_594' title='bbox 769 4029 796 4084; x_wconf 90' lang='lat' dir='ltr'><strong>in</strong></span> <span class='ocrx_word' id='word_1_595' title='bbox 810 4026 937 4098; x_wconf 88' lang='lat' dir='ltr'><strong>ecelesia,</strong></span> <span class='ocrx_word' id='word_1_596' title='bbox 973 4044 1000 4101; x_wconf 89' lang='lat' dir='ltr'><strong>q.</strong></span> <span class='ocrx_word' id='word_1_597' title='bbox 1017 4033 1050 4100; x_wconf 85' lang='lat'><strong>2,</strong></span> <span class='ocrx_word' id='word_1_598' title='bbox 1072 4028 1118 4085; x_wconf 91' lang='lat' dir='ltr'><strong>ubi</strong></span> <span class='ocrx_word' id='word_1_599' title='bbox 1133 4033 1244 4100; x_wconf 85' lang='lat' dir='ltr'><strong>propter</strong></span> <span class='ocrx_word' id='word_1_600' title='bbox 1259 4027 1376 4082; x_wconf 93' lang='lat' dir='ltr'><strong>abusum</strong></span> <span class='ocrx_word' id='word_1_601' title='bbox 1390 4026 1523 4099; x_wconf 89' lang='lat' dir='ltr'><strong>privilegii</strong></span> <span class='ocrx_word' id='word_1_602' title='bbox 1544 4027 1573 4082; x_wconf 82' lang='lat' dir='ltr'><strong>sit</strong></span> <span class='ocrx_word' id='word_1_603' title='bbox 1596 4027 1773 4084; x_wconf 86' lang='lat' dir='ltr'><strong>comminatio</strong></span> 
     </span>
     <span class='ocr_line' id='line_1_42' title="bbox 134 4113 1773 4193; baseline -0.006 -10"><span class='ocrx_word' id='word_1_604' title='bbox 134 4125 271 4184; x_wconf 88' lang='lat' dir='ltr'><strong>ecelesiae</strong></span> <span class='ocrx_word' id='word_1_605' title='bbox 288 4123 457 4180; x_wconf 89' lang='lat' dir='ltr'><strong>immunitate</strong></span> <span class='ocrx_word' id='word_1_606' title='bbox 471 4121 607 4193; x_wconf 86' lang='lat' dir='ltr'><strong>privatur,</strong></span> <span class='ocrx_word' id='word_1_607' title='bbox 622 4117 785 4176; x_wconf 88' lang='lat' dir='ltr'><strong>consonatl.</strong></span> <span class='ocrx_word' id='word_1_608' title='bbox 799 4115 935 4184; x_wconf 85' lang='lat' dir='ltr'><strong>Iudaeos,</strong></span> <span class='ocrx_word' id='word_1_609' title='bbox 974 4117 1027 4174; x_wconf 90' lang='lat' dir='ltr'><strong>sub</strong></span> <span class='ocrx_word' id='word_1_610' title='bbox 1050 4114 1248 4174; x_wconf 88' lang='lat' dir='ltr'><strong>disiunctione:</strong></span> <span class='ocrx_word' id='word_1_611' title='bbox 1278 4113 1490 4172; x_wconf 82' lang='lat' dir='ltr'><strong>Ordtnotiosses</strong></span> <span class='ocrx_word' id='word_1_612' title='bbox 1513 4114 1566 4171; x_wconf 80' lang='lat' dir='ltr'><strong>tttt</strong></span> <span class='ocrx_word' id='word_1_613' title='bbox 1589 4119 1773 4181; x_wconf 73' lang='lat' dir='ltr'><strong>Ravennatis</strong></span> 
     </span>
     <span class='ocr_line' id='line_1_43' title="bbox 134 4202 1770 4284; baseline -0.008 -11"><span class='ocrx_word' id='word_1_614' title='bbox 134 4219 166 4273; x_wconf 85' lang='lat' dir='ltr'><strong>C.</strong></span> <span class='ocrx_word' id='word_1_615' title='bbox 190 4214 224 4271; x_wconf 89' lang='lat' dir='ltr'><strong>de</strong></span> <span class='ocrx_word' id='word_1_616' title='bbox 248 4211 365 4270; x_wconf 89' lang='lat' dir='ltr'><strong>ludaeis.</strong></span> <span class='ocrx_word' id='word_1_617' title='bbox 388 4210 508 4284; x_wconf 85' lang='lat' dir='ltr'><strong>benique</strong></span> <span class='ocrx_word' id='word_1_618' title='bbox 531 4210 559 4265; x_wconf 91' lang='lat' dir='ltr'><strong>ln</strong></span> <span class='ocrx_word' id='word_1_619' title='bbox 579 4223 641 4279; x_wconf 90' lang='lat' dir='ltr'><strong>cap.</strong></span> <span class='ocrx_word' id='word_1_620' title='bbox 659 4206 827 4265; x_wconf 74' lang='lat' dir='ltr'><strong>desolantes</strong></span> <span class='ocrx_word' id='word_1_621' title='bbox 848 4221 939 4263; x_wconf 87' lang='lat' dir='ltr'><strong>sermo</strong></span> <span class='ocrx_word' id='word_1_622' title='bbox 973 4206 1143 4274; x_wconf 80' lang='lat' dir='ltr'><strong>Ecclesiae,</strong></span> <span class='ocrx_word' id='word_1_623' title='bbox 1167 4204 1213 4262; x_wconf 87' lang='lat' dir='ltr'><strong>cel</strong></span> <span class='ocrx_word' id='word_1_624' title='bbox 1233 4203 1420 4262; x_wconf 84' lang='lat' dir='ltr'><strong>Aemitleusts</strong></span> <span class='ocrx_word' id='word_1_625' title='bbox 1444 4207 1558 4262; x_wconf 84' lang='lat' dir='ltr'><strong>ncoerts</strong></span> <span class='ocrx_word' id='word_1_626' title='bbox 1579 4202 1770 4276; x_wconf 59' lang='lat' dir='ltr'><strong>differendos.</strong></span> 
     </span>
    </p>
   </div>
   <div class='ocr_carea' id='block_1_3' title="bbox 123 4294 1886 4468">
    <p class='ocr_par' dir='ltr' id='par_1_3' title="bbox 123 4294 1886 4468">
     <span class='ocr_line' id='line_1_44' title="bbox 123 4294 1881 4386; baseline -0.008 -24"><span class='ocrx_word' id='word_1_627' title='bbox 123 4321 196 4386; x_wconf 18' lang='lat' dir='ltr'><strong>flesse</strong></span> <span class='ocrx_word' id='word_1_628' title='bbox 211 4303 318 4360; x_wconf 88' lang='lat' dir='ltr'><strong>videtur</strong></span> <span class='ocrx_word' id='word_1_629' title='bbox 336 4300 370 4358; x_wconf 90' lang='lat' dir='ltr'><strong>de</strong></span> <span class='ocrx_word' id='word_1_630' title='bbox 385 4300 473 4356; x_wconf 88' lang='lat' dir='ltr'><strong>abusu</strong></span> <span class='ocrx_word' id='word_1_631' title='bbox 488 4303 585 4358; x_wconf 81' lang='lat' dir='ltr'><strong>enaim</strong></span> <span class='ocrx_word' id='word_1_632' title='bbox 598 4298 677 4353; x_wconf 87' lang='lat' dir='ltr'><strong>linem</strong></span> <span class='ocrx_word' id='word_1_633' title='bbox 688 4303 717 4352; x_wconf 89' lang='lat' dir='ltr'><strong>et</strong></span> <span class='ocrx_word' id='word_1_634' title='bbox 727 4294 937 4353; x_wconf 81' lang='lat' dir='ltr'><strong>tundamentum</strong></span> <span class='ocrx_word' id='word_1_635' title='bbox 975 4297 1060 4369; x_wconf 91' lang='lat' dir='ltr'><strong>Saepe</strong></span> <span class='ocrx_word' id='word_1_636' title='bbox 1077 4299 1158 4354; x_wconf 86' lang='lat' dir='ltr'><strong>etiam</strong></span> <span class='ocrx_word' id='word_1_637' title='bbox 1174 4303 1287 4367; x_wconf 85' lang='lat' dir='ltr'><strong>propter</strong></span> <span class='ocrx_word' id='word_1_638' title='bbox 1301 4295 1430 4368; x_wconf 90' lang='lat' dir='ltr'><strong>abusum,</strong></span> <span class='ocrx_word' id='word_1_639' title='bbox 1446 4294 1520 4376; x_wconf 72' lang='lat' dir='ltr'><strong>serbi</strong></span> <span class='ocrx_word' id='word_1_640' title='bbox 1533 4294 1633 4367; x_wconf 86' lang='lat' dir='ltr'><strong>gratia,</strong></span> <span class='ocrx_word' id='word_1_641' title='bbox 1651 4295 1676 4350; x_wconf 95' lang='lat' dir='ltr'><strong>in</strong></span> <span class='ocrx_word' id='word_1_642' title='bbox 1691 4294 1772 4366; x_wconf 91' lang='lat' dir='ltr'><strong>privi·</strong></span> <span class='ocrx_word' id='word_1_643' title='bbox 1874 4315 1881 4328; x_wconf 93' lang='lat'><strong>·</strong></span> 
     </span>
     <span class='ocr_line' id='line_1_45' title="bbox 135 4382 1886 4468; baseline -0.007 -17"><span class='ocrx_word' id='word_1_644' title='bbox 135 4394 278 4468; x_wconf 88' lang='lat' dir='ltr'><strong>privilegii.</strong></span> <span class='ocrx_word' id='word_1_645' title='bbox 308 4392 342 4448; x_wconf 86' lang='lat' dir='ltr'><strong>Et</strong></span> <span class='ocrx_word' id='word_1_646' title='bbox 361 4388 395 4446; x_wconf 94' lang='lat' dir='ltr'><strong>ad</strong></span> <span class='ocrx_word' id='word_1_647' title='bbox 413 4388 484 4445; x_wconf 88' lang='lat' dir='ltr'><strong>idem</strong></span> <span class='ocrx_word' id='word_1_648' title='bbox 508 4393 593 4460; x_wconf 87' lang='lat' dir='ltr'><strong>caput</strong></span> <span class='ocrx_word' id='word_1_649' title='bbox 616 4392 783 4443; x_wconf 85' lang='lat' dir='ltr'><strong>revocantur</strong></span> <span class='ocrx_word' id='word_1_650' title='bbox 803 4398 939 4455; x_wconf 86' lang='lat' dir='ltr'><strong>canones,</strong></span> <span class='ocrx_word' id='word_1_651' title='bbox 975 4387 1045 4460; x_wconf 89' lang='lat' dir='ltr'><strong>legio</strong></span> <span class='ocrx_word' id='word_1_652' title='bbox 1060 4384 1187 4458; x_wconf 89' lang='lat' dir='ltr'><strong>eligendi,</strong></span> <span class='ocrx_word' id='word_1_653' title='bbox 1202 4385 1325 4457; x_wconf 90' lang='lat' dir='ltr'><strong>privatur</strong></span> <span class='ocrx_word' id='word_1_654' title='bbox 1339 4386 1401 4457; x_wconf 89' lang='lat' dir='ltr'><strong>quis</strong></span> <span class='ocrx_word' id='word_1_655' title='bbox 1415 4389 1550 4456; x_wconf 84' lang='lat' dir='ltr'><strong>potestate</strong></span> <span class='ocrx_word' id='word_1_656' title='bbox 1565 4383 1680 4458; x_wconf 87' lang='lat' dir='ltr'><strong>eligendi</strong></span> <span class='ocrx_word' id='word_1_657' title='bbox 1691 4385 1718 4441; x_wconf 90' lang='lat' dir='ltr'><strong>in</strong></span> <span class='ocrx_word' id='word_1_658' title='bbox 1731 4384 1773 4440; x_wconf 90' lang='lat' dir='ltr'><strong>lu·</strong></span> <span class='ocrx_word' id='word_1_659' title='bbox 1881 4382 1886 4392; x_wconf 82' lang='grc'><em>“</em></span> 
     </span>
    </p>
   </div>
   <div class='ocr_carea' id='block_1_4' title="bbox 134 4472 1774 5362">
    <p class='ocr_par' dir='ltr' id='par_1_4' title="bbox 134 4472 1774 5362">
     <span class='ocr_line' id='line_1_46' title="bbox 135 4472 1773 4557; baseline -0.005 -17"><span class='ocrx_word' id='word_1_660' title='bbox 135 4485 185 4557; x_wconf 86' lang='lat' dir='ltr'><strong>qui</strong></span> <span class='ocrx_word' id='word_1_661' title='bbox 207 4481 323 4540; x_wconf 89' lang='lat' dir='ltr'><strong>clericos</strong></span> <span class='ocrx_word' id='word_1_662' title='bbox 337 4479 499 4552; x_wconf 84' lang='lat' dir='ltr'><strong>coniugatus</strong></span> <span class='ocrx_word' id='word_1_663' title='bbox 514 4477 583 4534; x_wconf 85' lang='lat' dir='ltr'><strong>laice</strong></span> <span class='ocrx_word' id='word_1_664' title='bbox 597 4476 718 4533; x_wconf 91' lang='lat' dir='ltr'><strong>viventes</strong></span> <span class='ocrx_word' id='word_1_665' title='bbox 732 4475 839 4547; x_wconf 89' lang='lat' dir='ltr'><strong>privant</strong></span> <span class='ocrx_word' id='word_1_666' title='bbox 854 4474 938 4546; x_wconf 92' lang='lat' dir='ltr'><strong>privi·</strong></span> <span class='ocrx_word' id='word_1_667' title='bbox 976 4484 1081 4547; x_wconf 86' lang='lat' dir='ltr'><strong>tarum,</strong></span> <span class='ocrx_word' id='word_1_668' title='bbox 1096 4491 1148 4532; x_wconf 95' lang='lat' dir='ltr'><strong>non</strong></span> <span class='ocrx_word' id='word_1_669' title='bbox 1164 4475 1335 4547; x_wconf 88' lang='lat' dir='ltr'><strong>simpliciter,</strong></span> <span class='ocrx_word' id='word_1_670' title='bbox 1352 4472 1400 4530; x_wconf 89' lang='lat' dir='ltr'><strong>sed</strong></span> <span class='ocrx_word' id='word_1_671' title='bbox 1415 4489 1463 4546; x_wconf 91' lang='lat' dir='ltr'><strong>pro</strong></span> <span class='ocrx_word' id='word_1_672' title='bbox 1478 4473 1569 4548; x_wconf 91' lang='lat' dir='ltr'><strong>aliquo</strong></span> <span class='ocrx_word' id='word_1_673' title='bbox 1585 4482 1717 4546; x_wconf 86' lang='lat' dir='ltr'><strong>tempore,</strong></span> <span class='ocrx_word' id='word_1_674' title='bbox 1731 4474 1773 4531; x_wconf 90' lang='lat' dir='ltr'><strong>vel</strong></span> 
     </span>
     <span class='ocr_line' id='line_1_47' title="bbox 135 4563 1774 4646; baseline -0.005 -17"><span class='ocrx_word' id='word_1_675' title='bbox 135 4574 209 4646; x_wconf 88' lang='lat' dir='ltr'><strong>legio</strong></span> <span class='ocrx_word' id='word_1_676' title='bbox 228 4569 365 4641; x_wconf 86' lang='lat' dir='ltr'><strong>clericali,</strong></span> <span class='ocrx_word' id='word_1_677' title='bbox 382 4575 413 4625; x_wconf 93' lang='lat' dir='ltr'><strong>ut</strong></span> <span class='ocrx_word' id='word_1_678' title='bbox 431 4582 493 4640; x_wconf 90' lang='lat' dir='ltr'><strong>cap.</strong></span> <span class='ocrx_word' id='word_1_679' title='bbox 510 4571 559 4624; x_wconf 80' lang='lat' dir='ltr'><strong>En</strong></span> <span class='ocrx_word' id='word_1_680' title='bbox 568 4569 674 4640; x_wconf 85' lang='lat' dir='ltr'><strong>porte,</strong></span> <span class='ocrx_word' id='word_1_681' title='bbox 693 4565 726 4622; x_wconf 91' lang='lat' dir='ltr'><strong>de</strong></span> <span class='ocrx_word' id='word_1_682' title='bbox 741 4563 808 4621; x_wconf 87' lang='lat' dir='ltr'><strong>cler.</strong></span> <span class='ocrx_word' id='word_1_683' title='bbox 826 4565 938 4637; x_wconf 87' lang='lat' dir='ltr'><strong>coniug.</strong></span> <span class='ocrx_word' id='word_1_684' title='bbox 974 4565 1066 4640; x_wconf 87' lang='lat' dir='ltr'><strong>aliqua</strong></span> <span class='ocrx_word' id='word_1_685' title='bbox 1079 4565 1149 4636; x_wconf 92' lang='lat' dir='ltr'><strong>viee,</strong></span> <span class='ocrx_word' id='word_1_686' title='bbox 1162 4571 1194 4621; x_wconf 94' lang='lat' dir='ltr'><strong>ut</strong></span> <span class='ocrx_word' id='word_1_687' title='bbox 1207 4564 1232 4620; x_wconf 94' lang='lat' dir='ltr'><strong>in</strong></span> <span class='ocrx_word' id='word_1_688' title='bbox 1249 4579 1310 4635; x_wconf 91' lang='lat' dir='ltr'><strong>cap.</strong></span> <span class='ocrx_word' id='word_1_689' title='bbox 1325 4565 1404 4622; x_wconf 83' lang='lat' dir='ltr'><strong>Cum</strong></span> <span class='ocrx_word' id='word_1_690' title='bbox 1416 4565 1450 4620; x_wconf 82' lang='lat' dir='ltr'><strong>tn</strong></span> <span class='ocrx_word' id='word_1_691' title='bbox 1465 4566 1587 4644; x_wconf 72' lang='lat' dir='ltr'><strong>sericiis,</strong></span> <span class='ocrx_word' id='word_1_692' title='bbox 1602 4569 1614 4639; x_wconf 70' lang='lat'>5</span> <span class='ocrx_word' id='word_1_693' title='bbox 1629 4563 1774 4635; x_wconf 88' lang='lat' dir='ltr'><strong>ultimo,et</strong></span> 
     </span>
     <span class='ocr_line' id='line_1_48' title="bbox 134 4650 1770 4730; baseline -0.009 -10"><span class='ocrx_word' id='word_1_694' title='bbox 134 4671 164 4720; x_wconf 90' lang='lat' dir='ltr'><strong>et</strong></span> <span class='ocrx_word' id='word_1_695' title='bbox 177 4679 203 4719; x_wconf 88' lang='lat' dir='ltr'><strong>c.</strong></span> <span class='ocrx_word' id='word_1_696' title='bbox 222 4662 290 4728; x_wconf 79' lang='lat' dir='ltr'><strong>Uol,</strong></span> <span class='ocrx_word' id='word_1_697' title='bbox 304 4659 366 4717; x_wconf 90' lang='lat' dir='ltr'><strong>eod.</strong></span> <span class='ocrx_word' id='word_1_698' title='bbox 379 4659 405 4714; x_wconf 95' lang='lat' dir='ltr'><strong>in</strong></span> <span class='ocrx_word' id='word_1_699' title='bbox 421 4661 448 4730; x_wconf 82' lang='grc'><strong>6,</strong></span> <span class='ocrx_word' id='word_1_700' title='bbox 463 4663 491 4714; x_wconf 90' lang='lat' dir='ltr'><strong>et</strong></span> <span class='ocrx_word' id='word_1_701' title='bbox 503 4655 576 4714; x_wconf 82' lang='lat' dir='ltr'><strong>Tsid.</strong></span> <span class='ocrx_word' id='word_1_702' title='bbox 593 4671 661 4713; x_wconf 90' lang='lat' dir='ltr'><strong>sess.</strong></span> <span class='ocrx_word' id='word_1_703' title='bbox 675 4659 724 4727; x_wconf 83' lang='lat'><strong>23,</strong></span> <span class='ocrx_word' id='word_1_704' title='bbox 736 4670 797 4727; x_wconf 89' lang='lat' dir='ltr'><strong>cap.</strong></span> <span class='ocrx_word' id='word_1_705' title='bbox 813 4658 839 4714; x_wconf 83' lang='lat'><strong>6.</strong></span> <span class='ocrx_word' id='word_1_706' title='bbox 853 4653 886 4711; x_wconf 89' lang='lat' dir='ltr'><strong>de</strong></span> <span class='ocrx_word' id='word_1_707' title='bbox 897 4671 943 4713; x_wconf 90' lang='lat' dir='ltr'><strong>re·</strong></span> <span class='ocrx_word' id='word_1_708' title='bbox 975 4672 1036 4728; x_wconf 90' lang='lat' dir='ltr'><strong>cap.</strong></span> <span class='ocrx_word' id='word_1_709' title='bbox 1057 4657 1135 4714; x_wconf 88' lang='lat' dir='ltr'><strong>Cum</strong></span> <span class='ocrx_word' id='word_1_710' title='bbox 1148 4655 1365 4713; x_wconf 78' lang='lat' dir='ltr'><strong>wintoniensis,</strong></span> <span class='ocrx_word' id='word_1_711' title='bbox 1382 4651 1417 4710; x_wconf 93' lang='lat' dir='ltr'><strong>de</strong></span> <span class='ocrx_word' id='word_1_712' title='bbox 1432 4650 1558 4710; x_wconf 91' lang='lat' dir='ltr'><strong>electlnn.</strong></span> <span class='ocrx_word' id='word_1_713' title='bbox 1575 4659 1604 4710; x_wconf 91' lang='lat' dir='ltr'><strong>et</strong></span> <span class='ocrx_word' id='word_1_714' title='bbox 1621 4653 1646 4708; x_wconf 90' lang='lat' dir='ltr'><strong>in</strong></span> <span class='ocrx_word' id='word_1_715' title='bbox 1665 4667 1726 4726; x_wconf 91' lang='lat' dir='ltr'><strong>cap.</strong></span> <span class='ocrx_word' id='word_1_716' title='bbox 1747 4659 1770 4712; x_wconf 89' lang='lat' dir='ltr'><strong>l.</strong></span> 
     </span>
     <span class='ocr_line' id='line_1_49' title="bbox 135 4739 1774 4819; baseline -0.007 -9"><span class='ocrx_word' id='word_1_717' title='bbox 135 4754 247 4810; x_wconf 91' lang='lat' dir='ltr'><strong>lormnt.</strong></span> <span class='ocrx_word' id='word_1_718' title='bbox 265 4757 294 4806; x_wconf 90' lang='lat' dir='ltr'><strong>et</strong></span> <span class='ocrx_word' id='word_1_719' title='bbox 307 4747 459 4806; x_wconf 88' lang='lat' dir='ltr'><strong>concordat</strong></span> <span class='ocrx_word' id='word_1_720' title='bbox 473 4739 615 4808; x_wconf 71' lang='lat' dir='ltr'><strong>blittero,</strong></span> <span class='ocrx_word' id='word_1_721' title='bbox 633 4744 709 4803; x_wconf 79' lang='lat' dir='ltr'><strong>lide</strong></span> <span class='ocrx_word' id='word_1_722' title='bbox 725 4744 940 4819; x_wconf 82' lang='lat' dir='ltr'><strong>peculio,etlea</strong></span> <span class='ocrx_word' id='word_1_723' title='bbox 974 4753 1003 4802; x_wconf 93' lang='lat' dir='ltr'><strong>et</strong></span> <span class='ocrx_word' id='word_1_724' title='bbox 1016 4749 1044 4804; x_wconf 85' lang='lat'><strong>2.</strong></span> <span class='ocrx_word' id='word_1_725' title='bbox 1059 4743 1093 4802; x_wconf 90' lang='lat' dir='ltr'><strong>de</strong></span> <span class='ocrx_word' id='word_1_726' title='bbox 1114 4741 1242 4816; x_wconf 88' lang='lat' dir='ltr'><strong>postulat.</strong></span> <span class='ocrx_word' id='word_1_727' title='bbox 1265 4740 1381 4800; x_wconf 84' lang='lat' dir='ltr'><strong>Praelat.</strong></span> <span class='ocrx_word' id='word_1_728' title='bbox 1402 4743 1437 4799; x_wconf 84' lang='lat' dir='ltr'><strong>Et</strong></span> <span class='ocrx_word' id='word_1_729' title='bbox 1455 4743 1526 4798; x_wconf 88' lang='lat' dir='ltr'><strong>ratio</strong></span> <span class='ocrx_word' id='word_1_730' title='bbox 1545 4748 1589 4798; x_wconf 89' lang='lat' dir='ltr'><strong>est</strong></span> <span class='ocrx_word' id='word_1_731' title='bbox 1602 4743 1691 4812; x_wconf 87' lang='lat' dir='ltr'><strong>clara,</strong></span> <span class='ocrx_word' id='word_1_732' title='bbox 1709 4742 1774 4815; x_wconf 90' lang='lat' dir='ltr'><strong>quis</strong></span> 
     </span>
     <span class='ocr_line' id='line_1_50' title="bbox 138 4825 1774 4910; baseline -0.008 -9"><span class='ocrx_word' id='word_1_733' title='bbox 138 4842 337 4904; x_wconf 73' lang='lat' dir='ltr'><strong>Christianis,</strong></span> <span class='ocrx_word' id='word_1_734' title='bbox 354 4841 384 4896; x_wconf 86' lang='lat' dir='ltr'><strong>C.</strong></span> <span class='ocrx_word' id='word_1_735' title='bbox 402 4838 436 4894; x_wconf 92' lang='lat' dir='ltr'><strong>de</strong></span> <span class='ocrx_word' id='word_1_736' title='bbox 450 4853 549 4910; x_wconf 87' lang='lat' dir='ltr'><strong>pagan.</strong></span> <span class='ocrx_word' id='word_1_737' title='bbox 564 4838 643 4894; x_wconf 84' lang='lat' dir='ltr'><strong>Ratio</strong></span> <span class='ocrx_word' id='word_1_738' title='bbox 658 4851 722 4893; x_wconf 93' lang='lat' dir='ltr'><strong>vero</strong></span> <span class='ocrx_word' id='word_1_739' title='bbox 742 4836 865 4892; x_wconf 89' lang='lat' dir='ltr'><strong>omnium</strong></span> <span class='ocrx_word' id='word_1_740' title='bbox 887 4841 939 4908; x_wconf 90' lang='lat' dir='ltr'><strong>est,</strong></span> <span class='ocrx_word' id='word_1_741' title='bbox 975 4852 1027 4894; x_wconf 93' lang='lat' dir='ltr'><strong>non</strong></span> <span class='ocrx_word' id='word_1_742' title='bbox 1043 4849 1151 4907; x_wconf 89' lang='lat' dir='ltr'><strong>semper</strong></span> <span class='ocrx_word' id='word_1_743' title='bbox 1164 4825 1458 4905; x_wconf 80' lang='lat' dir='ltr'><strong>excessus&#39;estdignus</strong></span> <span class='ocrx_word' id='word_1_744' title='bbox 1470 4829 1575 4904; x_wconf 91' lang='lat' dir='ltr'><strong>aequali</strong></span> <span class='ocrx_word' id='word_1_745' title='bbox 1594 4830 1774 4903; x_wconf 85' lang='lat' dir='ltr'><strong>poena.Unde</strong></span> 
     </span>
     <span class='ocr_line' id='line_1_51' title="bbox 136 4919 1773 5006; baseline -0.007 -18"><span class='ocrx_word' id='word_1_746' title='bbox 136 4931 203 5006; x_wconf 88' lang='lat' dir='ltr'><strong>quia</strong></span> <span class='ocrx_word' id='word_1_747' title='bbox 217 4929 330 5003; x_wconf 89' lang='lat' dir='ltr'><strong>quilibet</strong></span> <span class='ocrx_word' id='word_1_748' title='bbox 343 4945 376 4987; x_wconf 82' lang='lat' dir='ltr'><strong>ex</strong></span> <span class='ocrx_word' id='word_1_749' title='bbox 391 4927 470 4985; x_wconf 91' lang='lat' dir='ltr'><strong>dictis</strong></span> <span class='ocrx_word' id='word_1_750' title='bbox 484 4928 615 4986; x_wconf 87' lang='lat' dir='ltr'><strong>abusibus</strong></span> <span class='ocrx_word' id='word_1_751' title='bbox 630 4926 773 4999; x_wconf 88' lang='lat' dir='ltr'><strong>culpabilis</strong></span> <span class='ocrx_word' id='word_1_752' title='bbox 784 4934 837 4996; x_wconf 92' lang='lat' dir='ltr'><strong>est,</strong></span> <span class='ocrx_word' id='word_1_753' title='bbox 849 4929 941 5001; x_wconf 87' lang='lat' dir='ltr'><strong>etpri·</strong></span> <span class='ocrx_word' id='word_1_754' title='bbox 973 4926 1054 4983; x_wconf 88' lang='lat' dir='ltr'><strong>etism</strong></span> <span class='ocrx_word' id='word_1_755' title='bbox 1069 4925 1126 4982; x_wconf 85' lang='lat' dir='ltr'><strong>lieri</strong></span> <span class='ocrx_word' id='word_1_756' title='bbox 1142 4927 1241 4997; x_wconf 87' lang='lat' dir='ltr'><strong>potest,</strong></span> <span class='ocrx_word' id='word_1_757' title='bbox 1255 4927 1286 4979; x_wconf 90' lang='lat' dir='ltr'><strong>ut</strong></span> <span class='ocrx_word' id='word_1_758' title='bbox 1301 4927 1407 4979; x_wconf 90' lang='lat' dir='ltr'><strong>tantum</strong></span> <span class='ocrx_word' id='word_1_759' title='bbox 1419 4921 1544 4993; x_wconf 85' lang='lat' dir='ltr'><strong>privetur</strong></span> <span class='ocrx_word' id='word_1_760' title='bbox 1555 4922 1618 4993; x_wconf 85' lang='lat' dir='ltr'><strong>quis</strong></span> <span class='ocrx_word' id='word_1_761' title='bbox 1630 4919 1773 4994; x_wconf 87' lang='lat' dir='ltr'><strong>privilegio</strong></span> 
     </span>
     <span class='ocr_line' id='line_1_52' title="bbox 137 5010 1773 5093; baseline -0.007 -16"><span class='ocrx_word' id='word_1_762' title='bbox 137 5019 234 5093; x_wconf 88' lang='lat' dir='ltr'><strong>vilegio</strong></span> <span class='ocrx_word' id='word_1_763' title='bbox 255 5019 420 5088; x_wconf 69' lang='lat' dir='ltr'><strong>iniuriosus,</strong></span> <span class='ocrx_word' id='word_1_764' title='bbox 440 5025 469 5074; x_wconf 92' lang='lat' dir='ltr'><strong>st</strong></span> <span class='ocrx_word' id='word_1_765' title='bbox 486 5017 548 5074; x_wconf 91' lang='lat' dir='ltr'><strong>iden</strong></span> <span class='ocrx_word' id='word_1_766' title='bbox 567 5016 681 5089; x_wconf 91' lang='lat' dir='ltr'><strong>privatio</strong></span> <span class='ocrx_word' id='word_1_767' title='bbox 696 5015 828 5089; x_wconf 88' lang='lat' dir='ltr'><strong>privilegii</strong></span> <span class='ocrx_word' id='word_1_768' title='bbox 843 5018 940 5074; x_wconf 89' lang='lat' dir='ltr'><strong>merito</strong></span> <span class='ocrx_word' id='word_1_769' title='bbox 972 5018 1000 5073; x_wconf 92' lang='lat' dir='ltr'><strong>in</strong></span> <span class='ocrx_word' id='word_1_770' title='bbox 1019 5015 1065 5072; x_wconf 90' lang='lat' dir='ltr'><strong>illo</strong></span> <span class='ocrx_word' id='word_1_771' title='bbox 1083 5019 1165 5086; x_wconf 91' lang='lat' dir='ltr'><strong>actu,</strong></span> <span class='ocrx_word' id='word_1_772' title='bbox 1180 5015 1207 5070; x_wconf 93' lang='lat' dir='ltr'><strong>in</strong></span> <span class='ocrx_word' id='word_1_773' title='bbox 1223 5026 1278 5086; x_wconf 94' lang='lat' dir='ltr'><strong>quo</strong></span> <span class='ocrx_word' id='word_1_774' title='bbox 1292 5011 1336 5068; x_wconf 93' lang='lat' dir='ltr'><strong>illo</strong></span> <span class='ocrx_word' id='word_1_775' title='bbox 1350 5012 1487 5084; x_wconf 89' lang='lat' dir='ltr'><strong>abutitur,</strong></span> <span class='ocrx_word' id='word_1_776' title='bbox 1502 5011 1594 5085; x_wconf 92' lang='lat' dir='ltr'><strong>quoad</strong></span> <span class='ocrx_word' id='word_1_777' title='bbox 1609 5010 1680 5081; x_wconf 88' lang='lat' dir='ltr'><strong>boc,</strong></span> <span class='ocrx_word' id='word_1_778' title='bbox 1702 5010 1773 5068; x_wconf 92' lang='lat' dir='ltr'><strong>scili·</strong></span> 
     </span>
     <span class='ocr_line' id='line_1_53' title="bbox 138 5098 1770 5180; baseline -0.006 -13"><span class='ocrx_word' id='word_1_779' title='bbox 138 5110 176 5168; x_wconf 91' lang='lat' dir='ltr'><strong>illi</strong></span> <span class='ocrx_word' id='word_1_780' title='bbox 192 5107 403 5180; x_wconf 82' lang='lat' dir='ltr'><strong>correspondet,</strong></span> <span class='ocrx_word' id='word_1_781' title='bbox 417 5107 458 5164; x_wconf 91' lang='lat' dir='ltr'><strong>vel</strong></span> <span class='ocrx_word' id='word_1_782' title='bbox 472 5107 498 5163; x_wconf 92' lang='lat' dir='ltr'><strong>in</strong></span> <span class='ocrx_word' id='word_1_783' title='bbox 510 5121 625 5179; x_wconf 88' lang='lat' dir='ltr'><strong>poenam</strong></span> <span class='ocrx_word' id='word_1_784' title='bbox 637 5106 883 5178; x_wconf 86' lang='lat' dir='ltr'><strong>proportionatam,</strong></span> <span class='ocrx_word' id='word_1_785' title='bbox 898 5105 939 5164; x_wconf 90' lang='lat' dir='ltr'><strong>vel</strong></span> <span class='ocrx_word' id='word_1_786' title='bbox 974 5112 1029 5176; x_wconf 88' lang='lat' dir='ltr'><strong>cet,</strong></span> <span class='ocrx_word' id='word_1_787' title='bbox 1046 5111 1078 5162; x_wconf 90' lang='lat' dir='ltr'><strong>ut</strong></span> <span class='ocrx_word' id='word_1_788' title='bbox 1092 5103 1153 5160; x_wconf 90' lang='lat' dir='ltr'><strong>talis</strong></span> <span class='ocrx_word' id='word_1_789' title='bbox 1167 5110 1247 5160; x_wconf 84' lang='lat' dir='ltr'><strong>notris</strong></span> <span class='ocrx_word' id='word_1_790' title='bbox 1262 5118 1316 5159; x_wconf 94' lang='lat' dir='ltr'><strong>non</strong></span> <span class='ocrx_word' id='word_1_791' title='bbox 1330 5101 1430 5174; x_wconf 89' lang='lat' dir='ltr'><strong>valeat,</strong></span> <span class='ocrx_word' id='word_1_792' title='bbox 1445 5100 1488 5158; x_wconf 90' lang='lat' dir='ltr'><strong>vel</strong></span> <span class='ocrx_word' id='word_1_793' title='bbox 1504 5107 1535 5158; x_wconf 90' lang='lat' dir='ltr'><strong>ut</strong></span> <span class='ocrx_word' id='word_1_794' title='bbox 1548 5101 1652 5158; x_wconf 88' lang='lat' dir='ltr'><strong>cassari</strong></span> <span class='ocrx_word' id='word_1_795' title='bbox 1663 5098 1770 5173; x_wconf 89' lang='lat' dir='ltr'><strong>debeat,</strong></span> 
     </span>
     <span class='ocr_line' id='line_1_54' title="bbox 137 5189 1773 5271; baseline -0.005 -15"><span class='ocrx_word' id='word_1_796' title='bbox 137 5200 191 5256; x_wconf 93' lang='lat' dir='ltr'><strong>alio</strong></span> <span class='ocrx_word' id='word_1_797' title='bbox 206 5196 288 5254; x_wconf 89' lang='lat' dir='ltr'><strong>simili</strong></span> <span class='ocrx_word' id='word_1_798' title='bbox 303 5198 385 5256; x_wconf 88' lang='lat' dir='ltr'><strong>modo</strong></span> <span class='ocrx_word' id='word_1_799' title='bbox 395 5199 422 5254; x_wconf 91' lang='lat' dir='ltr'><strong>in</strong></span> <span class='ocrx_word' id='word_1_800' title='bbox 433 5197 610 5271; x_wconf 87' lang='lat' dir='ltr'><strong>sequentibus</strong></span> <span class='ocrx_word' id='word_1_801' title='bbox 620 5193 793 5267; x_wconf 81' lang='lat' dir='ltr'><strong>explicando.</strong></span> <span class='ocrx_word' id='word_1_802' title='bbox 806 5197 900 5270; x_wconf 88' lang='lat' dir='ltr'><strong>Neque</strong></span> <span class='ocrx_word' id='word_1_803' title='bbox 912 5195 939 5254; x_wconf 96' lang='lat' dir='ltr'><strong>in</strong></span> <span class='ocrx_word' id='word_1_804' title='bbox 975 5210 1029 5251; x_wconf 94' lang='lat' dir='ltr'><strong>non</strong></span> <span class='ocrx_word' id='word_1_805' title='bbox 1048 5193 1183 5251; x_wconf 84' lang='lat' dir='ltr'><strong>obstante.</strong></span> <span class='ocrx_word' id='word_1_806' title='bbox 1193 5191 1343 5265; x_wconf 89' lang='lat' dir='ltr'><strong>privilegio.</strong></span> <span class='ocrx_word' id='word_1_807' title='bbox 1364 5189 1441 5259; x_wconf 84' lang='lat' dir='ltr'><strong>Quod</strong></span> <span class='ocrx_word' id='word_1_808' title='bbox 1463 5190 1573 5261; x_wconf 88' lang='lat' dir='ltr'><strong>probari</strong></span> <span class='ocrx_word' id='word_1_809' title='bbox 1589 5195 1680 5262; x_wconf 89' lang='lat' dir='ltr'><strong>potest</strong></span> <span class='ocrx_word' id='word_1_810' title='bbox 1695 5190 1773 5248; x_wconf 90' lang='lat' dir='ltr'><strong>lacile</strong></span> 
     </span>
     <span class='ocr_line' id='line_1_55' title="bbox 136 5279 1772 5362; baseline -0.006 -16"><span class='ocrx_word' id='word_1_811' title='bbox 136 5290 190 5348; x_wconf 90' lang='lat' dir='ltr'><strong>boc</strong></span> <span class='ocrx_word' id='word_1_812' title='bbox 205 5293 312 5362; x_wconf 84' lang='lat' dir='ltr'><strong>puncto</strong></span> <span class='ocrx_word' id='word_1_813' title='bbox 326 5287 378 5346; x_wconf 92' lang='lat' dir='ltr'><strong>alia</strong></span> <span class='ocrx_word' id='word_1_814' title='bbox 390 5285 539 5348; x_wconf 80' lang='lat' dir='ltr'><strong>difficultas</strong></span> <span class='ocrx_word' id='word_1_815' title='bbox 553 5286 688 5346; x_wconf 86' lang='lat' dir='ltr'><strong>occurrit.</strong></span> <span class='ocrx_word' id='word_1_816' title='bbox 974 5299 1007 5342; x_wconf 83' lang='lat' dir='ltr'><strong>ex</strong></span> <span class='ocrx_word' id='word_1_817' title='bbox 1023 5297 1108 5356; x_wconf 90' lang='lat' dir='ltr'><strong>supra</strong></span> <span class='ocrx_word' id='word_1_818' title='bbox 1120 5281 1202 5341; x_wconf 87' lang='lat' dir='ltr'><strong>dietis</strong></span> <span class='ocrx_word' id='word_1_819' title='bbox 1216 5281 1249 5338; x_wconf 91' lang='lat' dir='ltr'><strong>de</strong></span> <span class='ocrx_word' id='word_1_820' title='bbox 1263 5282 1321 5354; x_wconf 89' lang='lat' dir='ltr'><strong>lege</strong></span> <span class='ocrx_word' id='word_1_821' title='bbox 1337 5281 1474 5354; x_wconf 73' lang='lat' dir='ltr'><strong>irritante,</strong></span> <span class='ocrx_word' id='word_1_822' title='bbox 1490 5294 1552 5337; x_wconf 89' lang='lat' dir='ltr'><strong>nam</strong></span> <span class='ocrx_word' id='word_1_823' title='bbox 1565 5279 1680 5338; x_wconf 85' lang='lat' dir='ltr'><strong>irritatio</strong></span> <span class='ocrx_word' id='word_1_824' title='bbox 1691 5286 1772 5338; x_wconf 87' lang='lat' dir='ltr'><strong>actus</strong></span> 
     </span>
    </p>
   </div>
   <div class='ocr_carea' id='block_1_5' title="bbox 0 0 2140 6212">
    <p class='ocr_par' dir='ltr' id='par_1_5' title="bbox 0 0 2140 6212">
     <span class='ocr_line' id='line_1_56' title="bbox 0 0 2140 6212; baseline 0 0"><span class='ocrx_word' id='word_1_825' title='bbox 0 0 2140 6212; x_wconf 95' lang='lat' dir='ltr'><strong> </strong></span> 
     </span>
    </p>
   </div>
  </div>
 </body>
</html>
