4190 6234
404 391 445 454 64
1110 405 1260 455 amnne.

364 533 480 608 ponendi
499 548 620 607 novum,
636 541 771 607 quantum
785 539 890 608 spectet
903 531 936 590 ad
958 529 1160 606 possibilitatem
1198 531 1354 602 illationem,
1369 534 1496 606 nunquia
1511 534 1538 588 io
1554 539 1630 591 textu
1644 533 1900 590 contineatur.llec
1916 532 2001 589 eticrn
2056 566 2057 658 1

365 624 523 698 acquirendi
538 624 603 683 illud
617 639 667 696 per
680 623 918 696 cousuetudinem,
934 639 995 680 nam
1010 629 1160 695 utrumque
1195 623 1288 692 video,
1310 638 1362 680 cur
1381 622 1479 682 dixerit
1498 623 1569 680 itlem
1584 629 1682 681 auctor
1699 639 1764 680 cum
1787 623 2001 683 Panormitano.

364 721 408 772 est
428 716 570 788 proprium
591 715 733 789 principis:
749 731 815 787 ergo
836 715 857 771 si
878 731 963 773 unum
985 720 1161 784 comparatur
1196 717 1332 770 numerari
1346 716 1372 770 in
1387 731 1419 772 eo
1435 722 1513 773 textu
1525 721 1645 788 quatuor
1656 713 1785 772 habentes
1796 716 2002 773 auctoritatem

364 805 594 878 praescriptione,
609 821 660 863 cur
679 821 733 861 non
752 803 850 862 aliud?
863 807 930 862 Nam
951 803 1025 876 quod
1038 801 1162 860 diliernnt
1195 803 1229 860 ad
1243 804 1405 878 imponenda
1418 805 1529 876 tribute,
1546 805 1650 862 scilicet
1664 807 1870 881 imperatorem,
1890 820 2002 879 regem,

365 895 522 952 secundum
538 897 625 968 magis
638 901 667 952 et
680 897 783 966 minum
795 910 891 967 parum
906 895 1000 964 reiert,
1011 909 1076 950 cum
1092 892 1159 950 hoec
1196 896 1345 953 concilium
1360 895 1463 970 tutique
1477 911 1544 954 cum
1558 894 1695 968 Perdice)
1706 902 1734 952 ot
1751 897 2000 966 consuetudinem3

363 985 512 1044 differentia
525 983 700 1042 accidentalis
715 985 761 1056 sit,
777 991 805 1042 et
820 986 847 1041 in
860 983 954 1041 multis
968 983 1024 1040 aliis
1043 983 1161 1055 reperio·
1195 999 1257 1042 nom
1278 985 1313 1042 ibi
1331 984 1448 1059 dicitur,
1469 986 1696 1044 consuetudinem
1715 988 1780 1045 dare
1800 988 2002 1045 auctoritatem

363 1083 419 1148 tur,
441 1091 511 1149 quae
533 1081 629 1132 contra
650 1076 798 1148 principem
818 1074 963 1147 praescribi
984 1079 1107 1146 possunt.
1124 1073 1160 1133 Ut
1193 1075 1228 1132 ed
1248 1073 1442 1148 imponendum
1462 1076 1617 1149 tributum,
1643 1078 1691 1136 sed
1708 1079 1772 1135 dare
1797 1077 2002 1135 auctoritatem

363 1173 427 1224 sunt
440 1165 679 1239 iurisdictio,quae
693 1181 742 1238 per
754 1164 980 1222 consuetudinem
994 1165 1158 1237 acquiritur,
1193 1166 1305 1238 tributo,
1325 1166 1397 1241 quod
1413 1165 1490 1225 laodic
1505 1168 1663 1240 impositum
1678 1169 1829 1240 iuvenitur,
1844 1165 1927 1243 quod
1942 1167 2001 1223 sine
2058 1207 2059 1222 t

364 1259 467 1316 etiamsi
481 1259 591 1330 proprie
602 1257 674 1330 regis
687 1259 733 1330 sit,
744 1263 772 1314 et
785 1262 904 1330 potestas
922 1253 1084 1330 legitimandi
1094 1269 1159 1327 spu·
1193 1256 1275 1314 diablo
1296 1256 1376 1331 longe
1396 1255 1536 1316 diversum
1556 1267 1613 1331 cst,
1635 1268 1668 1317 nt
1688 1269 1765 1319 recte
1788 1259 1855 1317 dixit
1882 1260 1998 1316 Castro.

362 1350 428 1422 rios,
444 1347 603 1406 restituendi
621 1347 720 1406 lamam
740 1348 899 1418 insontibus,
915 1347 1055 1405 recreandi
1075 1345 1159 1404 tabel-
1194 1347 1297 1408 lledina
1322 1349 1402 1406 etiam
1422 1365 1477 1406 nou
1497 1356 1598 1424 negat,
1624 1350 1692 1408 hoec
1712 1351 1767 1409 duo
1786 1367 1846 1407 esse
1868 1348 1996 1418 dicerem

363 1439 458 1510 liones,
469 1446 498 1497 et
508 1438 689 1511 similia,quae
701 1438 875 1496 innocentius
886 1454 969 1512 supra
983 1443 1069 1508 notat,
1084 1451 1159 1511 prae·
1192 1438 1263 1496 male
1274 1445 1366 1496 autem
1380 1447 1497 1496 conatur
1511 1439 1629 1498 littorum
1642 1440 1715 1499 illius
1729 1448 1821 1498 textus
1831 1441 1865 1499 ad
1884 1447 2000 1497 utrum·

362 1531 521 1588 scribuntur
535 1537 632 1586 contro
644 1529 876 1600 principem,cum
886 1543 940 1585 non
955 1528 1096 1585 videantur
1110 1527 1159 1583 mi·
1192 1546 1245 1605 que
1257 1530 1476 1602 accommodare,
1492 1537 1519 1588 et
1533 1531 1619 1606 magis
1633 1531 1659 1588 in
1673 1547 1705 1588 eo
1719 1531 1924 1605 inllitur,quod
1940 1537 2001 1588 tex·

362 1638 439 1694 nora,
453 1636 535 1694 quam
550 1626 671 1691 potestas
686 1617 838 1691 imponendi
850 1619 993 1676 tributum.
1002 1617 1079 1676 Unde
1093 1633 1160 1673 cou·
1192 1626 1250 1677 tum
1264 1620 1448 1693 principaliter
1461 1622 1650 1680 accommodat
1664 1624 1697 1681 ed
1712 1638 1773 1680 earn
1787 1627 1906 1696 partem,
1924 1637 1999 1696 queo

362 1713 506 1783 firmatur,
528 1711 591 1783 quie
611 1709 789 1782 praescriptio
808 1710 938 1781 temporis
959 1707 1158 1765 immemorialis
1192 1709 1218 1766 in
1233 1709 1322 1767 littere
1334 1712 1394 1767 eius
1409 1725 1461 1768 non
1476 1711 1643 1768 continetur.

362 1804 557 1877 aequiparatur
571 1798 711 1874 privilegio
725 1814 858 1857 concesso
872 1814 888 1855 n
902 1799 1022 1872 principe
1035 1813 1069 1855 ox
1083 1804 1158 1856 certa
1228 1800 1351 1858 Alterum
1369 1816 1450 1874 aero,
1473 1800 1547 1874 quod
1565 1817 1598 1859 ex
1618 1801 1669 1860 lrac
1684 1817 1749 1859 vera
1764 1802 1998 1875 interpretatione

362 1895 485 1965 scientie,
502 1899 570 1952 teste
589 1890 665 1948 Bald.
678 1891 729 1948 sub
748 1889 839 1962 titulo,
853 1889 927 1958 Quae
946 1889 999 1945 sint
1018 1887 1117 1962 regalia
1131 1888 1157 1944 in
1191 1889 1292 1964 colligit
1304 1892 1411 1964 castro,
1423 1907 1476 1949 non
1491 1891 1596 1950 videtur
1610 1892 1672 1950 milri
1683 1907 1716 1951 ex
1727 1893 1773 1950 tllo
1785 1899 1864 1951 textu
1876 1891 1999 1965 probari

361 1983 547 2042 usib.ieudor.
564 1981 609 2039 sed
624 1996 673 2053 per
685 1981 854 2054 privilegium
864 1979 996 2052 principis
1012 1985 1104 2051 potest
1117 1979 1156 2035 in·
1190 1981 1370 2055 positive,sed
1385 1981 1419 2040 ad
1434 1997 1573 2042 summum
1588 1987 1721 2058 negative,
1733 1984 1797 2059 quia
1807 1983 1875 2041 licet
1886 1983 1923 2040 ibi
1937 1999 1994 2039 non

361 2077 443 2134 lerion
463 2075 602 2148 imponere
624 2073 775 2144 tributum,
798 2078 832 2128 ut
853 2087 886 2128 ex
907 2070 1030 2143 allegatis
1051 2068 1156 2127 iuribus
1190 2069 1353 2144 affirmetur,
1364 2072 1592 2130 consuetudinem
1607 2073 1828 2132 immemoriolem
1839 2089 1924 2146 posse
1940 2072 1993 2130 de-

360 2167 516 2240 colligitur,
536 2179 606 2238 quae
631 2163 739 2236 dicunt,
758 2163 890 2219 neminem
915 2176 994 2233 posse
1019 2161 1156 2232 imponere
1190 2177 1219 2217 re
1234 2168 1394 2234 potestatem
1413 2163 1568 2236 imponendi
1582 2165 1700 2233 tribute,
1722 2181 1777 2222 non
1801 2170 1895 2222 tamen
1908 2181 1993 2238 nege·

361 2259 506 2331 tributum,
521 2256 573 2312 nisi
587 2254 750 2329 principem,
766 2253 808 2309 vel
822 2254 870 2326 qni
884 2251 918 2308 ab
932 2267 965 2308 eo
979 2249 1104 2307 hebuerit
1117 2251 1156 2306 ia·
1190 2257 1246 2324 turp
1262 2267 1327 2327 ergo
1341 2252 1401 2311 iode
1415 2271 1470 2312 non
1483 2261 1574 2328 potest
1586 2256 1677 2329 colligi
1692 2257 1877 2314 testimonium
1894 2259 1995 2328 positi-

360 2346 502 2418 cultntem3
518 2361 584 2419 ergo
598 2344 692 2401 eadem
708 2349 826 2416 potestas
841 2343 939 2415 poterit
954 2355 1003 2413 per
1016 2342 1156 2398 immemo-
1189 2358 1254 2399 aum
1273 2348 1369 2400 contra
1389 2345 1506 2418 priorem
1521 2347 1694 2418 seutentiam,
1709 2346 1758 2404 sed
1773 2346 1865 2403 solum
1880 2350 1992 2420 negeti-

359 2438 453 2497 rialem
466 2436 706 2510 praescriptionem
717 2432 1156 2506 acquiri.Probaturconsequen·
1190 2450 1272 2506 vum,
1296 2434 1350 2492 lroc
1369 2435 1451 2494 modo
1465 2452 1544 2494 nemo
1560 2436 1640 2494 habet
1652 2443 1813 2509 potestatem
1835 2437 1994 2510 imponendi

359 2532 398 2587 tia
412 2527 490 2586 simul
502 2544 566 2585 cum
581 2527 687 2596 maiori,
699 2527 764 2600 quia
774 2540 822 2599 per
837 2524 918 2581 talem
928 2523 1154 2581 consuetudinem
1189 2525 1362 2598 tributa,nisi
1375 2527 1460 2600 quiin
1474 2525 1520 2584 illo
1535 2534 1612 2585 textu
1625 2534 1813 2600 numerentur3
1823 2527 1872 2585 sed
1883 2527 1920 2584 ibi
1936 2543 1994 2584 nou

358 2619 554 2694 praesumitur,
566 2618 638 2676 illam
651 2617 734 2674 lenisse
750 2624 839 2674 ortem
849 2631 883 2672 ex
897 2615 989 2688 aliquo
1005 2613 1086 2671 simili
1099 2614 1154 2687 pri·
1189 2614 1271 2672 datur
1295 2615 1363 2674 haec
1381 2622 1504 2688 potestas
1523 2617 1735 2689 consuetudini3
1755 2632 1833 2690 ergo.
1851 2618 1888 2675 Et
1901 2619 1991 2674 simile

278 2739 281 2746 v
359 2712 474 2786 vilegio;
496 2717 524 2788 et
538 2710 573 2766 ite
589 2708 629 2766 ael
650 2707 709 2780 ipss
721 2706 893 2764 consuetudo
908 2706 1017 2764 conlert
1036 2711 1155 2778 poteste-
1189 2704 1297 2764 ridetur
1312 2722 1372 2764 osse
1386 2706 1462 2764 aliud
1476 2713 1685 2781 sagrimentum,
1701 2705 1776 2782 quod
1789 2708 1888 2766 Castro
1903 2709 1991 2766 sumit

359 2808 430 2874 tem,
449 2800 492 2858 ael
507 2800 600 2857 saltem
620 2799 719 2871 probet
732 2795 900 2854 sufficienter
912 2796 997 2870 illam,
1017 2803 1154 2870 quatenus
1187 2796 1304 2854 exdicto
1315 2813 1377 2870 cap.
1393 2799 1583 2866 Inooocmus,
1598 2799 1722 2872 quamuis
1736 2798 1792 2870 ipse
1809 2797 1895 2872 dicat,
1907 2797 1987 2873 quod

357 2898 401 2950 est
413 2893 481 2950 ratio
501 2891 643 2948 sulliciens
656 2887 691 2947 ad
710 2887 937 2962 praesumendam
952 2890 1051 2944 iustam
1071 2886 1152 2962 origi·
1185 2888 1212 2942 in
1237 2902 1270 2943 eo
1288 2890 1453 2944 auctoritas
1467 2887 1637 2962 inepooeodl
1655 2903 1733 2946 oona
1752 2887 1868 2946 tribulo
1881 2895 1990 2964 opert-c

357 3000 418 3042 nem
433 2985 501 3041 eius.
517 2981 596 3040 Unde
608 2981 703 3038 Glossn
717 2981 800 3037 etiam
813 2981 840 3035 in
855 2977 929 3036 dicto
944 2993 969 3035 c.
982 2980 1077 3054 Super
1089 2977 1153 3050 qul·
1187 2981 1313 3050 otepctur
1325 2979 1469 3051 cothtoue
1483 2976 1696 3045 consuetodini,
1709 2979 1784 3052 quic
1793 2994 1934 3054 expresse
1944 2978 1989 3035 ttn·

357 3073 492 3140 busdam,
515 3072 598 3131 verbo
618 3089 677 3130 oco
696 3074 790 3138 coici,
812 3070 889 3142 dixit,
911 3067 1151 3140 consuetudinem,
1187 3065 1305 3129 dicitur,
1316 3065 1414 3124 solum
1425 3069 1545 3143 sepibus
1559 3072 1586 3125 et
1592 3067 1778 3144 principibus
1791 3084 1854 3126 esse
1868 3085 1988 3127 conces-

358 3166 437 3223 cuius
451 3180 504 3221 non
525 3168 600 3222 extat
617 3163 764 3233 memoria,
784 3159 828 3217 ius
847 3160 905 3218 sivo
924 3158 1093 3234 privilegium
1113 3159 1153 3216 iu·
1187 3174 1263 3217 scot.
1279 3158 1356 3217 Unde
1373 3175 1405 3217 ex
1426 3159 1470 3217 ille
1483 3159 1624 3217 exclusiva
1643 3158 1739 3217 solum
1754 3158 1862 3217 videtur
1876 3159 1990 3233 collige·

358 3257 470 3316 deicere.
1186 3265 1235 3321 re,
1253 3253 1347 3325 negari
1367 3249 1420 3307 hoc
1441 3248 1642 3308 consuetudini.
1659 3249 1711 3307 Sed
1729 3250 1755 3306 in
1769 3250 1859 3324 rigore
1872 3267 1928 3307 non
1945 3259 1988 3308 est

398 3352 423 3405 5.
434 3345 604 3405 contrariom
615 3341 789 3400 nihilominus
802 3339 962 3398 sententiam
974 3343 1048 3396 tenet
1056 3340 1152 3398 Castro
1189 3341 1276 3399 solida
1290 3341 1452 3415 illatio,tum
1465 3341 1531 3415 quio
1542 3339 1626 3400 dictio
1640 3341 1781 3399 exclusive
1794 3355 1848 3398 non
1862 3341 1989 3399 excludit

356 3437 403 3496 lib.
416 3443 441 3497 l.
458 3435 494 3494 de
513 3435 573 3509 lege
584 3431 714 3509 poetioli,
732 3448 793 3505 cap.
811 3437 856 3506 ld,
871 3431 1001 3504 dicitque,
1014 3433 1150 3506 antiquam
1187 3446 1234 3503 ee,
1250 3447 1321 3506 quae
1336 3440 1402 3489 suot
1415 3432 1504 3505 poris,
1520 3431 1592 3488 sicut
1605 3431 1640 3488 ibi
1654 3447 1708 3488 aon
1721 3430 1879 3489 excluditur
1893 3434 1988 3490 conci-

356 3527 592 3597 consuetudinem,
607 3524 641 3583 de
660 3525 741 3582 cadus
756 3523 833 3580 initio
854 3538 907 3580 non
921 3527 996 3580 extat
1009 3521 1149 3594 memoria,
1186 3520 1263 3594 lium,
1280 3524 1445 3595 tumeliam,
1460 3523 1526 3596 quia
1539 3521 1620 3579 dictio
1634 3521 1776 3580 exclusiva
1789 3537 1844 3580 non
1858 3522 1987 3580 excludit

241 3611 245 3620 '
356 3619 446 3676 valere
460 3616 493 3675 ed
513 3615 676 3690 exigendum
697 3613 812 3680 tributa,
828 3627 899 3686 quae
914 3612 947 3669 ab
968 3612 1014 3670 illo
1027 3619 1151 3686 tempore
1185 3614 1407 3682 concomitantia,
1420 3611 1574 3670 huiusmodi
1588 3617 1681 3669 antem
1691 3612 1743 3670 dici
1756 3619 1848 3686 potest
1862 3629 1986 3670 consue·

356 3711 467 3784 antiquo
478 3715 544 3766 sunt
557 3706 724 3778 introducta,
736 3719 790 3761 non
805 3719 869 3762 aero
880 3702 913 3760 ad
929 3719 998 3760 noan
1010 3705 1150 3776 impooea·
1185 3701 1274 3776 tudo,
1300 3705 1364 3776 quie
1384 3703 1427 3760 illa
1447 3703 1472 3758 in
1492 3707 1600 3760 tanturn
1620 3700 1700 3759 hobel
1718 3701 1789 3776 vim,
1804 3703 1832 3759 in
1848 3711 2003 3776 qnantum.

356 3798 509 3857 de.Probat
521 3795 807 3871 primo,quiadictum
822 3810 848 3852 c.
864 3795 961 3868 Super
974 3791 1151 3867 quibusdum
1185 3796 1370 3868 praesumitur
1388 3796 1414 3851 in
1434 3795 1600 3851 auctoritate
1619 3793 1747 3866 principis
1766 3793 1889 3852 lundata.
1910 3794 1987 3852 Unde

356 3888 477 3964 loquitur
489 3887 523 3945 de
537 3887 654 3960 antiquis
670 3885 797 3953 tributis,
811 3901 867 3942 aon
881 3883 914 3941 de
928 3886 1006 3943 novis
1020 3899 1068 3958 per
1081 3886 1151 3942 snti-
1185 3886 1272 3956 addo,
1294 3886 1321 3942 in
1341 3885 1386 3943 illo
1409 3891 1487 3944 textu
1506 3901 1561 3941 nou
1576 3883 1668 3942 lrabcri
1683 3884 1781 3958 rerba,
1800 3899 1852 3942 nec
1870 3884 1986 3943 modum

355 3995 439 4054 quam
457 3975 684 4036 consuetudinem
699 3975 844 4048 impositis.
859 3976 888 4032 ln
908 3990 964 4048 quo
978 3973 1150 4032 lundomento
1186 3974 1326 4051 loquendi,
1337 3990 1420 4048 quem
1433 3975 1530 4032 cestro
1544 3974 1668 4044 intendit,
1682 3974 1730 4033 sed
1741 3975 1823 4032 verba
1833 3974 1895 4032 eius
1907 3983 1982 4034 sunt:

356 4070 412 4128 duo
434 4066 641 4140 consideranda,
663 4072 692 4123 et
709 4063 903 4138 distinguenda
923 4063 987 4122 mihi
1009 4063 1149 4122 uidentur.
1185 4069 1246 4124 Nec
1258 4067 1416 4140 quisquam
1429 4063 1522 4122 elicui
1536 4080 1629 4123 nouos
1638 4063 1834 4139 pedagiorum
1849 4068 1983 4123 exactio·

356 4163 447 4220 Unum
461 4169 503 4219 est
517 4158 692 4231 intelligentia
706 4157 776 4214 illius
790 4161 892 4226 textus,
907 4155 981 4213 aliud
994 4163 1038 4213 est
1054 4156 1149 4227 illotio,
1185 4171 1236 4214 ces
1249 4159 1313 4213 sinc
1325 4155 1503 4214 auctoritate
1521 4159 1549 4212 el
1562 4171 1704 4212 consensu
1713 4171 1817 4229 repom
1831 4159 1887 4213 cut
1901 4158 1984 4231 prim·

356 4267 428 4326 «puae
447 4267 480 4309 cx
499 4249 544 4308 illo
557 4252 597 4307 lit.
612 4250 641 4305 ln
656 4248 742 4321 primo
757 4248 823 4305 hoec
838 4248 974 4320 posterior
987 4249 1151 4320 interpreta·
1184 4249 1284 4320 cipum
1307 4251 1436 4304 statuere
1459 4250 1649 4321 praesumot.
1673 4245 1724 4314 Qui
1747 4251 1840 4302 autem
1870 4246 1984 4317 imponit

355 4343 397 4400 tio
416 4344 505 4400 aerior
525 4340 649 4411 videtur3
671 4353 732 4395 nam
750 4339 777 4394 in
792 4344 869 4396 textu
882 4353 936 4395 non
952 4335 1068 4411 dicitur,
1084 4353 1150 4396 con·
1184 4352 1254 4394 nora
1268 4336 1381 4410 pedegia
1394 4351 1427 4394 er
1439 4337 1464 4392 ai
1478 4333 1758 4409 consuetudinis,non
1769 4337 1922 4408 praesumit
1937 4335 1983 4392 illa

356 4432 530 4492 suetudinem
544 4429 673 4489 sufficere
686 4429 721 4486 od
735 4427 930 4502 imponendum
944 4429 1089 4500 tributum,
1098 4431 1149 4488 dec
1183 4425 1322 4500 imponere
1336 4429 1391 4485 sine
1405 4428 1568 4484 auctoritato
1582 4425 1739 4500 regum,ael
1753 4426 1922 4499 principum3
1935 4424 1984 4484 sed

357 4526 391 4582 ad
412 4530 576 4598 potestatem
597 4518 751 4592 imponendi
765 4515 915 4593 tributum,
931 4519 979 4577 sed
991 4518 1093 4578 dicitur
1106 4519 1150 4579 illo
1183 4517 1297 4594 allegat,
1324 4525 1353 4576 et
1370 4520 1539 4591 praesumit,
1549 4515 1641 4575 ‘talem
1654 4516 1882 4575 consuetudinem
1892 4518 1920 4574 in
1934 4532 1984 4574 an·

355 4616 460 4675 tributo
472 4631 533 4673 esse
546 4610 707 4682 interdicte,
721 4625 797 4684 quoe
809 4627 867 4669 ooo
881 4615 1008 4686 apparet
1020 4615 1149 4687 imperc-
1184 4613 1313 4668 ctoritate
1327 4625 1426 4684 rogum
1439 4623 1499 4666 esso
1512 4607 1738 4684 lundntem3ergo
1752 4624 1807 4666 non
1819 4613 1910 4682 polest
1925 4607 1979 4666 dici

355 4715 468 4774 lorum,
485 4703 530 4763 ccl
543 4719 659 4778 repunt,
677 4701 721 4760 oei
735 4701 932 4761 lateranensis
950 4701 1068 4760 concilii
1087 4701 1149 4761 lor·
1183 4707 1276 4775 aperto
1297 4699 1406 4759 excludi
1434 4701 1460 4758 ira
1480 4699 1526 4757 illo
1547 4707 1633 4773 textu3
1649 4715 1714 4773 ergo
1728 4697 1762 4756 ad
1776 4715 1916 4757 summum
1929 4699 1982 4756 dici
2032 4721 2037 4732 ·

281 4847 283 4852 .
354 4800 463 4873 pittone
477 4809 626 4860 concessu,
639 4791 685 4850 cel
697 4795 823 4865 antiquo
832 4790 1049 4860 consuetudine,
1064 4795 1149 4851 cuius
1183 4791 1293 4865 poterit,
1308 4790 1344 4847 ini
1360 4807 1415 4848 non
1428 4789 1550 4864 probori,
1565 4790 1646 4848 talem
1660 4789 1887 4847 consuetudinem
1902 4789 1977 4847 sulli-

354 4905 414 4946 oou
435 4891 515 4944 estet
536 4886 697 4950 memorio,
724 4881 903 4940 toiroduclu.
929 4883 1061 4956 Loquitur
1084 4899 1148 4958 ergo
1182 4897 1255 4938 cero.
1265 4879 1343 4950 Quod
1357 4887 1552 4956 argumentum
1564 4881 1717 4954 negativum
1729 4896 1763 4939 ex
1774 4887 1892 4955 utroque
1902 4887 1980 4939 textu

355 4985 449 5050 aperto
470 4975 593 5034 Pontilex
616 4975 641 5030 in
655 4972 696 5030 his
710 4972 812 5031 ultimis
826 4973 916 5031 uerbis
937 4970 971 5030 de
986 4973 1094 5032 tributis
1108 4975 1149 5031 in·
1183 4971 1242 5030 leve
1262 4978 1320 5044 est,
1345 4977 1373 5029 et
1397 4978 1546 5046 utrumque
1569 4972 1722 5046 retorqueri
1743 4977 1842 5045 potest.
1858 4974 1979 5031 Primum

354 5067 490 5142 troductis
514 5081 562 5139 per
582 5065 721 5136 antiquam
740 5064 987 5137 consuetudinem,
1008 5063 1082 5121 etde
1096 5063 1148 5122 illis
1182 5061 1680 5136 quidem,nrgumentandoaperitate
1690 5063 1810 5136 rationis,
1818 5069 1845 5121 ct
1855 5063 1980 5138 negando

355 5159 432 5218 solis.
441 5157 518 5216 Unde
532 5171 586 5214 nou
599 5154 689 5230 video,
703 5171 755 5212 cur
768 5152 866 5212 dixerit
876 5153 989 5227 lledinn,
1006 5153 1058 5212 hoc
1073 5155 1147 5212 moui
1183 5154 1266 5213 talem
1287 5153 1513 5212 consuetudinem
1528 5155 1638 5212 omuino
1651 5154 1752 5227 omitti,
1767 5157 1832 5229 quia
1846 5157 1873 5212 in
1887 5154 1977 5212 nltera

354 5251 382 5308 in
398 5250 442 5324 illp
456 5254 550 5319 textu,
565 5251 593 5304 ot
606 5261 661 5303 non
674 5245 782 5318 potins,
798 5243 850 5302 hoc
864 5244 954 5302 solum
968 5261 1094 5319 expresse
1109 5245 1148 5302 ai·
1183 5242 1392 5311 includitur,rol
1406 5243 1430 5302 in
1442 5249 1576 5316 potestate
1590 5243 1746 5320 rogum,rel
1761 5245 1788 5302 in
1797 5245 1986 5303 concessione·

355 5340 472 5414 lirmari,
494 5345 521 5397 et
539 5335 671 5413 quidquid
685 5333 757 5395 aliud
773 5335 832 5395 inde
847 5335 1008 5410 allirmetur,
1024 5350 1086 5394 esse
1099 5351 1148 5410 per
1183 5335 1300 5395 concilii.
1316 5334 1396 5396 dliud
1414 5351 1496 5411 voro,
1515 5335 1580 5410 quia
1597 5341 1679 5395 octus
1693 5336 1820 5409 proprius
1834 5335 1976 5410 principie,
