4190 6234
818 319 987 384 canaria.
1642 315 1683 380 39

94 454 200 515 absurda
214 455 292 516 item
308 465 356 516 est
371 461 443 519 ratio
456 476 472 519 a
485 461 583 534 priori,
598 462 661 536 quia
674 460 742 518 baec
763 459 893 518 beneficia
928 459 1018 516 nibus.
1034 457 1069 515 Et
1089 458 1272 530 praeteream
1293 456 1369 514 bonis
1391 453 1602 529 temporalibus,
1618 455 1729 530 quando

94 549 245 608 amiantus
255 549 454 624 principaliter
466 559 580 624 propter
590 553 759 625 recipientes,
772 548 820 607 sed
830 565 895 621 pro·
928 549 1018 606 omnis
1033 549 1231 620 confiscantur,
1243 548 1270 604 iu
1284 548 1345 604 iure
1357 547 1416 620 ipso
1431 547 1530 605 habam
1544 547 1732 606 limitationem

95 649 145 712 pter
163 640 362 713 ministerium,
386 649 415 698 et
434 648 549 714 propter
569 641 672 708 fideles,
694 641 795 722 quibua
817 640 893 697 mini·
929 644 957 696 et
969 636 1184 695 declarationem
1199 652 1283 709 supra
1296 637 1472 711 explicemur,
1489 639 1514 695 iu
1530 637 1587 695 aliis
1601 655 1667 696 uero
1682 639 1731 696 bo·

96 731 166 788 omri
178 729 316 805 debet3st
332 729 455 804 ideoqu'r
470 732 596 805 privatur
608 732 752 804 beneficio,
767 745 893 788 murova-
929 727 972 784 nis
991 725 1195 784 beneficialibus
1214 725 1314 798 poterit
1333 729 1415 785 etiam
1435 727 1557 800 prudens
1578 727 1729 786 moderatio

95 825 136 878 tur
149 819 183 878 ab
194 821 240 877 ilio
254 820 421 890 ministerio,
437 837 471 879 ac
486 822 600 880 subinde
613 821 680 880 iilud
696 821 815 894 amplius
829 819 894 878 reti·
932 815 1084 874 secundum
1109 818 1244 874 rationem
1265 817 1417 875 naturalem
1437 817 1569 890 adbiberi,
1591 819 1731 890 nimirum,

95 925 154 966 neae
171 923 223 982 non
236 916 345 980 potest.
360 909 436 978 Quae
457 911 528 968 ratio
544 911 569 968 iu
590 910 813 985 quibuscumque
833 909 892 966 olil-
929 905 1038 962 uthaec
1053 904 1181 978 obligatio
1192 907 1229 967 sit
1242 921 1291 978 per
1305 922 1345 978 se,
1357 922 1406 980 per
1421 907 1552 965 accidens
1564 923 1629 965 uero
1644 922 1729 965 eruu-

93 1001 140 1055 eiis
153 999 269 1071 publicis
277 998 374 1056 locum
385 1000 477 1058 balam.
494 1002 639 1058 Ρτεειεεεε
649 1007 782 1075 sequetur
798 1000 896 1057 absur-
929 992 1095 1067 suri‘po'ssit,
1112 1011 1162 1052 seu
1177 995 1302 1068 impediri
1316 995 1388 1053 illius
1402 999 1543 1069 executio,
1559 997 1600 1054 vei
1615 997 1726 1071 quaudo

96 1087 157 1144 dum
170 1087 205 1145 de
218 1087 360 1156 fructibus
371 1089 506 1162 beneficii
520 1103 583 1148 nam
595 1090 637 1148 uei
647 1090 707 1149 illos
721 1091 802 1148 saciet
815 1105 893 1157 suos,
929 1087 987 1143 sina
997 1086 1074 1159 goari
1086 1085 1195 1144 iufamia
1209 1092 1238 1144 et
1252 1086 1437 1159 publicatione
1447 1087 1537 1146 delicti
1548 1088 1603 1145 tisri
1615 1103 1668 1145 non
1681 1103 1729 1159 po·

95 1181 139 1252 qui
152 1181 192 1236 sio
206 1180 306 1236 retinet
318 1179 494 1254 beneficium,
506 1180 549 1238 rei
560 1196 624 1239 non.
636 1183 757 1238 Primum
771 1179 826 1238 dici
840 1195 894 1236 non
930 1181 994 1249 test,
1011 1175 1052 1232 rel
1065 1165 1178 1250 quando
1191 1178 1379 1233 necessarium
1393 1182 1467 1234 essct
1481 1178 1519 1256 ab
1529 1184 1603 1235 statu
1619 1177 1728 1250 cadere,

91 1275 191 1342 potest,
204 1269 269 1342 quia
283 1283 366 1326 nemo
385 1276 480 1342 potest
492 1273 564 1328 iuste
585 1271 711 1343 accipere
725 1270 834 1328 lructus
853 1268 891 1326 rei
929 1270 956 1322 et
969 1267 995 1323 in
1016 1267 1092 1338 graui
1107 1268 1271 1323 necessitate
1286 1281 1336 1337 pro
1357 1268 1411 1323 rita
1425 1267 1606 1324 sustentanda
1626 1267 1732 1325 consti·

89 1374 144 1414 non
161 1375 243 1431 suas,
259 1374 351 1433 neque
366 1360 424 1417 sins
442 1377 509 1418 rero
522 1360 602 1418 titulo
616 1367 706 1434 potest
720 1361 782 1434 quis
804 1360 895 1418 iacere
929 1356 980 1436 tuis
992 1362 1057 1412 tunc
1072 1357 1144 1412 enirn
1159 1353 1267 1413 licitum
1277 1356 1329 1413 erit
1344 1356 1511 1428 suspendere
1522 1361 1728 1431 executionem,

88 1448 201 1506 tructus
214 1465 299 1506 suos:
314 1449 337 1506 si
347 1457 440 1508 auteur
452 1448 562 1509 dicatur
572 1449 742 1523 secundum,
755 1447 895 1524 quomodo
930 1444 1080 1504 dummodo
1091 1443 1124 1502 ad
1135 1445 1304 1517 superiorem
1318 1445 1364 1503 bat
1379 1462 1521 1519 recursus,
1535 1452 1565 1505 ut
1577 1447 1727 1506 remedium

86 1539 145 1596 fiart
161 1545 264 1611 potest,
276 1539 385 1612 utonis
399 1540 488 1612 possit
496 1543 567 1598 iuste
581 1542 698 1598 retinere
713 1540 826 1597 tructus
841 1553 895 1595 nun
931 1531 1068 1605 adhibeat,
1078 1541 1106 1592 et
1117 1535 1278 1592 beneficium
1291 1542 1339 1592 aut
1349 1535 1471 1594 officium
1483 1538 1619 1608 restituat,
1632 1545 1660 1595 et
1670 1553 1733 1611 poe·
1828 1597 1832 1605 ,

85 1629 176 1686 suos'l
192 1629 242 1686 iel
263 1632 286 1687 si
306 1645 362 1685 non
382 1635 475 1701 potest
495 1631 622 1702 retinere,
643 1629 783 1704 quomodo
803 1633 895 1702 potest
932 1641 995 1682 nam
1009 1630 1174 1694 commutet,
1187 1631 1237 1682 aut
1250 1630 1394 1698 temperet,
1406 1625 1480 1698 quod
1492 1627 1549 1683 sine
1563 1627 1738 1700 iniamiapoae

83 1719 160 1774 iuste
174 1717 319 1791 acciperet
333 1719 383 1776 Vei
398 1719 422 1775 si
435 1735 525 1793 neque
538 1722 663 1794 occipere
677 1719 740 1777 ilios
759 1721 831 1777 iuste
845 1733 894 1790 po·
932 1721 985 1772 test
998 1715 1109 1773 occulte
1123 1714 1179 1771 beri
1193 1714 1305 1772 consilio
1316 1714 1364 1772 riri
1379 1715 1534 1792 prudentis,
1547 1733 1603 1792 quo
1617 1717 1644 1775 in
1659 1717 1732 1776 simi·

83 1814 151 1877 test,
167 1805 313 1880 quomodo
335 1814 426 1880 potest
438 1810 510 1865 iuste
529 1810 645 1867 retinere
659 1808 833 1879 beneficium,
849 1806 896 1864 oui
930 1803 1001 1863 liius
1014 1804 1127 1863 casibus
1147 1817 1254 1879 semper
1268 1804 1398 1864 utendum
1412 1811 1464 1865 εει.

80 1895 221 1954 dsbmrtur
233 1896 304 1955 tales
319 1896 446 1955 boetus?
457 1897 544 1970 igitur
555 1899 577 1954 si
592 1899 665 1972 leges
679 1897 738 1954 illae
750 1911 799 1970 per
813 1895 897 1953 rerba

80 1986 229 2061 praedicta
242 1987 355 2061 priuent
374 1986 457 2046 titulo
469 1993 499 2045 et
517 1987 635 2045 dominio
654 1987 791 2057 beneficii,
807 1984 897 2058 prule·

78 2087 129 2136 eto
144 2080 231 2136 eduin
242 2077 373 2152 obligant
385 2078 413 2134 in
428 2079 599 2136 conscientie
609 2077 643 2135 ad
658 2074 850 2137 dimittendum
865 2075 899 2133 pa

1221 1981 1360 2054 CAPUT
1381 1982 1441 2053 lx.

79 2168 143 2240 tud,
157 2177 188 2227 et
207 2169 283 2228 banc
302 2171 531 2242 consequentiam
545 2170 570 2226 in
589 2168 727 2226 beneflciis
741 2181 835 2226 omnes
849 2163 897 2223 ad·
935 2169 1020 2250 Quae
1038 2173 1178 2251 opimasti,
1197 2179 1316 2236 ortasii,-
1332 2179 1366 2234 in
1383 2180 1565 2238 commeatts
1578 2175 1620 2238 ad
1632 2195 1735 2238 em.

77 2260 208 2318 mittunt.

120 2351 160 2406 ιιε
174 2347 236 2406 aliis
251 2354 347 2405 antem
357 2347 437 2405 bouis
451 2347 578 2406 fortunae
589 2355 631 2406 est
645 2363 745 2420 magna
758 2344 893 2420 quaestio,

79 2454 166 2512 quarn
176 2439 204 2494 in
216 2437 407 2495 materianda
417 2436 484 2495 Fide
496 2449 680 2510 reservamus,
692 2442 723 2494 ut
734 2450 818 2508 supra
829 2434 894 2493 disi.

80 2529 162 2585 lianc
177 2543 250 2601 ergo
266 2527 359 2584 solum
374 2526 448 2598 dico,
460 2541 515 2583 non
531 2543 591 2584 esse
600 2526 635 2584 de
648 2526 701 2583 iilis
715 2526 839 2584 eamdem
853 2541 896 2582 ra·

82 2619 281 2692 tionem'iuaa
292 2617 359 2690 quia
372 2615 449 2688 leges
461 2617 555 2673 cirites
565 2623 594 2674 et
606 2619 756 2674 canonicae
769 2615 897 2674 ridentur

970 2273 1078 2327 tionem
1091 2281 1207 2342 poenae
1217 2269 1386 2342 pmoutloae
1399 2281 1436 2324 ecc
1446 2266 1509 2342 depe
1521 2271 1685 2345 imponente
1695 2269 1733 2326 il·

970 2358 1034 2417 lum
1048 2361 1113 2435 ipso
1119 2357 1219 2433 sueto,
1236 2354 1357 2431 quoodo
1370 2362 1501 2416 eoaeeutto
1511 2367 1627 2435 poenae
1639 2363 1732 2419 actio·

968 2464 1036 2508 mam
1048 2464 1108 2506 noc
1120 2439 1254 2522 requirit.
1333 2445 1340 2456 '

1211 2627 1456 2693 summarium

81 2709 120 2766 ita
140 2709 321 2781 interpretari
344 2720 461 2778 poenam
481 2705 571 2777 illam,
593 2713 620 2764 ει
640 2705 792 2764 concedere
813 2705 897 2765 deliu·
974 2698 978 2706 '

82 2800 178 2869 ‘iuml
204 2795 363 2854 ”lumem
384 2796 565 2853 ‘mmmm
584 2795 678 2854 lilium
700 2795 846 2864 b⁰¹¹⁰f¹¹¹¹¹r
867 2802 898 2852 θῑ
933 2817 1064 2870 amoenas
1075 2815 1227 2881 privativae,
1235 2815 1300 2866 aliae
1310 2822 1370 2866 sunt
1380 2815 1561 2877 activae,aiiae
1570 2819 1733 2883 passivae.-

87 2902 169 2944 usum
183 2888 214 2942 in
225 2901 313 2943 aunan
322 2883 504 2942 commodum
517 2887 897 2960 eaeusaenuuoasm,qusm·

86 2973 133 3030 diu
151 2991 207 3032 non
221 2973 368 3032 iudicatur
381 2972 416 3031 de
435 2974 561 3044 crimine,
577 2981 610 3032 ut
627 2975 747 3033 sumitur
760 2992 794 3033 ex
809 2975 897 3049 capite

90 3065 166 3121 Cassa
184 3061 362 3130 somatum,
379 3061 571 3120 debueratis
586 3067 614 3130 6,
629 3069 657 3120 ει
670 3079 703 3120 ex
718 3064 738 3120 ι.
754 3063 806 3121 uit.
819 3065 849 3122 G.
863 3063 897 3121 ad

88 3152 142 3226 leg.
151 3152 203 3209 tui.
213 3152 322 3210 Haiest.
333 3159 362 3209 et
374 3152 533 3224 expressius
547 3151 573 3208 iu
588 3151 607 3208 Ι.
621 3152 774 3224 Hispaniae,
787 3159 857 3224 part.
869 3155 897 3226 i,

87 3243 130 3297 tio
147 3247 178 3312 ι,
194 3241 216 3298 l.
228 3243 258 3299 ι.
276 3242 374 3315 Neque
389 3241 415 3296 in
428 3240 482 3298 boc
497 3247 541 3298 est
551 3242 750 3314 repugnantia,
765 3249 793 3298 et
807 3243 830 3298 si
850 3241 899 3299 de-

89 3329 319 3388 musduminiuna
336 3330 479 3387 baasierri
490 3332 516 3387 in
526 3330 635 3400 fiscum,
649 3333 815 3390 transfertur
825 3332 897 3389 enim

90 3420 141 3476 sab
161 3436 198 3477 ca
216 3419 389 3488 conditione,
410 3426 439 3477 ει
457 3420 625 3492 limitatione,
647 3427 679 3479 ut
698 3421 815 3494 interim,
830 3421 897 3480 datm

90 3524 143 3566 nan
158 3509 304 3581 protertur
315 3511 450 3566 sententia
463 3507 654 3582 declaratoria,
667 3511 798 3585 antiquus
807 3509 899 3568 dorni·

90 3615 143 3656 nus
157 3601 284 3657 retinam
295 3599 498 3672 poemenionem
511 3599 676 3672 naturalem,
687 3607 716 3659 et
729 3599 900 3658 administra-

91 3690 205 3761 tionem,
217 3703 254 3745 ac
265 3693 375 3745 certmn
386 3687 533 3761 quemdam
544 3703 626 3746 usum
640 3689 738 3748 talium
749 3691 896 3748 bonorum.

91 3777 171 3845 Quod
183 3780 269 3835 etiam
281 3793 338 3835 non
348 3785 486 3851 repugnat
495 3773 646 3837 conditioni
657 3779 751 3838 talium
763 3780 897 3838 bonorum

90 3867 304 3940 imperalium,
320 3881 391 3940 quae
404 3865 440 3924 ad
452 3867 559 3940 prisea
571 3867 718 3926 commoda
732 3866 897 3942 possidentis

89 3957 272 4029 ordinantem,
284 3962 317 4013 et
327 3956 417 4029 prauis
427 3959 510 4014 edam
524 3957 678 4016 bominibus
690 3959 768 4016 iaciie
782 3957 898 4022 concedi

87 4055 224 4120 possiunt:
241 4047 268 4104 in
287 4045 425 4104 beneficiis
438 4053 530 4104 autem
549 4048 743 4126 ecciesiasticis
757 4063 899 4122 nunquam

91 4137 146 4193 boe
159 4137 239 4212 leges
254 4133 448 4208 declararunt,
460 4151 512 4193 nec
524 4145 598 4194 esset
610 4144 828 4196 consentaneum
841 4138 901 4196 iilo·

92 4240 159 4284 rum
174 4233 294 4283 naturas
309 4231 337 4282 et
350 4224 522 4298 institutioni,
538 4232 570 4283 ut
583 4225 756 4284 declaratum
771 4235 824 4284 εει.

966 2887 993 2938 2.
1016 2887 1114 2950 begua
1138 2885 1267 2950 generalis
1292 2898 1339 2949 pro
1360 2885 1487 2949 particula
1511 2889 1569 2950 ipso
1591 2889 1673 2952 sacto.
1695 2915 1730 2926 -

967 2957 993 3008 3.
1008 2955 1180 3008 Praebendati
1196 2955 1252 3006 sine
1264 2955 1333 3006 iusta
1345 2966 1422 3006 causa
1434 2955 1465 3006 ad
1478 2956 1581 3008 ordines
1592 2960 1648 3010 suis
1659 2971 1734 3023 prae·

966 3027 1056 3078 bandis
1069 3025 1179 3076 adnexos
1192 3037 1243 3074 non
1254 3025 1362 3089 promoti
1374 3025 1442 3074 intra
1452 3038 1556 3090 annum,
1567 3040 1599 3077 ex
1608 3034 1672 3080 tunc
1681 3028 1735 3094 pri·

967 3103 1061 3148 uantssr
1078 3107 1141 3147 voce
1162 3096 1246 3144 activa
1265 3094 1291 3146 in
1309 3094 1446 3160 capitulo:
1464 3103 1504 3148 est
1520 3097 1662 3148 multorum
1680 3099 1735 3164 opi·

967 3168 1021 3218 ario.
1032 3190 1067 3202 -·
1078 3163 1279 3216 i.i)iseeutiunt
1292 3163 1367 3214 ὃοῑιιε
1383 3170 1410 3214 ει
1421 3163 1569 3219 Ledesmus.
1581 3194 1616 3206 —
1626 3169 1652 3219 ιι.
1667 3167 1735 3218 Fun·

966 3236 1113 3287 dementum
1136 3234 1260 3286 auctoris.
1280 3259 1316 3271 -
1338 3233 1482 3286 obiectioni
1504 3237 1685 3302 respondetur.
1700 3261 1735 3275 --

968 3307 994 3358 ιι.
1011 3304 1087 3356 atiud
1110 3303 1217 3368 dubium
1238 3302 1270 3356 de
1287 3303 1449 3366 iurantibus,
1468 3306 1490 3356 si
1508 3307 1605 3371 aliquid
1624 3307 1735 3358 iecerint

968 3383 1057 3427 contra
1069 3381 1167 3425 statuta
1177 3369 1359 3424 Universitatis
1372 3374 1640 3428 inhabitantia-7.
1648 3377 1734 3440 Quan-

968 3445 1001 3496 do
1013 3445 1108 3508 aliquis
1120 3449 1205 3508 potest
1218 3443 1421 3507 amphibologice
1434 3445 1597 3509 respondere.
1609 3474 1645 3485 -
1654 3447 1681 3498 8.
1695 3449 1734 3497 An

968 3513 1011 3566 bic
1021 3519 1141 3566 teneatur
1151 3513 1436 3564 restitueredamnaalii
1446 3527 1496 3566 non
1506 3515 1734 3569 electo.Affirmant

968 3585 1044 3636 Sotus
1056 3590 1083 3634 et
1095 3581 1248 3646 Ledesmus3
1263 3589 1347 3633 tanuen
1360 3588 1400 3632 est
1413 3584 1624 3637 incertum-ti.
1636 3585 1684 3649 Qui
1694 3587 1735 3636 iu·

969 3654 1049 3706 ridice
1063 3654 1249 3716 interrogatur,
1263 3658 1368 3703 tenetur
1381 3653 1546 3718 respondere,
1557 3655 1607 3706 nisi
1620 3657 1654 3707 sit
1667 3657 1736 3721 peri·

968 3725 1056 3775 culum
1068 3723 1154 3787 magni
1166 3720 1295 3783 scandali,
1307 3721 1347 3772 rei
1362 3721 1481 3774 infamiae
1491 3726 1625 3790 propriae,
1635 3726 1676 3776 sel
1687 3725 1736 3776 ini·

968 3794 1091 3855 micitiae,
1103 3792 1144 3842 vei
1157 3792 1223 3842 atius
1235 3791 1326 3844 similis
1334 3793 1422 3854 pravis
1433 3793 1558 3846 iacturae.
1568 3795 1736 3848 -id.Scho·

970 3864 1052 3926 iares,
1062 3864 1107 3927 qui
1118 3873 1147 3913 se
1160 3873 1187 3911 se
1199 3859 1311 3912 oderunt
1320 3862 1353 3912 ad
1367 3861 1500 3927 suffragia,
1511 3864 1650 3916 veritatem
1659 3864 1737 3916 lateri

970 3931 1301 3996 tenentur,siuepraecedat
1311 3930 1482 3994 intentative
1491 3947 1541 3986 non
1550 3934 1736 4000 praecedat.-

971 4005 1013 4056 ιι.
1025 4000 1187 4055 Consuetudo
1198 4003 1329 4052 contraria
1341 4008 1380 4052 est
1393 4003 1648 4069 corruptela-Quo
1658 4003 1733 4058 modo

962 4069 1050 4140 possit
1062 4071 1165 4123 admitti
1177 4071 1373 4123 consuetudinis
1385 4073 1525 4126 excusatio.

978 4236 1003 4292 t.
1023 4231 1064 4288 Ex
1091 4227 1193 4303 regulis
1212 4205 1346 4301 superiori
1366 4229 1455 4304 capito
1481 4231 1629 4305 propositis
1648 4233 1738 4304 prima

131 4314 176 4372 ld
190 4314 405 4373 tundamentum
419 4319 511 4373 aulem
528 4314 683 4373 secundum
696 4314 819 4375 eiusdem
840 4332 903 4374 aen·
933 4320 1093 4382 communis
1108 4326 1151 4377 est
1168 4318 1296 4376 omnibus
1309 4319 1405 4392 poenis
1419 4320 1567 4395 privativis,
1581 4327 1610 4379 et
1629 4321 1689 4380 idco
1703 4321 1737 4381 ds

95 4407 197 4462 tentim
210 4401 379 4476 respondeo,
394 4405 485 4461 rnaius
504 4405 699 4464 inconveniens
719 4419 791 4477 esse,
808 4415 907 4465 omnes·
934 4411 980 4471 iila
994 4413 1048 4469 iarn
1062 4424 1115 4467 non
1129 4413 1298 4486 tractamus,
1313 4408 1437 4468 secunda
1456 4426 1523 4469 sero
1536 4417 1565 4470 et
1584 4413 1665 4471 tertia
1679 4418 1738 4471 tan·

98 4493 173 4568 leges
185 4496 227 4552 sic
240 4493 386 4568 loquentes
400 4493 437 4550 ita
451 4509 597 4566 exponere,
614 4502 645 4552 ut
664 4495 771 4553 inutiles
785 4495 861 4570 liant,
876 4502 905 4554 et
937 4509 996 4562 tura
1015 4500 1170 4575 propositae
1191 4506 1257 4557 sunt
1274 4498 1308 4557 de
1328 4500 1431 4574 poenis,
1447 4501 1598 4576 quaelicet
1617 4503 1739 4576 proxime

102 4585 274 4642 scrsmtatem
285 4583 442 4641 tortassead
453 4585 901 4646 commarnebonumnecessaaiam
937 4591 1115 4666 privationem
1131 4588 1274 4661 inducant,
1289 4590 1318 4645 in
1332 4591 1438 4648 actione
1453 4599 1694 4651 consummantur.
1704 4593 1739 4652 Et

107 4677 238 4732 amitant.
250 4672 352 4732 Deinde
365 4673 443 4745 dico,
458 4672 663 4733 licet·sidoatur
676 4674 790 4750 durum,
806 4677 844 4734 ita
863 4677 902 4734 in·
938 4680 1000 4740 ideo
1014 4685 1142 4753 superest
1160 4676 1287 4751 dubium,
1303 4694 1359 4752 qua
1371 4694 1405 4738 ex
1425 4680 1466 4738 his
1481 4683 1583 4757 regulis
1600 4685 1739 4743 utendum

110 4766 243 4838 amisum·
265 4765 340 4839 leges
367 4779 463 4822 omnes
483 4771 614 4836 ponentes
634 4766 708 4824 illam
728 4767 903 4844 particulam,
939 4771 975 4830 sit
994 4773 1019 4828 in
1040 4769 1134 4843 poenis
1148 4784 1217 4842 pure
1237 4768 1398 4841 privativis,
1413 4785 1484 4844 quae
1497 4772 1532 4830 ad
1552 4773 1737 4846 plenomese·

112 4855 275 4914 tolerandum
290 4855 469 4912 nihilominus
484 4869 555 4928 esse,
570 4856 634 4929 quia
648 4856 686 4915 ita
699 4858 904 4934 scriptumest,
940 4861 1080 4918 cntionem
1102 4856 1206 4915 nullam
1231 4857 1348 4916 bominis
1369 4861 1505 4918 actionem
1530 4864 1685 4937 requirunt.
1700 4867 1739 4923 be

113 4953 140 5003 ut
154 4947 185 5005 de
201 4947 308 5022 legibus
329 4943 474 5004 canonicis
494 4943 596 5002 dieitur
610 4945 636 5002 in
657 4961 720 5019 cap.
737 4949 775 5004 Im
795 4963 905 5005 memo-
940 4949 1041 5024 quibus
1055 4953 1191 5006 costuma
1204 4947 1312 5005 fortiori
1326 4953 1380 5019 est,
1394 4949 1503 5022 quodsi
1516 4951 1542 5008 in
1557 4951 1616 5026 lege
1629 4953 1741 5013 dicatur

110 5039 187 5102 mom,
198 5037 263 5096 dist.
279 5041 366 5110 19,ει
379 5033 415 5090 de
426 5032 555 5090 civilibus
570 5033 595 5090 in
609 5034 627 5091 l.
631 5039 801 5111 prospexit,
815 5036 842 5093 ll.
856 5038 905 5111 qui
938 5044 1004 5116 tpso
1023 5041 1106 5105 itere,
1124 5043 1152 5094 et
1171 5033 1288 5094 addatur
1308 5036 1418 5112 absque
1438 5037 1504 5098 olto
1522 5039 1735 5113 declaratione,

107 5133 133 5184 ει
147 5144 161 5185 ε
177 5127 291 5204 qubus,
312 5141 349 5184 eo
370 5121 418 5181 sel
440 5123 567 5198 maxime,
582 5123 656 5197 quod
670 5124 744 5198 leges
764 5126 906 5198 punientes
940 5129 982 5186 vel
996 5127 1061 5202 quid
1076 5127 1173 5200 simile,
1189 5129 1279 5186 statim
1294 5127 1398 5201 absque
1412 5143 1489 5186 mora
1500 5129 1542 5188 lex
1556 5133 1615 5204 ipsa
1628 5137 1740 5208 esequi-

105 5234 160 5280 cun
172 5227 245 5282 tanto
255 5221 355 5296 rigore
370 5227 455 5275 rarae
469 5219 544 5287 sunt,
554 5219 582 5273 et
595 5215 623 5273 iu
633 5215 800 5290 gravissimis
814 5217 905 5277 crimi-
942 5225 991 5280 tur
1006 5233 1135 5295 poenam,
1150 5217 1214 5295 quia
1228 5221 1330 5294 potest,
1342 5223 1371 5279 ει
1381 5217 1447 5278 nibil
1461 5225 1513 5293 est,
1524 5221 1599 5300 quod
1612 5229 1739 5300 expecto·
