4232 6220
364 381 428 445 662
1066 401 1217 452 umasx.

319 523 482 582 consistere.
497 522 598 595 Primo,
615 522 690 598 quod
704 525 763 582 eius
777 525 951 601 congregatio
966 525 1000 584 sit
1013 524 1122 583 univer·
1158 525 1281 598 proprus
1299 526 1327 584 ia
1342 525 1402 584 iure
1417 522 1563 584 ordinerio
1578 522 1784 597 ecclesiastico,
1798 539 1854 582 non
1866 525 1895 582 in
1909 525 1971 584 iure

319 615 382 672 salis
396 630 429 670 ex
444 613 690 671 universismundi
706 613 874 688 bominibus,
886 624 1020 689 quantum
1031 622 1075 673 est
1087 631 1121 674 ex
1158 613 1260 671 divino.
1678 607 1686 618 ”

319 721 358 760 se.
376 701 516 772 Secundo,
532 704 606 776 quod
620 707 761 778 ingressus
782 705 815 761 ad
836 704 909 763 illam
927 708 961 762 sit
980 722 1028 778 per
1042 706 1122 763 tidem
1200 707 1243 762 tu.
1259 704 1298 760 En
1319 717 1375 777 quo
1395 703 1509 761 ulterius
1522 702 1641 776 colligo,
1657 717 1710 760 neo
1727 705 1869 776 propriam
1883 703 1969 762 inter·

318 794 471 866 explicitam
485 793 627 850 Trinitatis
645 794 669 849 in
695 795 828 867 baptismo
853 795 1119 868 protessonuertio,
1158 793 1336 866 pretationem
1349 809 1397 867 per
1408 794 1519 852 modum
1530 791 1642 866 epiilriae
1653 793 1757 850 babere
1768 795 1863 851 locum
1874 797 1902 850 in
1915 795 1968 852 bec

318 890 350 942 ut
368 884 393 940 in
408 899 441 940 ca
455 888 657 957 congregentur
671 900 766 941 omnes
783 885 835 940 sub
849 900 905 941 uno
921 886 1009 957 capite
1023 884 1121 942 Christi
1158 883 1329 940 institutione
1348 883 1438 956 quoad
1451 900 1502 952 ca,
1518 899 1588 956 quae
1601 899 1631 940 re
1644 897 1712 940 vere
1727 889 1792 940 sunt
1804 883 1838 941 de
1853 886 1914 941 iare
1927 885 1970 941 di·

317 973 433 1044 vicario,
445 979 473 1029 et
486 973 538 1029 sub
553 973 655 1030 talibus
669 973 751 1046 signis
767 975 939 1031 sensibilibus
953 974 1080 1030 sacrificii
1093 982 1122 1030 et
1158 971 1231 1040 vinc,
1243 971 1271 1028 id
1285 980 1337 1044 eet,
1350 987 1404 1029 non
1418 972 1508 1029 solum
1522 987 1577 1028 non
1590 988 1673 1044 posse
1685 973 1843 1044 dispensare
1854 975 1968 1046 Papam,

317 1069 562 1121 sacramentorum.
579 1064 699 1132 Quarto,
722 1064 795 1136 quod
816 1065 887 1122 intra
907 1064 980 1120 illam
1000 1067 1037 1121 sit
1051 1063 1119 1120 ordo
1157 1067 1190 1118 ut
1211 1061 1236 1118 in
1256 1062 1391 1119 sacrificia
1410 1067 1591 1120 consecretur
1610 1063 1723 1137 sanguis
1743 1062 1769 1118 in
1791 1061 1845 1119 elio
1860 1063 1970 1137 liquore

318 1152 506 1210 bierarchious
515 1152 732 1210 tenrsecundum
744 1158 905 1224 potestatem
917 1154 1119 1227 ordinis,quarn
1157 1161 1268 1223 prester
1287 1152 1399 1224 vinum,
1414 1167 1511 1210 rerum
1525 1152 1607 1209 etism
1620 1167 1670 1210 nec
1685 1169 1765 1225 posse
1779 1153 1968 1226 interpretari,

317 1241 471 1300 secundum
492 1248 654 1314 potestatem
675 1243 822 1314 spiritualis
842 1243 1046 1301 iurisdictionis.
1068 1244 1121 1301 Sed
1157 1240 1237 1297 aliern
1253 1243 1395 1302 materiam
1410 1242 1540 1299 sufficere
1554 1242 1581 1298 ia
1595 1257 1773 1315 quascumque
1787 1259 1856 1302 casu
1868 1259 1968 1302 neces·

319 1335 345 1390 in
360 1339 417 1390 tota
431 1331 482 1389 hac
499 1331 669 1390 institutione
684 1332 750 1388 nibil
763 1339 816 1403 est,
829 1332 904 1405 utrod
918 1349 966 1405 per
981 1325 1120 1406 dispense-
1156 1331 1256 1401 sitctis3
1267 1337 1296 1387 et
1309 1333 1348 1387 sic
1363 1331 1397 1388 de
1413 1333 1484 1389 aliis.
1499 1333 1578 1389 Retio
1591 1339 1645 1403 est,
1657 1333 1722 1406 quia
1733 1332 1759 1389 in
1771 1332 1824 1402 bis,
1837 1349 1911 1406 quae
1923 1349 1969 1390 es·

318 1425 419 1479 tionem
434 1422 523 1495 possit
538 1423 651 1492 mutari,
668 1428 805 1495 quatenus
820 1421 852 1478 ad
867 1423 909 1480 ius
923 1421 1046 1480 divinum
1060 1437 1122 1494 spe·
1157 1421 1305 1478 sentialiter
1319 1420 1484 1494 pendentes
1500 1421 1669 1479 institutione
1679 1423 1772 1495 quoad
1789 1424 1969 1496 significatio-

316 1519 390 1584 ctat,
412 1517 443 1568 ut
456 1510 605 1583 unicuique
622 1527 668 1583 per
685 1527 714 1568 se
729 1512 807 1568 laoile
822 1514 925 1584 patebit
939 1512 1120 1570 discurrendo
1157 1528 1230 1585 nem,
1246 1512 1289 1570 rel
1304 1513 1396 1586 quood
1410 1511 1574 1583 efficaciam,
1590 1527 1639 1568 seu
1653 1511 1829 1571 collationem
1844 1512 1967 1571 alicuius

318 1617 367 1675 per
377 1599 492 1674 singula.
503 1601 578 1671 Scio,
591 1616 687 1674 graves
699 1602 828 1659 doctores
840 1603 942 1674 dicere,
954 1602 1121 1661 iurisdictio·
1157 1602 1282 1673 airtutis,
1306 1602 1347 1658 ael
1365 1605 1525 1674 potestatis,
1545 1617 1599 1660 ncn
1618 1601 1702 1658 babet
1714 1601 1806 1660 locum
1823 1601 1966 1674 ampliatio

317 1707 379 1748 nem
390 1691 567 1748 sacerdotum
578 1691 605 1747 in
617 1691 675 1748 loro
687 1693 876 1762 poenitentiae,
889 1700 917 1750 et
927 1693 1121 1765 episcoporum
1156 1691 1198 1747 vel
1215 1691 1352 1764 restrictio
1367 1706 1416 1762 per
1429 1689 1564 1763 epiilriam.
1580 1692 1649 1758 Quia
1663 1690 1793 1748 institutio
1804 1689 1888 1748 debet
1900 1707 1966 1749 esse

317 1782 344 1839 in
362 1781 422 1838 iuro
440 1787 553 1837 esterno
567 1781 709 1837 Ecclesiae
722 1796 783 1837 esse
797 1779 831 1838 de
845 1783 906 1838 iure
917 1781 1025 1847 divino,
1040 1789 1068 1838 et
1082 1782 1121 1836 ni·
1156 1779 1266 1836 omnino
1286 1780 1410 1853 delinita,
1431 1789 1461 1838 et
1481 1781 1559 1853 quasi
1579 1780 1606 1836 ia
1624 1779 1779 1838 indivisibili
1795 1782 1965 1854 consistens,

316 1871 464 1928 hilominus
475 1885 554 1942 posse
566 1886 614 1942 per
624 1871 784 1934 Pontificem
797 1871 934 1947 restringi,
945 1872 987 1928 vel
998 1872 1121 1944 ampliari
1157 1871 1221 1941 quia
1237 1869 1261 1924 ia
1273 1868 1319 1926 illo
1331 1869 1426 1927 ordine
1438 1869 1583 1930 constituit
1594 1872 1741 1928 essentiam
1752 1871 1791 1928 rei
1805 1872 1964 1942 institutes,

318 1961 456 2019 interdum
476 1976 524 2032 per
539 1959 582 2017 ins
596 1961 781 2032 ordinarium,
797 1968 825 2017 et
841 1961 986 2034 aliquando
1000 1977 1049 2034 per
1063 1977 1121 2018 nro-
1154 1965 1183 2014 et
1202 1956 1262 2014 ideo
1284 1953 1337 2015 non
1359 1965 1452 2030 potest
1465 1959 1599 2030 emptioni,
1615 1958 1657 2016 rel
1672 1960 1803 2032 restringi
1818 1949 1906 2030 ultra,
1921 1959 1965 2018 rel

240 2054 246 2065 '
317 2050 384 2109 duna
398 2050 619 2124 dispensationis,
631 2067 680 2107 seu
696 2051 837 2124 privilegii.
853 2052 1047 2108 Verumtamen
1059 2067 1120 2109 sen·
1156 2049 1227 2104 citra
1246 2048 1329 2105 rerba
1348 2048 1533 2106 institutionis.
1550 2049 1586 2104 Et
1602 2047 1734 2120 explicari
1750 2055 1840 2121 potest
1853 2051 1964 2108 rutinae

317 2142 402 2198 tentia
421 2156 517 2212 parum
535 2139 621 2196 nobis·
635 2141 739 2210 obstet,
760 2142 822 2213 quia
837 2156 892 2197 non
906 2141 1046 2198 credimus
1060 2156 1121 2198 esse
1156 2153 1241 2209 cupre
1256 2137 1411 2208 insinuata,
1431 2139 1497 2211 quia
1513 2137 1641 2196 voluntas
1654 2131 1823 2196 instituentis
1837 2137 1873 2196 de
1888 2136 1964 2196 lactc

318 2245 425 2302 reram,
446 2245 534 2302 neque
552 2237 752 2303 consequenter
771 2230 855 2304 loqui.
873 2231 1031 2289 Secundum
1046 2231 1120 2288 illem
1156 2225 1287 2284 limitatur
1301 2228 1335 2284 ad
1350 2229 1433 2285 verba
1447 2228 1679 2298 institutionis,ite
1693 2235 1724 2289 ut
1736 2235 1815 2286 estre
1829 2227 1964 2286 illenulle

317 2327 408 2376 numm
422 2319 569 2377 dicendum
584 2326 668 2384 esset,
684 2319 737 2376 hoc
752 2320 794 2378 ius
807 2321 930 2378 divinum
941 2321 978 2378 ita
988 2336 1048 2388 esse
1060 2337 1120 2393 spe-
1155 2319 1190 2372 eit
1203 2317 1275 2373 lacta
1290 2317 1439 2391 institutio,
1455 2333 1522 2390 ergo
1537 2316 1582 2375 illa
1596 2319 1786 2390 interpretatio
1800 2334 1856 2376 non
1876 2318 1963 2376 babet

276 2477 282 2491 Ι
317 2409 420 2465 cialiter
437 2409 612 2482 institutum,
629 2415 742 2482 propter
756 2413 942 2467 necessariam
957 2409 1120 2468 subordiaa·
1155 2407 1362 2466 tundamentum
1383 2409 1408 2463 in
1430 2407 1570 2464 voluntate
1591 2407 1772 2480 instituentis,
1792 2413 1862 2482 ergo
1882 2408 1961 2465 nullo

318 2501 417 2557 tionem
435 2499 593 2556 interiorum
616 2515 682 2562 curn
696 2516 747 2556 sun
763 2501 869 2572 capite,
884 2508 913 2557 et
926 2509 1039 2572 propter
1054 2515 1120 2557 con·
1156 2496 1237 2554 modo
1251 2504 1341 2568 potest
1359 2498 1454 2554 locum
1469 2496 1579 2553 habere.
1596 2497 1691 2556 Solum
1706 2512 1773 2570 ergo
1790 2497 1898 2555 admitti
1913 2515 1964 2570 pa-

319 2591 471 2646 reaientem
498 2603 579 2644 usum
606 2589 741 2646 interioris
771 2589 977 2646 iurisdictionis.
998 2591 1033 2646 st
1052 2587 1120 2645 baec
1155 2593 1209 2642 test
1222 2586 1410 2657 interpretatio
1425 2584 1596 2656 doctrinalis,
1612 2584 1646 2643 ad
1660 2586 1877 2644 discernendum
1893 2588 1962 2661 quid

316 2679 383 2736 retio
396 2679 487 2751 potius
500 2676 830 2750 probat,iurisdictionern
846 2695 900 2736 non
915 2677 999 2735 luisse
1010 2681 1070 2735 iure
1080 2677 1120 2735 di·
1157 2676 1209 2733 eub
1224 2675 1390 2733 institutione
1404 2674 1669 2747 comprehendatur,
1683 2691 1755 2747 quae
1770 2675 1962 2749 independens

316 2768 377 2824 vino
397 2768 570 2824 interioribus
590 2767 735 2840 collatam,
757 2768 804 2826 sed
828 2768 878 2825 hoc
895 2768 978 2825 luisse
993 2769 1120 2825 commis·
1154 2773 1198 2822 est
1217 2766 1249 2822 eb
1270 2767 1425 2824 extrinseca
1441 2768 1620 2836 necessitate,
1637 2765 1678 2822 vel
1692 2768 1854 2824 occasione:
1874 2767 1960 2825 inter-

318 2872 378 2914 sum
400 2873 530 2928 suprenro
550 2858 657 2915 Vicsrio
680 2865 811 2930 tanquam
831 2857 902 2914 tideli
926 2857 1118 2929 dispensatori.
1156 2857 1269 2928 pretorio
1284 2863 1375 2914 eutem
1389 2856 1493 2915 addens
1504 2858 1545 2913 vei
1557 2855 1682 2914 minuens
1692 2858 1898 2916 institutionem
1909 2873 1959 2930 per

316 2951 413 3005 Posset
429 2946 510 3002 etiam
523 2946 575 3003 dici
591 2947 744 3004 secundani
759 2947 832 3004 illam
846 2949 1023 3018 sententiam,
1040 2949 1118 3004 iuris·
1154 2946 1276 3018 epiilniam
1301 2953 1412 3019 propter
1437 2945 1621 3004 accidentales
1644 2961 1749 3020 cesus,
1770 2953 1847 3006 esset
1865 2950 1959 3021 potius

317 3036 467 3093 dictionem
478 3034 562 3107 illam,
575 3051 645 3107 quae
656 3036 737 3093 datur
751 3040 810 3093 iure
823 3038 929 3110 divino,
940 3053 1001 3094 esse
1013 3045 1119 3095 tanturn
1154 3039 1306 3109 corruptio,
1322 3043 1350 3093 et
1363 3037 1465 3096 inlicita
1480 3035 1594 3092 heberet
1608 3035 1793 3094 incommode.

315 3128 342 3182 in
358 3125 464 3195 babitu,
475 3132 504 3182 et
517 3125 586 3180 banc
601 3140 656 3182 aon
671 3125 789 3196 limitari,
803 3142 852 3183 nec
868 3128 969 3183 auferri
982 3127 1006 3182 in
1019 3143 1059 3198 se,
1071 3128 1118 3184 sed
1195 3128 1239 3184 ii.
1257 3126 1385 3184 &cundo
1400 3127 1498 3197 iniero,
1513 3127 1595 3183 etiam
1608 3127 1684 3184 circa
1698 3134 1850 3200 praecepta
1863 3143 1899 3186 es
1912 3145 1961 3187 an·

318 3222 422 3272 tantuna
441 3217 469 3270 in
487 3231 557 3287 usu,
573 3222 709 3287 quatenus
724 3217 746 3272 ei
762 3219 873 3273 materie
890 3218 1060 3289 applicatur,
1077 3199 1130 3276 rel'
1154 3222 1216 3273 tura
1231 3218 1268 3273 rei
1283 3217 1426 3274 inclusaia
1437 3216 1603 3275 institutione
1614 3233 1668 3274 nun
1682 3217 1781 3275 babere
1794 3218 1890 3276 locum
1902 3218 1961 3277 dis-

266 3331 268 3337 ·
317 3304 503 3376 subtrabitur,
524 3305 599 3378 quod
619 3321 672 3361 non
692 3306 852 3364 estfactum
868 3306 1118 3380 perdirinumius,
1154 3307 1363 3379 pensetiocem,
1389 3306 1429 3362 rel
1454 3307 1588 3379 propriam
1610 3307 1877 3380 interpretationem.
1899 3312 1961 3368 Hoc

317 3394 364 3452 sed
384 3394 484 3451 bomini
502 3401 545 3451 est
564 3395 754 3452 commissum.
771 3395 824 3453 Sed
845 3412 874 3454 re
893 3411 957 3453 aero
971 3397 1032 3466 illa,
1048 3413 1119 3470 quae
1155 3395 1262 3467 proberi
1277 3401 1367 3468 potest
1384 3399 1488 3454 ratione
1503 3412 1588 3469 supra
1602 3396 1692 3466 lecta,
1713 3400 1778 3470 quia
1793 3399 1864 3457 baec
1880 3415 1961 3472 prae·

317 3580 437 3646 potestas
463 3572 582 3646 ordinis,
608 3575 649 3632 vel
674 3576 902 3649 consecrationis,
927 3583 954 3634 et
966 3577 1119 3634 iurisdictio
1154 3573 1961 3652 iureautemnaturelinoncaditdispensetio,nequeepii·

317 3662 428 3736 propria
447 3662 472 3718 in
492 3663 592 3720 actuali
610 3664 801 3736 superioritate
815 3666 954 3739 consistit,
971 3683 1041 3738 quae
1055 3682 1119 3723 con·
1154 3661 1198 3720 kin
1210 3664 1497 3737 proprielleclaratur
1510 3665 1645 3739 exemplo,
1657 3669 1724 3739 quie
1736 3683 1770 3724 es
1783 3668 1961 3726 institutione

316 3753 494 3823 iertur,.cum
514 3752 668 3824 applicatur
682 3756 795 3811 materia
810 3754 900 3828 quoad
913 3771 1043 3827 personas
1055 3756 1120 3813 sab·
1155 3760 1392 3811 sacramentorum
1413 3753 1535 3810 nascitur
1557 3753 1686 3826 obligatio
1701 3757 1851 3815 accedendi
1864 3757 1902 3816 ed
1915 3759 1962 3816 ille

317 3841 455 3912 diturum,
477 3847 505 3898 et
521 3841 558 3898 ita
576 3842 621 3899 illa
639 3849 680 3899 est
695 3843 805 3901 collatio
818 3843 1032 3915 iurisdictionis,
1049 3862 1119 3918 quae
1155 3860 1220 3900 cunr
1235 3844 1325 3901 debita
1338 3843 1568 3916 dispositionem
1580 3852 1674 3902 sancta
1685 3853 1957 3904 sanctetractentur.

316 3930 468 3988 immediate
494 3946 543 4002 per
562 3930 699 3988 bominem
717 3934 760 4003 tit,
781 3950 834 3990 non
856 3950 904 4005 per
928 3933 1049 3991 divinum
1064 3935 1116 3992 ius.
1154 3936 1182 3990 ln
1197 3934 1322 4008 bacergo
1338 3933 1502 4006 obligatione
1517 3948 1573 3990 non
1585 3933 1657 3990 cadit
1670 3927 1960 4005 dispensatio',necin-

315 4024 410 4093 ltaque
432 4021 482 4077 soli
502 4037 611 4079 surnrno
630 4023 751 4080 Pontifici
765 4023 847 4081 datur
862 4024 1011 4082 iurisdictio
1026 4025 1119 4082 imme·
1153 4025 1313 4094 terpretatio
1326 4024 1450 4080 minuens
1464 4023 1535 4079 illem
1545 4022 1697 4079 naturalem
1710 4023 1881 4096 legemllarn
1893 4025 1962 4083 licet

316 4110 391 4168 dieta
407 4124 442 4167 ex
456 4112 480 4166 ai
496 4110 562 4166 iuris
575 4109 667 4183 cirini,
680 4120 708 4169 et
722 4111 780 4170 ideo
795 4129 845 4170 aec
856 4115 968 4185 arrlerri,
981 4129 1030 4170 neo
1041 4113 1119 4171 dimi·
1153 4113 1239 4186 possit
1248 4111 1371 4170 Ecclesia
1386 4113 1571 4186 interpretari,
1581 4129 1615 4168 an
1628 4112 1751 4185 talis,vel
1768 4113 1827 4171 telis
1837 4112 1960 4187 disposi-

222 4232 229 4250 ι
316 4204 364 4258 nui
383 4207 476 4273 potest
495 4200 708 4274 per-bominem,
724 4211 852 4275 respectu
866 4220 931 4264 reru
946 4203 1060 4260 aliorum
1073 4207 1118 4262 ius
1153 4205 1190 4261 tic
1201 4204 1331 4274 sullioiat,
1348 4218 1402 4259 uon
1418 4209 1508 4262 umen
1519 4205 1892 4277 potcstinterpretari,quod
1905 4221 1959 4278 pro

315 4293 438 4350 divinum
455 4291 546 4348 solum
559 4293 585 4347 in
599 4292 719 4364 generali
731 4295 838 4365 statuit,
852 4301 882 4351 ut
893 4295 919 4350 in
929 4294 1052 4350 Ecclesia
1064 4294 1119 4352 sint
1153 4295 1243 4367 aliquo
1262 4310 1349 4367 casu,
1366 4294 1408 4351 vel
1422 4295 1587 4351 necessitate
1601 4293 1722 4351 sufficiat
1736 4294 1784 4350 illa
1797 4293 1957 4370 dispositio,

315 4388 456 4455 pastores,
473 4382 520 4454 qui
536 4388 671 4438 vocentur
685 4397 700 4438 e
713 4383 842 4441 Pontifice
857 4386 883 4439 in
898 4391 1002 4457 partem
1017 4385 1118 4442 sollici·
1151 4400 1221 4457 quae
1232 4399 1285 4440 nun
1297 4384 1361 4440 satis
1375 4384 1419 4448 sit,
1427 4389 1459 4441 ut
1470 4391 1566 4441 saneta
1576 4390 1670 4441 sancte
1684 4389 1850 4442 tractentur.
1857 4388 1957 4460 Atque

316 4473 431 4542 tudinis,
452 4471 629 4544 impertiendo
646 4471 699 4528 illis
714 4472 926 4530 iurisdictionem
942 4474 1118 4530 uniuscuius·
1152 4473 1246 4532 eadem
1266 4482 1311 4531 est
1330 4474 1398 4530 ratio
1417 4472 1450 4530 de
1471 4473 1605 4531 similibus
1627 4476 1789 4547 praeceptis.
1806 4475 1842 4532 Et
1862 4483 1960 4547 potest

316 4577 370 4636 quc
385 4563 492 4619 muneri
506 4563 722 4620 convenientem.
739 4563 917 4620 Particularis
932 4572 1023 4621 autem
1037 4565 1117 4621 iuris·
1153 4563 1205 4622 boc
1227 4563 1397 4634 confirmari,
1413 4578 1476 4620 nam
1491 4562 1559 4620 baec
1574 4570 1721 4634 praecepta
1734 4563 1871 4622 ordinarie
1887 4573 1959 4624 sunt

315 4650 467 4708 dictionum
480 4649 645 4723 distributio,
656 4653 698 4708 vel
710 4652 841 4710 institutio
853 4669 906 4708 aon
919 4656 1008 4726 potuit
1018 4655 1117 4712 cc'nve·
1153 4653 1330 4726 affirmativa,
1353 4653 1416 4726 quie
1431 4658 1462 4708 ut
1476 4668 1559 4724 supra
1574 4668 1638 4709 cuna
1652 4653 1758 4710 Victor.
1774 4652 1954 4726 dicebamus,

309 4727 421 4798 'nienter
437 4739 591 4798 immediate
605 4742 662 4800 lieri
675 4757 724 4813 per
739 4742 781 4798 ius
796 4743 932 4816 divinum,
948 4743 993 4799 sed
1009 4759 1056 4817 per
1069 4743 1118 4800 lau·
1151 4747 1179 4801 in
1199 4745 1258 4818 lege
1279 4759 1348 4800 nove
1362 4759 1416 4798 nnn
1432 4748 1496 4798 sunt
1509 4742 1637 4814 spectetis
1651 4750 1797 4815 praecepta
1810 4745 1953 4816 negetira;

315 4831 414 4887 minem
427 4829 521 4886 debuit
531 4831 598 4902 berb
611 4829 726 4903 ideoque
738 4837 795 4888 tota
807 4831 932 4902 varietas,
944 4848 1015 4905 quae
1026 4834 1052 4888 in
1063 4833 1115 4890 hae
1153 4836 1178 4890 in
1199 4832 1353 4907 praeceptis
1374 4838 1466 4889 autem
1480 4831 1648 4904 affirmativis
1662 4833 1827 4905 praesertim
1840 4838 1957 4890 nature·

315 4933 415 4992 genere
429 4919 566 4990 reperitur
580 4920 606 4974 in
621 4919 755 4991 Ecclesia,
772 4921 814 4976 vel
829 4936 883 4977 non
897 4929 940 4978 est
953 4920 1117 5000 dispensatio
1153 4924 1222 4981 libus
1238 4923 1328 4980 solum
1340 4921 1422 4978 babet
1437 4921 1531 4978 locum
1545 4922 1732 4994 interpretatio
1742 4924 1956 4995 circetempus,

316 5009 428 5082 propria
446 5009 472 5064 in
494 5006 584 5081 aliquo
606 5009 682 5081 iure,
703 5009 751 5067 sed
764 5021 808 5068 est
822 5012 1019 5069 administratio
1034 5027 1118 5084 quae·
1152 5029 1202 5086 pro
1216 5029 1272 5086 quo
1287 5010 1419 5085 obligant,
1434 5011 1476 5068 vel
1491 5026 1547 5068 non
1562 5011 1685 5084 obligent
1698 5027 1763 5069 curn
1777 5011 1831 5085 bis,
1844 5013 1888 5070 rel
1902 5013 1957 5072 illis

316 5097 379 5155 dam
394 5095 577 5169 spiritualium
590 5097 735 5165 bonorum,
751 5116 822 5174 quaa
837 5101 891 5159 lato
907 5100 988 5159 raudo
1004 5108 1118 5159 vocatur
1152 5101 1485 5175 circumstantiumque
1502 5102 1723 5174 interpretatione
1737 5100 1836 5175 epiiliia
1847 5119 1903 5160 non
1914 5106 1958 5161 in·

212 5257 214 5260 ¹
315 5187 482 5258 dispensatio
494 5188 688 5262 mysteriorum
699 5189 806 5261 llei3rel
818 5191 1116 5265 sialiquasuntinboc
1152 5193 1288 5263 terrenit,
1311 5198 1343 5250 ut
1360 5190 1507 5249 declaravi.
1527 5193 1731 5266 possumusque
1752 5192 1806 5250 hoc
1826 5196 1957 5267 exemplo

317 5291 415 5349 genere
437 5279 546 5362 propria
568 5278 721 5356 privilegia,
744 5281 885 5340 continent
903 5281 1116 5356 dispensationes
1151 5299 1302 5358 exponere:
1320 5297 1384 5342 nem
1397 5287 1570 5342 sacramento
1584 5281 1773 5341 Eucharistiae
1786 5282 1954 5344 adiunctum
