4284 6246
876 379 995 432 maon
1008 379 1058 432 ιι.
1693 362 1755 432 ter

132 525 204 569 nam
224 511 248 568 si
270 523 405 568 concessa
428 509 465 568 sit
483 509 535 568 snb
551 508 643 584 aliqua
657 507 823 582 conditione,
837 506 946 566 olarnm
1029 510 1057 566 9.
1075 506 1134 566 llio
1155 507 1219 567 item
1247 508 1373 584 quaestio
1393 510 1470 568 circa
1483 509 1534 568 bos
1547 509 1664 570 effectus
1678 511 1793 570 tractari

132 609 197 674 est,
218 617 275 659 aon
295 600 396 658 babere
424 601 562 658 silentum.
585 598 739 658 Difficultas
760 613 827 673 ergo
848 597 946 656 estde
986 603 1094 669 potest,
1117 599 1239 668 scilicet,
1262 616 1295 657 an
1317 601 1409 676 quood
1423 601 1484 659 illos
1497 601 1570 676 large
1586 603 1629 660 rel
1646 603 1741 660 stricte
1757 605 1793 662 sit

133 691 343 764 dispensatione
366 689 486 762 periente
506 705 642 748 concessa
660 705 694 747 ex
714 695 791 761 parta
816 687 943 760 principis
984 687 1150 760 dispensatio
1174 691 1395 766 interpretanda,
1421 692 1468 749 ilia
1497 708 1561 749 vero
1583 693 1713 750 coincidit
1727 710 1793 751 cnm

133 799 187 854 per
209 782 372 839 absolutum
384 780 456 853 fiat.
473 781 545 840 llaec
561 795 625 837 roro
640 779 764 852 quaestio
780 777 862 835 babet
878 793 945 834 con·
984 777 1037 834 alia
1058 778 1137 833 simili
1156 777 1190 836 de
1211 781 1372 854 privilegiis,
1399 798 1480 854 qnam
1495 783 1563 838 inira
1578 783 1647 839 libro
1661 783 1730 854 lllll,
1746 800 1793 840 ca·

135 873 284 931 nexionem
299 887 364 928 curn
377 869 454 928 simili
464 871 623 944 quaestione
635 868 668 925 de
680 868 831 940 privilegio,
845 873 873 924 et
883 866 944 923 ideo
983 882 1017 938 po
1031 868 1136 924 xitttt.
1150 871 1288 940 tractabo,
1301 877 1328 927 et
1346 874 1447 944 omnia,
1467 888 1540 945 qnae
1553 872 1587 929 de
1601 875 1724 946 rigoroso
1738 876 1792 945 pri·

135 963 223 1019 simul
248 962 321 1018 illam
339 960 484 1032 disputabo
500 959 568 1016 inira
583 959 629 1015 lib.
645 959 713 1031 l'lll,
729 975 755 1014 ι.
772 958 851 1016 XXV.
865 959 945 1014 Nunc
981 957 1078 1030 vilegio
1093 957 1255 1032 dixerimus,
1267 960 1292 1016 iu
1314 961 1518 1034 dispensatione
1537 979 1601 1019 cnm
1617 966 1792 1036 proportione

134 1053 261 1110 breviter
290 1049 422 1107 resolutio
447 1065 508 1106 tneo
532 1056 595 1119 est,
625 1047 945 1122 dispensationemlegis
981 1046 1462 1120 proceduntiitideoouocsolum
1481 1054 1791 1126 supponimus,dispen-

136 1141 235 1216 quoad
252 1141 445 1214 obligationem
459 1139 485 1195 io
501 1137 823 1211 conscientia,etqnoad
835 1152 943 1193 omnem
982 1137 1130 1204 sationem,
1152 1153 1201 1209 tter
1217 1153 1245 1194 se
1260 1139 1413 1214 loquendo,
1430 1155 1462 1198 nc
1478 1142 1658 1215 regulariter,
1675 1145 1789 1200 restriu-

136 1233 284 1300 eileotum,
301 1230 364 1302 qnia
379 1245 412 1286 ex
428 1229 473 1285 illo
489 1228 598 1301 pendet,
611 1245 665 1284 non
680 1227 795 1284 concedi
811 1226 845 1283 de
861 1226 944 1294 iacto,
982 1226 1097 1298 gendarn
1118 1243 1189 1298 esse,
1206 1230 1270 1301 qnia
1285 1245 1300 1284 ι
1314 1231 1374 1287 iore
1388 1232 1533 1303 exorbitat,
1549 1233 1632 1288 etius
1649 1233 1786 1307 vulnerat,

136 1333 166 1379 et
182 1321 327 1379 moraliter
343 1319 534 1392 loquendo,itn
549 1325 580 1378 ut
593 1333 674 1375 sunm
688 1317 817 1374 effectum
831 1316 943 1387 babeat,
985 1324 1012 1372 et
1027 1319 1065 1373 ita
1080 1317 1206 1388 procedit
1219 1319 1243 1374 in
1264 1319 1308 1376 illa
1323 1320 1417 1392 regula
1435 1338 1511 1394 quoe
1524 1337 1546 1378 o
1559 1325 1633 1391 inre,
1649 1322 1682 1378 de
1695 1324 1786 1396 regul.

138 1413 305 1485 priusquam
322 1409 355 1465 ad
371 1410 493 1466 notitiam
509 1408 658 1480 dispensati
671 1407 822 1478 perveniat,
833 1411 860 1462 et
874 1405 946 1462 iilam
984 1407 1038 1462 inr.
1054 1409 1081 1462 io
1099 1411 1126 1479 6,
1143 1416 1171 1464 ιι
1186 1409 1304 1465 sumitur
1318 1425 1350 1466 ιιι
1365 1426 1426 1483 cap.
1448 1415 1472 1470 1.
1494 1411 1526 1468 de
1549 1411 1607 1468 tiliis
1632 1415 1785 1491 presbyter.

138 1517 192 1572 per
207 1503 329 1571 seipsum
344 1503 477 1570 acceptet.
491 1499 570 1556 ilatio
584 1505 639 1568 est,
659 1498 723 1570 qnia
743 1505 805 1552 ante
824 1497 946 1553 notitiam
983 1498 1009 1552 io
1027 1500 1053 1553 6.
1070 1497 1223 1553 llaecrero
1238 1499 1376 1554 restrictio
1394 1515 1448 1556 non
1461 1495 1542 1558 debet
1556 1517 1618 1558 esse
1636 1501 1709 1558 ultro
1724 1520 1788 1575 pro·

139 1593 206 1648 talis
220 1589 430 1661 dispensationis
445 1603 501 1643 non
516 1592 676 1659 potestesse
692 1585 783 1642 licitus
795 1601 863 1641 usus
874 1587 944 1653 eins,
966 1587 1125 1658 ,prietatem
1141 1586 1289 1644 verborum
1305 1589 1379 1644 insta
1397 1605 1481 1660 snpra
1495 1589 1569 1646 dicta
1584 1605 1645 1663 cap.
1658 1592 1691 1662 ΙΙ,
1701 1599 1729 1648 ιι
1739 1594 1785 1665 ΙΙΙ,

137 1689 169 1738 ιι
191 1679 254 1736 ideo
275 1677 420 1734 verisimile
441 1693 494 1732 aon
517 1685 576 1745 ost,
595 1675 672 1732 aliter
691 1674 817 1733 concedi.
833 1674 946 1742 Quando
981 1690 1032 1732 nec
1048 1674 1129 1732 debet
1144 1691 1205 1732 esse
1221 1683 1305 1748 tanta,
1323 1687 1355 1734 ut
1367 1678 1498 1736 excludat
1510 1694 1552 1750 en,
1574 1695 1645 1753 qnae
1660 1696 1786 1738 necessa·

140 1786 210 1826 sero
224 1767 393 1840 dispensatio
405 1783 458 1822 non
470 1747 741 1838 tollit'obligatioaem
753 1765 945 1834 conscientiae,
984 1765 1024 1820 ria
1059 1772 1124 1822 sunt
1152 1765 1185 1822 ad
1212 1766 1333 1822 valorem
1357 1775 1384 1824 et
1412 1769 1541 1825 effectum
1567 1769 1786 1843 dispensationis,

139 1859 190 1916 sed
208 1859 262 1915 alia
282 1873 381 1926 onera,
397 1871 450 1912 oon
465 1860 616 1928 repugnat,
633 1855 726 1911 statim
740 1869 755 1910 a
769 1855 946 1914 concessione
982 1869 1087 1926 quaeve
1107 1869 1172 1911 cnm
1193 1855 1238 1913 illo
1260 1862 1326 1914 sunt
1342 1849 1499 1914 ‘necessario
1523 1873 1661 1932 connexo,
1682 1877 1730 1917 sen
1750 1860 1785 1918 ad

140 1955 293 2020 acceptata
308 1947 405 2002 saitem
424 1961 473 2017 per
487 1952 713 2016 procuratorem,
729 1943 772 2001 rel
788 1958 835 2015 per
848 1944 948 2015 episto·
982 1942 1053 2000 illam
1068 1946 1235 2015 necessaria,
1254 1953 1285 2002 nt
1299 1953 1376 2002 recte
1390 1947 1508 2004 advertit
1523 1949 1617 2022 bugei.
1627 1950 1709 2006 verbo
1724 1948 1793 2016 dis,

133 2039 196 2116 ¹lam
214 2038 315 2094 babere
330 2035 363 2092 de
379 2052 408 2091 se
426 2051 508 2092 snum
523 2035 669 2105 ellectum,
684 2034 711 2088 in
726 2049 782 2106 qno
797 2040 878 2089 tenor
892 2033 946 2089 dis·
980 2036 1125 2106 pensatio,
1146 2049 1174 2089 n.
1192 2039 1219 2098 9,
1236 2041 1263 2092 ιι
1277 2036 1396 2111 sylvest.
1414 2052 1442 2109 q.
1461 2041 1490 2107 5,
1506 2054 1533 2093 n.
1552 2043 1581 2108 9,
1601 2041 1647 2112 qni
1668 2038 1785 2113 allegant

140 2129 315 2202 pensationis
334 2136 362 2183 ιι
376 2126 488 2182 intentio
504 2125 680 2181 concedentis
695 2122 858 2181 attendenda
873 2129 924 2179 est.
982 2122 1089 2194 glossas
1109 2130 1138 2180 et
1158 2125 1297 2181 doctores.
1315 2127 1349 2182 Et
1364 2129 1431 2182 ratio
1447 2135 1488 2184 est
1502 2142 1550 2199 per
1567 2144 1595 2184 se
1610 2128 1702 2199 clara3
1720 2147 1784 2188 nom

184 2227 214 2279 8.
231 2221 282 2275 llic
298 2225 390 2274 autem
405 2215 546 2272 advertere
561 2220 683 2286 oportet,
700 2214 725 2269 io
740 2212 947 2284 dispensationi·
982 2214 1029 2285 qui
1043 2213 1090 2270 dat
1103 2214 1231 2286 sormam,
1248 2215 1295 2272 dat
1310 2219 1509 2288 consequentia
1526 2218 1560 2274 ad
1575 2217 1701 2288 iormam,
1717 2220 1784 2277 alias
1843 2249 1847 2258 ·

138 2313 195 2369 bns
211 2324 294 2380 saepe
308 2307 439 2380 distingui
456 2306 614 2384 proximum
626 2305 755 2360 ellectum
768 2301 947 2374 dispensatio·
981 2311 1055 2360 esset
1073 2303 1246 2361 irnstratoria
1263 2305 1439 2377 dispensatio.
1457 2307 1577 2381 benique
1590 2323 1651 2364 ιιιι
1667 2325 1720 2365 non
1736 2310 1783 2374 de.-

140 2401 184 2457 nis
202 2415 218 2456 a
233 2404 356 2468 remoto,
373 2395 420 2469 qni
435 2401 553 2468 possunt
565 2395 645 2450 etiam
660 2392 712 2448 dici
726 2387 840 2448 e'ffectns
854 2405 902 2462 per
917 2405 947 2446 se
981 2392 1028 2449 bet
1042 2399 1096 2448 tam
1111 2393 1273 2450 universalis
1288 2396 1476 2464 restrictio,ut
1488 2394 1523 2453 de
1539 2396 1665 2454 omnibns
1675 2398 1782 2470 dispen-

138 2500 168 2549 et
184 2506 236 2563 per
249 2487 390 2557 accideos3
403 2502 465 2541 narn
481 2484 644 2556 dispensatio
658 2497 707 2554 per
721 2498 763 2552 se,
776 2496 808 2536 ac
823 2479 946 2552 proxime
981 2483 1131 2538 sationibus
1146 2482 1326 2540 indifferenter
1338 2484 1516 2558 intelligatur.
1525 2486 1593 2542 Nam
1606 2487 1783 2559 excipiendae

141 2580 236 2637 solum
252 2577 326 2634 tollit
339 2575 479 2632 vinculum
494 2572 676 2646 aliquod,sen
690 2570 947 2642 incapacitatem,et
981 2578 1047 2628 suot
1067 2572 1141 2643 illae,
1164 2588 1235 2646 quae
1256 2573 1359 2630 ratione
1381 2577 1528 2645 materiae,
1553 2575 1594 2631 vel
1607 2577 1783 2649 gravissimae

140 2671 220 2726 bunc
234 2683 305 2724 roco
318 2667 446 2723 ellectum
468 2679 517 2736 per
530 2678 575 2736 se,
596 2664 660 2736 qnia
675 2677 723 2732 per
738 2661 879 2731 ipsammet
892 2658 947 2714 dis·
982 2666 1031 2717 ant
1051 2661 1187 2734 piissimae
1202 2678 1320 2734 causae,
1342 2663 1468 2720 omnibus
1482 2665 1617 2736 pensatis,
1634 2672 1798 2724 censentur.

141 2761 334 2834 pensationem
356 2757 399 2812 lit:
417 2757 479 2811 inde
501 2769 565 2810 roro
586 2754 714 2826 seqnitur
728 2749 769 2807 rel
784 2757 946 2806 contractus
982 2749 1158 2818 favorabiles,
1180 2751 1255 2808 inxta
1281 2752 1412 2825 principia
1431 2755 1518 2824 posito
1538 2753 1564 2810 io
1580 2756 1669 2826 capite
1682 2758 1782 2830 primo,

142 2847 330 2916 matrimonii,
350 2844 393 2901 vol
419 2844 539 2914 receptio
560 2842 648 2900 valida
666 2841 803 2910 beneficii,
826 2842 873 2915 qni
892 2855 945 2896 oon
983 2844 1011 2895 et
1025 2839 1140 2896 dicenda
1155 2841 1188 2898 de
1202 2841 1363 2914 privilegiis,
1383 2841 1507 2899 stridori
1522 2849 1614 2914 potest
1629 2847 1779 2904 Panormit.

142 2941 283 2998 immerito
297 2943 447 2992 censentur
459 2933 668 3005 dispensationis
679 2931 878 3006 etleotns,qoia
889 2929 946 2986 'sine
981 2931 1006 2986 in
1022 2945 1085 3002 cap.
1102 2929 1148 2986 Ad
1167 2945 1267 2996 osores,
1286 2929 1320 2986 de
1339 2933 1456 3003 rescrip.
1472 2948 1500 2987 o.
1519 2940 1546 3002 8,
1566 2941 1595 2990 et
1616 2934 1641 2989 in
1661 2950 1722 3007 cap.
1739 2943 1782 2992 Ac

138 3031 186 3087 illa
202 3029 260 3085 lieri
276 3043 330 3083 non
346 3030 474 3098 possunt,
488 3030 552 3079 sunt
566 3028 656 3079 tameo
673 3023 780 3090 remoti,
795 3028 824 3077 et
838 3037 887 3092 per
901 3035 946 3077 ac·
981 3023 1007 3075 st
1020 3017 1128 3086 clerici,
1147 3017 1399 3100 ydrost-rotberto,
1422 3021 1455 3078 de
1471 3021 1556 3079 indic.
1577 3023 1623 3080 nbi
1637 3025 1717 3080 etiam
1732 3028 1781 3083 Fe·

138 3117 321 3191 cidens,qnia
341 3115 431 3172 solnm
448 3111 804 3186 pendentadispensatione
815 3117 945 3185 tanquam
981 3109 1053 3165 linus
1075 3124 1151 3165 num.
1173 3111 1217 3180 16,
1233 3117 1260 3166 ιι
1278 3110 1304 3165 iu
1325 3112 1412 3183 capite
1437 3113 1572 3170 Consum
1586 3129 1675 3185 qnae,
1691 3114 1725 3170 de
1739 3130 1781 3171 re·

139 3211 333 3266 aremorente
348 3203 596 3276 prohibens.lgitor
608 3216 678 3275 qnae
689 3199 863 3268 diximus,de
875 3201 946 3272 prio·
980 3201 1063 3270 scrip.
1080 3215 1107 3253 a.
1128 3202 1171 3257 15.
1188 3215 1253 3255 cum
1273 3200 1406 3257 Dominio.
1424 3201 1451 3256 io
1467 3215 1528 3273 cap.
1545 3205 1606 3258 Nos
1623 3209 1780 3261 consuetu-

139 3299 220 3355 ribus
235 3295 381 3352 effectibus
396 3291 596 3365 intellignotnm
613 3306 676 3346 nem
689 3289 737 3360 illi,
752 3296 781 3346 nt
796 3288 862 3361 dixi,
879 3290 947 3346 liunt
980 3287 1091 3356 dinem,
1110 3288 1137 3345 d.
1157 3290 1200 3347 ta.

139 3405 191 3460 per
205 3387 340 3442 toilonum
355 3382 554 3454 dispensatum,
564 3380 607 3436 rel
622 3379 874 3452 receptantem,vet
892 3395 945 3436 oon
1019 3379 1138 3450 Denique
1151 3376 1224 3436 addit
1237 3378 1349 3434 Gorarr.
1366 3378 1390 3434 in
1404 3383 1432 3450 t,
1446 3383 1474 3436 2.
1488 3396 1517 3450 p.
1528 3395 1556 3436 c.
1576 3385 1603 3450 8,
1621 3387 1634 3457 y
1648 3387 1674 3454 8,
1688 3397 1716 3438 o.
1734 3386 1778 3456 11,

139 3481 363 3548 repugnantem,
386 3472 460 3527 iuxta
485 3471 645 3541 exigentiam
666 3469 790 3526 ellectns.
811 3469 860 3526 ttit
881 3484 946 3526 sero
981 3466 1032 3524 boo
1048 3467 1195 3539 praecipue
1208 3467 1320 3540 intelligi
1340 3466 1374 3523 de
1393 3467 1596 3539 dispensatione
1609 3469 1644 3524 ab
1658 3469 1777 3545 bomine,

141 3573 242 3638 postea
256 3563 327 3619 trum
338 3575 386 3632 per
397 3555 945 3630 solamrolnotntemdisperlsoti,qnando
980 3573 1034 3612 oon
1055 3572 1070 3612 a
1091 3558 1169 3630 lege,
1184 3557 1247 3628 qnia
1263 3556 1306 3614 lex
1325 3558 1377 3613 iam
1394 3559 1537 3614 constitnit
1551 3558 1604 3614 ius.
1619 3559 1697 3628 Quod
1711 3561 1780 3619 duo·

138 3659 165 3712 in
183 3654 244 3710 sola
257 3653 368 3708 actione
387 3651 447 3706 eins
462 3651 634 3719 consistunt,
655 3648 697 3703 rei
713 3664 761 3720 per
777 3648 945 3706 uoluntatem
980 3645 1031 3704 bus
1056 3646 1143 3703 modis
1169 3653 1261 3718 potest
1285 3647 1404 3720 intelligi:
1427 3649 1533 3719 primo,
1548 3654 1580 3704 ut
1593 3651 1615 3703 si
1631 3650 1672 3707 lex
1687 3651 1778 3723 ailqtia

139 3745 275 3812 alterius,
299 3748 330 3797 nt
344 3739 455 3813 qnando
469 3737 624 3810 recipiendo
640 3743 878 3794 consummantur.
894 3738 945 3798 llic
980 3736 1104 3809 specialis
1125 3736 1262 3808 dispenset
1282 3734 1307 3792 in
1329 3737 1458 3793 anteriori
1479 3736 1537 3810 lege
1553 3740 1714 3812 universali,
1734 3741 1779 3798 illa

139 3851 208 3892 vero
229 3830 399 3888 occurrebat
420 3829 513 3884 statim
535 3827 675 3900 quaestio,
691 3842 724 3882 ao
741 3825 773 3882 ad
790 3825 839 3881 bos
853 3834 945 3898 poste-
979 3827 1145 3898 dispensatio
1161 3825 1299 3884 censenda
1311 3825 1520 3898 sitiarorabilis,
1531 3826 1605 3900 qnod
1617 3843 1712 3884 rernm
1724 3837 1777 3903 est,

139 3926 230 3980 riores
242 3920 359 3977 errectos
372 3918 557 3973 necessarium
572 3915 616 3988 sit,
629 3914 855 3987 dispensationem
868 3914 945 3972 alteri
979 3916 1090 3990 quando
1115 3916 1176 3972 talis
1201 3916 1243 3972 lex
1265 3917 1369 3972 inserta
1383 3923 1426 3972 est
1441 3916 1466 3970 in
1480 3931 1597 3989 corpore
1610 3919 1690 3988 iuris,
1706 3922 1780 3978 sient

140 4013 370 4071 manifestarent
384 4008 406 4062 si
421 4007 578 4080 irregularis
592 4005 767 4084 dispensentur
778 4005 811 4061 ad
823 4005 943 4077 ordines,
978 4007 1011 4063 de
1033 4006 1110 4063 simili
1130 4006 1268 4079 privilegio
1284 4005 1354 4061 inira
1368 4006 1502 4062 dicemus.
1515 4006 1573 4062 Alio
1589 4006 1671 4064 modo
1685 4016 1778 4080 potest

140 4103 185 4161 nel
199 4103 232 4159 od
247 4101 394 4166 Ιιιιιιῑιὶι,
409 4114 443 4153 an
460 4095 494 4152 ad
510 4094 734 4168 consequendum
750 4095 879 4152 ellectum
896 4111 943 4166 qe·
979 4096 1108 4168 intelligi,
1132 4101 1162 4152 nt
1181 4096 1288 4168 quoties
1303 4094 1344 4152 lex
1359 4095 1416 4168 ipsa
1431 4110 1559 4167 expresse
1574 4096 1718 4167 concedit,
1735 4100 1778 4157 rel

138 4192 294 4250 cessarium
311 4188 360 4258 sit,
376 4186 606 4258 dispensationem
621 4184 748 4256 allegare.
765 4183 858 4256 Aliqui
871 4185 944 4242 enim
979 4185 1127 4258 permittit,
1151 4184 1318 4255 dispensatio
1334 4200 1387 4241 non
1406 4186 1442 4241 sit
1455 4186 1549 4241 stricte
1564 4185 1775 4260 interpretanda,

139 4285 176 4340 ita
191 4281 377 4348 atilrmarunt,
390 4274 464 4348 qnod
480 4273 588 4330 babebit
603 4273 706 4344 locum,
721 4274 742 4328 si
757 4272 880 4330 deiectus
894 4289 942 4330 sen
979 4282 1008 4331 et
1021 4274 1074 4330 boc
1090 4273 1170 4330 modo
1186 4288 1238 4329 non
1252 4281 1294 4330 est
1308 4273 1335 4330 id
1349 4274 1511 4344 simpliciter
1525 4290 1638 4345 rerum,
1655 4279 1719 4350 qnia
1733 4275 1778 4335 illa
1827 4346 1830 4357 ι

139 4369 370 4443 impedimentum
388 4367 422 4421 sit
442 4363 583 4436 publicum
602 4370 650 4419 aot
669 4369 766 4418 notum
782 4361 876 4434 alteri3
893 4378 943 4434 per
978 4363 1142 4436 dispensatio
1158 4379 1223 4420 cnm
1237 4365 1286 4434 tit,
1307 4363 1340 4418 ab
1355 4363 1461 4420 bomine
1475 4370 1527 4431 est,
1543 4369 1571 4420 et
1582 4365 1709 4423 vulnerat
1723 4367 1776 4426 ius.
1826 4379 1828 4386 ’

140 4477 171 4517 ιι
193 4455 333 4516 autemid
354 4469 408 4510 oon
423 4458 466 4510 est
481 4452 676 4523 necessarium,
692 4453 756 4524 qnia
770 4451 943 4524 dispensatus
978 4457 1074 4512 Potest
1095 4469 1161 4526 ergo
1183 4452 1294 4526 intelligi
1316 4469 1369 4510 noo
1389 4453 1529 4526 absolute,
1546 4454 1593 4511 sed
1609 4464 1775 4529 comparate3

139 4552 194 4606 iarn
215 4553 259 4603 est
278 4543 386 4608 babilis,
403 4559 452 4599 seu
468 4531 554 4613 capas
568 4541 703 4612 beneficii,
716 4548 744 4598 et
757 4549 789 4598 nt
804 4541 865 4598 telis
879 4559 944 4614 ope·
978 4560 1040 4600 nam
1056 4543 1100 4600 iila
1114 4559 1168 4599 non
1185 4549 1241 4600 tom
1257 4544 1380 4616 rigorose
1396 4543 1584 4616 restringenda
1599 4543 1713 4615 videtur,
1724 4547 1778 4603 sic·

138 4640 194 4696 rari
213 4641 322 4710 potest,
349 4649 402 4689 aon
416 4631 552 4704 explicata
567 4645 652 4690 causo
673 4631 838 4704 babilitante,
854 4647 943 4705 neque
978 4640 1011 4690 ut
1033 4631 1092 4701 illa,
1115 4637 1245 4704 quaeest
1267 4638 1366 4688 contro
1389 4632 1476 4705 legem
1494 4632 1619 4688 absolute
1633 4633 1777 4706 prohiben-

138 4728 281 4785 declorato
294 4723 376 4780 modo
388 4721 572 4792 inhabilitatis3
582 4721 606 4778 id
619 4721 691 4777 enim
703 4721 877 4793 impertinens
888 4729 940 4795 est,
977 4729 1048 4793 tem,
1065 4723 1140 4779 nullo
1155 4722 1228 4779 iacta
1244 4724 1384 4779 mentione
1394 4723 1613 4796 dispensationis,
1630 4726 1694 4797 qnia
1707 4724 1776 4782 baec

139 4817 203 4891 qnia
218 4829 309 4887 neque
323 4827 357 4868 ex
371 4817 470 4867 natura
485 4811 522 4865 rei
537 4815 580 4867 est
593 4811 794 4880 necessarium,
812 4826 900 4884 neque
914 4813 941 4867 ln
977 4813 1063 4886 magis
1087 4811 1196 4869 ridetur
1216 4812 1368 4869 exorbitare
1393 4812 1492 4868 eiuro.
1509 4813 1543 4868 Et
1557 4813 1582 4868 in
1597 4812 1637 4868 bis
1651 4829 1776 4885 compre·
1839 4821 1845 4833 ·

140 4910 199 4964 iure
216 4901 432 4977 postulatur.lta
446 4901 608 4956 Panormln
623 4915 684 4972 cap.
698 4900 805 4971 penult.
818 4900 851 4957 de
864 4916 942 4974 prae·
977 4902 1136 4959 bendnntnr
1146 4899 1265 4958 breviter
1277 4917 1372 4958 ornnes
1384 4901 1642 4974 limitationes,qnae
1654 4901 1685 4958 ad
1698 4918 1777 4975 prae·

139 4997 236 5067 script.
252 4995 393 5062 nnm..tt,
411 4988 517 5047 Rebuil.
533 4989 559 5045 in
573 4991 665 5046 Praei.
682 4990 725 5047 tit.
742 4989 776 5048 de
789 4988 938 5062 dispensat.
975 4991 1077 5048 dictam
1101 4989 1224 5063 regulam
1250 4989 1372 5046 adbiberi
1397 4990 1496 5047 solent.
1514 4993 1549 5047 llo
1569 4992 1669 5065 quibus
1688 4992 1773 5049 videri
1863 4997 1865 5002 “

140 5101 217 5144 num.
234 5083 285 5140 nit.
305 5095 370 5138 curn
384 5079 459 5136 loeo.
476 5077 563 5137 Andr.
578 5086 608 5137 et
622 5080 700 5152 aliis,
716 5095 786 5152 quos
801 5079 940 5154 allegatio
976 5086 1067 5154 potest
1081 5081 1163 5137 Sanc.
1180 5078 1225 5136 lib.
1244 5083 1270 5149 8,
1286 5079 1399 5152 disput„
1409 5083 1435 5153 1,
1449 5087 1478 5136 ιι
1493 5094 1564 5151 qnae
1578 5079 1611 5137 de
1626 5081 1772 5156 privilegiis

140 5187 202 5246 cap.
220 5177 250 5231 2.
265 5169 372 5226 delitiis
386 5168 538 5244 presbyter.
765 5179 767 5184 ’
974 5171 1108 5229 dicemus.
