4190 6234
391 356 412 416 2
1088 370 1186 420 sanun
1202 371 1235 418 v.

350 495 490 556 duxerunt
501 497 641 574 originem,
651 501 751 574 quibus
765 499 878 558 Romani
890 497 959 556 duas
970 495 1148 570 addiderunt,
1182 497 1356 572 telligendum
1376 500 1420 557 ius
1441 499 1534 573 civile,
1556 497 1590 557 ad
1611 499 1754 558 formalem
1775 499 1981 559 distinctionem

349 593 382 644 ut
396 587 512 646 babetur
526 593 552 646 in
567 591 585 646 l.
605 597 631 664 t,
647 593 674 648 u.
691 593 725 650 de
739 593 808 666 orig.
822 593 878 648 iur.
892 590 1047 663 becalogus
1062 591 1146 647 etiam
1181 588 1272 662 legum
1287 606 1385 663 parum
1399 597 1443 648 est
1455 591 1627 664 necessaria,
1642 590 1707 649 licet
1720 608 1784 649 eum
1798 594 1977 666 proportione

349 678 377 736 in
393 680 499 738 duabus
511 681 610 739 tabulis
624 683 744 754 scriptus
756 683 817 750 luit,
828 681 892 739 licet
902 680 963 738 inde
975 696 1075 738 nomen
1089 694 1144 736 non
1181 680 1215 737 ad
1234 681 1321 739 varias
1341 684 1567 755 communitates,
1582 690 1666 756 prout
1679 682 1863 741 diversimode
1883 683 1981 758 guber-

351 774 500 843 acceperit.
517 773 566 829 Est
579 789 644 847 ergo
658 773 702 830 illa
715 773 903 830 denominatio
914 768 1107 844 accidentaria,
1119 775 1148 825 et
1182 778 1299 845 uantur,
1321 771 1452 845 applicari
1474 775 1571 844 possit.
1589 774 1624 832 Et
1643 773 1762 831 similiter
1777 790 1843 831 cum
1865 790 1980 848 propor-

351 858 384 918 sd
398 861 533 919 rationem
549 863 614 936 legis
629 878 725 935 parurn
740 863 857 920 conlert.
1183 861 1256 917 tione
1270 867 1361 934 potest
1376 862 1504 935 applicari
1520 861 1553 919 ad
1567 862 1640 936 leges
1655 865 1812 936 canonicas,
1825 880 1893 922 nam
1906 863 1978 936 leges

389 955 416 1009 3.
433 953 559 1011 Secundo
573 953 654 1010 dividi
669 960 786 1026 possunt
797 954 870 1027 leges
885 951 1020 1011 humanae
1035 966 1085 1024 per
1099 950 1146 1008 ba·
1183 951 1336 1024 pontificiae
1350 961 1416 1010 sunt
1437 952 1649 1010 constitutiones
1663 953 1835 1027 principum,
1851 959 1881 1010 et
1900 953 1980 1010 inter·

350 1039 501 1100 bitudinem
522 1042 556 1099 ad
577 1043 725 1117 principia,
746 1061 763 1102 a
782 1044 882 1118 quibus
910 1040 1082 1118 procedunt,
1104 1043 1145 1097 sic
1183 1042 1249 1100 dum
1264 1045 1469 1101 nominantura
1483 1044 1541 1100 suis
1556 1043 1729 1116 auctoribus,
1742 1050 1773 1102 ut
1785 1043 1982 1114 clementinae,

351 1132 422 1189 enirn
435 1131 643 1206 distinguuntur
658 1133 731 1208 leges
745 1135 893 1193 canonicae
904 1150 920 1190 a
933 1131 1107 1205 civilibus,et
1119 1135 1147 1189 in
1182 1139 1238 1190 etc.
1253 1133 1328 1206 leges
1349 1139 1441 1190 autem
1456 1132 1627 1206 episcopales
1648 1135 1756 1191 censeri
1769 1139 1889 1207 possunt
1908 1135 1984 1206 quasi

350 1221 473 1296 utrisque
487 1224 623 1281 invenitur
645 1224 740 1283 eadem
755 1225 907 1298 distinctio,
922 1224 965 1280 vel
986 1221 1145 1299 subdivisio,
1183 1225 1225 1281 ius
1240 1225 1421 1296 praetorium,
1437 1223 1479 1282 uel
1494 1224 1680 1294 honorarium,
1696 1224 1770 1298 leges
1784 1231 1879 1282 autem
1894 1225 1986 1281 conci·

351 1329 422 1386 quae
443 1313 589 1386 aliquando
612 1316 787 1372 materialiter
802 1322 924 1387 tantum,
940 1321 971 1372 ut
992 1313 1030 1371 sic
1045 1314 1146 1388 dicam,
1184 1314 1284 1372 liorum
1298 1317 1377 1388 quasi
1392 1314 1650 1387 senatusconsulta,
1666 1315 1693 1371 in
1708 1315 1815 1389 legibus
1829 1321 1925 1372 autem
1938 1329 1984 1370 ca·

350 1403 448 1475 datur,
464 1403 609 1478 aliquando
624 1421 690 1463 vero
710 1411 801 1479 potest
815 1403 966 1463 formaliter
979 1404 1049 1461 dari.
1066 1407 1149 1462 llate-
1185 1405 1292 1462 nonicis
1306 1420 1360 1462 non
1374 1402 1474 1462 babent
1489 1404 1582 1462 locum
1595 1404 1758 1477 plebiscita,
1774 1407 1842 1478 quia
1862 1411 1983 1476 potestas

350 1495 453 1554 rialiter
474 1511 560 1566 voco,
582 1496 694 1570 quando
715 1497 740 1552 io
762 1496 923 1554 auctoribus
944 1496 1035 1569 legum
1057 1495 1146 1552 solum
1183 1493 1373 1568 lerendilegea
1387 1493 1533 1552 canonicas
1548 1510 1599 1550 aec
1612 1495 1640 1552 in
1653 1494 1755 1568 populo
1769 1501 1826 1570 est,
1842 1509 1935 1569 neque
1949 1493 1981 1551 ab

350 1584 544 1644 consideratur
557 1585 701 1644 diversitas
715 1601 912 1657 personarum:
928 1585 1079 1642 formaliter
1099 1601 1148 1642 au·
1184 1583 1230 1641 illo
1245 1583 1373 1641 manarit.

351 1682 406 1734 tem
421 1692 491 1734 voco
505 1683 637 1750 respectu
651 1692 812 1750 munerum,
827 1675 936 1751 quando
951 1681 1092 1750 spectetur
1107 1676 1148 1733 di·
1223 1677 1251 1732 l.
1269 1673 1358 1731 Tertio
1372 1669 1454 1730 dividi
1467 1680 1586 1747 possunt
1599 1674 1672 1748 leges
1683 1690 1717 1733 es
1731 1681 1809 1748 parte
1823 1691 1938 1748 eorum,
1952 1673 1985 1730 ad

350 1768 462 1824 stinctin
483 1769 646 1842 regiminum
660 1783 694 1824 ac
715 1773 903 1841 potestatum,
918 1770 1042 1842 quamvis
1056 1772 1147 1824 totum
1184 1779 1255 1836 qaros
1270 1764 1411 1822 seruntur:
1424 1770 1452 1820 et
1465 1764 1517 1820 lroc
1532 1762 1690 1838 dupliciter,
1703 1765 1808 1823 scilicet
1820 1765 1865 1823 uel
1881 1781 1979 1822 secun·

347 1857 402 1915 boc
417 1858 528 1916 tandem
548 1857 688 1916 materiale
702 1858 758 1916 lere
773 1859 807 1914 sit
827 1864 957 1930 respectu
976 1856 1147 1931 obligationis
1183 1852 1249 1910 dum
1261 1855 1473 1912 communitates
1485 1855 1594 1912 omnino
1606 1853 1759 1930 distinctas,
1772 1855 1815 1913 vel
1826 1855 1982 1914 secundum

348 1949 474 2021 isparum
493 1948 596 2022 legum.
611 1948 699 2005 Priori
715 1947 797 2004 modo
816 1946 947 2020 distingui
963 1946 1050 2004 solent
1062 1950 1090 2004 io
1107 1945 1148 2003 le·
1184 1951 1278 2017 partes
1292 1944 1416 2003 eiusdem
1429 1945 1650 2019 communitatis,
1672 1952 1808 2019 qnannus
1822 1949 1898 2004 intra
1914 1945 1984 2004 illam

351 2037 432 2110 gibus
450 2037 573 2096 civilibus
587 2038 660 2112 teges
677 2039 865 2115 Trgsmegisti,
880 2038 1011 2115 Lycurgi,
1027 2037 1145 2108 Solonis,
1183 2035 1289 2092 diversa
1304 2035 1404 2094 babent
1417 2035 1525 2108 munia,
1541 2043 1569 2093 et
1583 2051 1633 2092 suo
1649 2036 1730 2093 modo
1744 2033 1895 2094 distinctas
1909 2051 1986 2093 com·

333 2169 335 2174 .
350 2126 561 2198 Rhadamanthi,
576 2129 681 2200 Minois,
695 2129 812 2199 Cereris,
829 2134 858 2186 et
876 2127 993 2186 aliorum
1012 2127 1085 2202 apud
1099 2129 1148 2186 lsi·
1183 2126 1347 2198 munitates,
1368 2126 1455 2199 magis
1482 2125 1662 2199 particulares
1688 2133 1871 2200 componunt.
1894 2126 1978 2184 Priori

351 2217 452 2275 dorum
473 2234 569 2291 supra,
584 2225 612 2275 et
624 2218 727 2276 Platon.
744 2220 769 2276 in
784 2219 887 2294 Dialog.
904 2219 1015 2286 Minos,
1032 2226 1061 2276 et
1073 2218 1142 2276 Plio.
1185 2214 1267 2273 modo
1278 2214 1487 2290 distinguuntur
1498 2217 1980 2292 legesAEgpptiorum,Lacedseno-

349 2305 396 2365 lib.
414 2311 441 2368 i.
456 2311 567 2366 Hister.
583 2311 672 2382 capite
687 2314 733 2384 35,
748 2317 777 2368 et
791 2310 901 2366 aristot.
923 2325 1004 2382 saepe
1024 2311 1051 2367 in
1072 2309 1146 2368 libris
1182 2322 1266 2378 num,
1281 2305 1500 2379 atheniensium,
1517 2321 1565 2363 seu
1579 2307 1765 2378 Graecorum,
1781 2306 1982 2381 Langobardo-

351 2399 539 2458 Etbicorum.
556 2401 612 2457 lmo
626 2399 764 2457 interdum
779 2398 992 2457 denominantur
1006 2399 1056 2456 bae
1072 2398 1146 2473 leges
1181 2413 1255 2468 rum,
1269 2403 1297 2453 et
1309 2397 1507 2467 Romanorum,
1523 2401 1554 2452 ut
1567 2401 1680 2453 notatur
1693 2397 1719 2453 in
1732 2395 1744 2463 l
1756 2395 1809 2453 ssd
1822 2399 1883 2464 tus,
1901 2396 1981 2453 lusti-

350 2489 506 2548 nonsolum
517 2490 552 2547 ab
565 2490 738 2564 auctoribus,
752 2489 891 2548 sedetiam
903 2506 919 2547 a
932 2489 1142 2558 collectoribus,
1182 2493 1237 2545 tut.
1253 2485 1287 2544 de
1305 2489 1359 2544 iur.
1375 2493 1467 2544 natur.
1484 2493 1559 2560 gent.
1574 2493 1602 2544 et
1615 2486 1689 2545 civil.
1704 2489 1739 2544 Et
1759 2493 1826 2545 tunc
1839 2488 1931 2545 etiarn
1947 2486 1984 2544 di·

350 2587 383 2638 ut
402 2581 520 2638 sumitur
534 2581 568 2638 de
587 2582 647 2637 iure
659 2582 822 2656 Papyriano,
838 2588 867 2638 et
885 2580 1013 2638 Flauiano
1033 2597 1067 2639 ex
1080 2580 1099 2637 l.
1115 2586 1144 2654 2,
1182 2577 1346 2651 atinguimus
1367 2577 1440 2652 leges
1460 2578 1643 2650 Hispanorum
1663 2593 1678 2634 a
1699 2577 1803 2652 legibus
1821 2578 1979 2650 Gallorum,

348 2670 378 2727 ll.
393 2670 427 2727 da
440 2671 511 2746 orig.
528 2669 582 2728 iur.
599 2669 643 2727 Sic
664 2669 745 2729 etiarn
762 2670 954 2729 denominatur
967 2670 1011 2728 lex
1030 2671 1147 2728 Horten·
1182 2673 1237 2724 etc.
1252 2667 1403 2725 Posteriori
1418 2672 1509 2723 autem
1524 2665 1605 2725 modo
1619 2670 1690 2726 intra
1704 2667 1777 2726 idem
1793 2683 1927 2744 regnum,
1941 2668 1983 2725 rel

351 2761 392 2836 sia
404 2761 486 2832 Papia
500 2767 548 2819 aut
566 2760 684 2832 luliana,
700 2767 730 2818 et
743 2762 783 2817 sic
798 2768 865 2818 sunt
877 2762 945 2818 rarii
959 2760 1050 2832 tituli,
1066 2761 1094 2818 li.
1111 2761 1145 2819 ad
1182 2755 1398 2829 rempublicam,
1414 2755 1623 2830 distinguuntur
1643 2757 1718 2832 leges
1734 2775 1781 2832 per
1800 2759 1943 2831 civitates,
1957 2762 1984 2813 et

348 2850 403 2924 leg.
417 2850 586 2925 (Falcidiam,
607 2858 635 2908 et
655 2851 765 2908 similes.
781 2853 928 2909 Posteriori
948 2858 1040 2910 autem
1060 2850 1142 2908 modo
1185 2848 1259 2905 intra
1276 2846 1401 2904 eamdem
1420 2846 1555 2905 civitatem
1569 2862 1618 2920 per
1631 2849 1842 2907 communitates
1859 2849 1981 2924 particu-

349 2940 556 3015 distinguuntur
568 2940 641 3015 leges
652 2939 899 2998 seeundumvarias
910 2943 1029 2998 rationes
1040 2940 1142 3014 guber·
1182 2937 1269 3012 lares3
1283 2945 1312 2995 et
1332 2941 1372 2995 sic
1386 2937 1597 3012 distinguuntur
1610 2939 1654 3020 ius
1674 2939 1838 3013 municipale
1855 2948 1885 2998 et
1905 2953 1981 2996 com·

349 3031 430 3090 nendi
443 3033 567 3090 civitates
578 3031 620 3088 vel
634 3031 782 3105 simplices,
793 3031 836 3088 vel
851 3032 962 3101 mixtus,
974 3036 1002 3088 et
1016 3032 1053 3088 sic
1067 3032 1093 3088 in
1107 3031 1146 3088 le·
1182 3045 1282 3103 mune,
1306 3036 1334 3087 et
1356 3029 1529 3102 municipalia
1551 3029 1713 3087 dividuntur
1733 3030 1809 3088 iuxta
1823 3030 1939 3088 modurn
1954 3033 1982 3084 et

347 3122 430 3198 gibus
448 3125 634 3181 Romanorum
655 3123 866 3196 distinguuntur
881 3120 954 3196 leges
974 3121 1074 3180 lataea
1094 3137 1144 3194 po·
1183 3121 1293 3178 nomina
1313 3121 1457 3178 civitatum
1481 3125 1530 3176 aut
1551 3122 1793 3179 communitatum.
1815 3121 1877 3178 lloc
1900 3119 1979 3176 etiam

347 3213 425 3286 pulo,
437 3219 465 3271 et
478 3222 613 3272 vocantur
623 3212 776 3287 plebiscita,
789 3219 818 3270 et
831 3211 901 3270 latae
912 3229 928 3268 a
941 3220 1039 3271 senatu
1049 3212 1146 3270 dicun·
1186 3210 1267 3268 modo
1282 3207 1443 3267 dividuntur
1457 3210 1526 3281 iura,
1540 3217 1588 3267 aut
1600 3209 1674 3284 leges
1684 3227 1736 3285 pro
1748 3211 1910 3270 diversitate
1924 3225 1984 3267 mu·

346 3308 395 3361 tur
406 3303 663 3376 senatusconsulta3
675 3310 704 3360 et
713 3304 779 3377 quin
791 3303 817 3360 in
828 3309 925 3361 senatu
936 3301 1036 3376 aliquis
1047 3303 1145 3361 consul
1185 3315 1299 3371 nerum,
1315 3315 1365 3356 seu
1379 3313 1556 3372 personarum
1572 3303 1711 3358 communi
1726 3301 1797 3360 bono
1810 3301 1981 3376 reipublicae

347 3395 536 3468 praesidebat,
551 3409 649 3452 nomen
669 3394 727 3450 eius
748 3393 886 3452 interdum
905 3398 1018 3451 notatur
1038 3394 1064 3451 in
1084 3397 1145 3469 ipso
1187 3390 1405 3463 deservientium
1417 3397 1446 3448 et
1458 3390 1713 3449 sicintraeamdem
1727 3391 1930 3465 rempublicam
1942 3389 1983 3448 di·

347 3485 415 3559 legis
428 3485 549 3558 nomine,
564 3493 597 3543 ut
610 3501 676 3542 cum
691 3484 801 3542 dicitur:
815 3483 856 3541 dd
870 3484 1144 3544 senatusconsultum
1189 3482 1336 3557 stinguitur
1349 3482 1391 3538 ius
1407 3479 1537 3553 militare,
1553 3481 1627 3555 quod
1642 3497 1692 3555 pro
1711 3481 1842 3540 militibus
1858 3479 1983 3556 speciali·

346 3575 522 3649 velleianum,
538 3583 587 3632 aut
599 3574 839 3644 macedonianum,
855 3581 910 3632 etc.
926 3577 1017 3649 Atque
1030 3575 1085 3632 buo
1101 3592 1144 3633 re·
1189 3581 1231 3631 ter
1245 3573 1402 3630 institutum
1415 3578 1470 3643 cst,
1484 3573 1528 3629 ius
1542 3579 1734 3647 patronorum,
1750 3572 1925 3645 libertorum,
1938 3575 1985 3629 aut

346 3665 411 3724 ierri
424 3667 505 3725 etiarn
525 3673 619 3739 potest
632 3669 675 3723 ius
695 3666 878 3739 praetorium,
892 3664 966 3740 quod
984 3683 999 3723 a
1018 3673 1152 3739 praetore
1192 3679 1347 3722 seruorum.
1362 3663 1430 3720 ltcm
1444 3662 1487 3719 ius
1505 3663 1735 3736 magistratuum,
1750 3662 1825 3737 quod
1838 3661 1982 3736 publicum

347 3755 497 3828 terebatur,
510 3763 539 3814 et
551 3756 731 3814 honorarium
744 3757 827 3813 etiam
840 3754 945 3813 dicitur
959 3755 986 3812 in
999 3755 1019 3812 l.
1035 3759 1061 3829 7,
1072 3763 1101 3814 et
1118 3763 1145 3829 8,
1189 3755 1270 3813 etiarn
1284 3753 1438 3812 dicebatur.
1452 3751 1596 3809 Dicebatur
1607 3753 1691 3810 etiam
1704 3754 1777 3827 apud
1791 3743 1984 3812 Romanos'ius

347 3847 377 3904 ll.
391 3845 425 3904 de
440 3846 561 3920 legibus3
576 3848 643 3904 item
658 3847 702 3903 ius
721 3846 829 3903 dietum
845 3844 1035 3916 tribunitium,
1051 3847 1117 3919 quia
1137 3862 1153 3904 a
1189 3843 1341 3916 publicum,
1353 3841 1427 3918 quod
1438 3841 1541 3900 eratde
1552 3844 1635 3900 rebus
1646 3845 1733 3901 sacris
1744 3851 1771 3901 et
1782 3843 1980 3912 sacerdotibus,

347 3935 465 3995 tribunis
479 3943 538 3993 erat
551 3935 647 4007 latum,
658 3943 688 3993 et
701 3936 741 3992 sic
757 3934 790 3993 de
804 3933 878 4009 aliis,
888 3935 967 3992 iusta
981 3941 1150 4009 potestatem
1185 3949 1249 4008 cap.
1262 3939 1313 3994 lus
1324 3933 1487 4010 publicum,
1504 3931 1570 3991 dist.
1587 3937 1612 4007 ¹3
1633 3933 1705 3998 unde
1720 3933 1890 3993 sacerdotale
1903 3933 1982 3990 etiam

348 4028 494 4100 unicuique
519 4026 692 4101 magistratui
717 4040 890 4083 concessam.
917 4027 1068 4083 Praeterea
1094 4025 1152 4084 buc
1187 4024 1241 4083 dici
1254 4032 1371 4099 poterat.
1387 4025 1466 4083 Nunc
1487 4030 1582 4083 autem
1596 4025 1649 4083 boc
1663 4025 1706 4083 ius
1719 4027 1746 4084 in
1758 4025 1886 4084 Ecclesia
1905 4040 1980 4097 sepa·

348 4124 475 4191 spectant
488 4131 620 4189 responsa
633 4112 818 4187 prudentum,
834 4115 861 4171 id
879 4121 924 4173 est
937 4114 1152 4173 iurisconsulto·
1185 4122 1277 4173 ratum
1288 4122 1360 4173 esta
1378 4114 1450 4172 cirili
1471 4130 1504 4172 ac
1519 4113 1675 4190 temporali,
1686 4123 1715 4172 et
1727 4117 1893 4175 canonicum
1903 4115 1984 4174 deno·

348 4223 428 4280 rum,
444 4222 513 4281 quac
529 4209 585 4263 vim
598 4206 734 4264 habebant
747 4206 858 4279 legum,
873 4203 983 4279 quando
998 4205 1035 4262 eis
1051 4213 1153 4264 arneto·
1186 4209 1322 4265 minatum
1335 4212 1389 4278 est,
1400 4213 1433 4264 ot
1447 4222 1532 4279 supra
1546 4205 1675 4264 vidimus.

349 4299 417 4355 ritas
431 4297 577 4370 principis,
593 4294 820 4368 autreipublieae
833 4295 1003 4363 accedebam
1020 4295 1063 4352 vel
1076 4303 1151 4354 ante-
1222 4296 1253 4355 ln
1263 4313 1320 4370 quo
1330 4297 1467 4355 canonico
1478 4297 1537 4354 iure
1547 4302 1638 4370 potest
1648 4295 1751 4370 aliquid
1762 4299 1905 4371 proprium
1917 4311 1982 4354 con·

350 4387 481 4446 sedenter
499 4387 572 4444 illam
582 4388 625 4452 ,eis
647 4385 863 4459 committendo,
879 4384 921 4442 vel
942 4393 1152 4459 consequenter
1185 4386 1377 4458 siderari,quia
1387 4385 1460 4460 leges
1472 4388 1620 4445 canonicae
1632 4389 1659 4442 in
1671 4402 1721 4444 sua
1732 4387 1910 4462 generalitate
1922 4386 1978 4444 uni-

350 4477 422 4536 illam
437 4476 618 4535 communiter
632 4474 816 4548 acceptando,
830 4483 859 4533 et
879 4474 931 4532 boc
945 4475 988 4532 ius
1010 4475 1149 4534 interdum
1184 4477 1345 4536 versaliores
1356 4483 1432 4548 sunt,
1445 4492 1528 4551 quam
1541 4476 1616 4551 leges
1627 4477 1720 4535 ciuiles
1730 4493 1764 4536 ex
1777 4485 1854 4552 parte
1867 4494 1974 4548 eorum,

351 4583 399 4641 per
413 4567 627 4625 antonomasiam
640 4571 757 4623 vocatur
772 4566 815 4622 ius
835 4565 924 4622 civile.
947 4567 1033 4638 Leges
1046 4572 1150 4640 annm,
1185 4585 1235 4642 pro
1245 4567 1346 4643 quibus
1362 4566 1426 4624 lerri
1440 4573 1566 4640 possunt,
1579 4568 1643 4641 quia
1655 4567 1712 4624 dari
1723 4571 1975 4642 possuutunirerso

350 4674 421 4732 quae
435 4657 592 4716 terebantur
604 4656 638 4714 ab
657 4654 883 4728 imperatoribus,
905 4654 1037 4714 dicuntur
1049 4659 1152 4716 consti·
1188 4657 1259 4729 orbi,
1270 4657 1334 4731 quia
1346 4672 1395 4730 per
1408 4654 1475 4714 illud
1486 4663 1574 4716 totum
1584 4657 1708 4716 Ecclesia
1718 4659 1817 4717 didusa'
1828 4665 1880 4718 est.
1892 4663 1981 4734 Atque

350 4751 470 4806 tationes
485 4747 655 4821 principum,
671 4745 724 4803 dici
738 4755 856 4818 possunt
868 4747 915 4803 ius
933 4746 1149 4819 imperatorium.
1188 4747 1225 4804 ita
1235 4747 1418 4805 communitas
1429 4744 1592 4822 adaequata,
1605 4753 1637 4805 ut
1650 4750 1690 4806 sic
1704 4747 1805 4822 dicam,
1816 4751 1922 4825 legibus
1936 4763 1981 4806 ca-

236 4835 240 4854 '
354 4841 434 4898 Nunc
448 4845 539 4896 autem
561 4844 694 4909 utrasque
710 4836 784 4910 leges
806 4834 998 4914 complectitur
1010 4839 1054 4894 ius
1074 4853 1150 4895 corn-
1188 4839 1295 4895 noricis
1309 4854 1363 4897 non
1378 4835 1588 4910 multiplicatur,
1602 4837 1649 4895 sed
1661 4855 1715 4895 una
1726 4845 1833 4899 tantum
1844 4849 1897 4914 est,
1910 4839 1980 4898 ideo·

352 4945 435 4988 mune
448 4928 544 5000 civile,
559 4927 633 5002 quod
647 4926 770 4986 absolute
785 4926 888 4984 dictum
902 4926 974 4985 solet
994 4929 1083 5001 accipi
1098 4944 1146 5001 pro
1186 4944 1241 5002 que
1255 4927 1329 5001 leges
1343 4928 1491 4986 canonicae
1506 4943 1539 4985 er
1560 4927 1611 4986 bac
1627 4935 1705 5002 parte
1718 4931 1887 4991 universales
1907 4935 1979 5002 sunt,

351 5023 409 5079 iure
423 5023 625 5088 Romanorum,
640 5025 672 5075 ut
685 5017 788 5075 dicitur
801 5019 828 5074 in
846 5016 859 5085 t
874 5016 993 5086 cedias,
1011 5019 1103 5077 instit.¹
1114 5019 1148 5076 de
1186 5025 1215 5076 et
1228 5035 1283 5077 non
1296 5019 1433 5090 recipiunt
1446 5019 1536 5075 varias
1550 5018 1781 5077 denominationes
1795 5037 1829 5081 ea
1844 5030 1920 5096 parte
1933 5037 1977 5078 eo·

350 5111 405 5168 iur.
419 5116 512 5167 natur.
527 5109 566 5166 illi
580 5124 646 5165 aero
660 5106 809 5182 respondet
822 5109 854 5165 in
869 5107 985 5183 singulis
999 5110 1090 5184 regnis
1104 5111 1148 5167 ius
1185 5123 1261 5182 rum,
1276 5124 1325 5182 pro
1339 5107 1439 5183 quibus
1453 5109 1592 5181 feruntur,
1607 5109 1655 5167 sed
1675 5110 1833 5182 simpliciter
1854 5112 1908 5171 dici
1921 5127 1981 5184 pos·

353 5202 470 5276 regium.
1189 5207 1255 5258 sunt
1269 5215 1387 5257 canones
1402 5199 1598 5274 ecclesiastici,
1613 5199 1654 5256 uel
1669 5208 1815 5275 praecepta
1830 5203 1977 5262 Ecclesiae.

388 5293 460 5350 llaec
476 5297 565 5348 tamen
580 5291 698 5347 varietas
712 5303 814 5346 vocum
829 5288 895 5346 licet
914 5289 1038 5346 conserat
1052 5289 1085 5346 ad
1108 5291 1146 5348 in·
1186 5293 1221 5350 tlt
1231 5305 1295 5350 vero
1307 5292 1377 5350 intra
1389 5288 1687 5367 ipsamEccleaiam,er
1698 5298 1775 5362 parte
1786 5307 1975 5366 personarum,
