4260 6222
400 379 462 446 502
1086 390 1277 442 avanavuv.

356 535 436 593 saepe
458 525 499 577 est
519 535 604 593 paena
625 517 755 578 itliusmet
775 519 898 592 abusus,
919 518 1010 594 quiin
1030 515 1076 575 illo
1090 523 1156 573 actu
1192 516 1318 590 privilegii
1340 515 1490 591 adaequata
1510 515 1545 575 illi
1559 517 1713 578 secundum
1727 535 1772 591 se,
1787 527 1816 578 et
1834 519 1994 593 simpliciter

356 611 550 682 committitur;
567 611 601 666 ita
615 625 681 682 ergo
695 617 865 683 essepotest
878 610 1061 682 inpraesenti.
1077 607 1156 665 Sicut
1192 615 1336 680 spectato,
1357 615 1388 666 et
1407 615 1474 666 tunc
1495 611 1615 668 cessabit
1634 614 1716 668 etiarn
1735 613 1924 684 privilegium,
1942 627 1995 668 non

355 701 435 757 etiam
456 707 569 772 propter
587 699 704 756 obvisum
724 700 873 758 ordinantis
888 698 1024 756 interdum
1038 712 1154 769 suspen·
1193 697 1344 754 formaliter
1364 699 1471 756 ratione
1484 699 1605 757 abusus:
1626 717 1688 758 nam
1701 701 1773 758 idem
1787 709 1881 774 esset,
1897 702 1919 759 si
1935 701 1996 757 abs-

356 790 431 847 ditur
445 789 598 859 ordinatus,
615 805 676 862 cap.
696 789 751 846 Vel
765 807 825 848 oon
839 795 883 847 est
895 805 1023 864 conopes,
1038 787 1071 845 de
1087 792 1155 843 tem·
1192 802 1246 860 que
1265 787 1355 844 abusu
1374 803 1459 845 causa
1473 798 1628 862 cessasset,
1645 791 1692 847 scd
1711 792 1866 849 immediate
1885 797 1996 863 propter

355 895 417 951 por.
433 878 549 936 ordinat.
566 881 601 937 Et
613 880 654 936 sic
669 879 770 937 dicitur
783 881 857 939 irrita
871 878 1021 936 ordinantis
1034 877 1153 934 alienum
1192 877 1372 934 cessationem
1389 895 1505 952 causae3
1521 887 1549 937 st
1563 880 1622 937 ideo
1634 885 1701 938 tuac
1712 880 1861 940 servandae
1880 887 1945 938 sunt
1955 897 1997 938 re·

356 969 494 1041 indebite,
513 984 540 1026 c.
560 973 591 1040 1,
608 972 655 1030 il.
671 970 701 1026 d.
717 975 744 1026 et
757 970 880 1028 similiter
894 972 919 1027 in
935 985 997 1041 cap.
1014 969 1155 1025 Deceroi·
1192 966 1378 1040 gulae,supra
1392 967 1470 1026 datae
1482 969 1514 1026 de
1526 971 1607 1028 modo
1618 969 1755 1028 desinendi
1766 971 1897 1045 privilegii
1910 988 1994 1028 causa

353 1075 430 1125 mus,
448 1061 499 1139 16,
520 1065 626 1132 quaest.
646 1062 670 1118 i.
688 1060 723 1115 Et
738 1060 807 1115 ratio
820 1067 873 1130 est,
889 1059 952 1131 quia
966 1058 1009 1114 vel
1024 1056 1091 1114 baec
1107 1072 1155 1128 po·
1193 1063 1331 1112 cessante.

356 1153 410 1204 test
434 1146 578 1220 aliquando
594 1148 676 1204 videri
696 1148 836 1204 sufficiens
857 1163 957 1221 poeno,
973 1147 1015 1212 vel
1031 1162 1096 1204 cum
1110 1145 1155 1202 illa
1233 1152 1259 1205 8.
1276 1146 1352 1204 Alter
1366 1147 1464 1204 modus
1476 1147 1605 1221 perdendi
1616 1149 1785 1224 privilegium
1796 1156 1913 1222 propter
1926 1151 1994 1207 abu·

356 1244 472 1308 possunt
485 1237 552 1294 aliae
565 1237 688 1311 adiungi,
700 1237 805 1311 absque
818 1238 911 1294 maiori
923 1237 1054 1311 privilegii
1067 1237 1155 1308 priva·
1193 1252 1254 1292 sum
1269 1242 1312 1293 est
1325 1253 1356 1294 ex
1372 1239 1438 1294 iuris
1451 1237 1639 1313 dispositione,
1654 1250 1682 1299 et
1695 1240 1741 1297 bic
1753 1247 1796 1297 est
1813 1241 1996 1314 frequentior,

355 1328 438 1384 tione.
764 1327 770 1334 '
1015 1359 1016 1364 κ
1193 1331 1222 1382 et
1236 1327 1388 1385 insinuatur
1402 1328 1428 1383 in
1440 1329 1528 1386 verbis
1539 1331 1605 1401 ipsis
1616 1330 1727 1404 regulae
1745 1331 1918 1403 propositae:
1931 1333 1998 1388 Pri-

398 1419 424 1474 i.
439 1417 519 1474 Circa
540 1420 650 1477 tertium
668 1426 803 1492 punctum
818 1419 852 1476 de
867 1419 965 1491 modo,
982 1434 1038 1491 quo
1053 1415 1159 1488 privile·
1194 1413 1336 1488 uileqtcm
1351 1419 1479 1474 mereisu
1492 1421 1628 1476 animm
1639 1423 1698 1492 qui,
1715 1425 1770 1476 etc.
1781 1421 1848 1475 Nam
1865 1419 1931 1475 licet
1941 1433 1997 1474 me·

356 1507 431 1578 gium
449 1507 583 1579 perditur,
598 1507 793 1566 advertendum
807 1515 861 1579 est,
873 1508 1018 1580 dupliciter
1028 1521 1107 1580 posse
1119 1506 1158 1560 in·
1194 1505 1276 1561 ritum
1297 1504 1348 1561 boc
1367 1521 1399 1562 era
1419 1512 1518 1564 natura
1536 1507 1574 1563 rei
1590 1507 1653 1564 insit
1665 1508 1711 1564 tali
1726 1507 1843 1575 abusui,
1861 1506 1998 1563 nihilomi-

357 1595 442 1669 teltigi
465 1596 534 1654 banc
556 1599 746 1669 amissionem:
771 1615 826 1656 uno
848 1599 929 1656 modo
945 1613 979 1656 ex
993 1602 1091 1653 natura
1105 1597 1156 1668 rei,
1194 1609 1247 1649 aus
1262 1594 1322 1665 ipsa
1336 1595 1444 1651 amissio
1458 1611 1512 1650 non
1527 1598 1675 1653 intrinseca
1686 1597 1825 1670 sequitur,
1840 1597 1890 1652 nisi
1901 1596 1936 1652 ab
1946 1595 1998 1652 alio

356 1683 409 1740 alio
426 1684 508 1741 modo
522 1702 554 1741 ex
570 1689 637 1744 iuris
652 1689 758 1760 positivi
773 1687 959 1760 dispositione.
971 1689 1048 1744 Prior
1059 1685 1158 1742 modus
1194 1681 1337 1739 inseratur.
1360 1684 1410 1740 Est
1428 1686 1500 1740 enim
1522 1685 1656 1758 quaedam
1672 1702 1756 1758 poena
1771 1686 1845 1742 illius
1864 1686 1928 1742 mali
1943 1701 1999 1742 me·

357 1779 448 1846 potest
470 1773 569 1832 babere
590 1776 681 1834 locum
700 1778 727 1833 in
746 1778 898 1835 cessatione
916 1775 1050 1849 privilegii
1066 1773 1157 1847 quoad
1193 1771 1254 1842 riti3
1273 1779 1302 1828 et
1327 1770 1385 1828 ideo
1404 1772 1524 1830 dicimus
1538 1777 1595 1831 lieri
1608 1790 1641 1832 ex
1654 1776 1720 1834 iuris
1734 1773 1931 1848 dispositione,
1947 1774 1999 1831 sub

359 1864 481 1921 valorem
494 1867 653 1938 actuquui
670 1881 718 1938 per
733 1867 849 1923 abusum
864 1867 893 1921 tit
906 1865 958 1922 sub
978 1865 1092 1936 umbra,
1108 1877 1157 1919 seu
1193 1875 1249 1933 quo
1275 1860 1441 1918 includimus
1455 1869 1483 1919 et
1497 1865 1657 1921 sententiam
1671 1863 1789 1936 iudicis,
1805 1863 1846 1920 vel
1862 1864 2000 1922 actionem

358 1951 451 2010 colore
462 1952 763 2027 privilegiiiiuodtunc
773 1951 1157 2027 potestcontingcre,quando
1194 1951 1356 2024 superioris,
1377 1967 1448 2026 quae
1462 1952 1616 2010 secuudum
1631 1955 1672 2010 ius
1686 1969 1747 2010 esse
1760 1953 1852 2023 debet,
1863 1960 1892 2010 et
1908 1953 2000 2023 dispo·

358 2043 419 2116 quis
438 2043 525 2100 utitur
539 2043 677 2117 privilegio
694 2043 764 2101 ultra
779 2046 850 2101 vires
864 2045 935 2115 eius,
950 2043 993 2100 vel
1008 2047 1088 2100 extra
1101 2055 1158 2096 ma·
1194 2040 1318 2097 altionem
1340 2041 1483 2112 ipsiusmet
1496 2043 1638 2117 privilegii,
1654 2043 1679 2099 in
1694 2059 1750 2116 quo
1764 2041 1903 2099 interdum
1922 2041 2000 2098 addi·

359 2131 674 2205 teriam,velcasum,in
687 2128 1156 2206 quoipsumloquitur,velquanda
1194 2136 1242 2186 tur
1264 2130 1400 2203 clausula,
1424 2138 1454 2188 ut
1475 2140 1584 2206 propter
1605 2131 1749 2190 talem—vel
1769 2131 1852 2189 talem
1878 2131 2000 2190 abusum

358 2229 438 2279 actus
459 2239 513 2278 non
530 2223 561 2280 lit
581 2222 735 2280 secundum
752 2224 865 2280 sormam
882 2225 907 2279 in
926 2221 1064 2295 privilegio
1080 2234 1159 2292 prae·
1194 2217 1333 2291 perdatur.
1355 2223 1445 2293 Atque
1459 2220 1520 2278 binc
1534 2221 1660 2292 lit,cum
1675 2220 1741 2278 haec
1756 2221 1866 2278 amissio
1886 2221 1920 2277 sit
1936 2237 1999 2292 poe-

358 2312 507 2386 scriptam,
531 2317 598 2370 tunc
612 2313 683 2369 enim
699 2320 779 2370 actus
793 2314 821 2370 lit
836 2315 893 2369 sine
906 2313 1025 2386 legitima
1036 2315 1157 2383 potesta·
1193 2309 1275 2380 ualis,
1298 2309 1460 2368 attendenda
1487 2326 1548 2367 esso
1565 2311 1648 2367 verba
1663 2311 1744 2385 legis,
1760 2309 1803 2368 vel
1823 2309 1953 2381 rescripti
1966 2307 1999 2365 ad

360 2410 401 2473 te,
422 2409 451 2457 et
471 2409 672 2478 consequenter
687 2410 729 2461 est
747 2401 854 2473 nullus,
870 2402 912 2459 vel
927 2401 1098 2472 simpliciter,
1113 2398 1156 2455 vel
1193 2397 1382 2472 indicandum,
1395 2415 1428 2455 an
1443 2415 1490 2472 per
1504 2400 1586 2457 talem
1597 2399 1714 2458 abusum
1725 2401 1868 2458 amittatur
1884 2400 1947 2470 ipso
1959 2399 1997 2456 la·

359 2492 451 2566 quoad
467 2492 509 2563 id,
525 2492 549 2548 in
570 2508 624 2564 quo
641 2493 747 2550 excedit
761 2498 928 2564 patestatem.
946 2492 981 2547 Et
994 2489 1047 2546 boc
1061 2486 1158 2559 signiti-
1193 2493 1239 2544 cto
1254 2489 1435 2560 privilegium,
1452 2489 1493 2546 vel
1507 2491 1595 2546 solum
1609 2492 1699 2547 veniat
1710 2492 1772 2563 quis
1789 2489 1934 2563 privilegio
1945 2490 1999 2561 pri·

360 2585 435 2638 cavit
455 2582 594 2657 sylvester
608 2584 690 2640 verbo
707 2582 907 2657 priuileqicm,
926 2585 1033 2654 quaest.
1054 2582 1102 2647 te,
1118 2573 1160 2632 tli-
1195 2574 1300 2634 vandus
1316 2577 1357 2633 vel
1372 2578 1496 2650 cannino,
1513 2579 1554 2635 vel
1568 2595 1600 2636 ex
1616 2588 1702 2651 parte.
1718 2581 1786 2635 Nam
1802 2579 1824 2635 si
1840 2579 1925 2634 verba
1945 2595 1997 2635 oon

358 2677 404 2727 cto
421 2675 448 2729 3.
471 2678 632 2744 argumento
651 2687 713 2744 cap.
730 2675 840 2738 Porro,
858 2677 887 2726 et
898 2684 963 2741 cap.
978 2669 1153 2742 decipimus,
1193 2667 1351 2723 contineant
1364 2669 1429 2724 satis
1443 2683 1572 2738 expresse
1582 2671 1743 2727 sententiam
1754 2670 1814 2740 ipso
1830 2670 1889 2726 iure
1901 2668 1996 2738 latam,

360 2761 393 2818 de
415 2761 571 2834 privilegiis.
596 2763 689 2834 Siquis
703 2767 795 2818 autem
811 2765 887 2816 recte
901 2756 1074 2825 consideret,
1091 2753 1159 2808 baec
1193 2773 1248 2813 non
1263 2757 1398 2814 amittitur
1413 2759 1472 2830 ipso
1487 2759 1570 2830 lactc,
1587 2761 1661 2816 iusta
1676 2760 1797 2832 regulam
1812 2759 1880 2832 legis
1896 2772 1999 2831 poena·

360 2865 413 2906 oon
432 2859 474 2906 est
495 2852 607 2907 amissio
622 2849 767 2922 privilegii,
783 2847 892 2921 quando
908 2847 968 2904 talis
982 2845 1111 2902 deiectus
1124 2857 1157 2898 ex
1194 2846 1226 2902 lis
1241 2855 1269 2904 et
1283 2847 1351 2920 legis
1363 2849 1506 2905 irritantis.
1520 2850 1555 2905 Et
1566 2850 1586 2904 si
1601 2850 1684 2906 citata
1695 2848 1778 2905 verba
1789 2848 1899 2920 regulae
1921 2861 2000 2920 prae·

360 2945 460 2994 nntrvra
475 2940 514 2994 rei
529 2940 669 3011 contingit,
684 2940 749 3012 quia
763 2939 855 3009 potius
870 2937 914 2992 hic
928 2935 1055 2991 deiectus
1066 2932 1158 3003 sequi·
1194 2936 1250 2992 cise
1271 2943 1446 3012 spectentur,
1465 2939 1583 2996 effectus
1600 2938 1647 2996 bic
1663 2940 1860 3011 consequitur
1880 2940 1944 3010 ipso
1959 2940 1998 2996 ia·

362 3033 407 3083 tur
425 3043 458 3083 ex
473 3030 592 3084 carentia
608 3027 738 3101 privilegii
752 3027 842 3100 quoad
858 3026 939 3083 talem
953 3039 1060 3094 casum,
1076 3037 1159 3094 quam
1194 3033 1251 3097 cto,
1263 3027 1327 3098 quia
1338 3028 1427 3084 solum
1438 3027 1519 3099 dicis,
1533 3030 1666 3085 Meretur
1676 3031 1829 3095 amittere;
1840 3032 1869 3084 at
1880 3029 1930 3101 qui
1943 3044 1999 3085 me·

361 3116 396 3171 sit
414 3131 498 3172 causa
520 3116 605 3173 illius.
621 3119 714 3173 Potest
726 3118 806 3172 etiam
821 3115 920 3172 habere
933 3114 1026 3170 locum
1042 3113 1091 3167 iste
1106 3110 1160 3182 pri·
1194 3122 1283 3188 ratur,
1293 3133 1348 3172 non
1359 3115 1451 3174 statim
1464 3117 1554 3188 habet,
1564 3119 1638 3191 quod
1650 3125 1780 3175 meretur.
1792 3118 1924 3191 idemque
1935 3121 1998 3190 em,

362 3221 423 3261 mus
444 3205 543 3264 modiis
563 3206 701 3263 amittendi
722 3204 892 3277 privilegium
907 3219 939 3260 ex
954 3199 1121 3270 natusetsi,
1136 3198 1159 3253 Si
1194 3206 1300 3263 etiamsi
1316 3206 1358 3263 lex
1372 3206 1600 3281 dicptprlpemr‚
1615 3208 1657 3264 vel
1672 3211 1776 3264 careat
1788 3207 1960 3282 privilsgliffl
1971 3216 2000 3266 01

362 3311 411 3367 per
435 3297 552 3352 abusum
570 3297 682 3353 tollatur
695 3296 903 3353 fundamentum
920 3291 1070 3365 privilegii,
1087 3296 1116 3346 ut
1132 3289 1157 3345 in
1195 3295 1327 3352 alardori
1342 3295 1460 3367 sidicat,
1477 3296 1715 3368 propterabusum
1732 3311 1813 3369 posse
1824 3297 1938 3367 aulerci,
1952 3307 1998 3352 aava

361 3385 407 3441 illo
425 3386 548 3459 exemplo
560 3385 592 3442 de
604 3385 763 3442 beneficiato
774 3384 888 3440 habente
899 3382 1080 3455 privilegium,
1092 3384 1123 3434 ut
1133 3377 1160 3433 in
1196 3377 1333 3457 revocari,
1349 3392 1381 3442 ut
1395 3386 1422 3442 in
1436 3401 1498 3458 cap,
1518 3391 1542 3444 ι,
1559 3386 1592 3442 do
1606 3386 1782 3458 postulantem,
1799 3387 1916 3460 praelat,
1935 3394 1962 3445 et
1973 3390 1998 3444 tn

359 3475 482 3531 absentia
499 3489 584 3530 causa
599 3474 680 3531 studii
695 3474 777 3531 iaciat
792 3475 901 3530 tructus
915 3487 995 3528 suos:
1010 3485 1072 3526 nam
1087 3469 1109 3522 si
1120 3466 1161 3522 ni·
1197 3490 1259 3547 pap.
1281 3477 1321 3535 Ut
1333 3473 1494 3549 priuiieqic
1512 3473 1545 3532 de
1564 3475 1686 3547 privileg.
1703 3478 1738 3532 At
1752 3477 1774 3532 si
1787 3474 1898 3546 dixerit,
1916 3493 2000 3533 nove.

362 3563 396 3619 bil
412 3563 532 3637 studeat,
547 3579 576 3620 re
591 3579 655 3621 vera
670 3579 721 3620 non
738 3563 819 3620 iaciat
834 3563 941 3620 tructus
955 3577 1035 3630 suos,
1049 3565 1081 3615 ut
1095 3559 1161 3613 satis
1197 3565 1252 3620 rina
1265 3579 1295 3619 ss
1308 3565 1441 3636 privatos,
1458 3565 1516 3636 ipso
1531 3565 1604 3622 lacto
1616 3566 1786 3638 incurretur,
1799 3572 1831 3624 ut
1841 3581 1904 3639 cap.
1922 3571 1998 3625 Cum

362 3653 539 3725 probabiliter
561 3653 627 3710 dixit
645 3655 728 3710 Perea
743 3653 789 3709 lib.
810 3639 834 3710 l.
850 3651 974 3709 ordinat.
991 3663 1050 3722 reg.
1067 3648 1111 3704 tit.
1129 3649 1158 3717 2,
1194 3656 1361 3722 incusetis,
1380 3653 1459 3721 §ult
1476 3655 1510 3712 de
1523 3657 1649 3712 eiection.
1664 3662 1692 3712 et
1704 3656 1774 3713 idem
1790 3657 1996 3730 significatoria

361 3743 379 3798 l.
404 3748 434 3815 83
456 3745 522 3816 quia
541 3743 680 3801 servitium
699 3743 832 3800 ccclesiae
851 3746 1052 3798 commutatum
1071 3744 1114 3793 est
1133 3737 1159 3790 in
1195 3759 1258 3815 pap,
1275 3749 1302 3802 ρ,
1314 3743 1348 3801 qe
1363 3744 1494 3816 postulat,
1511 3744 1623 3816 praetii,
1641 3745 1676 3801 Ec
1688 3744 1740 3801 ρος
1754 3746 1836 3803 modo
1852 3747 1891 3803 ,ρ
1902 3744 1996 3803 0103„

362 3831 498 3903 studium,
520 3835 548 3888 et
567 3835 601 3890 ita
616 3834 724 3890 tructus
738 3832 839 3890 dantur
854 3832 957 3887 ratione
972 3827 1070 3900 elladii,
1088 3826 1162 3882 ideo·
1195 3835 1223 3890 111
1237 3833 1324 3907 eapite
1340 3834 1390 3890 uta.
1407 3833 1440 3890 da
1453 3835 1508 3889 vim
1520 3839 1549 3895 ea
1561 3833 1702 3890 honestata
1716 3835 1812 3892 clerte,
1830 3837 1914 3893 verbo
1929 3851 1996 3892 cum

361 3912 489 3994 que,‘qui
499 3911 582 3980 'abest
601 3922 680 3978 titulo
696 3923 789 3991 studii,
804 3927 832 3978 et
845 3935 899 3977 non
914 3918 1032 3989 studeat,
1046 3917 1082 3973 ita
1093 3915 1160 3972 abu·
1186 3921 1294 3996 sacto,
1315 3922 1351 3979 tbi
1371 3922 1457 3979 amitti
1478 3922 1649 3995 privilegium
1662 3923 1723 3995 ipso
1737 3923 1822 3980 iacto.
1841 3924 1922 3992 Quod
1937 3925 1997 3980 licet

362 4011 429 4066 titur
451 4011 610 4084 privilegio,
628 4018 658 4068 ut
670 4011 878 4067 laudamentum
893 4007 1027 4083 privilegii
1041 4007 1157 4077 aulerci,
1195 4015 1222 4070 in
1237 4030 1267 4070 sa
1282 4027 1377 4070 aarum
1392 4012 1436 4082 sit,
1454 4019 1485 4068 ut
1498 4011 1562 4080 divi,
1579 4027 1632 4068 nou
1646 4019 1721 4069 recte
1734 4028 1767 4069 ex
1782 4010 1828 4068 illo
1844 4020 1923 4070 textu
1941 4012 1995 4069 col·

361 4104 389 4154 et
403 4104 498 4155 contra
517 4099 689 4157 intentionem
705 4098 879 4156 concedentis
891 4099 983 4170 iaciat,
994 4103 1022 4153 et
1032 4101 1160 4168 accepta·
1194 4103 1297 4176 ligitur,
1308 4102 1334 4158 in
1345 4116 1401 4175 quo
1412 4100 1521 4158 dicitur:
1535 4098 1910 4176 Cumsactopricileqium
1921 4103 1995 4161 abii-

364 4189 461 4245 tionem
487 4189 610 4261 stipendii
632 4191 687 4245 sine
708 4189 819 4260 labore,
840 4203 889 4245 seu
904 4187 1015 4244 servitio
1029 4187 1159 4242 iniustam
1196 4196 1280 4251 etant
1298 4188 1452 4258 cles-took,-
1467 4205 1529 4246 nam
1543 4190 1618 4246 aliud
1630 4197 1673 4248 est
1685 4191 1804 4248 abiicere
1817 4191 1905 4265 iactu,
1923 4192 1994 4250 aliud

255 4303 261 4314 ·
362 4278 473 4350 reddat,
499 4295 531 4336 ac
550 4279 664 4356 pruiqde
679 4280 736 4350 ipso
751 4278 836 4352 lacto,
851 4284 924 4334 etex
938 4284 1035 4333 natura
1049 4277 1088 4332 rei
1101 4274 1156 4347 pri·
1196 4279 1494 4353 amitteaeipsotactm
1510 4279 1642 4351 quispim
1655 4294 1830 4352 perpravum
1849 4295 1996 4338 usumque·

249 4364 255 4380 ¹
363 4375 443 4426 vatur
461 4369 555 4426 iructu
570 4369 712 4442 privilegii.
727 4369 763 4425 Et
776 4366 870 4425 similis
884 4366 996 4435 decisio,
1014 4363 1054 4421 vel
1070 4365 1161 4436 potius
1195 4380 1273 4429 retur
1294 4372 1393 4445 privari
1413 4369 1567 4442 privilegio,
1590 4368 1644 4426 dici
1665 4376 1757 4441 potest
1776 4385 1828 4427 suo
1845 4371 1920 4428 iacto
1934 4373 1996 4428 abii·

362 4458 509 4517 declaratio
531 4459 556 4514 in
575 4459 652 4515 simili
672 4473 741 4514 casu
759 4458 878 4515 sumitur
892 4471 925 4514 ex
940 4457 998 4529 lege
1016 4453 1162 4528 centrali-
1197 4476 1262 4518 cere
1280 4461 1468 4533 privilegium,
1488 4461 1594 4518 etiamsi
1616 4475 1669 4516 non
1685 4461 1806 4532 privetur
1824 4460 1871 4518 illo
1890 4461 1949 4534 ipsc
1963 4463 1998 4518 ta·

363 4553 416 4616 ter,
431 4549 461 4605 G.
474 4549 507 4605 de
517 4548 639 4626 episcop.
653 4547 784 4605 steteris.
795 4555 823 4604 et
833 4563 894 4619 cap.
906 4545 1098 4624 cesimulitem
1113 4549 1160 4618 16,
1196 4557 1253 4608 οω.
1269 4549 1397 4618 Quamvis
1412 4549 1466 4606 dici
1480 4548 1577 4621 possit,
1592 4549 1617 4605 in
1632 4563 1700 4605 casu
1715 4547 1791 4604 illius
1808 4554 1904 4606 textus
1918 4551 1996 4622 privi-

362 4643 469 4710 quaest.
488 4639 513 4693 t.
533 4635 664 4710 idemque
681 4637 749 4708 erit,
770 4637 878 4708 quoties
897 4651 929 4692 ea
944 4635 1079 4708 privilegio
1094 4649 1160 4692 con·
1198 4641 1297 4713 legium
1312 4640 1415 4711 amitti,
1433 4655 1486 4695 non
1501 4647 1609 4696 tantum
1624 4655 1672 4712 per
1687 4638 1799 4697 madum
1814 4655 1936 4713 poenae,
1952 4640 1997 4698 sed

363 4724 477 4796 stiterit,
494 4724 671 4798 'privilegium
690 4725 800 4782 ommno
821 4725 936 4782 concedi
957 4730 1067 4796 propter
1083 4725 1162 4782 talem
1197 4731 1261 4802 quia
1281 4743 1330 4802 per
1349 4729 1426 4784 illum
1443 4727 1576 4800 abusum,
1597 4744 1653 4801 quo
1675 4729 1794 4786 clericus
1817 4745 1847 4786 se
1868 4731 1999 4786 immiscet

363 4816 507 4872 actionem.
534 4814 611 4872 lunc
633 4821 726 4871 autem
747 4816 772 4870 in
792 4814 923 4874 similibus
944 4814 1054 4872 casibus
1071 4812 1162 4886 (quod
1197 4817 1426 4892 negotiationibus
1440 4816 1647 4891 saecularibus,
1663 4817 1769 4876 tollitur
1788 4817 1997 4875 tundamentum

362 4905 512 4962 notandum
527 4904 586 4980 esti
607 4920 660 4962 non
680 4906 814 4961 amittitur
829 4904 1000 4977 privilegium
1015 4905 1040 4960 iu
1056 4905 1160 4975 radice,
1199 4907 1332 4980 privilegii
1345 4907 1525 4978 exemptionis
1539 4923 1555 4962 a
1569 4907 1707 4965 solvendis
1721 4907 1859 4980 aliquibus
1879 4910 1996 4966 tributis.

312 5062 315 5068 ,
357 4993 405 5050 »vel
420 5010 469 5066 pru
487 4999 608 5066 tempore
622 4995 727 5066 futuro,
742 4995 765 5049 si
776 4994 879 5052 abusus
889 4995 948 5051 eius
961 4994 1084 5067 tollatur,
1098 4995 1162 5067 quia
1198 4997 1272 5062 Etin
1288 4996 1339 5053 boc
1354 5011 1438 5052 sensu
1450 4994 1519 5052 dixit
1531 4995 1626 5055 Glosaa
1640 4997 1666 5052 in
1681 5011 1743 5069 cap.
1765 4995 1948 5066 necatenoea,
1965 4997 1999 5055 de

364 5083 417 5139 boc
437 5099 470 5140 ea
490 5089 589 5140 natura
607 5085 646 5140 rei
665 5085 873 5158 consequitur,
891 5089 921 5141 ut
934 5100 983 5156 per
997 5101 1026 5141 se
1041 5091 1159 5156 constat,
1199 5092 1273 5144 statu
1284 5085 1494 5156 monachorum,
1506 5085 1750 5143 verbocommuni
1760 5088 1835 5142 iure.
1847 5088 1878 5143 ln
1888 5103 1923 5144 eo
1933 5103 2000 5145 casu

363 5189 414 5229 neo
429 5174 456 5230 in
470 5175 529 5230 iure
544 5179 679 5231 statutum
693 5180 746 5246 eat,
762 5180 793 5230 ut
803 5174 993 5246 supponimus.
1007 5173 1160 5248 Aliquando
1197 5176 1236 5232 sic
1253 5175 1408 5232 abutentem
1423 5173 1562 5247 privilegio
1577 5175 1659 5232 tacite
1672 5174 1836 5233 renunciare
1849 5175 1899 5233 illi.
1914 5177 2000 5236 ideru-

365 5276 431 5318 vero
445 5269 538 5334 potest
548 5277 597 5335 per
608 5261 724 5320 abusum
736 5263 803 5335 iteri,
815 5269 847 5321 ut
857 5269 946 5322 cesset
956 5266 1064 5322 omnino
1076 5280 1161 5322 causa
1197 5280 1252 5340 que
1266 5265 1292 5322 io
1305 5262 1384 5322 simili
1394 5262 1462 5322 dixit
1471 5263 1678 5339 Ancharianus,
1690 5281 1769 5324 cons.
1786 5269 1852 5338 tut,
1863 5281 2000 5342 quemne·
