4262 6246
375 369 418 434 88
1079 385 1231 438 ‘umnam

327 509 453 569 absolute
472 517 562 584 actus,
577 518 606 569 et
625 513 789 570 irritantium
803 511 874 576 illas,
888 511 1056 585 frequentior
1076 516 1129 568 est.
1166 529 1200 570 ex
1215 530 1244 570 se
1265 513 1385 588 obligare
1400 521 1491 588 potest
1505 518 1532 574 in
1553 515 1730 582 conscientia,
1752 513 1794 570 uel
1810 513 1844 570 ad
1865 525 1979 568 ιιιιιι-

327 601 371 658 Sic
390 601 462 658 euim
483 602 663 672 probibentur
684 603 856 658 matrimonia
875 601 945 657 inter
966 601 1130 673 consangui·
1166 603 1227 660 dam
1247 605 1362 664 sormam
1380 606 1405 662 in
1427 607 1472 664 tali
1487 614 1563 676 actu,
1579 607 1601 662 si
1622 607 1679 676 irat,
1696 604 1738 662 vel
1755 601 1848 677 iquod
1864 599 1978 675 perinde

328 705 407 760 neos,
419 691 461 747 vel
473 690 580 761 allines,
593 691 636 747 vel
647 707 711 748 cum
727 690 853 764 religioso
867 689 1002 761 proiesso,
1016 699 1064 746 aut
1075 688 1130 746 cla·
1166 692 1221 766 ιιι)
1238 693 1271 750 ad
1290 711 1345 751 non
1361 695 1516 754 iaciendum
1533 703 1627 754 actum
1642 697 1700 752 siue
1716 695 1762 752 tali
1777 695 1878 764 iorma,
1894 699 1922 748 et
1941 689 1976 746 de

327 785 388 838 rico
399 783 426 837 in
440 781 537 848 sacris,
551 780 593 838 rel
608 780 781 852 prohibetur,
794 786 844 836 aut
855 781 980 836 irritatur
991 779 1077 850 datio,
1089 777 1131 834 vol
1166 783 1238 839 iacto
1253 787 1290 840 ita
1304 783 1416 858 obligat,
1432 785 1543 859 quaudo
1558 785 1600 843 sel
1620 786 1735 842 materia
1749 783 1816 856 legis
1831 783 1857 840 id
1879 797 1913 838 ex
1928 795 1978 836 na·

328 871 454 942 acceptio
474 871 642 940 simoniaca,
663 876 691 926 et
711 870 762 926 alia
782 870 891 927 similia.
912 871 1020 927 Tertius
1040 877 1130 927 autem
1167 879 1229 929 tura
1249 888 1300 930 sua
1320 874 1453 945 postulat,
1469 875 1510 931 vel
1532 877 1559 931 in
1581 875 1639 949 lege
1662 878 1728 932 satis
1748 872 1927 944 exprimitur,
1950 876 1979 927 et

328 960 430 1019 modus
445 966 536 1032 potest
550 959 689 1016 interdum
704 975 769 1016 cum
791 960 915 1034 quolibet
927 977 960 1016 ex
981 960 1132 1032 superiori·
1166 962 1978 1022 nonalienassertioeatolaraexdictis.Primoenimian1

328 1050 381 1108 bna
393 1050 532 1122 coniungi.
541 1049 696 1122 Aliquando
707 1051 778 1106 enim
788 1049 829 1106 lea
841 1049 1032 1107 dansiormam
1044 1051 1131 1121 actui,
1166 1056 1310 1108 ostensum
1323 1058 1377 1122 est,
1390 1069 1438 1124 per
1449 1052 1517 1110 tales
1531 1039 1606 1127 teges
1618 1053 1728 1110 nullium
1740 1060 1833 1110 actum
1846 1050 1978 1109 absolute

287 1147 291 1164 ¹
328 1142 407 1214 prius
419 1139 551 1212 praecipit
562 1139 601 1196 sic
616 1139 682 1210 fieri,
695 1155 745 1197 seu
760 1155 813 1196 non
827 1139 905 1196 aliter
915 1141 983 1208 iteri,
996 1147 1023 1197 et
1037 1146 1133 1213 postea
1166 1142 1298 1213 praecipi,
1312 1147 1343 1198 ut
1357 1149 1401 1198 est
1414 1158 1464 1214 per
1474 1158 1504 1198 ιι
1519 1151 1628 1217 uotum,
1641 1158 1704 1199 nam
1720 1142 1761 1199 los
1777 1142 1844 1198 dans
1857 1141 1978 1198 iormam

329 1231 417 1287 irritat
438 1228 515 1284 aliter
529 1226 643 1298 lactum,
661 1234 693 1285 ut
712 1230 739 1285 in
755 1229 887 1301 exemplis
900 1245 933 1286 ιι
954 1229 1072 1286 coneilio
1086 1228 1133 1285 ad·
1166 1231 1352 1301 matrimonio,
1369 1237 1418 1288 aut
1440 1237 1614 1307 testamento,
1630 1246 1685 1288 non
1706 1231 1843 1304 praecipit
1862 1236 1976 1286 contra·

330 1317 421 1374 ductis
436 1318 503 1374 satis
518 1321 601 1388 patet:
617 1332 814 1390 nonuunquam
829 1333 894 1374 sero
909 1317 973 1374 nibil
988 1317 1130 1390 praecipit,
1166 1318 1233 1375 bere
1246 1323 1460 1392 matrimonium,
1473 1329 1522 1378 aut
1532 1321 1623 1378 iacere
1634 1328 1838 1380 testamentum:
1851 1335 1920 1392 crgo
1934 1325 1976 1376 ta·

329 1408 374 1464 vel
387 1407 463 1463 circa
475 1413 568 1462 actum
582 1405 683 1478 ipsum,
697 1405 737 1463 vel
748 1406 865 1464 sormam
878 1409 950 1478 eius,
964 1408 1013 1465 sed
1024 1413 1131 1464 tantum
1167 1409 1199 1466 lis
1208 1408 1250 1466 lex
1263 1425 1317 1466 non
1328 1409 1435 1468 inducit
1446 1410 1640 1484 obligationem
1650 1411 1684 1468 ad
1695 1409 1852 1467 iaciendum
1867 1413 1976 1478 actum,

330 1496 550 1554 conditionaliter
570 1497 676 1566 statuit,
693 1503 724 1554 ut
744 1496 889 1570 siabsqua
906 1498 951 1554 tali
972 1497 1060 1556 iorma
1074 1497 1129 1570 liat,
1165 1499 1228 1571 qaia
1248 1499 1316 1556 baec
1331 1514 1385 1555 non
1407 1499 1506 1568 oritur,
1523 1502 1621 1557 nisiex
1642 1506 1791 1572 praecepto
1807 1497 1975 1554 affirmativo

330 1603 385 1644 non
400 1585 499 1656 valeat,
513 1593 544 1642 ut
558 1587 670 1657 poietin
685 1585 745 1658 lege
756 1585 790 1642 de
805 1587 1131 1645 solemnitatetestamen·
1166 1589 1303 1646 absoluto.
1319 1589 1449 1647 Secunda
1465 1604 1530 1646 uero
1551 1606 1615 1662 pars
1629 1590 1710 1646 etiarn
1724 1596 1768 1645 est
1786 1603 1836 1660 per
1850 1602 1880 1644 se
1900 1569 1978 1642 clara

330 1678 361 1746 ti,
376 1683 404 1733 ιι
424 1674 566 1732 similibus:
583 1683 612 1731 et
632 1675 756 1732 similiter
769 1677 796 1732 in
818 1675 923 1748 iegibus
941 1676 1049 1734 directe
1071 1675 1131 1732 irri·
1164 1679 1198 1736 de
1218 1679 1352 1750 possibili,
1372 1679 1437 1752 quia
1457 1678 1503 1735 illa
1523 1687 1647 1750 potestas
1669 1695 1721 1736 non
1743 1678 1854 1736 excedit
1874 1675 1977 1734 limites

330 1757 454 1824 lantibus
472 1771 553 1822 aetus
574 1765 699 1837 aliquos,
714 1782 769 1822 non
791 1773 903 1839 propter
917 1765 1056 1823 deiectum
1077 1764 1132 1822 ior·
1165 1769 1293 1840 iustitiae,
1310 1768 1490 1841 etpertinere
1505 1768 1643 1842 potestati
1658 1768 1867 1826 convenientem
1883 1764 1977 1837 reipu-

330 1872 403 1926 rnre,
419 1853 465 1913 sed
487 1861 600 1927 propter
622 1855 688 1912 alias
709 1871 820 1929 causas,
843 1871 923 1929 saepe
945 1857 1033 1914 ierinr
1053 1855 1131 1928 prius
1164 1857 1250 1915 blicae
1264 1859 1504 1933 gubernationem,
1516 1865 1542 1916 ot
1559 1858 1593 1916 alt
1610 1875 1665 1916 usu
1679 1857 1784 1915 usundi
1798 1863 1892 1928 potest
1906 1855 1979 1912 mul·

330 1943 457 2002 absoluta
468 1943 614 2015 probibitio
628 1950 718 2016 actus,
731 1953 759 2002 ct
772 1943 883 2002 additur
895 1945 1021 2016 irritatio,
1036 1951 1068 2001 ut
1082 1960 1129 2017 pa·
1164 1951 1199 2006 tis
1214 1948 1345 2021 exemplis
1360 1964 1445 2021 supra
1458 1946 1605 2021 adductis,
1620 1964 1692 2022 qnae
1707 1949 1800 2005 statim
1815 1946 1978 2003 necessario

331 2041 373 2093 tet
387 2035 413 2092 in
433 2034 565 2106 exemplis
579 2032 708 2090 adduciis
722 2033 757 2090 (ie
776 2035 966 2093 matrimonio:
983 2032 1130 2108 aliquando
1165 2045 1332 2111 repetemus.
1350 2038 1416 2106 Quia
1438 2054 1502 2095 vero
1519 2037 1582 2095 talis
1596 2037 1642 2094 lex
1663 2053 1717 2095 nun
1735 2051 1845 2109 semper
1866 2034 1979 2092 indubii

329 2141 395 2182 uero
407 2124 473 2180 nibil
490 2123 650 2196 simpliciter
661 2122 833 2195 prohibetur,
846 2122 894 2180 sed
909 2124 1034 2180 irritatur
1048 2129 1130 2180 actus
1164 2129 1249 2188 tatem
1267 2127 1472 2201 obligationem,
1495 2134 1528 2184 ut
1548 2125 1669 2185 inductio
1691 2127 1716 2183 in
1736 2126 1873 2199 principio
1894 2124 1969 2181 lacta

330 2215 353 2272 ai
369 2216 426 2287 flat,
436 2220 467 2271 ut
480 2215 508 2270 in
522 2229 590 2270 casu
606 2229 668 2285 eap.
681 2215 836 2290 Quam-cis,
852 2212 886 2270 da
902 2219 977 2285 pact.
985 2214 1011 2268 in
1023 2216 1052 2284 6,
1064 2225 1129 2269 cum
1164 2219 1318 2288 convincit3
1337 2217 1398 2276 ideo
1412 2216 1561 2275 difficultas
1575 2223 1634 2275 tota
1648 2225 1701 2289 est,
1717 2215 1829 2290 qnando
1844 2216 1913 2272 baec
1929 2214 1973 2272 lex

329 2304 477 2374 similibus,
492 2302 643 2373 dequibus
658 2303 737 2360 inira.
1166 2307 1203 2364 ita
1217 2307 1320 2379 obliget
1336 2308 1361 2362 in
1381 2308 1569 2380 conscientia,
1585 2314 1618 2365 ut
1631 2307 1742 2366 omissio
1757 2307 1862 2364 iormae
1878 2306 1905 2362 in
1929 2304 1979 2366 tali

369 2399 396 2451 3.
412 2394 492 2450 Circa
512 2392 626 2449 alteram
640 2399 747 2465 partam
766 2392 881 2450 istarum
896 2390 1007 2466 legum,
1024 2389 1131 2449 seilicet
1165 2403 1230 2454 actu
1242 2400 1436 2470 peccaminosa
1451 2397 1495 2470 sii,
1508 2398 1563 2469 uel,
1575 2397 1652 2471 qrtod
1668 2395 1779 2470 perinde
1793 2403 1847 2469 cst,
1861 2403 1894 2452 ut
1908 2409 1978 2452 eon·

330 2482 527 2552 irritationem,
542 2481 741 2540 advertendum
755 2489 809 2547 nni,
827 2481 973 2554 dupliciter
986 2497 1067 2554 posse
1082 2495 1130 2553 per
1166 2487 1289 2558 trabere,
1303 2487 1346 2544 vel
1361 2487 1445 2544 alium
1460 2487 1578 2544 similem
1593 2493 1686 2546 actum
1700 2486 1792 2544 iacere
1806 2487 1865 2543 sine
1879 2485 1975 2543 debita

330 2571 418 2646 legem
435 2573 530 2644 statui,
541 2586 640 2643 nempe
652 2570 693 2628 uel
707 2572 766 2644 ipso
781 2570 909 2643 iacto,vei
924 2577 954 2628 ut
967 2569 1129 2627 taciendam.
1166 2576 1253 2634 iorma
1273 2591 1321 2649 per
1343 2576 1430 2650 legem
1451 2576 1599 2634 humanam
1607 2579 1803 2650 praescripta,
1821 2581 1974 2649 peccatum

329 2663 398 2720 iiam
411 2661 486 2718 sicut
496 2660 539 2718 lex
554 2661 674 2732 poenalis
684 2659 823 2718 interdum
834 2661 949 2734 imponit
963 2676 1080 2733 poenam
1093 2660 1133 2718 ie·
1170 2667 1216 2738 sit,
1231 2668 1273 2724 vel
1287 2683 1341 2724 non
1355 2670 1402 2724 sit.
1865 2656 1867 2660 ’

329 2750 456 2822 rendtm,
468 2750 607 2808 interdum
622 2765 670 2822 tini
682 2766 712 2807 sn
725 2749 800 2806 iliam
815 2751 897 2807 inseri
908 2751 967 2822 ipso
982 2750 1067 2822 latito,
1081 2765 1131 2806 seit
1207 2763 1234 2816 5,
1250 2760 1309 2814 Duo
1329 2772 1394 2829 ergo
1409 2757 1485 2829 signa
1505 2739 1683 2828 praebuimus
1699 2755 1732 2812 gd
1753 2751 1975 2830 dignpsgendam

330 2843 389 2915 ipso
404 2843 474 2899 inre:
487 2843 525 2898 ita
539 2841 657 2898 irritatio
669 2847 791 2914 utroque
803 2839 885 2898 modo
896 2839 962 2897 iarrl
978 2847 1069 2913 potest
1083 2847 1131 2910 per
1166 2847 1238 2904 hane
1259 2845 1462 2918 obligationem.
1479 2845 1571 2902 Unum
1591 2851 1646 2918 est,
1662 2843 1774 2919 quando
1795 2853 1877 2902 actus
1892 2858 1925 2900 ex
1948 2842 1974 2896 vi

331 2932 431 3006 legem,
446 2931 510 3004 (inin
529 2937 648 3005 ¹¹20quss
662 2929 763 2986 ¹¹¹⁰tit¹³
777 2938 821 2987 0⁵²
841 2930 992 3002 i⁰⁸⁸iiliii³s
1007 2938 1036 2986 01
1056 2935 1131 2986 nint·
1169 2938 1213 2994 sui
1227 2937 1326 2994 obiecti
1337 2943 1366 2992 et
1380 2940 1496 2993 naturae
1508 2933 1570 2991 talis
1584 2945 1637 3006 ιιι,
1649 2943 1681 2993 ιιι
1695 2933 1764 2992 ualle
1779 2934 1857 2991 illum
1868 2933 1975 3002 iacere,

331 3037 385 3096 que
400 3021 499 3094 pendet
511 3035 545 3078 ex
558 3020 672 3077 arbitrio
687 3018 867 3093 legislatoris,
882 3029 912 3078 et
929 3026 1134 3095 cousequenter
1169 3023 1280 3102 ιιιιιι
1300 3025 1388 3082 valida
1403 3025 1460 3082 fieri
1479 3041 1534 3081 non
1548 3031 1651 3097 potest,
1673 3031 1757 3097 turpe
1778 3025 1815 3080 sit
1827 3030 1857 3080 et
1878 3029 1979 3080 contra

331 3129 365 3171 ex
379 3117 469 3170 mente
483 3110 555 3182 eius,
571 3125 642 3184 quae
658 3125 713 3167 uno
728 3116 755 3166 et
769 3110 823 3167 alio
839 3109 919 3167 modo
934 3125 983 3183 per
997 3110 1080 3166 verba
1095 3107 1133 3166 le·
1169 3121 1272 3174 ιιιιιιι
1294 3116 1437 3172 rationem.
1452 3113 1530 3183 Quod
1546 3116 1662 3172 marinae
1681 3113 1791 3171 videtur
1811 3115 1977 3186 contingere

235 3229 238 3238 ·
330 3218 398 3277 gum
421 3201 567 3276 significari
595 3200 677 3257 solet.
699 3201 784 3272 Saepe
807 3201 881 3256 eninr
907 3199 1023 3270 dicuat,
1052 3197 1134 3256 talem
1168 3207 1195 3261 in
1211 3205 1326 3262 matoria
1339 3202 1487 3276 religionis,
1501 3211 1531 3262 et
1547 3205 1575 3260 in
1589 3204 1697 3262 actibus
1711 3203 1811 3276 sacris,
1826 3211 1856 3261 et
1875 3203 1903 3259 in
1918 3218 1977 3259 ma·

331 3299 444 3365 attium,
462 3293 484 3347 ti
498 3291 559 3362 fiat,
574 3289 617 3346 vel
628 3288 712 3346 'aliter
725 3289 789 3358 fiai,
803 3304 864 3346 esse
879 3290 1004 3360 irritum,
1020 3287 1062 3346 ιιΙ
1082 3303 1136 3344 nott
1170 3295 1238 3351 teria
1252 3294 1385 3364 iustitiae3
1402 3307 1464 3356 nam
1479 3292 1589 3351 efficere
1605 3294 1743 3351 actionem
1759 3307 1869 3350 sacram
1889 3289 1974 3348 modo

330 3381 434 3452 valere,
451 3386 482 3437 ut
496 3381 524 3437 in
538 3381 556 3436 i.
570 3377 727 3454 stipulatio
741 3393 802 3435 uon
820 3377 908 3444 nolet,
927 3378 955 3436 ii.
967 3378 1001 3436 de
1022 3378 1131 3435 verbor.
1171 3384 1247 3442 irrito
1257 3391 1286 3441 et
1299 3381 1414 3440 invalido
1429 3383 1605 3456 sacrilegium
1616 3391 1670 3456 est,
1679 3385 1744 3456 quia
1756 3389 1801 3440 est
1813 3388 1919 3440 contra
1929 3395 1975 3438 re·

331 3471 419 3544 oblig.
433 3486 498 3528 eum
513 3469 661 3527 similibus:
678 3466 825 3543 aliqnando
840 3484 906 3526 vero
924 3467 1014 3526 solum
1029 3467 1134 3543 dicunt,
1170 3473 1319 3546 carentiam
1331 3471 1447 3530 debitam
1461 3472 1656 3541 reisacrae,ut
1666 3473 1756 3530 iacere
1768 3477 1977 3530 sacramentum

332 3567 363 3618 ut
375 3568 458 3618 actus
477 3559 613 3632 irritetur,
629 3564 661 3616 nt
681 3559 714 3616 dn
728 3557 882 3617 venditione
903 3558 975 3616 nlttn
995 3557 1135 3616 dimidiam
1170 3556 1277 3621 irritum
1287 3570 1316 3621 et
1327 3564 1384 3619 sine
1394 3560 1485 3619 debita
1496 3561 1583 3620 torma
1592 3570 1621 3620 et
1631 3563 1795 3621 materia.llt
1804 3562 1856 3620 bac
1868 3563 1976 3619 ratione

332 3651 397 3708 iusti
412 3651 503 3722 pretii,
518 3652 545 3707 in
560 3649 580 3707 i.
593 3653 622 3720 2,
637 3650 668 3706 G.
682 3647 716 3707 ds
730 3648 851 3707 resoind.
864 3649 966 3707 rendit.
979 3650 1025 3706 ute
1044 3655 1136 3706 autern
1170 3653 1276 3711 etiamsi
1297 3652 1444 3709 concilium
1459 3650 1635 3710 tridentinum
1656 3667 1788 3725 expresse
1809 3667 1866 3708 ιιι
1881 3650 1978 3725 protu-

332 3738 442 3798 duobus
470 3739 612 3796 ordinibus
636 3740 729 3813 legum
750 3740 841 3797 solent
860 3740 1013 3812 iurisperiti
1034 3737 1135 3796 addere
1171 3743 1275 3800 buisaet
1287 3781 1295 3814 ,
1309 3739 1358 3797 sed
1373 3745 1480 3797 tantum
1499 3740 1635 3798 irritasset
1647 3741 1855 3799 matrimonium
1869 3739 1977 3798 iactum

333 3831 445 3887 tertium
466 3843 563 3886 earum
581 3828 684 3902 legum,
701 3844 770 3902 quas
784 3834 886 3886 vocant
894 3844 946 3886 neo
961 3831 1135 3899 assistentes,
1172 3832 1228 3888 sine
1239 3829 1360 3904 paroobo
1374 3835 1403 3886 et
1416 3828 1543 3902 testibus,
1557 3837 1631 3888 ιιιιι
1645 3821 1729 3908 grapa
1744 3835 1892 3902 peccatum
1907 3825 1978 3885 iliud

333 3933 384 3976 nco
399 3918 559 3976 resistentes
574 3920 754 3990 contractui,
770 3919 834 3992 quia
852 3933 906 3976 non
921 3918 987 3976 dant
1000 3920 1136 3976 sotionem
1174 3921 1213 3978 aie
1229 3919 1404 3992 contrahere,
1416 3911 1483 3992 quia
1493 3927 1567 3978 esset
1579 3928 1677 3978 contra
1688 3920 1871 3978 reverentiam
1882 3933 1980 3975 sacra-

333 4009 441 4068 citilem
456 4009 541 4066 alicui
553 4007 788 4066 contrabentium.
802 4007 855 4065 Sed
869 4008 920 4066 bae
936 4008 1008 4083 leges
1023 4023 1077 4064 non
1092 4024 1153 4068 so·.
1173 4009 1399 4082 madidamque
1408 4008 1678 4082 estdequolibetalio
1685 4010 1980 4067 matrimoniocontra·

333 4100 392 4157 lum
406 4099 543 4156 irritantes
556 4113 610 4155 non
625 4103 707 4168 aunt,
720 4113 816 4156 verum
829 4099 910 4156 etiam
925 4113 975 4156 nec
990 4097 1136 4172 probiben·
1171 4107 1218 4158 oto
1233 4116 1297 4158 cum
1313 4098 1506 4171 impedimento
1519 4099 1658 4174 irritante,
1673 4105 1702 4157 ιι
1714 4100 1749 4157 da
1764 4097 1935 4173 protessione
1948 4100 1978 4155 in

289 4247 296 4254 ,
334 4196 375 4246 tas
390 4194 490 4260 actus,
506 4188 571 4264 quia
585 4202 635 4245 nec
650 4187 766 4258 irritant,
781 4202 833 4245 nec
848 4189 1012 4246 confirmant
1026 4195 1137 4246 eontra·
1171 4190 1302 4263 religione
1315 4189 1398 4260 lacta,
1416 4189 1518 4246 omissa
1533 4188 1640 4256 torma,
1657 4205 1707 4247 seu
1721 4188 1927 4246 couditionibus
1941 4188 1978 4244 ab

334 4284 422 4351 ctum,
438 4292 489 4335 nec
504 4273 657 4350 prohibent,
673 4290 724 4333 ιιι
738 4277 923 4350 praecipiunt3
936 4285 965 4335 ιι
978 4277 1016 4335 its
1030 4278 1133 4336 uersari
1171 4279 1296 4338 Ecclesia
1310 4278 1450 4351 requisitis
1464 4278 1498 4335 ad
1518 4278 1642 4336 valorem
1656 4279 1725 4337 eius.
1742 4279 1818 4336 idem
1836 4279 1929 4336 videre
1943 4277 1979 4336 ii-

335 4373 454 4442 possunt
465 4373 493 4424 et
512 4368 589 4424 circa
606 4372 686 4423 actus
707 4366 833 4438 iniustos,
856 4372 888 4424 ut
906 4375 950 4425 est
970 4366 1012 4426 lex
1034 4383 1135 4441 negans
1170 4371 1251 4427 oetin
1267 4367 1377 4426 materia
1390 4367 1517 4436 iustitiae,
1530 4384 1592 4425 nam
1607 4367 1769 4426 electionem
1781 4367 1885 4440 iacere,
1896 4382 1979 4441 prae-

335 4459 469 4518 aetionem
490 4461 588 4514 contra
608 4454 788 4513 venditionem
809 4456 937 4514 iniustam
958 4457 1029 4515 citra
1052 4458 1133 4516 dimi·
1170 4460 1299 4516 terruisse
1319 4455 1489 4514 substantiali
1515 4457 1620 4529 torma,
1643 4472 1727 4531 graue
1747 4465 1896 4531 peccatum
1921 4462 1977 4530 est,

335 4548 420 4619 diam,
432 4553 461 4605 et
474 4547 550 4603 eirca
565 4551 646 4602 actus
660 4545 760 4619 iustos,
773 4551 806 4603 ut
818 4552 862 4603 est
876 4544 919 4604 lex
934 4563 1036 4621 negans
1051 4549 1136 4605 actio·
1171 4549 1237 4622 quia
1251 4547 1408 4604 necessario
1421 4545 1536 4603 involvit
1550 4547 1720 4621 iniustitiam,
1732 4553 1762 4605 et
1775 4545 1837 4605 ideo
1852 4547 1980 4622 graviter

335 4653 398 4697 aem
420 4643 532 4710 propter
552 4635 637 4694 solam
658 4635 849 4710 obligationem
873 4637 1024 4695 naturalem
1046 4643 1134 4696 ortam
1172 4636 1324 4710 puniturin
1338 4634 1750 4709 trident.sesa.as,oap.a.de
1764 4635 1976 4711 regular.ldem

336 4739 369 4786 ert
383 4726 498 4799 simplici
513 4726 705 4798 promissione.
722 4727 773 4794 Qui
792 4725 891 4784 modus
905 4726 996 4801 legum
1011 4743 1136 4802 praeser-
1170 4734 1224 4799 est,
1244 4727 1353 4799 quoties
1373 4725 1435 4798 quis
1455 4741 1488 4783 ιι
1510 4725 1602 4783 oilicio
1622 4732 1732 4784 tenetur
1752 4726 1844 4784 lacera
1866 4734 1978 4796 actum,

335 4819 386 4875 tim
396 4819 467 4874 inter
478 4815 572 4873 civiles
584 4817 730 4887 reperitur,
740 4822 769 4873 ιι
778 4814 843 4873 licet
854 4817 992 4873 irritantes
1004 4809 1059 4875 nou¹
1067 4820 1134 4888 rint,
1171 4832 1235 4873 nam
1256 4820 1462 4888 consequenter
1477 4823 1585 4897 tenetur
1605 4816 1698 4874 iacere
1713 4817 1846 4881 ualidum:
1866 4823 1895 4876 et
1914 4818 1977 4877 ideo

337 4913 369 4965 ut
383 4906 451 4978 diri,
462 4921 557 4963 earum
568 4905 664 4963 notitia
674 4905 775 4979 aliquid
786 4905 913 4964 conierra
924 4913 1015 4980 potest
1025 4906 1058 4964 ad
1069 4907 1136 4963 obli·
1170 4902 1411 4978 praetermittendo
1434 4904 1551 4964 debitam
1576 4905 1703 4983 sormam,
1719 4915 1819 4966 contra
1842 4908 1978 4968 iustitiam

336 4997 471 5070 gationena
484 4996 577 5068 legum
591 4995 753 5052 irritantium
768 4992 985 5070 intelligendam,
1002 5002 1035 5055 ut
1048 5011 1081 5053 ιι
1095 4994 1135 5054 di·
1169 4996 1264 5066 faciet,
1276 4996 1345 5074 ntlsi
1360 4994 1441 5053 iudex
1454 4995 1617 5068 proterendo
1633 4998 1793 5054 senentiam
1806 4997 1980 5056 substantia·

337 5087 432 5147 cendia
446 5085 557 5159 patebit.
1173 5083 1213 5142 les
1227 5084 1452 5141 circumstantias
1466 5087 1586 5156 omittat,
1598 5092 1627 5143 et
1640 5088 1680 5144 sic
1695 5086 1728 5145 de
1743 5086 1815 5145 aliis.

375 5181 404 5236 t.
417 5179 471 5233 iarn
487 5173 639 5249 igiturdico
655 5176 751 5247 primo:
767 5175 822 5231 Lex
835 5172 903 5231 dans
918 5173 1033 5232 iormam
1048 5174 1136 5246 actui,
1208 5171 1301 5246 videri
1318 5179 1409 5230 autern
1427 5181 1520 5246 potest
1539 5175 1605 5234 baec
1626 5175 1758 5250 obligatio
1772 5179 1798 5234 iu
1814 5177 1979 5236 huiusmodi

337 5268 402 5334 iicet
415 5282 469 5324 non
489 5265 595 5340 obliget
607 5263 641 5322 ad
662 5265 827 5323 exercitium
848 5272 940 5339 aetus,
960 5265 1136 5322 nibilominus
1171 5263 1280 5321 casibus
1295 5279 1348 5320 uon
1363 5264 1504 5335 provenire
1518 5267 1629 5340 proprie
1644 5281 1677 5324 ac
1696 5266 1847 5326 iormaliter
1862 5283 1897 5326 ax
1916 5269 1978 5343 lege
