4256 6224
862 321 968 372 caros
982 321 1048 402 vn
1162 377 1171 396 ,Ι
1338 305 1342 312 “
1650 305 1711 369 545

112 451 176 506 sina
188 451 320 522 tentatio,
334 449 412 506 iuxta
426 447 499 506 diota
516 454 541 506 3.
558 447 591 506 de
605 449 685 523 rstig.
701 449 746 505 tib.
767 453 791 514 1,
807 463 868 519 cap.
882 452 909 504 2:
948 455 1008 517 est,
1023 448 1088 519 quia
1102 461 1200 520 magna
1213 462 1246 503 es
1261 453 1338 518 parte
1355 447 1398 503 tex
1412 446 1456 503 iiia
1471 447 1588 517 poenalis
1603 455 1672 516 erat,
1688 465 1749 519 pas-

111 557 179 613 ergo
190 543 273 600 ebone
288 540 414 596 cessabat
426 541 495 596 ratio
507 541 615 612 canipae,
627 541 691 612 quia
702 553 788 610 perse
800 537 912 611 ioqueo·
948 538 999 592 sim
1014 537 1084 592 enim
1099 538 1124 591 in
1138 551 1171 591 aa
1184 534 1316 608 tegimus,
1330 539 1380 608 psai
1391 534 1568 606 bossecerit,
1583 543 1675 594 necate
1686 555 1748 594 uso·

111 631 165 700 do,
182 630 258 688 nnita
272 629 322 686 aba
336 630 435 685 matitia
450 628 494 685 itio
509 639 574 686 actu
590 635 698 701 poterat
711 628 835 684 inveniri.
947 630 1059 692 motor,
1079 625 1120 681 rei
1140 623 1287 681 delebitur
1305 624 1341 680 de
1357 625 1468 699 populo
1488 643 1555 692 sno,
1574 628 1617 683 vei
1631 626 1749 684 dentem

154 726 199 780 12.
216 723 256 778 En
271 720 314 777 bis
327 721 472 792 ergosatis
486 719 599 792 probata
611 707 774 792 relinquitur
786 721 910 787 assertio,
944 729 1002 788 pro
1009 712 1103 780 dente,
1119 719 1147 770 et
1157 714 1265 785 simiiia3
1278 721 1357 771 eraut
1370 730 1438 788 ergo
1450 714 1510 771 ittae
1524 716 1595 788 teges
1609 718 1748 788 poenales,

16 810 18 814 ’
110 811 177 884 quia
192 810 267 867 nnita
280 811 424 882 promissio
439 810 564 865 occurrit
578 809 605 864 in
619 809 663 866 itta
678 809 736 881 tege
748 807 830 874 iacta,
843 821 914 880 quae
949 821 1001 862 noo
1017 820 1120 878 parrae,
1138 805 1185 860 sed
1201 807 1317 873 mixtae,
1333 819 1382 860 seo
1395 804 1524 861 babentes
1539 805 1620 862 simui
1640 806 1690 861 vim
1706 805 1748 862 di-

110 907 148 956 sit
158 901 264 957 deactu
277 899 347 956 maio
359 891 386 957 et
397 898 545 970 prohibito,
556 906 747 970 perseverante
759 897 784 952 in
795 911 914 953 suama-
950 897 1096 964 rectivam,
1110 900 1140 950 ut
1152 894 1317 951 dictumest.
1330 895 1409 951 Ratio
1420 905 1526 962 autem,
1540 901 1747 968 propterquam

112 990 169 1046 titia
190 997 253 1062 post
272 989 495 1060 permissionem,
510 987 573 1059 quia
594 1003 701 1058 semper
714 987 787 1044 iacta
802 987 914 1056 permis·
949 984 1175 1041 comminationes
1191 999 1340 1054 poenarum
1360 982 1467 1051 additae
1486 991 1551 1040 stant
1572 987 1599 1039 in
1616 983 1660 1040 itta
1676 983 1746 1056 iege,

111 1082 189 1136 sione
209 1078 493 1151 cessabatprobibitio
513 1081 568 1134 sire
587 1093 635 1148 por
651 1079 787 1150 propriam
806 1075 915 1146 dispen·
948 1082 992 1131 est
1014 1073 1061 1130 itta
1084 1076 1252 1144 communis,
1274 1075 1346 1147 quod
1370 1089 1472 1146 poenae
1493 1075 1663 1131 necessariae
1683 1081 1750 1130 suot

111 1173 264 1242 sationem,
280 1173 335 1226 sire
350 1185 398 1241 per
412 1169 589 1226 mutationem
605 1168 748 1239 materiae,
761 1175 793 1224 ut
806 1168 915 1239 propris
949 1167 1110 1238 praesertim
1132 1173 1242 1237 propter
1263 1165 1339 1234 titos,
1355 1165 1401 1238 qni
1415 1170 1481 1221 sunt
1494 1167 1571 1234 proni
1585 1163 1619 1220 ad
1635 1164 1747 1236 matum,

111 1260 251 1334 loquendo
269 1259 417 1317 dicendum
435 1265 487 1316 est.
503 1259 572 1314 Nam
586 1258 639 1314 boo
654 1274 741 1330 genus
758 1257 914 1327 permissio·
950 1264 982 1320 ut
996 1257 1032 1312 ait
1046 1257 1160 1312 aristot.
1175 1255 1219 1312 tib.
1233 1259 1275 1314 10.
1289 1255 1387 1312 urite.
1401 1271 1461 1328 cop.
1475 1255 1528 1312 uit.
1541 1256 1585 1311 itte
1600 1261 1690 1311 autem
1703 1271 1751 1325 po·

110 1353 155 1406 nis
175 1357 283 1407 tantum
307 1348 406 1404 babere
427 1349 516 1420 potuit
531 1346 623 1403 iocum
638 1348 662 1404 in
678 1347 828 1419 aliquibus,
844 1359 914 1416 quae
950 1345 1033 1416 putus
1055 1351 1115 1401 erat
1133 1344 1210 1400 vaide
1223 1344 1400 1414 imperfectus
1421 1351 1449 1401 et
1463 1359 1567 1416 pronus
1586 1343 1619 1400 ad
1635 1345 1749 1416 maium,

109 1457 145 1496 ex
161 1440 185 1495 vi
199 1440 264 1495 ioris
282 1445 397 1496 naturae
409 1454 461 1493 non
477 1437 605 1506 licerent,
618 1436 727 1492 seclusa
738 1434 786 1492 tali
802 1435 915 1506 permis·
950 1441 977 1490 et
994 1435 1053 1492 ideo
1069 1436 1186 1490 manime
1200 1434 1292 1490 induci
1306 1433 1403 1490 debuit
1418 1434 1672 1494 comminabonibus
1687 1449 1751 1505 poe-

110 1532 189 1584 sione
207 1528 268 1584 Dei:
288 1527 363 1600 quod
378 1535 470 1583 antem
490 1527 548 1582 iore
568 1530 683 1582 naturae
697 1541 752 1580 non
767 1523 844 1595 ticet,
861 1539 914 1580 non
949 1539 1058 1580 narum.
1072 1525 1146 1590 Quae
1161 1531 1273 1595 propter
1285 1523 1354 1579 banc
1369 1537 1483 1579 causam
1496 1523 1642 1579 ineruntin
1656 1522 1701 1578 iiia
1712 1521 1750 1578 ie-

110 1617 255 1674 fitiicitum
274 1632 323 1688 per
333 1616 468 1688 propriam
480 1615 724 1687 dispensationem,
737 1612 783 1669 sed
796 1629 845 1685 per
858 1627 915 1668 mc·
949 1629 983 1687 ge
1002 1621 1031 1670 et
1045 1613 1211 1684 multiplices
1232 1619 1259 1669 et
1272 1613 1464 1685 grauissimae,
1481 1627 1513 1668 ac
1540 1619 1684 1683 propterea
1703 1628 1751 1667 vo·

113 1708 198 1764 terias
215 1707 406 1773 mutationem,
420 1711 550 1776 utsupra
564 1704 610 1760 lib.
626 1705 659 1759 ti.
675 1702 844 1760 deciaratum
858 1708 911 1773 est,
950 1709 1031 1760 catur
1046 1703 1090 1759 ilia
1109 1702 1150 1758 ier
1167 1703 1272 1759 timoris
1288 1709 1316 1760 et
1327 1703 1481 1774 servitutis,
1497 1703 1561 1775 quia
1573 1717 1620 1773 per
1641 1705 1754 1758 commi·

110 1813 179 1870 ergo
199 1799 237 1852 ita
258 1796 315 1851 ieri
333 1797 416 1851 etiam
436 1795 527 1865 potuit
541 1794 566 1849 io
581 1793 661 1850 dictis
676 1791 914 1863 permissionibus,
949 1793 1073 1849 nationes
1090 1807 1257 1863 poenarum,
1275 1793 1361 1864 magis
1375 1807 1457 1864 quam
1473 1807 1521 1864 per
1540 1807 1660 1848 amorem
1675 1791 1753 1848 indu-

111 1892 145 1942 ιιι
164 1901 197 1942 ει
217 1884 297 1941 dictis
314 1885 396 1952 etiam
409 1883 488 1940 tacite
502 1882 613 1954 intelligi
627 1888 727 1953 potest.
743 1879 819 1939 Unde
833 1882 914 1936 etiam
950 1881 1119 1940 oebatadsui
1130 1881 1468 1940 observationemUodee
1479 1897 1612 1939 converso
1624 1883 1650 1936 in
1663 1888 1752 1938 trans·

110 1978 232 2032 sumitur
245 1975 348 2046 optima
362 1973 555 2045 congruentiae
566 1974 652 2044 ratio,
665 1973 729 2044 quia
740 1973 814 2028 Deus
825 1971 915 2043 potuit
949 1972 1122 2046 gressoribais
1134 1978 1194 2028 erat
1204 1987 1290 2030 causa
1301 1972 1462 2046 punitionis3
1475 1975 1516 2028 sio
1529 1973 1598 2029 enirn
1612 1987 1697 2044 poena
1710 1979 1754 2029 est

110 2066 183 2123 itiam
199 2064 404 2137 permissionem
419 2063 509 2119 iacere
523 2077 588 2120 cum
603 2063 774 2118 immunitate
789 2077 804 2116 a
819 2060 913 2132 culpa,
949 2062 1064 2120 effectus
1083 2061 1152 2134 tegis
1171 2062 1310 2134 poenalis,
1327 2063 1452 2136 quamvis
1467 2079 1520 2119 non
1534 2079 1642 2134 semper
1655 2062 1753 2119 eodem

110 2163 141 2213 et
158 2156 243 2211 verba
262 2153 447 2210 concessionis
466 2160 532 2208 sunt
547 2151 686 2219 absoluta,
701 2165 768 2224 ergo
784 2151 917 2226 interpre·
950 2150 1042 2208 modo.
1065 2153 1148 2223 Nam,
1166 2157 1197 2208 ut
1215 2153 1244 2206 in
1265 2151 1333 2208 libro
1347 2151 1391 2208 lv.
1408 2152 1543 2224 diximus,
1560 2152 1601 2208 Ιει
1616 2151 1752 2208 interdum

111 2245 228 2304 tandum
241 2252 300 2315 est,
311 2245 349 2301 ita
363 2243 471 2305 iecisse.
488 2241 624 2299 Probatur
635 2241 843 2314 consequentia,
857 2249 915 2296 tum
951 2257 1068 2314 poenam
1087 2244 1173 2314 ipsam
1188 2256 1236 2312 per
1251 2257 1279 2297 se
1293 2243 1455 2314 exequitur,
1472 2249 1501 2299 et
1515 2250 1580 2299 tunc
1596 2241 1649 2298 dici
1666 2246 1756 2314 potest

110 2336 177 2408 quia
196 2333 326 2389 beneficia
344 2331 491 2402 principis,
507 2336 534 2387 et
555 2332 670 2386 maxime
686 2329 802 2398 summi,
818 2328 917 2386 tatissi-
951 2346 1040 2388 causa
1059 2347 1108 2403 per
1127 2347 1172 2403 se,
1187 2338 1216 2388 et
1233 2331 1355 2402 proximo
1374 2331 1458 2402 ipsius
1473 2347 1592 2403 poenae,
1609 2330 1755 2406 aliquando

110 2439 156 2480 me
171 2428 238 2479 sunt
250 2419 466 2492 interpretanda,
483 2419 527 2476 itta
541 2426 632 2477 autem
648 2421 789 2492 permissio
804 2420 829 2476 in
843 2419 916 2476 ittius
951 2437 1017 2480 vero
1033 2421 1121 2478 sotum
1136 2429 1226 2492 tanat,
1241 2428 1270 2478 et
1284 2421 1408 2494 designat
1422 2436 1538 2493 poenam
1552 2423 1753 2494 imponendam,

111 2511 208 2586 popuii
228 2510 404 2568 commodum
420 2527 435 2567 a
449 2512 503 2566 [teo
516 2509 739 2582 concedebatur3
756 2515 815 2565 tum
835 2509 915 2566 suam
952 2517 980 2568 et
994 2521 1061 2568 tunc
1076 2510 1229 2568 immediate
1244 2510 1309 2566 iacit
1322 2511 1469 2568 obnoxium
1485 2527 1587 2582 poenae
1601 2519 1755 2584 transgres-

111 2604 180 2676 quia
194 2603 230 2670 ita
244 2603 332 2673 magis
346 2597 506 2671 expediebat
519 2596 552 2659 ud
571 2599 673 2656 bonum
688 2598 827 2671 regimen,
843 2597 918 2670 qnod
953 2617 1045 2658 sorem
1069 2601 1150 2673 tegis:
1173 2607 1275 2656 remote
1294 2605 1404 2672 autem,
1419 2607 1447 2656 et
1461 2602 1540 2673 quasi
1555 2607 1756 2673 consequenter

111 2696 187 2750 Deus
206 2688 364 2746 intendebat
385 2703 434 2759 per
451 2688 511 2744 ilias
526 2687 601 2761 teges
616 2690 719 2745 maiore
733 2685 803 2744 maia
818 2687 915 2758 uitare,
952 2700 996 2749 ssa
1010 2706 1096 2748 causa
1115 2693 1261 2762 ipsiusmet
1282 2705 1398 2762 poenae,
1414 2705 1497 2762 quam
1517 2690 1615 2764 iudex,
1632 2690 1674 2748 vet
1692 2705 1756 2748 exe.

112 2791 173 2839 tum
187 2783 286 2850 etiam,
301 2781 366 2852 quia
380 2778 432 2834 boc
446 2785 489 2834 est
503 2781 619 2836 maxime
634 2784 850 2836 consentancum
864 2775 918 2849 tegi
955 2789 1037 2840 curor
1050 2783 1180 2854 imponit,
1196 2780 1238 2836 vel
1254 2782 1375 2851 proxime
1389 2780 1485 2837 efficit.

111 2873 218 2928 divinae
228 2911 236 2940 ,
247 2871 330 2926 etiam
343 2868 488 2940 positivae,
500 2869 641 2940 nimirum,
653 2875 686 2925 ιιι
696 2867 802 2924 nattum
814 2866 918 2923 maium
997 2878 1039 2932 11.
1055 2875 1205 2930 Possumus
1222 2885 1288 2943 ergo
1309 2871 1378 2927 baec
1397 2869 1452 2926 duo
1468 2886 1569 2944 genera
1583 2871 1674 2944 legum
1689 2886 1755 2941 poe·

113 2961 215 3032 0111210
234 2960 374 3031 Ρθῐῦῑῑῑῑθῑ
391 2957 520 3029 immi&
536 2964 567 3014 ¹¹²
580 2959 620 3014 ⁵¹0
635 2957 742 3028 dmm,
759 2957 824 3013 Ιῑθθῑ
837 2971 920 3028 ⁰088·
954 2965 1056 3020 natium
1072 2963 1097 3017 io
1113 2955 1195 3018 reteri
1211 2961 1268 3032 tege
1282 2959 1467 3032 distinguere,
1482 2976 1543 3017 nam
1558 2960 1693 3033 quaedam
1704 2963 1756 3017 im·
1821 2947 1823 2962 '

115 3051 172 3106 tire
191 3049 278 3120 possit
295 3047 385 3121 aliqua
405 3047 578 3119 permittere,
594 3063 648 3103 non
668 3045 835 3120 iniungendo
855 3061 920 3119 pro·
955 3051 1092 3124 ponebant
1104 3065 1219 3122 poenam
1231 3048 1380 3119 terendam,
1395 3049 1436 3105 vet
1449 3050 1636 3122 exequendam
1649 3066 1697 3122 per
1708 3050 1758 3106 ιω.

114 3145 177 3212 12181
198 3137 243 3194 “¹⁸
261 3136 408 3209 ’iiflcialem
430 3151 543 3207 t)oentm
559 3136 639 3193 butus
659 3138 738 3194 titii·
753 3138 803 3207 Et,
820 3137 842 3191 si
856 3137 919 3208 quis
957 3143 1072 3209 minem;
1090 3139 1156 3197 atine
1168 3155 1236 3202 nero
1252 3155 1300 3210 per
1314 3153 1373 3194 sese
1387 3139 1460 3195 ittam
1480 3139 1635 3209 iaciebant,
1651 3139 1693 3195 vel
1708 3141 1759 3195 im·

115 3236 194 3286 recte
209 3225 381 3298 consideret,
394 3224 428 3281 ad
443 3224 496 3281 boc
512 3224 684 3282 suadendum
698 3225 830 3297 oppticari
841 3223 920 3280 tacite
956 3231 1102 3303 ponebant.
1118 3231 1147 3286 ln
1169 3230 1252 3301 priori
1271 3227 1366 3284 ordino
1385 3244 1456 3300 pono
1473 3244 1567 3285 omnes
1583 3227 1656 3302 leges
1671 3229 1760 3300 ampo.

115 3327 208 3392 potest
224 3317 291 3375 ratio
305 3315 467 3388 quartadiri
478 3316 613 3388 Tbomue,
626 3315 787 3388 quaprobat
800 3317 920 3372 necessi·
956 3326 1050 3378 nentes
1071 3329 1184 3393 poenam
1207 3318 1378 3389 corporatam
1398 3319 1499 3392 signis,
1520 3319 1607 3376 Levit.
1622 3322 1674 3390 213
1691 3318 1758 3390 ispi.

118 3414 203 3464 itissm
219 3405 284 3477 ¹⁰8¹ss
295 3401 409 3473 (11211182,
426 3410 450 3464 l·
463 3408 491 3476 2,
503 3421 531 3478 (1·
546 3408 593 3476 91,
606 3412 659 3463 ffl-
673 3410 800 3478 4101111111
811 3405 919 3478 probat,
955 3411 1091 3480 dationis,
1108 3408 1193 3466 Levit.
1211 3412 1264 3480 2⁴3
1280 3407 1442 3480 verborum,
1457 3410 1537 3464 baut.
1553 3412 1606 3480 25,
1623 3408 1678 3462 sive
1694 3423 1759 3478 poe·

117 3498 208 3569 legem
219 3494 338 3551 divinam
351 3494 408 3551 dari
423 3492 551 3572 debuisse
561 3494 595 3551 de
605 3495 734 3551 omnibus
745 3495 852 3551 actibus
864 3511 922 3552 mo·
957 3515 1019 3557 nam
1037 3499 1157 3568 tationis,
1172 3496 1259 3554 Exod.
1275 3501 1322 3555 21.
1339 3497 1449 3552 Certum
1464 3503 1508 3553 est
1521 3497 1604 3569 enim,
1620 3497 1670 3552 bas
1685 3496 1760 3569 leges

119 3583 223 3641 ratibus
238 3584 333 3655 bonis,
349 3583 412 3657 quia
425 3583 573 3640 necessarii
589 3591 655 3641 saint
674 3583 709 3640 ad
721 3584 841 3643 divinam
856 3586 922 3641 ami·
958 3605 1012 3646 non
1023 3587 1143 3660 obligare
1155 3587 1179 3643 in
1190 3589 1356 3643 conscientia
1365 3585 1398 3642 ad
1409 3602 1512 3659 poenae
1524 3586 1683 3643 solutionem
1696 3592 1759 3642 ante

118 3675 226 3745 citiam,
241 3680 275 3730 ιιι
288 3672 414 3730 desierat
427 3675 454 3728 in
469 3689 497 3746 q.
515 3677 567 3744 99,
584 3679 635 3730 art.
653 3677 687 3746 2,
703 3675 797 3732 iuncto
815 3681 870 3732 art.
887 3679 920 3745 2,
957 3677 1222 3735 condemnationem.
1236 3678 1304 3733 Nem
1319 3675 1517 3733 considerando
1531 3675 1614 3732 verba
1627 3675 1705 3748 tegis,
1721 3676 1760 3731 vi-

15 3843 16 3846 *
119 3779 147 3836 q.
167 3768 233 3836 100,
246 3779 309 3820 nam
322 3761 418 3820 eadem
432 3764 538 3820 ratione
549 3777 603 3820 non
618 3763 712 3821 debuit
723 3764 764 3820 lea
774 3763 865 3821 diuina
875 3779 923 3838 per
957 3767 1038 3826 detur
1052 3783 1097 3824 res
1111 3766 1200 3830 cisra,
1216 3781 1311 3823 omnes
1325 3765 1385 3821 iiias
1400 3781 1500 3838 poenas
1516 3765 1599 3822 tuisse
1616 3765 1759 3836 impositas

15 3921 19 3930 ¹
120 3852 234 3910 modum
244 3855 312 3910 iuris
321 3854 479 3925 permittere
487 3852 589 3910 matum
597 3853 818 3927 aliquod,ioqoo
831 3869 924 3926 perse·
958 3862 985 3916 ia
1001 3857 1096 3915 ordine
1109 3855 1143 3913 ad
1159 3855 1305 3913 sententias
1319 3854 1460 3926 iudicum,
1477 3863 1508 3912 ut
1520 3861 1596 3928 patet
1609 3855 1697 3912 Erod.
1711 3860 1758 3914 21.
1817 3868 1820 3876 ’

15 3953 18 3956 ’
118 3951 197 4002 reret
207 3945 309 4001 matitia
326 3943 433 4001 divinae
444 3944 578 4000 amicitiae
589 3946 739 4002 contraria.
752 3945 830 4004 Unde
840 3947 923 4001 etiam
959 3963 1024 4006 cum
1039 3947 1181 4005 similibus.
1199 3947 1265 4004 ltem
1281 3947 1307 4002 in
1322 3941 1565 4018 bis'corporatibus
1581 3947 1672 4018 poenis
1688 3945 1760 4002 idem

117 4031 313 4105 conciuditur,
340 4049 395 4090 nou
416 4032 502 4090 solam
523 4035 748 4105 permissionem,
772 4035 819 4092 sed
841 4036 922 4091 edam
958 4045 1002 4096 est
1016 4039 1206 4107 manifestum,
1224 4035 1264 4091 ret
1279 4051 1327 4107 per
1343 4051 1372 4092 se
1387 4043 1608 4107 praesumptum,
1625 4035 1671 4092 ubi
1687 4034 1761 4092 atiud

15 4119 20 4126 '
118 4139 190 4196 opus
214 4140 247 4181 ει
266 4124 311 4180 itta
328 4123 432 4180 iactum
453 4139 534 4195 posse
552 4122 605 4180 dici
624 4124 754 4181 etiectum
770 4123 829 4206 tatis
843 4124 921 4198 tegis,
959 4127 1097 4186 evidenter
1121 4143 1173 4183 non
1195 4125 1348 4182 constiterit
1367 4125 1400 4182 de
1419 4126 1560 4182 voluntate
1573 4133 1602 4182 et
1617 4132 1763 4198 praecepto

119 4217 186 4289 qnia
199 4221 259 4271 erat
278 4229 347 4285 opus
362 4213 483 4285 bonum,
499 4220 527 4270 et
539 4214 592 4270 tate
606 4214 686 4272 tiebat
700 4229 748 4286 por
762 4216 923 4272 concessio·
959 4220 1024 4289 Dei,
1041 4215 1115 4290 quod
1135 4217 1162 4272 in
1180 4214 1225 4271 itta
1245 4215 1303 4288 tege
1316 4215 1423 4272 ostendi
1438 4231 1493 4272 non
1508 4222 1609 4288 potest.
1627 4218 1664 4271 be
1678 4229 1764 4285 pecu·

15 4293 17 4327 ³
121 4321 184 4362 acm
200 4304 284 4377 legis,
297 4305 371 4360 sicut
384 4319 461 4388 opus·
471 4303 610 4376 privilegio
624 4319 790 4362 concessum
804 4310 847 4361 est
860 4303 925 4361 eus·
960 4308 1053 4365 niariis
1070 4320 1135 4362 vero
1149 4306 1244 4378 poenis
1258 4313 1353 4376 posset
1366 4304 1427 4377 quis
1442 4303 1584 4376 dubitare,
1599 4311 1631 4360 ιιι
1650 4301 1761 4375 potando

17 4393 20 4402 “
121 4396 266 4452 ctoseius.
283 4395 374 4466 Neque
388 4398 485 4449 contra
497 4391 567 4448 banc
580 4395 756 4450 assertionem
771 4399 926 4452 occurrunt
960 4397 1002 4455 tex
1024 4395 1155 4468 praecipit
1173 4394 1322 4451 restituere
1343 4393 1473 4466 duptam,
1490 4393 1618 4464 triplum,
1635 4391 1676 4448 vet
1695 4407 1763 4464 qua·

122 4485 292 4542 abiectiones
312 4481 469 4556 generalem
484 4482 547 4539 ittae
569 4498 648 4553 roro,
665 4499 736 4556 quae
751 4485 828 4541 circa
842 4485 927 4556 parti·
960 4486 1104 4558 druptnm,
1116 4491 1148 4542 ιιι
1161 4483 1249 4540 Enod.
1265 4489 1319 4554 22,
1333 4499 1396 4540 uam
1411 4483 1525 4542 uerbum
1539 4486 1680 4540 restiterat
1693 4481 1762 4538 indi-

123 4573 230 4630 cuiaria
242 4572 364 4644 exempta
383 4570 503 4628 adducta
514 4571 570 4628 iteri
583 4572 685 4644 soient,
697 4579 725 4629 et
735 4573 858 4630 difficiles
871 4589 924 4630 uon
961 4583 1008 4633 cat
1021 4575 1211 4648 obligationem
1226 4573 1252 4628 io
1266 4573 1444 4629 conscientia.
1460 4572 1512 4629 Sed
1528 4574 1702 4630 nibitominus
1717 4587 1762 4629 ve·
1823 4619 1834 4638 ,

17 4653 21 4692 2
123 4669 206 4734 suot,
222 4669 250 4719 et
268 4663 295 4718 in
315 4663 431 4734 propriis
446 4663 565 4718 materiis
580 4667 745 4720 tractantur.
762 4662 924 4721 addendum
961 4668 1019 4722 rios
1039 4665 1183 4728 existimo,
1199 4662 1333 4735 quidquid
1349 4662 1384 4718 ibi
1404 4661 1487 4718 habet
1500 4663 1633 4719 rationem
1648 4676 1763 4734 poenae,

15 4754 17 4760 ’
124 4768 188 4810 vero
202 4759 259 4824 est,
272 4750 409 4808 interdum
425 4751 450 4806 ia
465 4751 510 4808 itta
523 4751 581 4824 lege
596 4767 725 4824 expresse
737 4759 842 4810 tantum
857 4753 924 4827 dici,
961 4757 1100 4830 designari
1121 4757 1148 4811 in
1170 4752 1264 4811 ordine
1282 4751 1314 4808 ad
1334 4753 1496 4809 sententiam
1514 4751 1629 4824 indicis,
1643 4760 1672 4808 et
1684 4758 1764 4808 autea

16 4839 26 4866 ‘
126 4851 157 4900 ut
172 4843 224 4898 hoc
238 4841 281 4897 vet
295 4840 361 4897 iilud
375 4839 478 4896 iaciens
489 4855 542 4897 noo
555 4843 694 4899 subiaceat
707 4857 825 4915 poenas,
838 4849 927 4915 utpa·
963 4863 1016 4904 non
1031 4846 1170 4918 obtigere,
1186 4844 1250 4916 qnia
1265 4843 1347 4899 verba
1365 4858 1418 4897 non
1435 4841 1536 4898 babent
1551 4843 1681 4898 maiorem
1696 4843 1762 4906 vim,

125 4939 165 4990 tet
180 4930 268 4988 Exod.
286 4935 332 4990 21.
350 4939 406 4990 eto.
419 4941 448 4989 et
461 4939 526 4990 tuuc
542 4932 647 4990 ciarum
661 4939 718 5006 est,
731 4933 821 4992 sotum
835 4934 928 5008 quoad
963 4943 991 4993 et
1001 4935 1099 4992 mitiori
1115 4932 1196 4990 modo
1207 4931 1368 5004 explicanda
1380 4938 1454 4999 suot,
1466 4933 1542 4988 etita
1555 4931 1710 5003 procedunt
1721 4945 1766 4987 ra·

31 5043 33 5048 ’
123 5025 316 5096 impunitatem
330 5029 425 5080 actum
441 5023 568 5094 permitti.
962 5027 1050 5082 tiones
1066 5023 1134 5082 etiae
1149 5024 1236 5080 iactae
1250 5021 1283 5078 de
1303 5022 1408 5094 tegibus
1422 5021 1559 5078 humanis.
1577 5023 1643 5078 bico
1661 5027 1765 5092 autem,

170 5118 211 5171 aa.
228 5115 294 5169 bico
317 5115 411 5169 tertio:
433 5115 487 5170 [aas
508 5119 587 5168 vetris
609 5112 690 5169 babet
708 5113 789 5170 etiam
810 5113 926 5171 effectus
964 5112 1106 5192 quidquid
1115 5114 1204 5171 babet
1213 5116 1363 5170 rationem
1373 5127 1503 5186 poenae,
1518 5113 1581 5184 quia
1592 5110 1719 5183 id,quod
1730 5111 1765 5167 ad

15 5215 32 5238 ·'
124 5203 272 5281 poenates,
289 5217 338 5260 seu
359 5219 519 5273 poenarum.
536 5204 608 5260 tinec
627 5203 742 5262 assertio
756 5219 804 5276 per
819 5220 848 5262 se
863 5211 928 5262 uota
965 5204 1166 5262 restitutionem
1180 5203 1218 5259 rei
1233 5201 1348 5275 ablatas,
1365 5201 1405 5258 vei
1420 5201 1705 5272 recompensationem
1718 5199 1766 5258 da-

206 5311 454 5368 Suanea.bebeatbm
462 5309 585 5356 -Parstb
790 5347 801 5364 ,
1555 5309 1583 5354 bt
