4294 6238
381 343 443 407 290
1076 363 1254 412 ernnnvrr.

340 491 369 543 et
380 485 534 558 legitimum
547 491 789 558 tempus,proquo
801 484 901 542 durare
912 485 1006 557 debet,
1019 493 1051 544 ut
1064 503 1141 560 prae·
1178 504 1228 560 pro
1245 488 1376 562 longaeva
1390 487 1601 547 consuetudine.
1612 489 1698 560 lgitur
1714 489 1736 544 si
1751 486 1914 544 arbitrium
1932 490 2010 542 esset

341 579 444 648 scripta
458 579 501 632 sit.
510 576 684 648 Respondent
698 575 791 649 aliqui,
808 592 860 632 non
876 577 930 634 dici
945 581 1143 651 praescriptam
1179 577 1391 650 admittendum,
1413 579 1445 636 ad
1465 597 1605 636 summum
1624 586 1697 636 esset
1714 577 1787 636 ultra
1804 578 2006 642 decennium,

342 666 478 736 univoce,
494 667 568 722 sicut
584 664 716 735 dominia,
738 665 779 720 vel
794 666 844 723 alia
865 663 961 725 similia
981 669 1056 740 iura,
1072 683 1143 741 quae
1179 659 1204 726 id
1225 677 1267 726 est
1287 685 1319 726 an
1341 670 1405 726 illud
1420 671 1559 742 expletum
1573 671 1665 726 statim
1681 669 1818 738 sulliolnt,
1838 667 1887 722 vel
1909 665 2009 722 adbuc

340 755 492 827 praescribi
506 753 702 824 dicuntur,sed
717 755 855 828 analogice
866 762 972 814 lantum
983 765 1012 814 et
1025 772 1072 828 per
1085 758 1143 813 imi·
1180 758 1390 831 relinquendum
1405 761 1441 816 sit
1456 759 1568 815 arbitrio
1583 757 1736 830 prudentis,
1748 775 1780 814 aa
1795 758 1899 814 maius
1921 769 2012 824 expe-

342 843 1144 918 tationemquamdam,quiasullicientsrfirmetaest,licet
1180 848 1312 906 olendum
1334 851 1377 906 sit.
1391 850 1586 906 Verumtamen
1611 848 1663 904 boc
1685 849 1767 905 etiam
1785 844 2012 904 admittendum

342 951 397 992 non
413 941 535 1006 tempore
549 934 609 1006 lege
627 933 757 1006 delinito,
773 935 820 992 sed
835 936 990 994 arbitrario.
1007 935 1059 993 Sed
1076 936 1142 991 baec
1180 955 1233 995 non
1254 947 1312 1008 est,
1335 947 1394 996 tum
1416 941 1481 1013 quia
1501 949 1574 996 esset
1588 940 1666 996 nimis
1682 942 1859 1012 restringere
1880 951 2015 994 consue·

343 1023 410 1098 iuga
423 1024 577 1082 voluntarla
592 1031 645 1093 est,
662 1031 689 1082 et
703 1032 800 1082 contra
814 1041 909 1083 omnes
924 1033 1101 1098 auctores,et
1116 1025 1147 1081 il·
1181 1028 1303 1086 tudinem
1317 1029 1495 1103 longaevam,
1516 1036 1543 1087 et
1558 1029 1689 1092 incertam
1706 1029 1778 1085 illam
1796 1027 1930 1084 reddere
1953 1027 2015 1080 sine

344 1113 480 1172 liusiuris
502 1114 597 1171 timet
618 1115 761 1173 utilitatem
782 1115 1092 1184 enervatUndeslicet
1112 1115 1147 1172 sit
1182 1118 1373 1193 tentamento,
1398 1128 1458 1176 tum
1477 1122 1592 1176 manime
1614 1120 1677 1192 quia
1698 1131 1892 1190 quocumque
1926 1113 2015 1170 modo

345 1221 455 1277 verum,
472 1205 700 1261 consuetudinem
714 1205 823 1263 dillerre
836 1223 851 1262 a
866 1208 1095 1278 praescriptione,
1108 1205 1149 1262 ni·
1183 1213 1291 1280 tempus
1313 1215 1432 1281 ponatur
1452 1210 1476 1266 ln
1499 1209 1622 1282 arbitrio,
1643 1210 1795 1265 destruitur
1827 1223 1892 1263 non
1916 1204 2016 1260 solum

345 1293 615 1351 hilominusneoesse
626 1295 900 1364 est,utconsuetudo
915 1296 971 1363 illa,
985 1311 1056 1368 qnae
1069 1311 1148 1366 prae·
1184 1299 1301 1366 veritas,
1324 1299 1371 1356 sed
1390 1298 1469 1356 etiam
1485 1300 1606 1371 species,
1634 1297 1675 1354 vel
1689 1297 1817 1354 colorata
1838 1295 2014 1352 denomina-

347 1386 452 1456 scripla
466 1383 648 1458 dicitur,curn
665 1386 879 1456 praescriptione
894 1387 1038 1443 conveniat
1053 1387 1148 1464 saltem
1183 1389 1221 1444 tio
1236 1389 1419 1460 praescriptae
1435 1389 1654 1459 consuetudinis,
1671 1395 1703 1444 ut
1716 1389 1804 1458 prima
1820 1387 1917 1443 etiam
1940 1386 2016 1440 ratio

347 1476 376 1530 in
387 1474 567 1532 diuturnitate
580 1477 723 1547 temporis,
734 1491 779 1547 per
793 1475 868 1548 quod
884 1476 996 1549 lrrmari,
1012 1492 1061 1533 seu
1074 1491 1149 1549 prae·
1185 1476 1257 1534 lacta
1272 1477 1442 1534 sufficienter
1457 1478 1565 1550 probat.
1581 1479 1616 1535 Et
1629 1493 1682 1533 non
1698 1491 1794 1548 parum
1812 1477 1902 1532 iuvat
1920 1481 2017 1546 eaput

346 1563 430 1620 scribi
444 1564 563 1633 dicitur,
579 1565 646 1621 alins
660 1565 722 1621 nibil
738 1567 806 1622 certi
822 1581 854 1622 ex
868 1566 911 1622 illa
933 1566 1155 1642 denominatione
1188 1566 1458 1634 condelectatam
1473 1568 1682 1637 consuetudine,
1695 1569 1741 1624 ibi:
1760 1571 1796 1626 Si
1811 1566 1898 1625 talis
1905 1564 2017 1637 fuerit

347 1653 524 1710 haberemus.
540 1654 616 1711 Unde
632 1671 696 1711 cunr
717 1654 785 1712 illud
803 1656 847 1712 ius
865 1654 961 1712 codem
978 1663 1071 1713 tenore
1091 1671 1151 1712 ver·
1186 1655 1363 1728 consuetodo
1376 1655 1513 1732 probato,
1532 1673 1609 1730 quoe
1622 1660 1684 1714 iuri
1697 1662 1858 1714 commeent
1878 1659 2016 1731 proelu-

349 1743 451 1802 borum
467 1747 603 1818 requirat,
619 1745 846 1802 consuetudinem
861 1761 921 1802 esse
942 1749 1149 1819 praescriptam,
1186 1745 1274 1802 dicet.
1291 1749 1364 1814 Quae
1379 1747 1464 1804 verba
1478 1753 1648 1818 supponunt,
1658 1747 1739 1804 talem
1760 1745 2013 1804 consuetudinem

350 1833 424 1890 siout
435 1834 484 1890 alia
496 1834 608 1890 decreta
621 1833 773 1906 postulant,
789 1842 819 1891 ut
831 1836 873 1890 ius
884 1835 1009 1909 eligendi,
1022 1836 1063 1892 vel
1078 1835 1153 1892 aliud
1187 1852 1241 1894 non
1257 1837 1372 1909 relinqui
1388 1836 1497 1893 arbitrio
1520 1836 1527 1902 l
1533 1837 1572 1892 sic
1587 1837 1659 1892 enim
1675 1838 1733 1906 vla,
1749 1843 1797 1894 arat
1814 1835 1904 1893 nullo
1925 1833 2013 1890 modo

351 1923 437 1979 simile
453 1923 572 1996 legitime
587 1924 802 2004 praescribatur,
816 1939 928 1982 necesse
942 1933 997 1996 est,
1010 1931 1041 1982 ut
1057 1926 1152 1982 saltem
1188 1925 1296 1998 probari
1311 1927 1422 1997 possctl,
1438 1924 1484 1982 sed
1501 1925 1600 1982 babere
1614 1933 1717 1983 certam
1732 1927 1757 1982 in
1774 1928 1838 1983 inre
1858 1935 2012 1993 naturam,

352 2012 443 2086 quoad
459 2015 588 2084 temporis
601 2014 854 2072 determinationem
871 2017 987 2072 univoce
1010 2015 1152 2089 loquatur,
1189 2030 1221 2071 ac
1236 2015 1446 2083 solemnitatem,
1459 2030 1491 2071 ac
1507 2013 1620 2070 subinde
1637 2023 1747 2072 certum
1764 2021 1899 2089 tempus,
1909 2015 1937 2070 in
1954 2029 2013 2087 quo

284 2131 293 2140 ν
353 2103 1154 2179 aliasnonsatisillemproprietatemexplicasse13etideo
1191 2103 1808 2176 praescribendasit,utibiGlossaadvcrtit.
1874 2097 1877 2102 ’

352 2193 607 2250 Panormitanuset
626 2194 681 2250 lere
702 2210 796 2250 omnes
810 2202 965 2268 exponunt,
982 2195 1080 2252 debere
1094 2211 1155 2252 esse
1231 2194 1318 2250 Tertio
1333 2195 1514 2251 confirmatur
1528 2192 1622 2250 eadem
1638 2196 1789 2266 sententia,
1806 2195 1879 2268 quia
1896 2199 2013 2250 contra·

353 2284 569 2356 praescriptam,
584 2282 610 2340 id
626 2292 669 2341 cst
681 2283 820 2341 obtentam
836 2300 884 2357 per
899 2301 1015 2343 cursum
1027 2286 1156 2358 temporis
1191 2288 1232 2344 ria
1246 2283 1604 2357 supponit,diuturaitatem
1619 2285 1749 2356 temporis
1764 2301 1820 2340 non
1838 2301 1894 2357 per
1910 2281 2012 2352 se,sed
2110 2275 2111 2330 l

355 2373 517 2430 sufficientis
539 2372 573 2430 nd
594 2376 846 2447 praescriptionem,
868 2376 921 2432 imo
944 2377 1034 2447 ipsum
1056 2391 1155 2432 nomen
1192 2393 1241 2450 per
1257 2376 1384 2434 accidens
1396 2373 1498 2446 requiri
1513 2373 1545 2430 ad
1558 2373 1895 2448 consuetudinem,quae
1911 2375 1940 2429 in
1952 2373 2013 2428 iure

356 2463 579 2534 praescriptionis
596 2462 648 2519 lert
662 2479 756 2520 secum
773 2464 840 2520 certi
856 2460 1158 2536 temporisdete'rmina·
1194 2468 1363 2541 praescripta
1384 2463 1503 2536 dieitur,
1526 2479 1700 2537 consequens
1720 2471 1763 2521 est
1784 2465 1911 2536 laisum,
1929 2477 2010 2534 ergo.

358 2553 475 2624 tionem,
492 2551 555 2608 nam
570 2541 643 2626 quod
656 2553 833 2611 arbitriarum
848 2562 908 2627 est,
925 2570 979 2612 non
995 2561 1084 2627 potest
1104 2555 1158 2614 dici
1194 2556 1355 2615 beclaratur
1369 2554 1481 2626 sequela
1490 2569 1522 2610 ex
1536 2553 1710 2636 luqdamento
1723 2556 1885 2612 contrariae
1899 2559 2014 2610 senteu-
2110 2593 2111 2596 ,

356 2651 476 2715 certum,
496 2643 536 2699 vel
552 2646 764 2716 praescriptum.
1159 2679 1163 2686 ·
1195 2648 1258 2704 tiae.
1274 2649 1375 2702 Putant
1394 2644 1482 2712 enim,
1505 2643 1734 2703 consuetudinem
1749 2644 1782 2701 ad
1802 2645 1948 2714 ell'ectus,
1964 2643 2012 2715 qui

397 2735 423 2791 l.
440 2733 568 2790 Secundo
582 2735 763 2790 confirmatur
777 2734 829 2790 boc
849 2748 880 2790 ea
900 2735 1081 2806 appellatione
1097 2735 1154 2791 loa·
1193 2735 1230 2793 illi
1254 2736 1427 2803 tribuuntur,
1444 2733 1534 2790 solum
1551 2734 1651 2807 requiri
1666 2741 1697 2791 ut
1711 2735 1820 2808 signum
1841 2734 1929 2792 taciti
1945 2747 2012 2788 con·

272 2826 277 2835 '
358 2839 459 2896 gaevae
479 2823 702 2894 consuetudinis,
723 2823 1035 2896 quaidemcapitulum
1056 2827 1156 2895 utitur;
1190 2839 1293 2880 sensus
1312 2822 1459 2896 principis,
1486 2828 1514 2878 et
1538 2821 1600 2879 inde
1614 2823 1760 2892 inierunt,
1785 2839 1840 2880 non
1863 2823 2011 2896 postulare
2110 2841 2111 2900 f

360 2929 431 2988 quae
446 2913 590 2985 appellatio
605 2921 716 2984 sumpta
730 2920 773 2969 est
785 2929 818 2970 ex
834 2915 893 2970 iure
908 2915 990 2984 civili,
1005 2915 1160 2986 Codquce
1196 2923 1304 2971 certum
1326 2919 1452 2984 tempus,
1474 2911 1520 2966 sed
1541 2911 1617 2985 quod
1631 2913 1742 2970 arbitrio
1763 2913 1828 2970 boni
1851 2915 1907 2969 viri
1926 2911 2012 2968 interit
2110 2917 2111 2958 ἒ

360 3008 399 3062 se't
414 3003 504 3077 lonpc
519 2996 708 3072 consuetudo,
724 3004 796 3059 etlbi
811 3005 836 3058 in
852 3003 907 3076 tt,
919 3014 947 3061 et
958 3004 1015 3060 aliis
1033 3005 1100 3062 locis
1113 3020 1160 3062 vo·
1198 3003 1230 3060 ad
1252 3002 1426 3060 indicandum
1454 3017 1622 3059 eonsensum
1646 3005 1776 3076 principis
1798 3003 2008 3062 necessarium.

361 3102 442 3152 catur
461 3092 620 3160 diuturno,
639 3100 670 3149 ut
683 3092 710 3148 in
728 3095 808 3163 icore
822 3097 979 3168 scriplum,
999 3093 1162 3151 institutis
1199 3095 1264 3150 llino
1285 3108 1370 3167 ergo,
1391 3095 1418 3148 in
1441 3094 1500 3150 loro
1521 3109 1554 3150 ea
1569 3093 1613 3148 illa
1628 3094 1753 3164 opinione
1768 3102 1884 3166 tempus
1904 3091 2011 3164 requiri

361 3187 417 3244 iur.
428 3193 517 3242 natur.
527 3191 666 3256 gent.eto.
681 3190 709 3240 et
724 3184 750 3238 in
765 3182 784 3239 l.
796 3181 953 3250 diuturna,
964 3184 1034 3241 ilde
1045 3183 1159 3256 legibus.
1197 3200 1244 3256 per
1260 3183 1398 3252 accidens,
1414 3183 1478 3256 quia
1492 3183 1636 3255 contingit,
1648 3184 1756 3256 signum
1771 3198 1935 3241 consensus
1952 3193 2009 3235 ma·

361 3277 480 3347 Tempus
495 3281 586 3330 autent
608 3273 737 3347 longum,
754 3289 803 3330 seu
824 3273 987 3345 longaevum
1004 3290 1058 3330 corr
1073 3281 1117 3331 est
1135 3274 1162 3330 in
1198 3275 1262 3345 lori,
1286 3271 1328 3330 vel
1344 3260 1448 3328 'minori
1469 3279 1592 3344 tempore
1610 3273 1814 3344 consummari3
1832 3285 1899 3329 nam
1916 3285 1967 3343 per
1981 3281 2009 3323 se

362 3367 421 3424 iure
437 3365 613 3435 indefinitum,
630 3381 681 3421 nec
697 3363 862 3438 relinquitur
880 3365 991 3422 arbitrio
1006 3365 1162 3438 prudentis,
1199 3380 1252 3423 noa
1274 3364 1431 3435 postulatur
1456 3370 1584 3434 tanquam
1609 3361 1729 3419 conditio
1755 3361 1937 3430 necessaria,
1968 3361 2010 3413 est

363 3457 410 3514 sed
432 3455 545 3530 requirit
560 3463 669 3526 tempus
690 3455 788 3512 saltem
809 3454 904 3511 decem
926 3471 1071 3513 ancorum.
1086 3454 1164 3513 Unde
1199 3469 1265 3527 ergo
1286 3453 1361 3510 clara
1382 3451 1492 3524 sequela
1514 3452 1540 3506 ia
1561 3450 1636 3509 dicta
1659 3451 1802 3508 sententia.
1821 3451 1945 3508 Falsitas
1962 3461 2010 3503 au·

364 3546 488 3604 absolute
502 3545 607 3603 dictum
619 3543 740 3618 longene
751 3551 867 3619 tenipus
882 3545 1085 3619 distinguitura
1096 3551 1164 3602 tem·
1201 3551 1255 3600 tem
1270 3543 1329 3598 eius
1347 3543 1490 3614 probatur,
1508 3546 1566 3596 tum
1580 3555 1613 3598 ex
1632 3541 1761 3597 discursu
1775 3541 1870 3613 lacto,
1889 3539 1954 3613 quin
1968 3534 2008 3590 sic

364 3653 431 3710 poro
445 3637 516 3693 inlra
529 3635 707 3698 decennium,
723 3635 798 3709 quod
814 3634 896 3691 breve
917 3643 1083 3707 reputatur,
1101 3643 1128 3691 et
1148 3649 1164 3690 a
1200 3633 1288 3689 orrrnis
1309 3631 1405 3688 umbra
1425 3630 1645 3702 praescriptionis
1668 3629 1778 3686 tolletur
1793 3645 1807 3686 a
1823 3629 1871 3685 tali
1888 3637 2008 3684 consue·

365 3735 487 3804 tempere
501 3725 572 3782 ultra
587 3723 752 3798 vicennium,
765 3722 839 3796 quod
852 3723 1039 3796 longissimum
1051 3723 1163 3792 dicitur,
1202 3722 1310 3790 tudine,
1333 3735 1395 3776 nam
1417 3720 1596 3791 praescriptio
1618 3715 1668 3790 per
1687 3734 1716 3775 se
1733 3719 1858 3791 postulat
1875 3716 2008 3788 temporis

315 3799 320 3808 ’
366 3816 615 3887 complectiturque
629 3829 645 3869 a
658 3811 790 3892 decennio
806 3829 896 3885 usque
910 3811 943 3868 ad
959 3813 1123 3883 vicennium,
1138 3819 1167 3869 ct
1201 3826 1328 3879 cursum,
1346 3817 1374 3866 et
1386 3809 1647 3881 determinationem,
1658 3809 1733 3867 iuxta
1747 3808 1862 3866 modum
1879 3801 2007 3880 loquendi

366 3907 402 3962 ita
417 3906 490 3962 iuxta
504 3906 594 3959 varias
614 3903 740 3958 materias
757 3901 798 3958 rel
813 3903 1039 3958 circumstantias
1056 3902 1125 3958 solet
1140 3901 1165 3958 in
1201 3901 1320 3957 omnium
1332 3900 1517 3956 iuriam.l'um
1528 3898 1724 3972 marime,quia
1736 3897 1913 3955 consuetudo
1925 3907 2005 3963 saepe

367 3995 426 4051 iure
440 3993 617 4059 decennium,
634 3990 674 4046 vel
690 3991 841 4047 vicennium
857 3990 1000 4063 postulari.
1018 3993 1091 4058 tiarae
1108 4007 1168 4048 orn·
1202 3997 1428 4059 consummatur,
1443 3995 1471 4044 et
1484 3988 1691 4060 praescribitur,
1706 3989 1813 4044 etiamsi
1826 3987 1928 4045 iudicio
1941 3996 2007 4056 pru·

368 4084 411 4140 nia
422 4087 550 4140 constant
562 4088 615 4137 tom
626 4096 659 4136 ex
672 4080 783 4136 rubrica
795 4081 825 4136 G.
839 4078 872 4136 de
885 4080 1096 4153 praescriptione
1109 4081 1167 4137 lon·
1202 4079 1288 4137 denas
1304 4095 1356 4136 aon
1372 4078 1493 4134 sufficiat
1511 4078 1544 4135 ad
1560 4077 1738 4134 iudicandum
1752 4091 1921 4135 consensum
1937 4072 2006 4146 pria·
2110 4143 2111 4146 Ἴ

368 4177 395 4249 gl
412 4175 560 4246 temporis,
576 4187 660 4244 quam
674 4187 709 4227 ex
724 4169 742 4227 l.
762 4174 785 4235 t,
801 4179 829 4227 et
843 4177 871 4241 t,
886 4177 915 4228 et
927 4187 959 4228 ex
975 4173 1017 4228 tit.
1032 4171 1165 4243 sequenti,
1202 4169 1282 4242 cipis,
1296 4168 1405 4225 secluso
1419 4168 1477 4224 iure
1490 4166 1620 4241 humano,
1637 4183 1669 4224 nc
1685 4166 1800 4224 subinde
1812 4168 1873 4224 talis
1888 4175 2003 4224 consue·

368 4282 436 4339 crgo
450 4279 515 4321 cum
529 4263 574 4318 lue
586 4261 619 4317 ad
634 4259 864 4316 consuetudinem
875 4261 1045 4318 sufficienter
1055 4261 1166 4317 robora·
1204 4259 1270 4315 tudo
1285 4273 1339 4314 aon
1355 4257 1412 4314 ideo
1428 4257 1595 4328 praescripta
1609 4263 1662 4327 est,
1676 4257 1741 4329 quia
1755 4257 1869 4313 durarit
1885 4263 2004 4324 tempore
2110 4285 2111 4288 =

367 4365 424 4414 tam
436 4369 485 4410 scu
503 4351 698 4424 praescriptam
715 4350 826 4420 longum
843 4357 949 4422 tempus
964 4349 1099 4423 requirat,
1113 4366 1167 4406 non
1204 4349 1356 4405 sufficiente
1372 4345 1594 4404 adiudicandum
1609 4361 1775 4404 consensum
1790 4346 1924 4418 principis
1939 4339 2003 4398 iudi·

368 4445 504 4505 indellnite
519 4442 657 4515 loquitur,
673 4439 720 4497 sed
735 4427 892 4498 secundum
904 4441 965 4513 ius,
981 4447 1009 4497 et
1027 4439 1062 4496 ad
1076 4441 1167 4498 minus
1204 4437 1247 4494 cio
1264 4436 1414 4508 prudentis,
1430 4435 1477 4493 sed
1493 4437 1596 4508 potius,
1613 4438 1678 4507 quia
1691 4437 1862 4508 praescripta
1875 4442 1929 4507 est,
1945 4429 2003 4487 ideo

369 4533 611 4611 postulatldelinite
625 4530 797 4587 decennium.
1204 4527 1306 4584 indicat
1320 4529 1436 4584 tacitum
1452 4541 1617 4583 consensum
1629 4526 1776 4598 principis3
1793 4541 1860 4600 ergo
1873 4525 1917 4582 illa
1928 4531 2001 4594 prae·

409 4626 482 4685 Unde
502 4627 523 4681 si
545 4621 646 4694 aliquid
660 4626 733 4676 esset
747 4620 858 4677 arbitrio
873 4619 1099 4693 relinquendum,
1115 4635 1168 4675 non
1204 4617 1315 4688 scriptio
1329 4632 1382 4672 rrou
1397 4621 1489 4688 potest
1502 4617 1652 4672 consistere
1664 4618 1690 4671 ia
1702 4615 1924 4672 determinatione
1939 4618 2003 4667 ten·

369 4724 443 4776 esset
463 4713 497 4770 de
513 4720 570 4770 toto
584 4711 716 4768 decennio
730 4708 928 4789 accipiendum
946 4725 1008 4765 narn
1023 4710 1075 4766 boc
1090 4709 1168 4781 quasi
1205 4709 1279 4778 poris
1294 4721 1342 4778 per
1361 4705 1491 4763 iudicium
1512 4706 1674 4778 prudentis3
1693 4723 1759 4780 ergo
1773 4708 1800 4762 in
1820 4712 1896 4763 certa
1916 4701 2000 4771 alique

297 4875 299 4880 Ι
370 4822 420 4882 per
431 4821 460 4861 se
472 4803 619 4875 requiritur
630 4799 664 4856 ad
676 4797 904 4856 consuetudinem
917 4799 1040 4854 absolute
1051 4797 1164 4864 dictam,
1205 4795 1408 4853 continuatione
1428 4796 1486 4853 iure
1500 4795 1617 4852 delinita.
1630 4797 1844 4868 consequentiae
1860 4809 1907 4867 per
1918 4805 1946 4846 se
1960 4800 2002 4858 pa·

371 4905 403 4954 ut
424 4893 506 4951 sentit
520 4892 615 4948 Glossa
630 4894 654 4948 l.
669 4890 693 4944 in
710 4905 770 4960 cap.
785 4887 835 4944 ult.
852 4886 885 4943 dc
900 4889 1067 4943 conestable
1083 4889 1110 4953 6,
1124 4886 1169 4942 ubi
1206 4892 1274 4943 tent.
1284 4886 1456 4943 antecedens
1467 4894 1560 4943 autem
1571 4885 1709 4942 constabit
1720 4900 1754 4941 er
1765 4884 1889 4942 dicendis
1900 4899 1926 4939 c.
1936 4875 1999 4936 XVI·

372 4991 424 5058 ait,
447 4987 473 5040 in
494 4986 552 5040 iure
572 4980 705 5037 canonico
724 4976 953 5034 consuetudinem
973 4977 1168 5048 praescriptam
1206 4977 1240 5034 de
1255 4977 1455 5035 constretudine
1471 4977 1623 5032 sufficiente
1640 4974 1672 5030 nd
1687 4975 1875 5031 revocandum
1889 4976 1939 5029 ius,

371 5077 480 5149 intelligi
500 5071 682 5147 quadraginta
702 5084 855 5139 annorum,
875 5065 1104 5123 consuetudinem
1120 5081 1169 5121 au·
1247 5073 1274 5124 tl.
1295 5066 1336 5124 Ad
1361 5065 1567 5123 tundamentum
1590 5079 1656 5136 ergo
1681 5065 1834 5120 contrariae
1861 5056 1999 5119 sententiae

372 5181 427 5229 tem
446 5163 570 5224 absolute
592 5161 694 5217 dictam
711 5160 804 5231 utique
819 5157 1039 5214 introducentem
1055 5157 1114 5226 ius,
1131 5156 1170 5210 in·
1207 5171 1276 5230 nego
1292 5159 1435 5224 minorem,
1447 5169 1598 5228 asscroque
1610 5155 1660 5210 boc
1676 5159 1784 5225 tempus
1795 5168 1856 5210 esse
1871 5147 1999 5208 delinitura

372 5258 456 5335 telligi
471 5253 565 5313 saltem
580 5250 676 5309 decern
692 5249 837 5321 nandium,
852 5248 918 5322 quia
933 5247 1053 5306 sumitur
1067 5245 1168 5305 saltem
1209 5263 1257 5322 per
1269 5246 1311 5306 ius
1326 5246 1486 5320 positiuuu,
1499 5243 1542 5303 vel
1556 5245 1736 5318 canonicum,
1749 5241 1791 5300 vel
1806 5241 1883 5300 civile
1897 5239 1930 5297 ab
1944 5245 1994 5291 noo
