4284 6246
406 382 467 445 atu
1107 398 1269 450 nrasnvr.

365 521 626 596 dispensationis,ut
640 523 767 596 princeps
790 520 1164 596 intelligatquodeoncedit,
1203 524 1253 580 nisi
1278 523 1388 597 quando
1406 522 1648 581 occurruut'sliae
1672 523 1900 582 circumstantiae
1920 523 2009 596 expli·

364 620 392 671 et
408 621 491 670 totam
507 613 708 680 relaxationem,
724 627 807 684 quum
824 611 849 668 in
864 611 924 685 lege
940 611 1015 670 iacit.
1202 619 1295 684 celae,
1315 621 1346 670 ut
1366 614 1433 670 satis
1453 620 1594 670 ostensum
1616 619 1673 670 est:
1696 615 1782 687 magis
1802 624 1896 672 autem
1915 614 2008 671 decla·

404 707 432 761 6.
448 701 606 760 &cundum
626 700 781 771 exemplum
801 715 861 758 esse
880 707 987 772 potest,
1006 703 1027 759 si
1042 701 1103 774 quis
1118 700 1166 758 ba·
1201 701 1326 772 rabitur,
1347 703 1437 774 aliqua
1462 704 1600 776 exempla,
1625 709 1654 760 et
1673 705 1752 778 quasi
1772 704 1918 762 corollaria
1942 705 2008 761 alie·

364 794 430 850 bens
455 803 550 848 rorum
575 792 708 847 castitatis
733 789 852 846 obtineat
875 789 1105 862 dispensationem
1131 790 1165 846 ad
1201 790 1296 848 rendo.

364 897 450 940 unum
464 881 667 937 matrimonium
684 878 913 951 contrabendum,
927 886 955 936 et
971 886 1081 936 mortua
1098 893 1165 935 uno·
1240 887 1267 939 8.
1291 883 1410 940 Primum
1431 882 1482 953 sit,
1502 880 1613 954 quando
1632 881 1732 955 aliquis
1750 889 1864 954 propter
1886 898 2010 954 scrupu-

362 988 408 1042 re,
428 971 529 1028 iterum
547 976 623 1042 petat
640 969 871 1039 dispensationem
891 967 925 1024 ad
953 967 1164 1034 matrimonium,
1201 972 1270 1044 lum„
1285 972 1326 1026 vel
1341 971 1456 1028 dubium
1469 973 1564 1042 prioris
1576 971 1787 1043 dispensationis
1799 975 1867 1043 petit
1877 973 1958 1028 aliam
1971 971 2008 1027 de

363 1063 447 1118 tacita
462 1060 558 1132 priori,
574 1061 701 1117 existimo
711 1059 795 1128 euim,
805 1058 982 1138 posteriorem
997 1073 1058 1114 essa
1073 1071 1167 1113 surre-
1200 1059 1294 1117 eedem
1311 1058 1380 1134 lege,
1397 1060 1598 1133 impedimento,
1612 1061 1790 1131 delectu,aut
1802 1067 1915 1130 voto,et
1930 1059 2006 1117 illam

290 1148 293 1153 ’
363 1152 468 1224 ptitiam
492 1156 607 1221 propter
627 1149 760 1206 rationem
775 1151 898 1219 proxime
912 1147 1022 1219 tactam,
1034 1146 1099 1218 quia
1113 1161 1165 1202 nou
1204 1147 1339 1207 obtineret
1357 1151 1499 1222 aequalem
1520 1150 1611 1224 quoad
1627 1151 1759 1224 gratiam,
1774 1152 1920 1207 certiorem
1939 1165 2008 1206 vero

363 1247 453 1314 potest
470 1238 593 1296 Pontifex
608 1239 754 1309 concipere
769 1245 900 1309 quantam
916 1236 1109 1294 relaxationem
1126 1235 1167 1293 ia·
1200 1239 1290 1311 quoad
1304 1239 1677 1299 circumstantiaslixistimo
1689 1240 1930 1312 enim,secundaan
1944 1254 2008 1297 esse

362 1334 417 1389 ciat
437 1333 464 1387 in
485 1330 530 1386 illo
551 1335 625 1385 voto.
638 1328 759 1385 Tertiaam
780 1327 935 1401 exemplum
956 1328 1008 1397 sit,
1031 1327 1054 1384 si
1068 1325 1166 1398 aliquis
1201 1325 1335 1397 validam,
1361 1330 1539 1386 etiamsinon
1558 1328 1732 1398 declaretur,
1750 1315 1806 1401 pe'ti
1825 1336 1937 1401 propter
1952 1328 2007 1386 du·

362 1421 446 1480 semel
469 1419 587 1476 obtinuit
605 1417 832 1488 dispensationem
853 1415 887 1473 nd
909 1417 1113 1473 matrimonium
1139 1415 1165 1471 in
1199 1416 1275 1475 bium
1296 1419 1394 1490 prioris
1414 1405 1639 1491 dispensationis,
1662 1433 1751 1493 neque
1765 1419 1848 1476 huius
1867 1420 1914 1477 dat
1928 1433 2007 1474 men·

363 1510 551 1583 impedimento
571 1505 791 1564 uxoricidiioum
806 1505 1054 1575 machinationem
1070 1511 1166 1577 postea
1200 1510 1251 1577 tio,
1282 1508 1331 1565 sed
1355 1509 1480 1569 absolute
1499 1510 1785 1582 proponaturgratiu,
1806 1525 1855 1566 seu
1875 1508 2007 1564 relaxatio

363 1601 462 1658 iterum
484 1598 572 1655 simila
585 1597 689 1654 crimen
704 1595 876 1663 committat,
891 1603 918 1652 et
932 1596 1010 1652 aliam
1024 1593 1166 1666 dispensa·
1200 1598 1318 1668 vinculi,
1339 1614 1410 1670 quae
1424 1597 1600 1671 postulatur,
1615 1605 1643 1656 et
1658 1613 1721 1656 rera
1736 1613 1768 1656 ac
1783 1597 1902 1672 legitima
1918 1611 2007 1654 eausa

364 1691 467 1749 tionem
482 1688 516 1744 de
529 1687 574 1742 illo
589 1691 675 1756 petat,
686 1699 741 1741 ηοη
755 1684 830 1740 iacta
845 1686 980 1742 mentione
995 1683 1103 1757 prioris.
1115 1687 1165 1741 Ar·
1201 1685 1421 1760 dispensationis.
1449 1690 1529 1746 Ratio
1548 1696 1607 1760 est,
1631 1689 1696 1762 quia
1714 1694 1810 1745 contra
1833 1687 1940 1744 nullum
1959 1689 2006 1743 ius

362 1782 494 1854 gumeuto
512 1777 531 1834 l.
549 1781 577 1846 3,
592 1777 623 1832 C.
643 1773 677 1830 de
695 1773 842 1845 episcopali
863 1773 971 1831 audien.
994 1775 1105 1832 dicens:
1127 1775 1166 1833 Ut
1204 1777 1350 1847 positivum
1360 1785 1413 1850 est,
1422 1795 1474 1836 nec
1486 1779 1510 1835 in
1525 1794 1553 1836 se
1564 1779 1687 1836 eontinet
1699 1779 2005 1851 taciturnitatem,qune

361 1870 563 1926 remissionem
578 1866 683 1921 oraine
696 1865 836 1929 masinae,
847 1865 908 1920 nbi
922 1861 1011 1920 sancei
1026 1865 1165 1936 commis·
1201 1868 1381 1925 verisimiliter
1401 1868 1500 1926 reddat
1518 1868 1728 1926 involuntariam
1749 1867 1930 1940 posteriorem
1947 1867 2006 1924 dis·

362 1973 415 2024 sn,
437 1972 497 2014 non
513 1953 651 2019 babeant,
669 1959 724 2010 eta.
741 1954 819 2009 Ratio
833 1967 900 2026 ergo
914 1959 968 2024 est,
983 1954 1049 2026 quia
1065 1967 1165 2009 seeun-
1200 1957 1402 2029 consutionem,
1425 1973 1514 2031 neque
1533 1959 1632 2031 ingerit
1645 1957 1850 2030 deceptionem,
1865 1956 1908 2013 rel
1926 1958 2006 2030 igno-

362 2046 434 2104 dum
444 2046 548 2102 crimen
563 2041 684 2100 eiusdem
699 2042 812 2099 rationis
824 2044 984 2114 praesertim
997 2043 1065 2100 adeo
1079 2059 1164 2116 grave
1199 2043 1315 2104 raetiam
1336 2047 1478 2120 relinquit,
1499 2062 1571 2120 quae
1591 2047 1672 2105 iaciat
1692 2046 1726 2104 ad
1746 2061 1870 2104 causam.
1889 2048 1926 2104 Et
1949 2047 2005 2104 hoe

362 2135 542 2194 commissum
562 2139 627 2206 post
645 2131 834 2188 remissionem
855 2131 933 2203 primi
950 2134 1035 2204 magis
1050 2147 1164 2204 poenam
1200 2136 1281 2195 morlo
1302 2144 1394 2209 posset
1409 2137 1533 2210 intelligi,
1556 2136 1629 2210 quod
1644 2137 1746 2196 decisio
1760 2139 1846 2194 Rotae
1866 2153 1952 2208 supra
1965 2137 2005 2193 ci-

363 2230 508 2293 meratur,
531 2229 558 2278 et
581 2220 722 2279 diliioiliue
745 2222 906 2278 remissibile
925 2229 976 2279 est.
994 2225 1033 2279 lta
1051 2239 1117 2297 ergo
1136 2225 1164 2280 in
1199 2231 1256 2284 tata
1275 2227 1359 2301 dicit,
1381 2229 1491 2300 quando
1516 2230 1652 2300 posterior
1674 2226 1839 2300 dispensatio
1858 2227 1893 2284 ad
1919 2241 2006 2292 unum

362 2313 499 2386 praesenti
516 2309 637 2369 secunda
650 2311 815 2383 dispensatio
829 2318 871 2368 est
891 2310 971 2385 longe
985 2312 1122 2371 difficilior
1137 2315 1164 2370 in
1198 2323 1227 2372 et
1241 2315 1369 2373 eumdem
1383 2318 1462 2374 finem
1475 2316 1562 2374 tendit
1576 2333 1640 2374 oum
1652 2317 1749 2388 prima,
1767 2331 1820 2372 non
1832 2332 1894 2373 esse
1907 2331 2006 2373 neees-

364 2403 487 2460 eeeundo
511 2403 624 2459 crimine
643 2408 708 2472 post
721 2400 950 2474 dispensationem
963 2405 991 2460 in
1005 2406 1092 2475 primo
1108 2404 1162 2460 eri·
1196 2407 1305 2462 sarium
1320 2406 1409 2464 iecere
1423 2407 1503 2463 istius
1518 2408 1694 2478 mentionem,
1707 2412 1736 2464 et
1749 2405 1838 2463 reddit
1856 2408 2005 2480 rationem,

362 2495 454 2564 mine3
480 2498 509 2550 et
532 2491 591 2548 ideo
614 2506 703 2564 neque
726 2493 846 2565 gravitas
862 2491 1059 2564 impedimenti,
1074 2509 1163 2568 neque
1199 2495 1262 2566 quia
1284 2501 1350 2552 tunc
1371 2512 1425 2552 una
1446 2494 1611 2567 dispensatio
1632 2495 1753 2567 suffieit,
1776 2497 1872 2568 utique
1890 2497 2006 2554 obtenta

363 2584 463 2658 gratia,
481 2597 553 2655 quae
567 2579 737 2648 conceditur,
753 2581 922 2638 sufficienter
936 2583 1093 2654 coneipitur
1107 2584 1163 2640 sina
1198 2596 1263 2640 cum
1284 2583 1436 2642 sullicienti
1450 2585 1489 2643 rei
1507 2592 1535 2642 et
1552 2601 1653 2643 causae
1667 2584 1849 2642 declaratione
1864 2592 1894 2643 et
1908 2587 2006 2659 cogni·

362 2672 537 2744 expressione
553 2671 651 2743 prioris
664 2668 917 2740 dispensatoriae
929 2671 990 2728 ideo
1006 2674 1101 2731 merito
1115 2689 1164 2745 po·
1198 2673 1282 2744 tione.
1302 2675 1337 2731 Et
1360 2673 1421 2731 ideo
1443 2676 1523 2732 etiam
1547 2691 1602 2731 non
1626 2681 1670 2734 eat
1692 2675 1906 2746 inconveniens,
1934 2682 2002 2732 tuuc

364 2763 462 2820 sterior
483 2763 640 2834 surrepti·;ia
662 2760 822 2842 iudicatur,
842 2761 955 2818 utbene
975 2763 1076 2819 comsit
1095 2763 1162 2819 San-
1198 2769 1346 2836 utramque
1373 2763 1604 2836 dispensationem
1632 2779 1743 2822 manere
1772 2763 1906 2835 relidam,
1938 2767 2006 2839 quia

363 2853 424 2910 cius
439 2866 524 2925 supra
537 2865 612 2906 num.
623 2853 671 2934 iti,
681 2857 709 2908 et
722 2850 842 2907 sumitur
856 2866 888 2908 aa
902 2852 1076 2925 auctoribus,
1091 2867 1161 2925 quos
1197 2853 1308 2924 quaudo
1329 2853 1483 2910 secundum
1506 2853 1675 2926 privilegium
1700 2855 1802 2925 petitur
1820 2853 1853 2911 ad
1868 2854 2003 2911 corrobo-

362 2941 454 3000 eiteri.
1197 2943 1330 3000 rationem
1349 2943 1445 3015 primi,
1468 2949 1616 3016 utrumque
1629 2943 1716 3016 valet,
1731 2950 1764 3000 ut
1776 2942 1843 3000 dixit
1861 2944 1958 3000 innoc.
1973 2943 2002 3000 in

317 3096 318 3100 ,
403 3036 429 3093 i.
445 3032 486 3089 En
506 3029 547 3087 bis
565 3045 631 3104 ergo
653 3032 760 3090 videtur
775 3035 841 3090 satis
856 3031 995 3090 declarata
1008 3039 1036 3089 et
1049 3033 1162 3105 probatu
1196 3031 1269 3090 dioto
1283 3047 1345 3104 cap.
1362 3033 1465 3104 penult.
1482 3049 1509 3088 n.
1527 3039 1555 3105 5,
1570 3039 1599 3089 et
1612 3033 1737 3106 sequitur
1753 3032 1829 3089 Bald.
1846 3033 1883 3089 ibi
1903 3049 1931 3090 η.
1951 3037 2001 3106 rt,

361 3128 419 3180 tota
439 3123 571 3193 assertio,
593 3129 622 3179 et
641 3122 737 3196 regula
755 3124 853 3195 positu.
875 3122 1048 3196 Ubicumque
1067 3130 1160 3181 autem
1196 3135 1259 3177 narn
1274 3121 1387 3179 allectus
1403 3123 1548 3195 utriusque
1559 3121 1640 3178 simul
1651 3124 1754 3196 sumpti
1766 3138 1821 3180 nou
1840 3123 1947 3181 excedit
1960 3123 2003 3179 in-

362 3228 417 3270 non
433 3211 619 3269 intercesserit
632 3211 724 3284 alique
737 3212 945 3269 circumstantis
958 3227 992 3268 ex
1007 3210 1157 3285 dietis,sau
1196 3210 1344 3267 tentionem
1359 3209 1544 3268 concedentis.

362 3301 459 3359 similis
478 3302 612 3358 connexio
633 3300 703 3358 inter
723 3303 903 3373 posteriorem
929 3300 1160 3372 dispensationem
1234 3301 1260 3356 9.
1277 3299 1434 3356 Secundum
1453 3300 1608 3373 exemplum
1621 3315 1681 3358 esse
1695 3307 1787 3373 potest
1803 3301 1838 3359 de
1859 3301 2003 3370 dispensa·

362 3407 426 3450 curn
443 3391 539 3464 priori,
555 3405 607 3448 non
623 3390 676 3447 erit
691 3392 878 3448 necessarlum
892 3390 1011 3462 priorem
1026 3392 1160 3463 exprime·
1194 3387 1265 3445 tione
1281 3387 1403 3446 secunda
1417 3389 1498 3459 petita
1514 3387 1547 3445 sd
1561 3391 1763 3458 extensionem,
1779 3405 1828 3447 seu
1847 3390 2002 3462 ampliatio-

361 3499 408 3553 re,
431 3488 460 3539 ut
481 3482 617 3553 posterior
637 3480 726 3538 relide
747 3481 845 3538 sitiit
864 3481 917 3537 boo
941 3479 1023 3537 modo
1039 3478 1159 3554 intelligo
1194 3491 1255 3533 nem
1270 3479 1373 3550 primae
1384 3479 1445 3552 ¹siue
1460 3477 1626 3550 praeiudicio
1640 3479 1757 3552 tertii,el
1771 3478 1932 3552 applicando
1954 3487 1998 3538 to-

360 3573 582 3630 Panormitanum
601 3572 627 3627 in
641 3569 715 3628 dicto
730 3586 791 3642 cap.
802 3571 906 3643 penult.
920 3586 947 3626 n.
960 3569 1156 3628 ltdioentem:
1194 3573 1254 3624 turn
1268 3567 1410 3624 vinculum
1431 3566 1634 3625 dissoluendum
1649 3583 1713 3624 cum
1733 3573 1791 3626 toto
1806 3569 1907 3626 effectu
1923 3567 1999 3626 desi-

365 3665 484 3738 Qatotles
503 3657 673 3718 conceditur
686 3659 877 3734 privilegium
891 3675 981 3733 super
995 3662 1155 3734 separetis,
1193 3656 1303 3726 darato;
1320 3662 1386 3713 tunc
1405 3657 1474 3712 enim
1489 3656 1569 3712 nulla
1577 3657 1714 3728 surreptio
1742 3659 1925 3714 committitur
1935 3673 1999 3730 pro-

361 3751 406 3810 ocl
421 3765 509 3826 super
529 3748 648 3818 eisdem,
658 3748 704 3807 vel
714 3751 802 3823 quusi
816 3751 1085 3824 superessentiales
1092 3751 1158 3823 prl—
1194 3751 1254 3818 pter
1273 3744 1343 3802 idem
1362 3743 1580 3803 tundamentum.
1595 3747 1631 3803 Ut
1644 3763 1671 3802 r.
1687 3761 1715 3818 g.
1731 3745 1753 3802 si
1777 3747 1937 3819 irregularis
1951 3764 2000 3820 pe·

361 3857 430 3899 moe
446 3842 578 3914 mattae,
597 3853 656 3895 aon
670 3843 713 3895 est
725 3841 944 3902 necessariam,
961 3843 996 3894 att
1010 3837 1046 3895 de
1054 3840 1160 3912 prima
1195 3842 1237 3893 tat
1249 3831 1476 3908 dispensationem
1496 3834 1530 3891 ud
1543 3833 1653 3891 ordines
1668 3835 1786 3892 minores
1812 3836 1996 3908 recipiendos,

355 3931 419 4006 fiet
438 3932 562 3988 mentio.-
578 3943 640 3986 nam
661 3927 707 3984 illa
723 3927 855 4002 particula
868 3926 914 3985 oei
933 3942 1023 4001 saper
1036 3926 1156 3994 eisdem
1192 3932 1221 3983 et
1239 3940 1271 3982 ea
1291 3924 1401 3982 obtenta
1423 3930 1569 3997 antequam
1584 3923 1630 3980 illa
1644 3931 1756 3996 utatur,
1776 3929 1852 3996 petat
1868 3925 1948 3982 aliam
1963 3927 1998 3982 ad

362 4028 463 4080 utnon
478 4023 611 4093 repugnet
624 4017 683 4075 aliis
698 4015 909 4084 dictiseiusdem
926 4017 1058 4087 arretoris,
1069 4018 1159 4073 itain·
1195 4031 1290 4072 omnes
1305 4012 1558 4085 ordines,eumdem
1573 4014 1801 4087 irregularitatem
1819 4013 1996 4087 declarando,

361 4111 444 4184 telligi
464 4108 559 4180 debet,
583 4115 615 4165 ut
634 4122 684 4179 per
698 4121 726 4162 se
739 4105 893 4180 loquendo,
914 4121 967 4164 non
983 4107 1017 4163 sit
1030 4121 1157 4164 necessu·
1194 4121 1248 4163 non
1263 4119 1328 4162 vero
1343 4105 1458 4176 primum
1469 4103 1894 4177 dispensationemnihilominus
1908 4104 1999 4163 valida

361 4202 456 4272 rium,
482 4199 601 4272 priorem
625 4197 855 4268 dispensationem
868 4195 1032 4268 exprimere,
1047 4179 1159 4270 pr‘opter
1192 4195 1245 4252 erit
1264 4193 1402 4263 secunda,
1424 4195 1487 4268 quia
1508 4209 1596 4267 neque
1616 4195 1673 4267 agit
1691 4200 1790 4251 eontra
1809 4194 1922 4268 aliquod
1941 4195 1996 4267 ius,

362 4291 448 4350 solnm
473 4287 659 4362 pluralitatem
683 4286 932 4358 dispensationum,
953 4286 1060 4343 etiamsi
1083 4287 1159 4343 eirca
1193 4300 1282 4360 neque
1297 4284 1402 4358 aliquid
1418 4281 1999 4357 occultat,quadrarisimiliterpossetro·

362 4381 431 4446 idem
447 4376 656 4450 versentur,sed
672 4376 762 4433 solum
776 4377 802 4432 in
817 4375 928 4434 casibus
938 4377 965 4432 in
977 4376 1157 4448 iuraeapras-
1194 4375 1327 4432 luntatem
1338 4373 1477 4431 Pontificio
1491 4377 1608 4442 mutare,
1617 4377 1665 4431 aut
1675 4371 1814 4445 impedire.
1822 4372 1899 4440 Quod
1910 4375 1933 4428 si
1952 4374 1996 4432 ille

363 4471 415 4542 sis,
442 4469 484 4526 rel
508 4467 618 4542 quando
639 4465 748 4523 aliunde
769 4480 824 4523 non
845 4467 1015 4538 potestastis
1029 4465 1159 4536 explicari
1194 4465 1247 4522 iarn
1262 4471 1335 4522 esset
1350 4479 1418 4520 usus
1432 4463 1515 4535 priori
1529 4463 1774 4536 dispensationem
1787 4469 1884 4535 postea
1902 4470 1998 4535 postu·

329 4629 335 4639 1
361 4561 482 4635 gravitas
498 4557 551 4630 rei,
567 4555 649 4614 ouius
662 4553 824 4627 dispensatio
839 4554 1008 4627 postulatur,
1022 4554 1072 4610 nisi
1086 4557 1159 4627 prio·
1194 4555 1266 4612 laret
1287 4551 1437 4611 seeundum
1463 4551 1497 4609 ed
1522 4552 1632 4609 ordines
1656 4557 1762 4609 tantum
1777 4567 1892 4623 sacros,
1908 4552 1997 4610 multo

273 4691 276 4698 .
363 4665 420 4706 rem
435 4646 663 4720 dispensationem
678 4645 929 4703 commemorando.
946 4645 981 4701 Et
995 4646 1033 4702 ita
1045 4647 1158 4716 exponit
1194 4645 1280 4718 magis
1295 4643 1414 4713 valeret,
1430 4641 1494 4715 quia
1508 4640 1668 4714 explicando
1687 4641 1934 4715 irregularitatem,
1950 4657 1997 4698 na·

361 4739 569 4798 panormitanus
583 4725 791 4800 innocentium,
805 4740 834 4790 et
847 4733 929 4806 aiios,
950 4733 986 4790 itu
999 4749 1065 4806 ergo
1080 4735 1156 4791 intel·
1194 4735 1314 4791 cessario
1329 4732 1473 4805 supponit,
1488 4731 1540 4788 iam
1554 4743 1616 4788 esse
1629 4731 1816 4803 dispensatum
1831 4731 1866 4788 ad
1885 4733 1996 4790 ordines

284 4812 289 4823 ⁸
362 4828 468 4904 liganda
484 4827 538 4884 erit
550 4825 627 4898 prior
640 4823 783 4895 sententia,
793 4829 824 4880 ut
834 4839 898 4881 rere
912 4825 957 4880 sit.
971 4824 1050 4880 Ratio
1065 4830 1157 4904 autem
1192 4823 1321 4880 minores.
1338 4822 1466 4878 Similiter
1484 4821 1506 4876 si
1527 4803 1576 4877 isle
1591 4821 1749 4894 irregularis
1773 4821 1947 4894 dispensatus
1962 4821 1996 4879 ed

361 4934 416 4977 non
431 4923 475 4974 ast
489 4915 557 4988 alia,
576 4915 628 4969 nisi
642 4926 712 4985 quse
726 4911 880 4970 insinuatur
895 4911 1039 4970 abeodem
1053 4915 1156 4971 Panor-
1193 4929 1287 4971 omnes
1302 4911 1410 4970 ordines
1425 4917 1520 4982 postea
1534 4915 1607 4982 petat
1620 4909 1849 4982 dispensationem
1863 4913 1889 4968 iu
1912 4913 1996 4968 inter·

361 5010 484 5081 mitono,
510 5012 538 5062 et
559 5019 642 5078 quam
668 5017 748 5075 saepe
771 5004 928 5077 tetigimus,
946 5002 1065 5078 scilieet,
1082 5005 1157 5078 quod
1193 5003 1272 5060 stitiis
1291 5018 1318 5056 v.
1331 5017 1358 5074 g.
1372 4999 1447 5057 nulla
1461 4999 1534 5057 iacta
1553 5001 1688 5057 mentione
1704 5002 1820 5072 prioris,
1838 4999 1937 5072 oredo,
1952 5017 1996 5058 se·

360 5099 467 5156 nullum
488 5097 524 5152 sit
541 5096 586 5151 ius
605 5093 747 5165 requirens
766 5107 815 5164 per
834 5107 864 5149 sa
885 5092 955 5150 hanc
974 5092 1156 5153 conditionem
1192 5090 1383 5149 cundamesse
1398 5087 1526 5160 validam,
1539 5088 1841 5147 etiamsinondeolaret
1854 5089 1995 5148 delectum

361 5187 395 5246 ad
416 5188 538 5244 valorem
564 5181 701 5240 sacrandae
720 5179 946 5253 dispensationis,
973 5181 1052 5240 etiam
1080 5184 1156 5240 eirca
1192 5181 1410 5255 irregularitatis,
1428 5178 1546 5254 quiaille
1560 5181 1613 5236 iam
1627 5185 1670 5235 est
1683 5180 1809 5237 sublatus
1821 5195 1870 5253 per
1883 5180 1995 5254 dispen-

360 5276 483 5340 eamden
503 5290 579 5351 rem3
599 5287 689 5349 neque
710 5278 753 5330 est
766 5271 852 5346 ratio,
868 5285 938 5347 quae
952 5270 1025 5329 iliam
1039 5271 1153 5347 probet,
1191 5273 1335 5347 sadonem,
1346 5278 1375 5329 et
1388 5285 1437 5344 per
1451 5284 1480 5326 ae
1493 5283 1547 5326 non
1563 5268 1647 5328 reiert
1658 5267 1691 5325 ad
1708 5268 1859 5344 interstitia,
1875 5283 1926 5329 neo
1943 5269 1995 5328 dii·
