4278 6242
353 371 417 436 126
647 435 651 444 ,
1065 385 1168 434 cresc
1183 385 1216 434 v.

315 519 437 572 menium
451 513 485 572 de
503 514 657 571 substantie
671 511 830 582 testimonii,
846 513 911 586 quta
929 512 1114 570 necessarium
1152 515 1205 580 cii,
1221 510 1395 570 collationem
1412 527 1473 573 esce
1494 513 1611 587 nuliam,
1627 515 1691 590 quia
1711 531 1765 575 non
1786 526 1895 576 serrata
1914 525 1961 577 est

315 611 358 662 est
371 605 406 662 ad
421 605 711 663 valorem·eius.sicut
721 604 801 660 etiem
818 609 924 676 tempus
939 603 1087 676 praefixum
1102 618 1118 660 e
1152 603 1250 672 torma,
1267 618 1333 661 cum
1346 619 1402 678 qaia
1415 604 1478 662 daie
1492 611 1535 662 est
1549 612 1679 677 potestas.
1695 609 1732 665 Et
1748 606 1820 666 idem
1836 609 1955 668 babetur

315 693 472 768 delegante,
489 701 520 753 ut
533 697 605 752 intra
619 694 685 751 illud
699 685 861 752 terminetur
874 683 975 764 causa,
991 693 1118 750 absolute
1153 693 1179 749 in
1194 708 1256 764 cap.
1268 693 1479 761 Cem‘diiectm
1495 694 1527 751 de
1542 699 1670 770 rescript.
1681 697 1716 754 Et
1730 705 1804 756 recte
1820 699 1956 770 probatur

316 783 369 840 dici
385 791 473 857 potest
490 784 524 841 de
543 785 713 856 substantia,
734 783 798 855 quia
816 789 878 856 post
900 781 967 839 iliud
987 781 1050 838 nibil
1069 797 1117 838 ra·
1151 781 1351 850 catamiti,
1370 786 1418 857 isi
1428 789 1561 859 praetor,
1577 786 1604 842 ll.
1617 785 1650 842 de
1666 789 1961 848 transactionibus.Et

315 873 352 930 iet
366 889 529 945 processus,
546 875 594 931 nisi
614 880 704 945 partes
718 873 907 930 consenserint
920 873 992 929 intra
1011 872 1117 929 dicium
1155 873 1206 930 boc
1227 873 1374 930 confirmat
1399 877 1503 946 optime
1527 875 1682 948 exemplum
1708 884 1957 953 sacramentorum,

316 968 425 1035 tempus
439 965 464 1020 in
480 963 604 1022 eiusdem
619 963 827 1036 prorogatione,
844 969 874 1020 ut
888 962 990 1020 dicitur
1004 963 1030 1019 in
1044 961 1118 1018 dicto
1154 977 1217 1019 uam
1232 965 1296 1035 quia
1318 970 1454 1036 potestas,
1470 953 1541 1037 pirae
1554 967 1581 1021 ln
1604 967 1781 1024 sacramentis
1800 973 1959 1041 exercetur,

315 1067 378 1124 cap.
391 1056 435 1110 De
449 1057 559 1111 causis.
1152 1051 1215 1109 daia
1229 1059 1274 1109 est
1287 1052 1321 1110 eb
1341 1053 1458 1125 ipsomet
1471 1060 1587 1112 auctore
1602 1063 1855 1126 sacramentorum,
1870 1057 1960 1116 iorrna
1980 1042 1983 1048 “

355 1145 381 1201 i.
398 1144 488 1200 Tertia
508 1159 574 1216 ergo
595 1143 690 1216 regula
715 1151 777 1202 esi:
801 1141 915 1210 Quando
935 1141 977 1198 lex
1002 1141 1121 1200 instituit
1152 1141 1864 1218 abeodsmdatasubstantialisest;solemnitasre'ro
1880 1156 1960 1219 post-

315 1237 408 1290 ectum
424 1249 490 1291 cum
506 1235 676 1304 solemnitate
691 1234 724 1291 ab
738 1236 854 1307 ipsemet
867 1234 927 1308 iege
942 1235 1067 1302 iuventa,
1083 1234 1118 1288 si·
1152 1247 1184 1288 ea
1199 1232 1233 1288 eb
1250 1233 1376 1289 Ecclesia
1387 1231 1489 1306 addita,
1511 1234 1693 1293 accidentaria
1707 1241 1761 1292 est.
1778 1238 1849 1294 ilinc
1862 1237 1960 1311 etiam,

315 1324 400 1394 gonrit
421 1309 487 1394 est,
504 1324 619 1382 formam
642 1341 702 1382 esse
724 1323 929 1382 substantialem
949 1331 977 1380 et
996 1323 1119 1381 absolute
1153 1320 1263 1396 qrrando
1285 1328 1403 1394 potestas
1424 1322 1576 1398 delegatur,
1597 1331 1626 1382 et
1645 1325 1727 1382 datur
1748 1327 1835 1384 torma
1855 1343 1956 1400 proce·

316 1417 514 1472 necessariam:
533 1432 614 1473 secus
636 1431 700 1471 vero
721 1414 831 1488 quando
847 1414 932 1470 torma
947 1413 990 1468 illa
1011 1412 1119 1469 additur
1153 1412 1225 1468 denti
1241 1412 1266 1467 in
1282 1427 1378 1481 cause,
1390 1413 1515 1470 deiectus
1527 1413 1586 1470 talis
1600 1414 1704 1472 lormae
1719 1423 1956 1474 censeturactum

316 1505 391 1560 actui
411 1505 488 1576 prius
508 1506 647 1562 instituio.
664 1503 792 1574 Exempla
807 1518 868 1559 esse
887 1507 1005 1573 possunt
1020 1503 1044 1556 in
1064 1501 1119 1581 ior·
1154 1502 1258 1568 vitiare,
1276 1505 1306 1558 tit
1321 1501 1418 1574 probat
1433 1502 1540 1560 dictum
1554 1519 1616 1576 cap.
1633 1505 1711 1561 Cum
1725 1503 1847 1572 dilectu,
1866 1506 1900 1563 de
1915 1523 1961 1564 re-

316 1595 368 1650 mis
382 1603 631 1660 sacramentorum,
643 1609 715 1667 quae
726 1599 791 1650 suni
801 1593 834 1649 de
846 1591 997 1648 substantia
1008 1606 1117 1661 eorum,
1155 1593 1252 1663 script.
1268 1591 1312 1648 ibi:
1327 1595 1452 1666 Propter
1467 1591 1545 1666 quod
1556 1609 1729 1668 processum
1742 1597 1878 1668 ipsorum
1892 1612 1961 1653 con·

316 1687 381 1758 quia
395 1686 597 1757 peculiaritera
611 1684 721 1742 Christo
736 1683 849 1740 Domino
862 1681 953 1738 denuo
967 1681 1117 1736 institutae.
1155 1687 1206 1739 tra
1219 1679 1455 1756 nosirtsormam
1468 1685 1615 1756 rescripti,
1631 1699 1669 1740 ec
1681 1687 1757 1741 iuris
1769 1684 1903 1744 ordimem
1914 1693 1962 1744 et·

315 1776 382 1831 liern
398 1776 423 1832 in
439 1776 546 1848 legibus
561 1775 686 1832 humanis
702 1780 767 1830 sunt
783 1763 935 1845 frequentia
947 1770 1073 1842 exempla
1087 1771 1120 1828 de
1154 1775 1309 1838 tentatum,
1324 1775 1443 1828 irritem
1454 1769 1650 1840 decernimus,
1664 1778 1692 1830 et
1705 1761 1839 1842 inanem·
1851 1781 1879 1832 ci
1894 1790 1958 1848 cap.

316 1865 487 1923 solemnitate
505 1865 699 1922 alienationum
712 1865 736 1919 io
755 1864 923 1921 Clementiae
938 1860 1012 1918 unic.
1029 1861 1062 1918 de
1076 1877 1120 1918 re·
1156 1860 1341 1927 Venerabili,
1365 1862 1459 1918 iuncta
1478 1861 1575 1918 Glossc
1599 1863 1632 1920 de
1660 1863 1750 1920 ollicio
1777 1845 1901 1938 delegat:
1911 1866 1958 1924 ibi:

315 1955 368 2011 bus
389 1955 530 2012 Ecclesiae
551 1971 603 2011 non
624 1953 789 2022 alienandis,
806 1969 868 2026 cap.
882 1955 954 2010 Siros
974 1953 1121 2026 eccceptr'o·
1158 1953 1291 2024 Quorum
1300 1966 1457 2025 processus
1468 1956 1664 2021 cessavimus,
1675 1957 1749 2028 quie
1758 1961 1865 2014 contre
1875 1972 1963 2015 merr-

315 2059 361 2110 ae,
379 2049 422 2105 12,
439 2062 466 2119 q·
480 2044 558 2114 2,vel
571 2045 604 2102 de
614 2045 785 2101 solemnitate
800 2042 968 2100 electionum
983 2043 1009 2098 in
1024 2042 1114 2112 capite
1155 2038 1222 2096 duit
1235 2043 1330 2096 rrostri
1345 2045 1485 2109 terrorem,
1501 2048 1556 2099 etc.
1574 2043 1619 2099 ubi
1632 2043 1737 2112 Glossa,
1756 2049 1954 2117 cesserimus,

320 2137 401 2208 Quia
411 2139 542 2208 propter,
561 2134 594 2190 de
609 2134 755 2206 electione,
770 2140 798 2189 et
812 2131 953 2188 similibus.
963 2133 1039 2192 llaec
1055 2146 1120 2188 vero
1154 2131 1280 2203 exponit,
1304 2129 1330 2186 id
1349 2137 1392 2186 est
1408 2147 1522 2200 cassos,
1541 2137 1568 2188 et
1581 2136 1683 2190 irritos
1698 2132 1954 2194 demandavimus.

315 2223 413 2297 regule
433 2226 461 2280 in
482 2227 642 2296 universum
664 2240 717 2280 non
738 2223 887 2293 satisfacit,
905 2223 1041 2290 tamerbiu
1063 2236 1118 2277 uno
1154 2219 1227 2276 idem
1245 2222 1272 2276 in
1293 2233 1355 2292 cap.
1370 2220 1482 2290 ultimo,
1498 2221 1532 2280 de
1552 2225 1671 2280 restitut.
1685 2225 1794 2296 spoliat.
1810 2225 1861 2282 ibi:
1885 2229 1960 2283 Irri-

316 2329 398 2370 sensu
414 2320 503 2386 potest
517 2331 577 2371 esse
592 2313 668 2372 vaide
684 2313 765 2370 utilis.
778 2313 856 2370 Prior
870 2326 935 2384 pars
949 2310 1117 2382 declaratur,
1154 2314 1219 2366 tum
1229 2307 1440 2378 iudicavimus,
1452 2313 1546 2385 utique
1557 2320 1670 2385 propter
1680 2313 1818 2374 deiectum
1830 2318 1858 2372 in
1869 2316 1959 2375 torma

316 2404 476 2477 quinetiam
496 2405 672 2462 accidentalis
686 2403 842 2460 solemnitas
863 2408 953 2474 potest
972 2400 1119 2474 aliquando
1155 2403 1344 2456 commissum.
1360 2401 1437 2458 ilatio
1453 2417 1517 2460 vero
1530 2409 1589 2475 est,
1605 2405 1670 2475 quia
1685 2411 1806 2475 potestas
1821 2406 1954 2464 limitatur

316 2493 397 2551 simul
410 2511 474 2552 cum
490 2493 660 2552 substantiali
672 2494 785 2564 institui,
799 2500 831 2550 ut
845 2493 939 2548 mixtio
953 2491 1041 2564 aquae
1054 2507 1120 2548 oum
1155 2491 1231 2546 iuxta
1245 2490 1360 2546 sormam
1382 2494 1582 2564 praescriptam
1602 2492 1635 2550 ab
1656 2509 1705 2566 eo,
1726 2495 1774 2568 qui
1795 2501 1960 2568 potestatem

316 2584 374 2656 ipsa
387 2586 558 2643 institutione
576 2583 766 2641 Eucharistiae
780 2584 897 2654 incepit:
923 2588 952 2638 et
975 2581 999 2636 in
1023 2595 1120 2638 conse·
1155 2579 1212 2638 dat.
1229 2581 1264 2636 Et
1282 2580 1343 2637 ideo
1357 2587 1451 2653 actus,
1467 2583 1496 2650 in
1513 2599 1569 2656 quo
1583 2583 1671 2641 iornra
1686 2601 1738 2641 non
1757 2593 1898 2658 servatur,
1913 2601 1960 2643 cx-

316 2676 437 2732 cratione
451 2675 543 2732 altaris
557 2681 605 2733 aut
619 2674 713 2731 calicis
726 2673 795 2730 torte
808 2689 860 2729 non
876 2677 982 2728 tantum
993 2670 1120 2727 substan·
1154 2669 1227 2727 cedit
1240 2676 1415 2742 potestatem,
1426 2679 1454 2728 et
1468 2672 1505 2728 ita
1516 2680 1560 2731 est
1573 2673 1679 2745 nullus,
1692 2681 1821 2748 tanquam
1837 2677 1894 2733 sine
1909 2692 1960 2748 po·

316 2763 398 2836 iiaiis,
420 2765 466 2821 sed
488 2765 568 2822 etiem
595 2763 788 2835 accidentalis,
810 2762 968 2818 solemnitas
983 2760 1065 2832 simpl
1079 2762 1113 2816 ab
1154 2766 1253 2817 testate
1268 2759 1376 2833 lactus,
1394 2777 1426 2818 ac
1448 2762 1558 2833 proinde
1576 2767 1664 2820 torma
1683 2771 1812 2822 censetur
1831 2767 1960 2824 substen-

315 2853 438 2912 Ecclesia
452 2855 600 2912 inventrici
614 2859 758 2927 praecepta
772 2853 892 2909 esi.Ete
907 2865 1041 2907 converso
1053 2850 1116 2906 licet
1153 2851 1233 2907 tielis.
1249 2849 1327 2918 Quod
1342 2851 1625 2925 intelligitur,etiamsi
1639 2871 1692 2912 non
1707 2853 1824 2912 addatur
1838 2858 1958 2929 speciale

314 2952 393 3002 actus
409 2961 462 3002 non
477 2945 634 3002 instituetur
648 2942 681 3000 de
696 2959 776 3013 novo,
788 2942 874 2998 torma
893 2940 1079 2996 substantialis
1093 2939 1117 2995 ei
1153 2941 1267 2998 verbum
1277 2941 1396 3012 irritans,
1406 2945 1432 2998 in
1443 2943 1496 2999 boc
1508 2945 1580 3000 enim
1592 2951 1635 3000 eet
1645 2944 1794 3002 differentia
1807 2947 1876 3003 inter
1887 2947 1958 3004 banc

316 3035 348 3091 de
362 3050 433 3091 noro
447 3034 569 3104 additur,
585 3040 614 3091 ut
628 3034 655 3090 iu
670 3030 1079 3101 testamentis,alienationibus,
1089 3036 1117 3086 et
1153 3030 1267 3088 sormam
1286 3039 1314 3088 et
1336 3032 1418 3100 alias,
1438 3048 1510 3105 quae
1524 3041 1685 3105 supponunt
1699 3041 1877 3108 potestatem,
1893 3040 1958 3110 quia

315 3123 494 3182 electionibus
513 3129 637 3181 constat:
658 3130 685 3180 et
696 3121 842 3179 novissime
857 3122 883 3177 in
899 3125 1045 3176 contractu
1061 3135 1117 3176 rna·
1151 3135 1183 3178 err
1199 3121 1310 3193 speciali
1330 3121 1411 3178 modo
1426 3138 1477 3179 suo
1500 3121 1579 3180 alleri
1592 3139 1686 3180 secum
1709 3124 1893 3185 limitationem
1910 3145 1959 3200 po-

316 3216 432 3271 trimonii
444 3231 492 3288 per
509 3213 658 3271 concilium
670 3212 846 3270 tridentinum
861 3208 886 3265 id
900 3209 1004 3266 lactum
1018 3215 1070 3265 est.
1081 3211 1116 3265 Et
1151 3212 1275 3283 testatis,
1292 3217 1319 3267 et
1332 3209 1392 3268 ideo
1407 3227 1461 3268 non
1475 3211 1578 3286 indiget
1592 3213 1644 3270 aiis
1662 3215 1799 3287 particula
1817 3217 1953 3277 irritante.

316 3304 440 3360 similiter
452 3305 541 3360 iorme
554 3304 677 3376 antiqua,
691 3317 761 3376 qttae
775 3308 856 3359 antee
867 3299 1050 3356 substantialis
1062 3315 1115 3354 non
1190 3303 1225 3358 lli
1239 3317 1304 3358 roro
1319 3300 1429 3376 quando
1449 3303 1613 3373 supponitur
1628 3312 1767 3376 potestas,
1782 3312 1811 3361 et
1824 3310 1958 3380 praecipi·
1985 3379 1987 3386 Α

315 3403 384 3468 eret,
401 3400 491 3466 potest
505 3410 553 3467 per
570 3410 670 3450 novam
683 3392 769 3464 legem
787 3388 973 3448 substantialis
988 3389 1116 3446 beri.lln·
1153 3397 1198 3448 tur
1211 3392 1319 3461 lorrna,
1336 3408 1384 3450 seu
1399 3391 1527 3463 specialis
1541 3392 1640 3472 modus
1662 3393 1845 3467 procedendi,
1861 3398 1884 3452 si
1902 3402 1957 3455 lton

315 3501 368 3542 nus
381 3485 450 3542 enim
466 3483 634 3557 probationis
650 3499 704 3540 non
719 3485 756 3538 ita
769 3487 829 3538 erat
840 3480 873 3537 de
888 3480 1040 3537 substantia
1054 3495 1117 3551 pro·
1154 3481 1272 3538 addatur
1287 3480 1413 3537 clausula
1431 3481 1559 3553 irritans,
1573 3479 1661 3538 torma
1680 3485 1862 3557 consequitur
1882 3490 1957 3544 acci·

315 3575 438 3632 sessionis
450 3584 512 3633 ante
527 3573 673 3632 concilium
686 3572 870 3642 tridentinum,
883 3573 958 3628 sicut
969 3570 1050 3638 modo
1061 3577 1114 3643 cst,
1154 3569 1313 3641 dentalis,et
1324 3571 1432 3627 omissio
1444 3570 1517 3626 illius
1529 3587 1583 3627 non
1596 3579 1723 3632 censetur
1733 3575 1840 3632 irritare
1849 3583 1953 3650 actpm.

315 3671 374 3720 erat
389 3670 478 3722 tamen
492 3667 545 3721 iarn
559 3665 713 3734 institutus,
727 3669 755 3720 et
768 3679 819 3720 suo
835 3660 916 3718 modo
928 3663 1112 3717 necessarius:
1152 3663 1187 3718 Et
1201 3661 1237 3716 iia
1253 3659 1337 3717 tradit
1350 3657 1478 3716 Gloss.in
1493 3659 1567 3717 dicio
1583 3660 1665 3717 verbo
1678 3663 1851 3733 irritiberrtes,
1864 3673 1892 3724 et
1907 3670 1956 3724 Fe-

315 3769 381 3825 ergo
397 3756 422 3809 in
443 3756 603 3810 universum
625 3752 778 3826 loquendo,
795 3755 904 3825 signum
918 3750 984 3808 iliud
998 3767 1048 3807 nec
1068 3767 1118 3808 ne·
1152 3752 1197 3808 lin.
1213 3765 1277 3806 cum
1298 3749 1354 3806 aliis
1369 3750 1395 3805 in
1414 3749 1488 3805 dicto
1504 3765 1565 3822 cap.
1578 3754 1628 3808 Eae
1639 3757 1741 3825 porte,
1759 3752 1864 3812 limitat.
1877 3761 1905 3814 2.
1922 3758 1957 3814 Et

316 3845 467 3899 cessarium
481 3849 535 3915 est,
551 3859 601 3899 neo
617 3842 767 3898 sufficiens.
1151 3841 1222 3897 sumi
1237 3845 1328 3913 potest
1340 3853 1374 3895 es
1388 3853 1450 3912 cap.
1468 3837 1610 3906 Dilectus,
1625 3845 1654 3914 2,
1668 3840 1703 3898 de
1718 3843 1865 3913 praebend.
1880 3853 1909 3902 et
1922 3861 1955 3903 ex

356 3938 382 3989 e.
396 3931 554 4002 Explicatur
566 3946 629 3988 acro
640 3932 808 4002 alierapars,
820 3935 1034 4008 possetqueesse
1046 3945 1117 3987 nova
1151 3931 1170 3986 l.
1188 3933 1212 4002 t,
1226 3931 1257 3987 C.
1270 3930 1304 3986 de
1322 3927 1560 4001 appellationibus,
1582 3929 1627 3986 ubi
1643 3932 1807 3990 sententiaa
1827 3942 1955 4006 praetore

316 4020 422 4094 regula.
438 4023 504 4089 Quia
518 4021 628 4094 quando
642 4021 796 4092 legislator,
809 4021 857 4092 qui
871 4019 983 4089 invenit,
999 4025 1027 4075 et
1041 4035 1116 4091 prae·
1152 4022 1215 4085 lata,
1230 4035 1285 4077 non
1300 4025 1409 4076 servato
1424 4017 1536 4090 ordine,
1553 4019 1653 4076 dicitdr
1668 4022 1784 4092 iniuste,
1800 4039 1853 4080 non
1869 4023 1952 4081 nulia.

316 4112 381 4182 cipit
395 4111 509 4167 sormam
522 4151 529 4183 ,
544 4110 592 4168 dat
609 4111 691 4166 ctiam
705 4115 871 4183 potestatem
885 4107 919 4165 ad
941 4108 1115 4167 alliciendum
1151 4112 1224 4170 idem
1239 4127 1318 4167 sumo
1331 4126 1363 4165 ex
1380 4111 1398 4165 l.
1410 4108 1515 4180 penult.
1531 4107 1602 4166 Ede
1615 4111 1758 4168 sententiis
1768 4127 1801 4168 es
1813 4112 1955 4172 breviculo

316 4208 419 4270 actum,
432 4207 539 4257 servata
549 4199 596 4257 tuli
606 4201 842 4271 torma,magnum
852 4204 1045 4270 argumentum
1057 4205 1114 4270 est,
1151 4199 1312 4272 recitandis,
1330 4199 1375 4256 ubi
1391 4200 1525 4256 sententia
1548 4200 1663 4258 recitata
1677 4203 1734 4257 sine
1753 4203 1873 4276 scripto,
1890 4204 1955 4262 iicet

316 4296 344 4347 et
362 4289 515 4346 secundum
530 4291 572 4346 ius
591 4290 646 4347 lere
660 4288 808 4361 infallibile,
826 4288 905 4345 talem
926 4288 1042 4346 iormem
1055 4306 1116 4348 esse
1150 4298 1230 4347 antea
1243 4296 1434 4347 cssetoontra
1454 4288 1589 4360 sormam,
1605 4305 1660 4344 non
1680 4290 1845 4348 censebatur
1865 4294 1952 4366 nulla,

317 4380 350 4437 de
364 4381 515 4437 substantia
535 4389 632 4448 ectus3
649 4379 759 4454 quando
773 4395 838 4458 aero
861 4385 1054 4452 supponuntur
1067 4397 1116 4452 po·
1150 4381 1238 4438 donec
1255 4380 1289 4436 ibi
1308 4378 1432 4436 clausula
1448 4378 1558 4437 irritans
1572 4378 1664 4436 addita
1685 4386 1741 4436 cst,
1754 4381 1833 4448 Quod
1852 4383 1954 4455 optime

317 4475 413 4543 testas,
429 4477 456 4528 ei
466 4486 536 4529 nora
547 4471 703 4528 solemnitas
715 4469 836 4530 additur.
849 4486 904 4525 nou
916 4475 1045 4534 censetur
1055 4485 1116 4527 esse
1150 4469 1281 4526 iuddatur
1297 4469 1323 4542 ip
1342 4467 1393 4524 bac
1409 4467 1520 4539 regula,
1537 4467 1672 4541 quidquid
1687 4468 1760 4526 dicut
1773 4471 1908 4544 Tiraqrrel.
1926 4475 1954 4530 in

317 4560 516 4634 substantialis,
531 4562 581 4619 nisi
596 4577 644 4632 per
663 4561 808 4632 specialem
823 4559 976 4617 clausulam
994 4559 1116 4618 declare·
1150 4561 1203 4635 leg.
1221 4560 1273 4618 ult.
1290 4557 1447 4616 connubial.
1465 4558 1553 4615 Gloss.
1571 4563 1603 4631 l,
1626 4575 1735 4616 numer.
1752 4564 1779 4618 6.
1802 4561 1847 4619 Sic
1870 4565 1954 4621 ctiam

318 4660 374 4709 tur.
389 4654 465 4709 Prior
479 4667 542 4723 pers
557 4649 634 4706 valde
648 4651 801 4707 communis
816 4658 876 4722 est,
894 4655 966 4706 tenet
979 4648 1074 4706 Glossa
1087 4653 1115 4707 in
1150 4653 1238 4709 torma
1257 4649 1390 4708 servanda
1403 4650 1432 4705 in
1451 4647 1562 4706 terenda
1581 4649 1872 4708 excommunicationis
1892 4669 1954 4710 sen·

317 4742 449 4799 Clement.
467 4747 490 4800 t.
507 4741 540 4798 de
554 4743 613 4797 iure
628 4747 765 4813 patronet.
780 4740 862 4797 verbo
876 4741 1046 4807 imbibentes,
1066 4741 1113 4797 ubi
1152 4740 1245 4812 tentia,
1258 4755 1319 4811 cap.
1334 4741 1358 4796 l.
1373 4739 1405 4796 do
1420 4739 1553 4795 sententia
1566 4740 1907 4815 excommunicationis,in
1924 4747 1952 4818 6,

317 4833 363 4903 ait,
376 4831 484 4905 quando
496 4848 511 4887 a
523 4831 653 4904 principio
663 4830 745 4888 datur
760 4837 879 4904 potestas
890 4831 941 4888 sub
954 4831 999 4888 teli
1013 4832 1111 4902 torma,
1151 4829 1326 4888 accidentalis
1340 4834 1397 4898 est,
1413 4828 1477 4902 quia
1494 4827 1577 4884 datur
1589 4829 1642 4900 pro
1658 4827 1710 4902 bis,
1723 4831 1771 4903 qui
1784 4831 1837 4887 iam
1851 4831 1953 4890 babent

317 4921 454 4979 delectum
469 4922 571 4978 iormae
586 4923 691 4978 irritare
706 4929 810 4979 actum.
826 4921 862 4978 Et
880 4921 952 4978 idem
967 4923 1048 4979 sentit
1068 4925 1117 4978 Ee·
1151 4926 1314 4995 potestatem
1327 4918 1594 4990 excommunicandi,
1604 4925 1634 4975 ct
1645 4935 1700 4975 uon
1713 4919 1825 4979 additur
1835 4922 1950 4996 aliquid,

317 5011 389 5069 linus
404 5013 428 5067 in
445 5026 506 5082 cap.
520 5015 569 5069 Ec
579 5017 675 5086 parte,
690 5011 724 5068 dc
739 5011 991 5084 constitutionibus,
1003 5012 1030 5067 in
1044 5013 1117 5083 prin·
1152 5025 1207 5083 quo
1223 5009 1308 5066 maior
1321 5009 1471 5065 necessitas
1482 5008 1509 5064 in
1524 5007 1568 5064 tali
1583 5007 1671 5066 torma
1686 5010 1952 5084 significetur.ltetio

317 5103 397 5172 cipio.
415 5103 482 5158 Nam
497 5101 562 5175 quia
576 5101 610 5156 ibi
628 5101 748 5158 Pontifex
763 5100 810 5158 dai
828 5101 987 5158 lacuitetcm
1001 5102 1115 5173 quibus·
1153 5115 1218 5158 vero
1233 5106 1276 5155 est
1290 5098 1415 5171 opposita
1428 5097 1512 5171 priori
1525 5098 1609 5170 parti,
1625 5100 1689 5171 quia
1704 5100 1771 5158 baec
1786 5103 1873 5160 torma
1887 5121 1953 5176 sup·

316 5190 378 5248 darn
391 5193 512 5262 personis
523 5189 677 5248 conterendi
688 5197 780 5248 certas
792 5191 959 5264 praebendas
970 5207 1034 5248 cum
1045 5207 1114 5248 con·
1151 5191 1228 5262 ponit
1239 5188 1393 5246 absolutam
1405 5193 1578 5261 potestatem,
1591 5203 1662 5262 quae
1674 5197 1781 5262 poterat
1791 5193 1877 5250 aalide
1888 5209 1952 5266 ope·

319 5282 376 5340 silio
390 5281 527 5356 episcopi,
542 5283 564 5338 si
578 5283 719 5339 conterant
732 5283 789 5339 sine
804 5283 916 5340 consilio
930 5282 1063 5354 episcopi,
1078 5280 1117 5338 di·
1152 5281 1206 5338 rari
1221 5279 1278 5338 sine
1292 5279 1340 5338 tali
1355 5279 1453 5350 torma,
1467 5284 1495 5334 et
1507 5278 1568 5336 ideo
1579 5279 1601 5336 si
1615 5295 1684 5336 nova
1695 5279 1738 5338 lex
1751 5298 1879 5356 expresse
1894 5301 1951 5342 non
