<?xml version="1.0" encoding="UTF-8"?>
<!DOCTYPE html PUBLIC "-//W3C//DTD XHTML 1.0 Transitional//EN"
    "http://www.w3.org/TR/xhtml1/DTD/xhtml1-transitional.dtd">
<html xmlns="http://www.w3.org/1999/xhtml" xml:lang="en" lang="en">
 <head>
  <title>
</title>
<meta http-equiv="Content-Type" content="text/html;charset=utf-8" />
  <meta name='ocr-system' content='tesseract 3.04.00' />
  <meta name='ocr-capabilities' content='ocr_page ocr_carea ocr_par ocr_line ocrx_word'/>
</head>
<body>
  <div class='ocr_page' id='page_1' title='image "./tractatusdelegi00sugoog_0549.png"; bbox 0 0 4256 6224; ppageno 0'>
   <div class='ocr_carea' id='block_1_1' title="bbox 420 362 1301 427">
    <p class='ocr_par' dir='ltr' id='par_1_1' title="bbox 420 362 1301 427">
     <span class='ocr_line' id='line_1_1' title="bbox 420 362 1301 427; baseline 0.001 -3"><span class='ocrx_word' id='word_1_1' title='bbox 420 362 483 427; x_wconf 76' lang='lat'>520</span> <span class='ocrx_word' id='word_1_2' title='bbox 1137 371 1301 426; x_wconf 78' lang='lat' dir='ltr'>ambarx.</span> 
     </span>
    </p>
   </div>
   <div class='ocr_carea' id='block_1_2' title="bbox 323 489 2114 1112">
    <p class='ocr_par' dir='ltr' id='par_1_2' title="bbox 384 489 2023 574">
     <span class='ocr_line' id='line_1_2' title="bbox 384 489 2023 574; baseline -0.001 -15"><span class='ocrx_word' id='word_1_3' title='bbox 384 510 492 560; x_wconf 90' lang='lat' dir='ltr'>ctorem</span> <span class='ocrx_word' id='word_1_4' title='bbox 512 508 628 559; x_wconf 91' lang='lat' dir='ltr'>naturae</span> <span class='ocrx_word' id='word_1_5' title='bbox 647 499 802 573; x_wconf 76' lang='lat' dir='ltr'><strong>specialiter</strong></span> <span class='ocrx_word' id='word_1_6' title='bbox 816 500 979 572; x_wconf 77' lang='lat' dir='ltr'>pertinebat.</span> <span class='ocrx_word' id='word_1_7' title='bbox 996 501 1118 574; x_wconf 87' lang='lat' dir='ltr'>benique</span> <span class='ocrx_word' id='word_1_8' title='bbox 1133 499 1187 558; x_wconf 92' lang='lat' dir='ltr'>hoc</span> <span class='ocrx_word' id='word_1_9' title='bbox 1224 509 1267 558; x_wconf 86' lang='lat' dir='ltr'>ret</span> <span class='ocrx_word' id='word_1_10' title='bbox 1286 499 1452 558; x_wconf 88' lang='lat' dir='ltr'>hominibus.</span> <span class='ocrx_word' id='word_1_11' title='bbox 1468 499 1503 559; x_wconf 84' lang='lat' dir='ltr'>Et</span> <span class='ocrx_word' id='word_1_12' title='bbox 1521 489 1560 558; x_wconf 78' lang='lat' dir='ltr'>sie</span> <span class='ocrx_word' id='word_1_13' title='bbox 1580 501 1664 558; x_wconf 85' lang='lat' dir='ltr'>etiam</span> <span class='ocrx_word' id='word_1_14' title='bbox 1681 497 1748 560; x_wconf 82' lang='lat' dir='ltr'>dixit</span> <span class='ocrx_word' id='word_1_15' title='bbox 1760 501 1888 561; x_wconf 83' lang='lat' dir='ltr'>Christus</span> <span class='ocrx_word' id='word_1_16' title='bbox 1903 504 1978 558; x_wconf 85' lang='lat' dir='ltr'>loon.</span> <span class='ocrx_word' id='word_1_17' title='bbox 1999 501 2023 560; x_wconf 87' lang='lat' dir='ltr'>i:</span> 
     </span>
    </p>

    <p class='ocr_par' dir='ltr' id='par_1_3' title="bbox 323 588 2027 665">
     <span class='ocr_line' id='line_1_3' title="bbox 323 588 2027 665; baseline 0 -19"><span class='ocrx_word' id='word_1_18' title='bbox 323 657 326 662; x_wconf 25' lang='lat'>¹</span> <span class='ocrx_word' id='word_1_19' title='bbox 384 590 466 646; x_wconf 93' lang='lat' dir='ltr'>modo</span> <span class='ocrx_word' id='word_1_20' title='bbox 492 589 618 647; x_wconf 85' lang='lat' dir='ltr'>videntur</span> <span class='ocrx_word' id='word_1_21' title='bbox 638 605 718 662; x_wconf 90' lang='lat' dir='ltr'>posse</span> <span class='ocrx_word' id='word_1_22' title='bbox 739 589 878 646; x_wconf 90' lang='lat' dir='ltr'>conciliari</span> <span class='ocrx_word' id='word_1_23' title='bbox 897 591 1046 648; x_wconf 88' lang='lat' dir='ltr'>sententiae</span> <span class='ocrx_word' id='word_1_24' title='bbox 1066 595 1186 664; x_wconf 81' lang='lat' dir='ltr'>patrum3</span> <span class='ocrx_word' id='word_1_25' title='bbox 1222 594 1327 647; x_wconf 79' lang='lat' dir='ltr'>Nonae</span> <span class='ocrx_word' id='word_1_26' title='bbox 1341 591 1462 665; x_wconf 78' lang='lat' dir='ltr'><strong><em>Moyses</em></strong></span> <span class='ocrx_word' id='word_1_27' title='bbox 1475 588 1556 646; x_wconf 82' lang='lat' dir='ltr'>dedit</span> <span class='ocrx_word' id='word_1_28' title='bbox 1572 591 1653 647; x_wconf 83' lang='lat' dir='ltr'>nobis</span> <span class='ocrx_word' id='word_1_29' title='bbox 1666 589 1778 663; x_wconf 70' lang='lat' dir='ltr'>legem?</span> <span class='ocrx_word' id='word_1_30' title='bbox 1791 593 1827 650; x_wconf 82' lang='lat' dir='ltr'>Et</span> <span class='ocrx_word' id='word_1_31' title='bbox 1841 593 1878 648; x_wconf 88' lang='lat' dir='ltr'>lta</span> <span class='ocrx_word' id='word_1_32' title='bbox 1892 594 1976 648; x_wconf 89' lang='lat' dir='ltr'>etiam</span> <span class='ocrx_word' id='word_1_33' title='bbox 1991 593 2027 646; x_wconf 83' lang='lat' dir='ltr'>ri·</span> 
     </span>
    </p>

    <p class='ocr_par' dir='ltr' id='par_1_4' title="bbox 382 670 2114 1112">
     <span class='ocr_line' id='line_1_4' title="bbox 384 670 2114 753; baseline 0.001 -19"><span class='ocrx_word' id='word_1_34' title='bbox 384 695 446 736; x_wconf 91' lang='lat' dir='ltr'>nam</span> <span class='ocrx_word' id='word_1_35' title='bbox 467 678 578 751; x_wconf 89' lang='lat' dir='ltr'>quidam</span> <span class='ocrx_word' id='word_1_36' title='bbox 598 677 713 748; x_wconf 85' lang='lat' dir='ltr'>dicunt,</span> <span class='ocrx_word' id='word_1_37' title='bbox 733 682 818 735; x_wconf 84' lang='lat' dir='ltr'>Deum</span> <span class='ocrx_word' id='word_1_38' title='bbox 834 694 882 750; x_wconf 94' lang='lat' dir='ltr'>per</span> <span class='ocrx_word' id='word_1_39' title='bbox 897 680 1018 750; x_wconf 91' lang='lat' dir='ltr'>seipsum</span> <span class='ocrx_word' id='word_1_40' title='bbox 1033 679 1187 736; x_wconf 79' lang='lat' dir='ltr'>immediate</span> <span class='ocrx_word' id='word_1_41' title='bbox 1221 679 1301 736; x_wconf 91' lang='lat' dir='ltr'>detur</span> <span class='ocrx_word' id='word_1_42' title='bbox 1315 679 1532 752; x_wconf 88' lang='lat' dir='ltr'>intelligendum,</span> <span class='ocrx_word' id='word_1_43' title='bbox 1548 679 1622 753; x_wconf 92' lang='lat' dir='ltr'>quod</span> <span class='ocrx_word' id='word_1_44' title='bbox 1638 681 1741 738; x_wconf 82' lang='lat' dir='ltr'>Patrius</span> <span class='ocrx_word' id='word_1_45' title='bbox 1754 681 1788 738; x_wconf 93' lang='lat' dir='ltr'>da</span> <span class='ocrx_word' id='word_1_46' title='bbox 1801 680 1898 738; x_wconf 89' lang='lat' dir='ltr'>eadem</span> <span class='ocrx_word' id='word_1_47' title='bbox 1914 681 1975 752; x_wconf 86' lang='lat' dir='ltr'>lege</span> <span class='ocrx_word' id='word_1_48' title='bbox 1988 679 2027 736; x_wconf 89' lang='lat' dir='ltr'>di·</span> <span class='ocrx_word' id='word_1_49' title='bbox 2113 670 2114 720; x_wconf 93' lang='lat' dir='ltr'>l</span> 
     </span>
     <span class='ocr_line' id='line_1_5' title="bbox 383 766 2028 844; baseline 0.002 -21"><span class='ocrx_word' id='word_1_50' title='bbox 383 767 526 824; x_wconf 82' lang='lat' dir='ltr'>tradidisse</span> <span class='ocrx_word' id='word_1_51' title='bbox 545 767 631 840; x_wconf 88' lang='lat' dir='ltr'>legem</span> <span class='ocrx_word' id='word_1_52' title='bbox 646 766 731 838; x_wconf 92' lang='lat' dir='ltr'>illam,</span> <span class='ocrx_word' id='word_1_53' title='bbox 747 774 861 839; x_wconf 90' lang='lat' dir='ltr'>propter</span> <span class='ocrx_word' id='word_1_54' title='bbox 875 767 957 824; x_wconf 86' lang='lat' dir='ltr'>verba</span> <span class='ocrx_word' id='word_1_55' title='bbox 971 767 1028 842; x_wconf 88' lang='lat' dir='ltr'>illa,</span> <span class='ocrx_word' id='word_1_56' title='bbox 1040 772 1103 841; x_wconf 78' lang='lat' dir='ltr'>Ego</span> <span class='ocrx_word' id='word_1_57' title='bbox 1119 783 1185 824; x_wconf 86' lang='lat' dir='ltr'>sam</span> <span class='ocrx_word' id='word_1_58' title='bbox 1221 769 1261 824; x_wconf 92' lang='lat' dir='ltr'>cit</span> <span class='ocrx_word' id='word_1_59' title='bbox 1274 766 1308 824; x_wconf 92' lang='lat' dir='ltr'>ad</span> <span class='ocrx_word' id='word_1_60' title='bbox 1322 768 1379 826; x_wconf 83' lang='lat' dir='ltr'>dal.</span> <span class='ocrx_word' id='word_1_61' title='bbox 1393 772 1420 826; x_wconf 77' lang='lat'>3:</span> <span class='ocrx_word' id='word_1_62' title='bbox 1437 767 1591 827; x_wconf 76' lang='lat' dir='ltr'>Ordinato</span> <span class='ocrx_word' id='word_1_63' title='bbox 1601 785 1657 844; x_wconf 83' lang='lat' dir='ltr'>per</span> <span class='ocrx_word' id='word_1_64' title='bbox 1668 769 1795 843; x_wconf 76' lang='lat' dir='ltr'>Angelos</span> <span class='ocrx_word' id='word_1_65' title='bbox 1808 775 1842 828; x_wconf 83' lang='lat' dir='ltr'>ia</span> <span class='ocrx_word' id='word_1_66' title='bbox 1855 786 1954 828; x_wconf 73' lang='lat' dir='ltr'>amau</span> <span class='ocrx_word' id='word_1_67' title='bbox 1969 785 2028 826; x_wconf 84' lang='lat' dir='ltr'>me·</span> 
     </span>
     <span class='ocr_line' id='line_1_6' title="bbox 382 853 2114 934; baseline 0 -20"><span class='ocrx_word' id='word_1_68' title='bbox 382 859 531 914; x_wconf 81' lang='lat' dir='ltr'>Dominus</span> <span class='ocrx_word' id='word_1_69' title='bbox 551 860 631 914; x_wconf 85' lang='lat' dir='ltr'>Dens</span> <span class='ocrx_word' id='word_1_70' title='bbox 651 861 733 924; x_wconf 84' lang='lat' dir='ltr'>toas,</span> <span class='ocrx_word' id='word_1_71' title='bbox 761 864 794 913; x_wconf 93' lang='lat' dir='ltr'>ut</span> <span class='ocrx_word' id='word_1_72' title='bbox 815 857 908 914; x_wconf 86' lang='lat' dir='ltr'>videre</span> <span class='ocrx_word' id='word_1_73' title='bbox 922 857 986 914; x_wconf 89' lang='lat' dir='ltr'>licet</span> <span class='ocrx_word' id='word_1_74' title='bbox 1000 859 1027 913; x_wconf 91' lang='lat' dir='ltr'>in</span> <span class='ocrx_word' id='word_1_75' title='bbox 1041 857 1184 932; x_wconf 84' lang='lat' dir='ltr'>Chryeoet.</span> <span class='ocrx_word' id='word_1_76' title='bbox 1221 855 1363 924; x_wconf 68' lang='lat' dir='ltr'>diotone,</span> <span class='ocrx_word' id='word_1_77' title='bbox 1382 857 1427 913; x_wconf 92' lang='lat' dir='ltr'>ubi</span> <span class='ocrx_word' id='word_1_78' title='bbox 1441 856 1583 934; x_wconf 78' lang='lat' dir='ltr'>chrysost.</span> <span class='ocrx_word' id='word_1_79' title='bbox 1599 874 1683 932; x_wconf 90' lang='lat' dir='ltr'>quem</span> <span class='ocrx_word' id='word_1_80' title='bbox 1696 860 1779 933; x_wconf 90' lang='lat' dir='ltr'>aliqui</span> <span class='ocrx_word' id='word_1_81' title='bbox 1792 859 1889 917; x_wconf 86' lang='lat' dir='ltr'>Graeci</span> <span class='ocrx_word' id='word_1_82' title='bbox 1903 873 2029 931; x_wconf 88' lang='lat' dir='ltr'>sequun-</span> <span class='ocrx_word' id='word_1_83' title='bbox 2113 853 2114 904; x_wconf 77' lang='lat' dir='ltr'>l</span> 
     </span>
     <span class='ocr_line' id='line_1_7' title="bbox 383 944 2114 1020; baseline -0.001 -17"><span class='ocrx_word' id='word_1_84' title='bbox 383 945 478 1003; x_wconf 88' lang='lat' dir='ltr'>homil.</span> <span class='ocrx_word' id='word_1_85' title='bbox 495 947 572 1004; x_wconf 67' lang='lat' dir='ltr'>litio</span> <span class='ocrx_word' id='word_1_86' title='bbox 584 949 655 1004; x_wconf 80' lang='lat' dir='ltr'>acta</span> <span class='ocrx_word' id='word_1_87' title='bbox 668 953 695 1003; x_wconf 91' lang='lat' dir='ltr'>el</span> <span class='ocrx_word' id='word_1_88' title='bbox 708 947 734 1003; x_wconf 91' lang='lat' dir='ltr'>in</span> <span class='ocrx_word' id='word_1_89' title='bbox 749 946 807 1004; x_wconf 89' lang='lat' dir='ltr'>aliis</span> <span class='ocrx_word' id='word_1_90' title='bbox 821 947 891 1004; x_wconf 91' lang='lat' dir='ltr'>locis</span> <span class='ocrx_word' id='word_1_91' title='bbox 906 962 990 1018; x_wconf 90' lang='lat' dir='ltr'>super</span> <span class='ocrx_word' id='word_1_92' title='bbox 1000 945 1127 1017; x_wconf 89' lang='lat' dir='ltr'>Paulum,</span> <span class='ocrx_word' id='word_1_93' title='bbox 1141 945 1185 1002; x_wconf 91' lang='lat' dir='ltr'>ubi</span> <span class='ocrx_word' id='word_1_94' title='bbox 1219 953 1276 1020; x_wconf 92' lang='lat' dir='ltr'>tur,</span> <span class='ocrx_word' id='word_1_95' title='bbox 1292 953 1320 1004; x_wconf 91' lang='lat' dir='ltr'>et</span> <span class='ocrx_word' id='word_1_96' title='bbox 1336 944 1415 1003; x_wconf 89' lang='lat' dir='ltr'>multi</span> <span class='ocrx_word' id='word_1_97' title='bbox 1429 948 1525 1020; x_wconf 88' lang='lat' dir='ltr'>Latini,</span> <span class='ocrx_word' id='word_1_98' title='bbox 1538 963 1586 1018; x_wconf 87' lang='lat' dir='ltr'>per</span> <span class='ocrx_word' id='word_1_99' title='bbox 1601 947 1777 1006; x_wconf 74' lang='lat' dir='ltr'>mediatorem</span> <span class='ocrx_word' id='word_1_100' title='bbox 1791 949 1935 1006; x_wconf 88' lang='lat' dir='ltr'>Christum</span> <span class='ocrx_word' id='word_1_101' title='bbox 1948 947 2029 1004; x_wconf 86' lang='lat' dir='ltr'>iutel-</span> <span class='ocrx_word' id='word_1_102' title='bbox 2113 967 2114 1020; x_wconf 48' lang='grc' dir='ltr'>ᾗ</span> 
     </span>
     <span class='ocr_line' id='line_1_8' title="bbox 382 1027 2114 1112; baseline -0.001 -19"><span class='ocrx_word' id='word_1_103' title='bbox 382 1034 580 1112; x_wconf 81' lang='lat' dir='ltr'>Theopbylact.</span> <span class='ocrx_word' id='word_1_104' title='bbox 601 1044 629 1095; x_wconf 91' lang='lat' dir='ltr'>et</span> <span class='ocrx_word' id='word_1_105' title='bbox 648 1037 833 1095; x_wconf 82' lang='lat' dir='ltr'>oecumenius</span> <span class='ocrx_word' id='word_1_106' title='bbox 854 1037 930 1094; x_wconf 92' lang='lat' dir='ltr'>illum</span> <span class='ocrx_word' id='word_1_107' title='bbox 954 1045 1120 1111; x_wconf 88' lang='lat' dir='ltr'>sequuntur.</span> <span class='ocrx_word' id='word_1_108' title='bbox 1136 1035 1186 1093; x_wconf 84' lang='lat' dir='ltr'>hlii</span> <span class='ocrx_word' id='word_1_109' title='bbox 1221 1033 1290 1108; x_wconf 83' lang='lat' dir='ltr'>ligii,</span> <span class='ocrx_word' id='word_1_110' title='bbox 1302 1037 1350 1110; x_wconf 91' lang='lat' dir='ltr'>qui</span> <span class='ocrx_word' id='word_1_111' title='bbox 1362 1044 1405 1093; x_wconf 85' lang='lat' dir='ltr'>est</span> <span class='ocrx_word' id='word_1_112' title='bbox 1419 1038 1519 1094; x_wconf 90' lang='lat' dir='ltr'>unicus</span> <span class='ocrx_word' id='word_1_113' title='bbox 1535 1037 1669 1094; x_wconf 89' lang='lat' dir='ltr'>mediator</span> <span class='ocrx_word' id='word_1_114' title='bbox 1680 1039 1727 1095; x_wconf 83' lang='lat' dir='ltr'>liei</span> <span class='ocrx_word' id='word_1_115' title='bbox 1741 1047 1770 1094; x_wconf 93' lang='lat' dir='ltr'>et</span> <span class='ocrx_word' id='word_1_116' title='bbox 1783 1037 1940 1106; x_wconf 91' lang='lat' dir='ltr'>hominum,</span> <span class='ocrx_word' id='word_1_117' title='bbox 1957 1041 1982 1093; x_wconf 96' lang='lat' dir='ltr'>l.</span> <span class='ocrx_word' id='word_1_118' title='bbox 1995 1037 2029 1092; x_wconf 86' lang='lat' dir='ltr'>ad</span> <span class='ocrx_word' id='word_1_119' title='bbox 2113 1027 2114 1106; x_wconf 66' lang='lat' dir='ltr'>l</span> 
     </span>
    </p>
   </div>
   <div class='ocr_carea' id='block_1_3' title="bbox 294 1124 2118 5330">
    <p class='ocr_par' dir='ltr' id='par_1_5' title="bbox 294 1124 2118 5330">
     <span class='ocr_line' id='line_1_9' title="bbox 383 1124 2031 1208; baseline -0.001 -26"><span class='ocrx_word' id='word_1_120' title='bbox 383 1142 449 1184; x_wconf 87' lang='lat' dir='ltr'>vero</span> <span class='ocrx_word' id='word_1_121' title='bbox 472 1124 591 1192; x_wconf 85' lang='lat' dir='ltr'>doceat,</span> <span class='ocrx_word' id='word_1_122' title='bbox 613 1141 661 1198; x_wconf 88' lang='lat' dir='ltr'>per</span> <span class='ocrx_word' id='word_1_123' title='bbox 680 1127 791 1200; x_wconf 89' lang='lat' dir='ltr'>angelos</span> <span class='ocrx_word' id='word_1_124' title='bbox 805 1127 889 1184; x_wconf 89' lang='lat' dir='ltr'>luisse</span> <span class='ocrx_word' id='word_1_125' title='bbox 904 1126 1029 1184; x_wconf 89' lang='lat' dir='ltr'>locutum</span> <span class='ocrx_word' id='word_1_126' title='bbox 1043 1130 1140 1200; x_wconf 86' lang='lat' dir='ltr'>Deum,</span> <span class='ocrx_word' id='word_1_127' title='bbox 1156 1131 1188 1182; x_wconf 94' lang='lat' dir='ltr'>ut</span> <span class='ocrx_word' id='word_1_128' title='bbox 1220 1124 1340 1208; x_wconf 27' lang='lat' dir='ltr'>Tim.¹2;</span> <span class='ocrx_word' id='word_1_129' title='bbox 1361 1125 1437 1182; x_wconf 88' lang='lat' dir='ltr'>iuxta</span> <span class='ocrx_word' id='word_1_130' title='bbox 1455 1142 1538 1200; x_wconf 90' lang='lat' dir='ltr'>quara</span> <span class='ocrx_word' id='word_1_131' title='bbox 1556 1127 1754 1198; x_wconf 79' lang='lat' dir='ltr'>expositionem</span> <span class='ocrx_word' id='word_1_132' title='bbox 1774 1128 1913 1199; x_wconf 88' lang='lat' dir='ltr'>particula</span> <span class='ocrx_word' id='word_1_133' title='bbox 1932 1126 1977 1183; x_wconf 87' lang='lat' dir='ltr'>illa</span> <span class='ocrx_word' id='word_1_134' title='bbox 1999 1131 2031 1182; x_wconf 73' lang='lat' dir='ltr'>ix</span> 
     </span>
     <span class='ocr_line' id='line_1_10' title="bbox 382 1213 2029 1290; baseline -0.001 -17"><span class='ocrx_word' id='word_1_135' title='bbox 382 1215 472 1273; x_wconf 88' lang='lat' dir='ltr'>statim</span> <span class='ocrx_word' id='word_1_136' title='bbox 493 1215 621 1273; x_wconf 85' lang='lat' dir='ltr'>aeleram.</span> <span class='ocrx_word' id='word_1_137' title='bbox 644 1218 764 1273; x_wconf 90' lang='lat' dir='ltr'>Possunt</span> <span class='ocrx_word' id='word_1_138' title='bbox 783 1232 850 1290; x_wconf 86' lang='lat' dir='ltr'>ergo</span> <span class='ocrx_word' id='word_1_139' title='bbox 871 1215 1009 1274; x_wconf 86' lang='lat' dir='ltr'>conciliari</span> <span class='ocrx_word' id='word_1_140' title='bbox 1031 1215 1186 1274; x_wconf 89' lang='lat' dir='ltr'>secundum</span> <span class='ocrx_word' id='word_1_141' title='bbox 1221 1229 1317 1273; x_wconf 83' lang='lat' dir='ltr'>mono</span> <span class='ocrx_word' id='word_1_142' title='bbox 1335 1231 1389 1272; x_wconf 90' lang='lat' dir='ltr'>non</span> <span class='ocrx_word' id='word_1_143' title='bbox 1409 1213 1444 1272; x_wconf 89' lang='lat' dir='ltr'>de</span> <span class='ocrx_word' id='word_1_144' title='bbox 1463 1217 1632 1273; x_wconf 88' lang='lat' dir='ltr'>ministeriali</span> <span class='ocrx_word' id='word_1_145' title='bbox 1647 1219 1824 1289; x_wconf 86' lang='lat' dir='ltr'>auctoritate,</span> <span class='ocrx_word' id='word_1_146' title='bbox 1840 1215 1890 1274; x_wconf 91' lang='lat' dir='ltr'>sed</span> <span class='ocrx_word' id='word_1_147' title='bbox 1903 1217 1939 1274; x_wconf 85' lang='lat' dir='ltr'>de</span> <span class='ocrx_word' id='word_1_148' title='bbox 1953 1217 2029 1288; x_wconf 88' lang='lat' dir='ltr'>prin·</span> 
     </span>
     <span class='ocr_line' id='line_1_11' title="bbox 382 1304 2030 1380; baseline -0.001 -17"><span class='ocrx_word' id='word_1_149' title='bbox 382 1304 504 1364; x_wconf 84' lang='lat' dir='ltr'>diversas</span> <span class='ocrx_word' id='word_1_150' title='bbox 520 1313 611 1378; x_wconf 85' lang='lat' dir='ltr'>portes</span> <span class='ocrx_word' id='word_1_151' title='bbox 625 1305 696 1363; x_wconf 89' lang='lat' dir='ltr'>illius</span> <span class='ocrx_word' id='word_1_152' title='bbox 711 1305 787 1378; x_wconf 90' lang='lat' dir='ltr'>legis.</span> <span class='ocrx_word' id='word_1_153' title='bbox 1220 1305 1301 1376; x_wconf 91' lang='lat' dir='ltr'>cipali</span> <span class='ocrx_word' id='word_1_154' title='bbox 1314 1311 1450 1378; x_wconf 85' lang='lat' dir='ltr'>potestate</span> <span class='ocrx_word' id='word_1_155' title='bbox 1462 1305 1638 1380; x_wconf 88' lang='lat' dir='ltr'>intelligenda</span> <span class='ocrx_word' id='word_1_156' title='bbox 1650 1313 1703 1379; x_wconf 69' lang='lat' dir='ltr'>estp</span> <span class='ocrx_word' id='word_1_157' title='bbox 1713 1309 1752 1364; x_wconf 88' lang='lat' dir='ltr'>ita</span> <span class='ocrx_word' id='word_1_158' title='bbox 1764 1315 1794 1365; x_wconf 89' lang='lat' dir='ltr'>ut</span> <span class='ocrx_word' id='word_1_159' title='bbox 1804 1323 1903 1365; x_wconf 87' lang='lat' dir='ltr'>sensus</span> <span class='ocrx_word' id='word_1_160' title='bbox 1918 1308 1969 1377; x_wconf 86' lang='lat' dir='ltr'>sit,</span> <span class='ocrx_word' id='word_1_161' title='bbox 1982 1323 2030 1362; x_wconf 92' lang='lat' dir='ltr'>an-</span> 
     </span>
     <span class='ocr_line' id='line_1_12' title="bbox 420 1394 2026 1469; baseline -0.001 -15"><span class='ocrx_word' id='word_1_162' title='bbox 420 1401 448 1454; x_wconf 88' lang='lat' dir='ltr'>o.</span> <span class='ocrx_word' id='word_1_163' title='bbox 464 1397 540 1452; x_wconf 88' lang='lat' dir='ltr'>llaac</span> <span class='ocrx_word' id='word_1_164' title='bbox 558 1411 625 1452; x_wconf 88' lang='lat' dir='ltr'>vero</span> <span class='ocrx_word' id='word_1_165' title='bbox 644 1395 804 1452; x_wconf 86' lang='lat' dir='ltr'>seutentiam</span> <span class='ocrx_word' id='word_1_166' title='bbox 823 1394 914 1468; x_wconf 91' lang='lat' dir='ltr'>quoad</span> <span class='ocrx_word' id='word_1_167' title='bbox 931 1395 1109 1467; x_wconf 88' lang='lat' dir='ltr'>posteriorem</span> <span class='ocrx_word' id='word_1_168' title='bbox 1124 1410 1186 1466; x_wconf 92' lang='lat' dir='ltr'>par·</span> <span class='ocrx_word' id='word_1_169' title='bbox 1220 1394 1296 1466; x_wconf 88' lang='lat' dir='ltr'>gelos</span> <span class='ocrx_word' id='word_1_170' title='bbox 1319 1394 1485 1466; x_wconf 89' lang='lat' dir='ltr'>disposuisse</span> <span class='ocrx_word' id='word_1_171' title='bbox 1510 1395 1597 1468; x_wconf 85' lang='lat' dir='ltr'>legem</span> <span class='ocrx_word' id='word_1_172' title='bbox 1621 1398 1648 1452; x_wconf 90' lang='lat' dir='ltr'>io</span> <span class='ocrx_word' id='word_1_173' title='bbox 1668 1397 1787 1469; x_wconf 78' lang='lat' dir='ltr'>virtute,</span> <span class='ocrx_word' id='word_1_174' title='bbox 1813 1405 1841 1454; x_wconf 92' lang='lat' dir='ltr'>et</span> <span class='ocrx_word' id='word_1_175' title='bbox 1858 1398 2026 1454; x_wconf 88' lang='lat' dir='ltr'>auctoritate</span> 
     </span>
     <span class='ocr_line' id='line_1_13' title="bbox 381 1482 2031 1558; baseline -0.001 -14"><span class='ocrx_word' id='word_1_176' title='bbox 381 1493 435 1544; x_wconf 91' lang='lat' dir='ltr'>tem</span> <span class='ocrx_word' id='word_1_177' title='bbox 454 1484 569 1543; x_wconf 89' lang='lat' dir='ltr'>libenter</span> <span class='ocrx_word' id='word_1_178' title='bbox 590 1483 773 1557; x_wconf 87' lang='lat' dir='ltr'>admittimus,</span> <span class='ocrx_word' id='word_1_179' title='bbox 793 1485 917 1556; x_wconf 90' lang='lat' dir='ltr'>scilicet,</span> <span class='ocrx_word' id='word_1_180' title='bbox 944 1483 1018 1557; x_wconf 91' lang='lat' dir='ltr'>quod</span> <span class='ocrx_word' id='word_1_181' title='bbox 1039 1491 1186 1557; x_wconf 89' lang='lat' dir='ltr'>praecepta</span> <span class='ocrx_word' id='word_1_182' title='bbox 1219 1482 1299 1539; x_wconf 80' lang='lat' dir='ltr'>Verbi</span> <span class='ocrx_word' id='word_1_183' title='bbox 1313 1482 1411 1540; x_wconf 85' lang='lat' dir='ltr'>divini:</span> <span class='ocrx_word' id='word_1_184' title='bbox 1432 1491 1461 1542; x_wconf 89' lang='lat' dir='ltr'>et</span> <span class='ocrx_word' id='word_1_185' title='bbox 1474 1486 1502 1541; x_wconf 88' lang='lat' dir='ltr'>iu</span> <span class='ocrx_word' id='word_1_186' title='bbox 1517 1485 1570 1542; x_wconf 89' lang='lat' dir='ltr'>boc</span> <span class='ocrx_word' id='word_1_187' title='bbox 1584 1501 1668 1542; x_wconf 86' lang='lat' dir='ltr'>sensu</span> <span class='ocrx_word' id='word_1_188' title='bbox 1684 1494 1775 1556; x_wconf 87' lang='lat' dir='ltr'>potest</span> <span class='ocrx_word' id='word_1_189' title='bbox 1787 1489 1926 1558; x_wconf 83' lang='lat' dir='ltr'>expositio</span> <span class='ocrx_word' id='word_1_190' title='bbox 1940 1489 2031 1543; x_wconf 83' lang='lat' dir='ltr'>subsi-</span> 
     </span>
     <span class='ocr_line' id='line_1_14' title="bbox 380 1561 2027 1650; baseline 0.001 -18"><span class='ocrx_word' id='word_1_191' title='bbox 380 1575 588 1634; x_wconf 88' lang='lat' dir='ltr'>caeremooialia</span> <span class='ocrx_word' id='word_1_192' title='bbox 610 1583 638 1632; x_wconf 93' lang='lat' dir='ltr'>et</span> <span class='ocrx_word' id='word_1_193' title='bbox 661 1573 799 1631; x_wconf 82' lang='lat' dir='ltr'>iudicialis</span> <span class='ocrx_word' id='word_1_194' title='bbox 818 1591 866 1647; x_wconf 91' lang='lat' dir='ltr'>per</span> <span class='ocrx_word' id='word_1_195' title='bbox 899 1575 1010 1650; x_wconf 86' lang='lat' dir='ltr'>angelos</span> <span class='ocrx_word' id='word_1_196' title='bbox 1033 1573 1186 1632; x_wconf 86' lang='lat' dir='ltr'>immediate</span> <span class='ocrx_word' id='word_1_197' title='bbox 1221 1578 1294 1630; x_wconf 86' lang='lat' dir='ltr'>stare</span> <span class='ocrx_word' id='word_1_198' title='bbox 1308 1587 1373 1629; x_wconf 91' lang='lat' dir='ltr'>cum</span> <span class='ocrx_word' id='word_1_199' title='bbox 1389 1572 1440 1645; x_wconf 89' lang='lat' dir='ltr'>his,</span> <span class='ocrx_word' id='word_1_200' title='bbox 1455 1589 1526 1646; x_wconf 91' lang='lat' dir='ltr'>quae</span> <span class='ocrx_word' id='word_1_201' title='bbox 1540 1561 1669 1632; x_wconf 82' lang='lat' dir='ltr'>diximus.</span> <span class='ocrx_word' id='word_1_202' title='bbox 1685 1575 1739 1632; x_wconf 88' lang='lat' dir='ltr'>Sed</span> <span class='ocrx_word' id='word_1_203' title='bbox 1752 1593 1807 1634; x_wconf 92' lang='lat' dir='ltr'>anu</span> <span class='ocrx_word' id='word_1_204' title='bbox 1822 1575 1913 1648; x_wconf 82' lang='lat' dir='ltr'>video,</span> <span class='ocrx_word' id='word_1_205' title='bbox 1926 1595 1980 1634; x_wconf 90' lang='lat' dir='ltr'>cur</span> <span class='ocrx_word' id='word_1_206' title='bbox 1990 1579 2027 1634; x_wconf 88' lang='lat' dir='ltr'>ihi</span> 
     </span>
     <span class='ocr_line' id='line_1_15' title="bbox 380 1663 2027 1741; baseline 0 -19"><span class='ocrx_word' id='word_1_207' title='bbox 380 1665 465 1741; x_wconf 80' lang='lat' dir='ltr'>idoysi</span> <span class='ocrx_word' id='word_1_208' title='bbox 480 1663 579 1720; x_wconf 87' lang='lat' dir='ltr'>inerint</span> <span class='ocrx_word' id='word_1_209' title='bbox 592 1663 741 1736; x_wconf 88' lang='lat' dir='ltr'>proposita.</span> <span class='ocrx_word' id='word_1_210' title='bbox 757 1663 852 1731; x_wconf 83' lang='lat' dir='ltr'>Quoad</span> <span class='ocrx_word' id='word_1_211' title='bbox 868 1663 980 1722; x_wconf 87' lang='lat' dir='ltr'>alteram</span> <span class='ocrx_word' id='word_1_212' title='bbox 995 1679 1060 1721; x_wconf 84' lang='lat' dir='ltr'>sero</span> <span class='ocrx_word' id='word_1_213' title='bbox 1081 1669 1185 1736; x_wconf 90' lang='lat' dir='ltr'>partem</span> <span class='ocrx_word' id='word_1_214' title='bbox 1220 1665 1342 1735; x_wconf 90' lang='lat' dir='ltr'>potuerit</span> <span class='ocrx_word' id='word_1_215' title='bbox 1356 1663 1458 1720; x_wconf 90' lang='lat' dir='ltr'>Paulus</span> <span class='ocrx_word' id='word_1_216' title='bbox 1469 1665 1633 1721; x_wconf 87' lang='lat' dir='ltr'>mentionem</span> <span class='ocrx_word' id='word_1_217' title='bbox 1647 1664 1737 1724; x_wconf 90' lang='lat' dir='ltr'>lacere</span> <span class='ocrx_word' id='word_1_218' title='bbox 1747 1665 1781 1723; x_wconf 91' lang='lat' dir='ltr'>de</span> <span class='ocrx_word' id='word_1_219' title='bbox 1792 1667 1901 1724; x_wconf 84' lang='lat' dir='ltr'>Christo</span> <span class='ocrx_word' id='word_1_220' title='bbox 1912 1667 1967 1723; x_wconf 88' lang='lat' dir='ltr'>sub</span> <span class='ocrx_word' id='word_1_221' title='bbox 1981 1683 2027 1722; x_wconf 91' lang='lat' dir='ltr'>uo-</span> 
     </span>
     <span class='ocr_line' id='line_1_16' title="bbox 381 1751 2028 1827; baseline 0.001 -16"><span class='ocrx_word' id='word_1_222' title='bbox 381 1769 436 1811; x_wconf 89' lang='lat' dir='ltr'>uoa</span> <span class='ocrx_word' id='word_1_223' title='bbox 457 1752 565 1810; x_wconf 87' lang='lat' dir='ltr'>videtur</span> <span class='ocrx_word' id='word_1_224' title='bbox 585 1751 768 1823; x_wconf 81' lang='lat' dir='ltr'>admittenda3</span> <span class='ocrx_word' id='word_1_225' title='bbox 791 1753 930 1824; x_wconf 88' lang='lat' dir='ltr'>probabile</span> <span class='ocrx_word' id='word_1_226' title='bbox 944 1754 1016 1811; x_wconf 89' lang='lat' dir='ltr'>enim</span> <span class='ocrx_word' id='word_1_227' title='bbox 1030 1759 1083 1825; x_wconf 87' lang='lat' dir='ltr'>est,</span> <span class='ocrx_word' id='word_1_228' title='bbox 1103 1755 1185 1810; x_wconf 90' lang='lat' dir='ltr'>etiam</span> <span class='ocrx_word' id='word_1_229' title='bbox 1219 1752 1291 1808; x_wconf 87' lang='lat' dir='ltr'>mine</span> <span class='ocrx_word' id='word_1_230' title='bbox 1306 1751 1473 1822; x_wconf 86' lang='lat' dir='ltr'>mediatoris,</span> <span class='ocrx_word' id='word_1_231' title='bbox 1488 1759 1548 1810; x_wconf 88' lang='lat' dir='ltr'>tuna</span> <span class='ocrx_word' id='word_1_232' title='bbox 1561 1755 1625 1827; x_wconf 91' lang='lat' dir='ltr'>qula</span> <span class='ocrx_word' id='word_1_233' title='bbox 1638 1769 1692 1811; x_wconf 92' lang='lat' dir='ltr'>non</span> <span class='ocrx_word' id='word_1_234' title='bbox 1705 1751 1749 1812; x_wconf 78' lang='lat' dir='ltr'>e&#39;st</span> <span class='ocrx_word' id='word_1_235' title='bbox 1764 1755 1899 1814; x_wconf 87' lang='lat' dir='ltr'>mediator</span> <span class='ocrx_word' id='word_1_236' title='bbox 1915 1764 1949 1812; x_wconf 88' lang='lat' dir='ltr'>ut</span> <span class='ocrx_word' id='word_1_237' title='bbox 1963 1757 2028 1813; x_wconf 83' lang='lat' dir='ltr'>Ver-</span> 
     </span>
     <span class='ocr_line' id='line_1_17' title="bbox 380 1840 2028 1918; baseline 0.001 -18"><span class='ocrx_word' id='word_1_238' title='bbox 380 1844 496 1916; x_wconf 90' lang='lat' dir='ltr'>primam</span> <span class='ocrx_word' id='word_1_239' title='bbox 516 1840 758 1914; x_wconf 82' lang='lat' dir='ltr'>promulgationem</span> <span class='ocrx_word' id='word_1_240' title='bbox 773 1849 985 1916; x_wconf 89' lang='lat' dir='ltr'>praeceptorum</span> <span class='ocrx_word' id='word_1_241' title='bbox 999 1843 1128 1916; x_wconf 84' lang='lat' dir='ltr'>llecalogi</span> <span class='ocrx_word' id='word_1_242' title='bbox 1146 1845 1185 1899; x_wconf 90' lang='lat' dir='ltr'>la·</span> <span class='ocrx_word' id='word_1_243' title='bbox 1221 1841 1286 1900; x_wconf 90' lang='lat' dir='ltr'>hum</span> <span class='ocrx_word' id='word_1_244' title='bbox 1310 1847 1434 1912; x_wconf 76' lang='lat' dir='ltr'>mutum,</span> <span class='ocrx_word' id='word_1_245' title='bbox 1455 1841 1504 1899; x_wconf 92' lang='lat' dir='ltr'>sed</span> <span class='ocrx_word' id='word_1_246' title='bbox 1519 1852 1549 1900; x_wconf 94' lang='lat' dir='ltr'>ut</span> <span class='ocrx_word' id='word_1_247' title='bbox 1561 1844 1681 1901; x_wconf 84' lang='lat' dir='ltr'>Verbum</span> <span class='ocrx_word' id='word_1_248' title='bbox 1694 1845 1892 1918; x_wconf 66' lang='lat' dir='ltr'>incarnatum</span> <span class='ocrx_word' id='word_1_249' title='bbox 1915 1855 1946 1905; x_wconf 88' lang='lat' dir='ltr'>at</span> <span class='ocrx_word' id='word_1_250' title='bbox 1962 1862 2028 1903; x_wconf 86' lang='lat' dir='ltr'>vero</span> 
     </span>
     <span class='ocr_line' id='line_1_18' title="bbox 380 1929 2026 2005; baseline 0.002 -15"><span class='ocrx_word' id='word_1_251' title='bbox 380 1941 453 1993; x_wconf 89' lang='lat' dir='ltr'>ctam</span> <span class='ocrx_word' id='word_1_252' title='bbox 472 1949 532 1990; x_wconf 90' lang='lat' dir='ltr'>esse</span> <span class='ocrx_word' id='word_1_253' title='bbox 551 1933 701 1992; x_wconf 88' lang='lat' dir='ltr'>ministerio</span> <span class='ocrx_word' id='word_1_254' title='bbox 715 1931 876 2005; x_wconf 89' lang='lat' dir='ltr'>angelorum</span> <span class='ocrx_word' id='word_1_255' title='bbox 892 1933 1069 1991; x_wconf 90' lang='lat' dir='ltr'>lormautium</span> <span class='ocrx_word' id='word_1_256' title='bbox 1088 1948 1183 2004; x_wconf 90' lang='lat' dir='ltr'>voces,</span> <span class='ocrx_word' id='word_1_257' title='bbox 1220 1929 1255 1986; x_wconf 91' lang='lat' dir='ltr'>ad</span> <span class='ocrx_word' id='word_1_258' title='bbox 1279 1937 1400 1988; x_wconf 83' lang='lat' dir='ltr'>ueterem</span> <span class='ocrx_word' id='word_1_259' title='bbox 1426 1930 1513 2004; x_wconf 89' lang='lat' dir='ltr'>legem</span> <span class='ocrx_word' id='word_1_260' title='bbox 1535 1931 1671 1990; x_wconf 84' lang='lat' dir='ltr'>larundam</span> <span class='ocrx_word' id='word_1_261' title='bbox 1693 1950 1750 1991; x_wconf 90' lang='lat' dir='ltr'>noo</span> <span class='ocrx_word' id='word_1_262' title='bbox 1776 1941 1807 1990; x_wconf 90' lang='lat' dir='ltr'>ut</span> <span class='ocrx_word' id='word_1_263' title='bbox 1829 1938 1903 1992; x_wconf 83' lang='lat' dir='ltr'>heus</span> <span class='ocrx_word' id='word_1_264' title='bbox 1931 1936 2026 2004; x_wconf 89' lang='lat' dir='ltr'>homo,</span> 
     </span>
     <span class='ocr_line' id='line_1_19' title="bbox 381 2019 2027 2100; baseline -0.001 -19"><span class='ocrx_word' id='word_1_265' title='bbox 381 2041 452 2100; x_wconf 90' lang='lat' dir='ltr'>quas</span> <span class='ocrx_word' id='word_1_266' title='bbox 466 2023 584 2096; x_wconf 91' lang='lat' dir='ltr'>populus</span> <span class='ocrx_word' id='word_1_267' title='bbox 598 2021 735 2096; x_wconf 74' lang='lat' dir='ltr'>audiebat,</span> <span class='ocrx_word' id='word_1_268' title='bbox 751 2021 779 2079; x_wconf 93' lang='lat' dir='ltr'>id</span> <span class='ocrx_word' id='word_1_269' title='bbox 792 2024 863 2080; x_wconf 92' lang='lat' dir='ltr'>euim</span> <span class='ocrx_word' id='word_1_270' title='bbox 878 2031 921 2080; x_wconf 91' lang='lat' dir='ltr'>est</span> <span class='ocrx_word' id='word_1_271' title='bbox 936 2025 1022 2095; x_wconf 89' lang='lat' dir='ltr'>magis</span> <span class='ocrx_word' id='word_1_272' title='bbox 1039 2029 1185 2079; x_wconf 90' lang='lat' dir='ltr'>consenta-</span> <span class='ocrx_word' id='word_1_273' title='bbox 1220 2019 1268 2078; x_wconf 88' lang='lat' dir='ltr'>sed</span> <span class='ocrx_word' id='word_1_274' title='bbox 1289 2026 1397 2078; x_wconf 89' lang='lat' dir='ltr'>tanturn</span> <span class='ocrx_word' id='word_1_275' title='bbox 1418 2028 1449 2079; x_wconf 91' lang='lat' dir='ltr'>ut</span> <span class='ocrx_word' id='word_1_276' title='bbox 1469 2023 1541 2078; x_wconf 88' lang='lat' dir='ltr'>lteus</span> <span class='ocrx_word' id='word_1_277' title='bbox 1561 2028 1692 2094; x_wconf 87' lang='lat' dir='ltr'>operatus</span> <span class='ocrx_word' id='word_1_278' title='bbox 1713 2031 1772 2080; x_wconf 89' lang='lat' dir='ltr'>est:</span> <span class='ocrx_word' id='word_1_279' title='bbox 1790 2033 1850 2081; x_wconf 91' lang='lat' dir='ltr'>tum</span> <span class='ocrx_word' id='word_1_280' title='bbox 1864 2027 1949 2082; x_wconf 89' lang='lat' dir='ltr'>etiam</span> <span class='ocrx_word' id='word_1_281' title='bbox 1962 2027 2027 2100; x_wconf 90' lang='lat' dir='ltr'>quia</span> 
     </span>
     <span class='ocr_line' id='line_1_20' title="bbox 381 2109 2117 2188; baseline -0.001 -16"><span class='ocrx_word' id='word_1_282' title='bbox 381 2131 464 2172; x_wconf 89' lang='lat' dir='ltr'>neum</span> <span class='ocrx_word' id='word_1_283' title='bbox 478 2114 618 2171; x_wconf 89' lang='lat' dir='ltr'>doctrinae</span> <span class='ocrx_word' id='word_1_284' title='bbox 632 2113 752 2188; x_wconf 82' lang='lat' dir='ltr'>Dionysii</span> <span class='ocrx_word' id='word_1_285' title='bbox 767 2113 792 2167; x_wconf 90' lang='lat' dir='ltr'>ln</span> <span class='ocrx_word' id='word_1_286' title='bbox 806 2127 833 2169; x_wconf 90' lang='lat' dir='ltr'>c.</span> <span class='ocrx_word' id='word_1_287' title='bbox 847 2116 874 2169; x_wconf 80' lang='lat' dir='ltr'>t.</span> <span class='ocrx_word' id='word_1_288' title='bbox 888 2110 1049 2170; x_wconf 83' lang='lat' dir='ltr'>deecclesl.</span> <span class='ocrx_word' id='word_1_289' title='bbox 1063 2114 1183 2168; x_wconf 66' lang='lat' dir='ltr'>[semor.</span> <span class='ocrx_word' id='word_1_290' title='bbox 1220 2109 1341 2167; x_wconf 79' lang='lat' dir='ltr'>Verbum</span> <span class='ocrx_word' id='word_1_291' title='bbox 1365 2109 1487 2168; x_wconf 87' lang='lat' dir='ltr'>divinum</span> <span class='ocrx_word' id='word_1_292' title='bbox 1508 2111 1572 2168; x_wconf 89' lang='lat' dir='ltr'>nihil</span> <span class='ocrx_word' id='word_1_293' title='bbox 1597 2111 1736 2184; x_wconf 86' lang='lat' dir='ltr'>peculiare</span> <span class='ocrx_word' id='word_1_294' title='bbox 1758 2113 1853 2170; x_wconf 88' lang='lat' dir='ltr'>babuit</span> <span class='ocrx_word' id='word_1_295' title='bbox 1877 2116 1903 2171; x_wconf 91' lang='lat' dir='ltr'>in</span> <span class='ocrx_word' id='word_1_296' title='bbox 1924 2115 1968 2171; x_wconf 90' lang='lat' dir='ltr'>illa</span> <span class='ocrx_word' id='word_1_297' title='bbox 1993 2115 2029 2171; x_wconf 77' lang='lat' dir='ltr'>le</span> <span class='ocrx_word' id='word_1_298' title='bbox 2116 2136 2117 2148; x_wconf 70' lang='lat'>.</span> 
     </span>
     <span class='ocr_line' id='line_1_21' title="bbox 383 2199 2028 2277; baseline 0.001 -19"><span class='ocrx_word' id='word_1_299' title='bbox 383 2203 518 2275; x_wconf 83' lang='lat' dir='ltr'>volentis,</span> <span class='ocrx_word' id='word_1_300' title='bbox 544 2202 633 2259; x_wconf 91' lang='lat' dir='ltr'>omnia</span> <span class='ocrx_word' id='word_1_301' title='bbox 659 2201 725 2258; x_wconf 90' lang='lat' dir='ltr'>haec</span> <span class='ocrx_word' id='word_1_302' title='bbox 745 2201 895 2258; x_wconf 88' lang='lat' dir='ltr'>ministeria</span> <span class='ocrx_word' id='word_1_303' title='bbox 913 2202 970 2258; x_wconf 87' lang='lat' dir='ltr'>lieri</span> <span class='ocrx_word' id='word_1_304' title='bbox 991 2215 1041 2274; x_wconf 93' lang='lat' dir='ltr'>per</span> <span class='ocrx_word' id='word_1_305' title='bbox 1058 2200 1182 2276; x_wconf 85' lang='lat' dir='ltr'>augelos;</span> <span class='ocrx_word' id='word_1_306' title='bbox 1219 2199 1384 2273; x_wconf 87' lang='lat' dir='ltr'>gislatione,</span> <span class='ocrx_word' id='word_1_307' title='bbox 1410 2207 1524 2272; x_wconf 90' lang='lat' dir='ltr'>propter</span> <span class='ocrx_word' id='word_1_308' title='bbox 1543 2200 1617 2273; x_wconf 93' lang='lat' dir='ltr'>quod</span> <span class='ocrx_word' id='word_1_309' title='bbox 1637 2202 1660 2258; x_wconf 91' lang='lat' dir='ltr'>ei</span> <span class='ocrx_word' id='word_1_310' title='bbox 1674 2205 1762 2275; x_wconf 89' lang='lat' dir='ltr'>magis</span> <span class='ocrx_word' id='word_1_311' title='bbox 1777 2203 1928 2274; x_wconf 85' lang='lat' dir='ltr'>tribuatur,</span> <span class='ocrx_word' id='word_1_312' title='bbox 1943 2219 2028 2277; x_wconf 91' lang='lat' dir='ltr'>quam</span> 
     </span>
     <span class='ocr_line' id='line_1_22' title="bbox 294 2288 2029 2368; baseline -0.001 -17"><span class='ocrx_word' id='word_1_313' title='bbox 294 2353 298 2368; x_wconf 64' lang='grc'><strong>,</strong></span> <span class='ocrx_word' id='word_1_314' title='bbox 381 2293 456 2368; x_wconf 93' lang='lat' dir='ltr'>quod</span> <span class='ocrx_word' id='word_1_315' title='bbox 467 2295 547 2349; x_wconf 88' lang='lat' dir='ltr'>etiam</span> <span class='ocrx_word' id='word_1_316' title='bbox 561 2291 677 2364; x_wconf 89' lang='lat' dir='ltr'>probant</span> <span class='ocrx_word' id='word_1_317' title='bbox 687 2291 869 2348; x_wconf 89' lang='lat' dir='ltr'>communiter</span> <span class='ocrx_word' id='word_1_318' title='bbox 882 2289 1049 2365; x_wconf 89' lang='lat' dir='ltr'>theologi,et</span> <span class='ocrx_word' id='word_1_319' title='bbox 1061 2289 1185 2362; x_wconf 90' lang='lat' dir='ltr'>speciali·</span> <span class='ocrx_word' id='word_1_320' title='bbox 1220 2289 1292 2346; x_wconf 86' lang='lat' dir='ltr'>Patri</span> <span class='ocrx_word' id='word_1_321' title='bbox 1315 2295 1342 2344; x_wconf 90' lang='lat' dir='ltr'>et</span> <span class='ocrx_word' id='word_1_322' title='bbox 1364 2288 1475 2360; x_wconf 91' lang='lat' dir='ltr'>Spiritui</span> <span class='ocrx_word' id='word_1_323' title='bbox 1502 2299 1614 2362; x_wconf 74' lang='lat' dir='ltr'>sancto,</span> <span class='ocrx_word' id='word_1_324' title='bbox 1639 2306 1690 2350; x_wconf 89' lang='lat' dir='ltr'>nec</span> <span class='ocrx_word' id='word_1_325' title='bbox 1709 2295 1791 2350; x_wconf 83' lang='lat' dir='ltr'>eh‘am</span> <span class='ocrx_word' id='word_1_326' title='bbox 1805 2293 1830 2349; x_wconf 92' lang='lat' dir='ltr'>ei</span> <span class='ocrx_word' id='word_1_327' title='bbox 1845 2293 1917 2350; x_wconf 89' lang='lat' dir='ltr'>solet</span> <span class='ocrx_word' id='word_1_328' title='bbox 1930 2309 2029 2364; x_wconf 87' lang='lat' dir='ltr'>appro-</span> 
     </span>
     <span class='ocr_line' id='line_1_23' title="bbox 382 2379 2030 2454; baseline 0 -14"><span class='ocrx_word' id='word_1_329' title='bbox 382 2391 424 2441; x_wconf 90' lang='lat' dir='ltr'>ter</span> <span class='ocrx_word' id='word_1_330' title='bbox 444 2385 469 2439; x_wconf 90' lang='lat' dir='ltr'>iu</span> <span class='ocrx_word' id='word_1_331' title='bbox 490 2383 541 2438; x_wconf 92' lang='lat' dir='ltr'>hac</span> <span class='ocrx_word' id='word_1_332' title='bbox 556 2382 669 2438; x_wconf 89' lang='lat' dir='ltr'>materia</span> <span class='ocrx_word' id='word_1_333' title='bbox 684 2381 710 2438; x_wconf 89' lang='lat' dir='ltr'>d.</span> <span class='ocrx_word' id='word_1_334' title='bbox 727 2380 821 2437; x_wconf 86' lang='lat' dir='ltr'>Thana.</span> <span class='ocrx_word' id='word_1_335' title='bbox 839 2397 867 2454; x_wconf 89' lang='lat' dir='ltr'>q.</span> <span class='ocrx_word' id='word_1_336' title='bbox 884 2386 931 2453; x_wconf 85' lang='lat'>98,</span> <span class='ocrx_word' id='word_1_337' title='bbox 947 2387 998 2438; x_wconf 93' lang='lat' dir='ltr'>art.</span> <span class='ocrx_word' id='word_1_338' title='bbox 1016 2387 1042 2439; x_wconf 82' lang='grc'>3.</span> <span class='ocrx_word' id='word_1_339' title='bbox 1060 2383 1185 2438; x_wconf 90' lang='lat' dir='ltr'>Sumitur</span> <span class='ocrx_word' id='word_1_340' title='bbox 1218 2379 1302 2448; x_wconf 80' lang='lat' dir='ltr'>priori</span> <span class='ocrx_word' id='word_1_341' title='bbox 1325 2379 1352 2434; x_wconf 90' lang='lat' dir='ltr'>ln</span> <span class='ocrx_word' id='word_1_342' title='bbox 1375 2380 1543 2451; x_wconf 83' lang='lat' dir='ltr'>Scriptura,</span> <span class='ocrx_word' id='word_1_343' title='bbox 1568 2395 1654 2452; x_wconf 91' lang='lat' dir='ltr'>aeque</span> <span class='ocrx_word' id='word_1_344' title='bbox 1679 2390 1793 2454; x_wconf 89' lang='lat' dir='ltr'>apparet</span> <span class='ocrx_word' id='word_1_345' title='bbox 1814 2384 2030 2440; x_wconf 89' lang='lat' dir='ltr'>laudamentum</span> 
     </span>
     <span class='ocr_line' id='line_1_24' title="bbox 382 2467 2027 2544; baseline 0 -16"><span class='ocrx_word' id='word_1_346' title='bbox 382 2473 463 2528; x_wconf 90' lang='lat' dir='ltr'>etiam</span> <span class='ocrx_word' id='word_1_347' title='bbox 481 2486 514 2528; x_wconf 89' lang='lat' dir='ltr'>ex</span> <span class='ocrx_word' id='word_1_348' title='bbox 529 2471 645 2542; x_wconf 79' lang='lat' dir='ltr'>ragusa.</span> <span class='ocrx_word' id='word_1_349' title='bbox 662 2470 708 2526; x_wconf 91' lang='lat' dir='ltr'>lib.</span> <span class='ocrx_word' id='word_1_350' title='bbox 726 2474 754 2528; x_wconf 79' lang='lat'>2.</span> <span class='ocrx_word' id='word_1_351' title='bbox 771 2469 806 2526; x_wconf 86' lang='lat' dir='ltr'>de</span> <span class='ocrx_word' id='word_1_352' title='bbox 825 2473 930 2527; x_wconf 73' lang='lat' dir='ltr'>Thinit.</span> <span class='ocrx_word' id='word_1_353' title='bbox 945 2486 972 2526; x_wconf 91' lang='lat' dir='ltr'>c.</span> <span class='ocrx_word' id='word_1_354' title='bbox 992 2469 1181 2542; x_wconf 71' lang='lat' dir='ltr'>laetitae,</span> <span class='ocrx_word' id='word_1_355' title='bbox 1219 2467 1279 2523; x_wconf 88' lang='lat' dir='ltr'>talis</span> <span class='ocrx_word' id='word_1_356' title='bbox 1303 2469 1543 2540; x_wconf 87' lang='lat' dir='ltr'>appropriationis.</span> <span class='ocrx_word' id='word_1_357' title='bbox 1573 2469 1608 2526; x_wconf 87' lang='lat' dir='ltr'>Et</span> <span class='ocrx_word' id='word_1_358' title='bbox 1635 2468 1694 2527; x_wconf 91' lang='lat' dir='ltr'>ideo</span> <span class='ocrx_word' id='word_1_359' title='bbox 1722 2471 1888 2542; x_wconf 89' lang='lat' dir='ltr'>probabilius</span> <span class='ocrx_word' id='word_1_360' title='bbox 1913 2488 2027 2544; x_wconf 88' lang='lat' dir='ltr'>censeo,</span> 
     </span>
     <span class='ocr_line' id='line_1_25' title="bbox 382 2550 2026 2635; baseline 0.001 -18"><span class='ocrx_word' id='word_1_361' title='bbox 382 2578 409 2617; x_wconf 91' lang='lat' dir='ltr'>c.</span> <span class='ocrx_word' id='word_1_362' title='bbox 430 2565 474 2619; x_wconf 84' lang='lat' dir='ltr'>lli.</span> <span class='ocrx_word' id='word_1_363' title='bbox 490 2559 623 2616; x_wconf 89' lang='lat' dir='ltr'>Probatur</span> <span class='ocrx_word' id='word_1_364' title='bbox 644 2561 725 2615; x_wconf 91' lang='lat' dir='ltr'>etiam</span> <span class='ocrx_word' id='word_1_365' title='bbox 746 2560 911 2628; x_wconf 88' lang='lat' dir='ltr'>rationibus,</span> <span class='ocrx_word' id='word_1_366' title='bbox 934 2575 983 2630; x_wconf 92' lang='lat' dir='ltr'>pro</span> <span class='ocrx_word' id='word_1_367' title='bbox 1002 2558 1184 2617; x_wconf 89' lang='lat' dir='ltr'>conclusione</span> <span class='ocrx_word' id='word_1_368' title='bbox 1218 2556 1378 2629; x_wconf 89' lang='lat' dir='ltr'>quod&#39;cum</span> <span class='ocrx_word' id='word_1_369' title='bbox 1397 2559 1507 2616; x_wconf 86' lang='lat' dir='ltr'>Nazian.</span> <span class='ocrx_word' id='word_1_370' title='bbox 1524 2566 1552 2615; x_wconf 90' lang='lat' dir='ltr'>et</span> <span class='ocrx_word' id='word_1_371' title='bbox 1565 2550 1666 2634; x_wconf 82' lang='lat' dir='ltr'>Gyr&#39;illo</span> <span class='ocrx_word' id='word_1_372' title='bbox 1681 2559 1757 2618; x_wconf 80' lang='lat' dir='ltr'>Alex.</span> <span class='ocrx_word' id='word_1_373' title='bbox 1774 2561 1828 2618; x_wconf 84' lang='lat' dir='ltr'>dixi</span> <span class='ocrx_word' id='word_1_374' title='bbox 1843 2567 1871 2618; x_wconf 89' lang='grc'>3.</span> <span class='ocrx_word' id='word_1_375' title='bbox 1885 2579 1913 2634; x_wconf 91' lang='lat' dir='ltr'>p.</span> <span class='ocrx_word' id='word_1_376' title='bbox 1931 2578 1959 2635; x_wconf 91' lang='lat' dir='ltr'>q.</span> <span class='ocrx_word' id='word_1_377' title='bbox 1978 2567 2026 2634; x_wconf 74' lang='lat'>25,</span> 
     </span>
     <span class='ocr_line' id='line_1_26' title="bbox 381 2647 2118 2726; baseline -0.001 -16"><span class='ocrx_word' id='word_1_378' title='bbox 381 2652 557 2724; x_wconf 90' lang='lat' dir='ltr'>lactis,quae</span> <span class='ocrx_word' id='word_1_379' title='bbox 578 2648 830 2720; x_wconf 88' lang='lat' dir='ltr'>absoluteprohaut</span> <span class='ocrx_word' id='word_1_380' title='bbox 849 2647 1013 2706; x_wconf 90' lang='lat' dir='ltr'>detotailla</span> <span class='ocrx_word' id='word_1_381' title='bbox 1032 2647 1184 2720; x_wconf 89' lang='lat' dir='ltr'>lege.llem</span> <span class='ocrx_word' id='word_1_382' title='bbox 1219 2648 1365 2721; x_wconf 83' lang='lat' dir='ltr'>art.2,ibi</span> <span class='ocrx_word' id='word_1_383' title='bbox 1380 2648 1495 2706; x_wconf 86' lang='lat' dir='ltr'>Paulam</span> <span class='ocrx_word' id='word_1_384' title='bbox 1509 2665 1610 2706; x_wconf 78' lang='lat' dir='ltr'>vocare</span> <span class='ocrx_word' id='word_1_385' title='bbox 1624 2651 1746 2726; x_wconf 81' lang='lat' dir='ltr'>lloysem</span> <span class='ocrx_word' id='word_1_386' title='bbox 1761 2651 1942 2708; x_wconf 87' lang='lat' dir='ltr'>mediatorem</span> <span class='ocrx_word' id='word_1_387' title='bbox 1955 2655 2030 2710; x_wconf 90' lang='lat' dir='ltr'>inter</span> <span class='ocrx_word' id='word_1_388' title='bbox 2117 2671 2118 2698; x_wconf 66' lang='lat'>1</span> 
     </span>
     <span class='ocr_line' id='line_1_27' title="bbox 381 2736 2026 2826; baseline 0 -28"><span class='ocrx_word' id='word_1_389' title='bbox 381 2745 447 2816; x_wconf 91' lang='lat' dir='ltr'>quin</span> <span class='ocrx_word' id='word_1_390' title='bbox 466 2757 498 2798; x_wconf 83' lang='lat' dir='ltr'>ex</span> <span class='ocrx_word' id='word_1_391' title='bbox 513 2747 592 2798; x_wconf 83' lang='lat' dir='ltr'>textu</span> <span class='ocrx_word' id='word_1_392' title='bbox 606 2739 691 2796; x_wconf 80' lang='lat' dir='ltr'>Exodi</span> <span class='ocrx_word' id='word_1_393' title='bbox 706 2743 752 2796; x_wconf 79' lang='grc'>20.</span> <span class='ocrx_word' id='word_1_394' title='bbox 769 2755 823 2796; x_wconf 90' lang='lat' dir='ltr'>noa</span> <span class='ocrx_word' id='word_1_395' title='bbox 838 2745 931 2812; x_wconf 87' lang='lat' dir='ltr'>potest</span> <span class='ocrx_word' id='word_1_396' title='bbox 943 2738 1034 2811; x_wconf 81' lang='lat' dir='ltr'>colligi</span> <span class='ocrx_word' id='word_1_397' title='bbox 1051 2738 1096 2795; x_wconf 92' lang='lat' dir='ltr'>illa</span> <span class='ocrx_word' id='word_1_398' title='bbox 1111 2736 1184 2826; x_wconf 77' lang='lat' dir='ltr'>dille·</span> <span class='ocrx_word' id='word_1_399' title='bbox 1219 2738 1304 2794; x_wconf 86' lang='lat' dir='ltr'>Deum</span> <span class='ocrx_word' id='word_1_400' title='bbox 1315 2744 1343 2793; x_wconf 90' lang='lat' dir='ltr'>et</span> <span class='ocrx_word' id='word_1_401' title='bbox 1355 2737 1488 2810; x_wconf 88' lang='lat' dir='ltr'>populum</span> <span class='ocrx_word' id='word_1_402' title='bbox 1499 2737 1589 2811; x_wconf 90' lang='lat' dir='ltr'>quoad</span> <span class='ocrx_word' id='word_1_403' title='bbox 1601 2739 1670 2796; x_wconf 90' lang='lat' dir='ltr'>illius</span> <span class='ocrx_word' id='word_1_404' title='bbox 1682 2741 1750 2814; x_wconf 89' lang='lat' dir='ltr'>legis</span> <span class='ocrx_word' id='word_1_405' title='bbox 1764 2741 2026 2814; x_wconf 82' lang='lat' dir='ltr'>promulgationem.</span> 
     </span>
     <span class='ocr_line' id='line_1_28' title="bbox 381 2824 2029 2906; baseline 0 -18"><span class='ocrx_word' id='word_1_406' title='bbox 381 2834 480 2902; x_wconf 80' lang='lat' dir='ltr'>reatio3</span> <span class='ocrx_word' id='word_1_407' title='bbox 498 2847 559 2886; x_wconf 90' lang='lat' dir='ltr'>uam</span> <span class='ocrx_word' id='word_1_408' title='bbox 575 2835 637 2902; x_wconf 89' lang='lat' dir='ltr'>post</span> <span class='ocrx_word' id='word_1_409' title='bbox 650 2828 896 2900; x_wconf 83' lang='lat' dir='ltr'>promulgationem</span> <span class='ocrx_word' id='word_1_410' title='bbox 911 2827 1056 2884; x_wconf 90' lang='lat' dir='ltr'>moralium</span> <span class='ocrx_word' id='word_1_411' title='bbox 1071 2842 1185 2899; x_wconf 90' lang='lat' dir='ltr'>praecc-</span> <span class='ocrx_word' id='word_1_412' title='bbox 1218 2824 1342 2883; x_wconf 89' lang='lat' dir='ltr'>alludens</span> <span class='ocrx_word' id='word_1_413' title='bbox 1357 2825 1390 2882; x_wconf 89' lang='lat' dir='ltr'>ad</span> <span class='ocrx_word' id='word_1_414' title='bbox 1405 2828 1488 2885; x_wconf 85' lang='lat' dir='ltr'>verba</span> <span class='ocrx_word' id='word_1_415' title='bbox 1502 2829 1626 2886; x_wconf 91' lang='lat' dir='ltr'>eiusdem</span> <span class='ocrx_word' id='word_1_416' title='bbox 1640 2831 1740 2906; x_wconf 84' lang='lat' dir='ltr'>lloysls</span> <span class='ocrx_word' id='word_1_417' title='bbox 1755 2834 1867 2888; x_wconf 83' lang='lat' dir='ltr'>beuter.</span> <span class='ocrx_word' id='word_1_418' title='bbox 1882 2837 1911 2902; x_wconf 81' lang='lat'>5,</span> <span class='ocrx_word' id='word_1_419' title='bbox 1928 2833 1977 2889; x_wconf 95' lang='lat' dir='ltr'>ubi</span> <span class='ocrx_word' id='word_1_420' title='bbox 1993 2833 2029 2888; x_wconf 92' lang='lat' dir='ltr'>lo·</span> 
     </span>
     <span class='ocr_line' id='line_1_29' title="bbox 381 2914 2030 2995; baseline 0 -17"><span class='ocrx_word' id='word_1_421' title='bbox 381 2929 491 2994; x_wconf 88' lang='lat' dir='ltr'>plorum</span> <span class='ocrx_word' id='word_1_422' title='bbox 517 2935 532 2976; x_wconf 91' lang='lat' dir='ltr'>a</span> <span class='ocrx_word' id='word_1_423' title='bbox 552 2922 606 2976; x_wconf 84' lang='lat' dir='ltr'>lieo</span> <span class='ocrx_word' id='word_1_424' title='bbox 630 2918 746 2989; x_wconf 88' lang='lat' dir='ltr'>iactam,</span> <span class='ocrx_word' id='word_1_425' title='bbox 766 2917 911 2974; x_wconf 87' lang='lat' dir='ltr'>subditur:</span> <span class='ocrx_word' id='word_1_426' title='bbox 927 2919 1014 2974; x_wconf 81' lang='lat' dir='ltr'>Discit</span> <span class='ocrx_word' id='word_1_427' title='bbox 1026 2922 1185 2990; x_wconf 79' lang='lat' dir='ltr'>praetereo</span> <span class='ocrx_word' id='word_1_428' title='bbox 1218 2930 1306 2988; x_wconf 87' lang='lat' dir='ltr'>quens</span> <span class='ocrx_word' id='word_1_429' title='bbox 1321 2914 1356 2972; x_wconf 93' lang='lat' dir='ltr'>de</span> <span class='ocrx_word' id='word_1_430' title='bbox 1370 2917 1467 2974; x_wconf 87' lang='lat' dir='ltr'>eodem</span> <span class='ocrx_word' id='word_1_431' title='bbox 1483 2925 1606 2988; x_wconf 90' lang='lat' dir='ltr'>tempore</span> <span class='ocrx_word' id='word_1_432' title='bbox 1626 2926 1655 2974; x_wconf 90' lang='lat' dir='ltr'>et</span> <span class='ocrx_word' id='word_1_433' title='bbox 1668 2919 1791 2992; x_wconf 91' lang='lat' dir='ltr'>actione,</span> <span class='ocrx_word' id='word_1_434' title='bbox 1804 2919 1888 2978; x_wconf 91' lang='lat' dir='ltr'>dicit:</span> <span class='ocrx_word' id='word_1_435' title='bbox 1905 2927 1972 2995; x_wconf 77' lang='lat' dir='ltr'>Ego</span> <span class='ocrx_word' id='word_1_436' title='bbox 1987 2939 2030 2979; x_wconf 85' lang='lat' dir='ltr'>se-</span> 
     </span>
     <span class='ocr_line' id='line_1_30' title="bbox 380 3004 2030 3086; baseline 0 -18"><span class='ocrx_word' id='word_1_437' title='bbox 380 3013 528 3069; x_wconf 84' lang='lat' dir='ltr'>Domiaos</span> <span class='ocrx_word' id='word_1_438' title='bbox 541 3007 583 3065; x_wconf 85' lang='lat' dir='ltr'>od</span> <span class='ocrx_word' id='word_1_439' title='bbox 594 3008 739 3082; x_wconf 81' lang='lat' dir='ltr'>Mogsem,</span> <span class='ocrx_word' id='word_1_440' title='bbox 751 3007 825 3064; x_wconf 76' lang='lat' dir='ltr'>hoec</span> <span class='ocrx_word' id='word_1_441' title='bbox 836 3005 999 3079; x_wconf 80' lang='lat' dir='ltr'>dicesfilits</span> <span class='ocrx_word' id='word_1_442' title='bbox 1010 3006 1181 3078; x_wconf 65' lang='lat' dir='ltr'>larochetc.</span> <span class='ocrx_word' id='word_1_443' title='bbox 1218 3009 1334 3078; x_wconf 80' lang='lat' dir='ltr'>questos</span> <span class='ocrx_word' id='word_1_444' title='bbox 1357 3011 1386 3061; x_wconf 88' lang='lat' dir='ltr'>et</span> <span class='ocrx_word' id='word_1_445' title='bbox 1409 3005 1525 3062; x_wconf 86' lang='lat' dir='ltr'>medius</span> <span class='ocrx_word' id='word_1_446' title='bbox 1540 3004 1593 3080; x_wconf 76' lang='lat' dir='ltr'>fui</span> <span class='ocrx_word' id='word_1_447' title='bbox 1611 3011 1689 3064; x_wconf 82' lang='lat' dir='ltr'>inter</span> <span class='ocrx_word' id='word_1_448' title='bbox 1706 3011 1870 3086; x_wconf 62' lang='lat' dir='ltr'>mutinam</span> <span class='ocrx_word' id='word_1_449' title='bbox 1883 3017 1912 3067; x_wconf 86' lang='lat' dir='ltr'>et</span> <span class='ocrx_word' id='word_1_450' title='bbox 1931 3028 1984 3068; x_wconf 78' lang='lat' dir='ltr'>uos</span> <span class='ocrx_word' id='word_1_451' title='bbox 1999 3017 2030 3068; x_wconf 81' lang='lat' dir='ltr'>ia</span> 
     </span>
     <span class='ocr_line' id='line_1_31' title="bbox 379 3093 2025 3174; baseline 0.001 -17"><span class='ocrx_word' id='word_1_452' title='bbox 379 3116 445 3174; x_wconf 91' lang='lat' dir='ltr'>ergo</span> <span class='ocrx_word' id='word_1_453' title='bbox 465 3100 552 3170; x_wconf 91' lang='lat' dir='ltr'>idem,</span> <span class='ocrx_word' id='word_1_454' title='bbox 572 3096 618 3170; x_wconf 89' lang='lat' dir='ltr'>qai</span> <span class='ocrx_word' id='word_1_455' title='bbox 631 3096 750 3154; x_wconf 89' lang='lat' dir='ltr'>dixerat:</span> <span class='ocrx_word' id='word_1_456' title='bbox 767 3097 830 3169; x_wconf 79' lang='lat' dir='ltr'>Ep‘o</span> <span class='ocrx_word' id='word_1_457' title='bbox 843 3111 911 3154; x_wconf 81' lang='lat' dir='ltr'>sone</span> <span class='ocrx_word' id='word_1_458' title='bbox 924 3098 1073 3154; x_wconf 69' lang='lat' dir='ltr'>manicas</span> <span class='ocrx_word' id='word_1_459' title='bbox 1091 3099 1180 3162; x_wconf 83' lang='lat' dir='ltr'>Deus,</span> <span class='ocrx_word' id='word_1_460' title='bbox 1218 3098 1347 3170; x_wconf 80' lang='lat' dir='ltr'>tempore</span> <span class='ocrx_word' id='word_1_461' title='bbox 1364 3093 1433 3164; x_wconf 86' lang='lat' dir='ltr'>illo,</span> <span class='ocrx_word' id='word_1_462' title='bbox 1456 3101 1491 3154; x_wconf 84' lang='lat' dir='ltr'>ut</span> <span class='ocrx_word' id='word_1_463' title='bbox 1512 3101 1725 3155; x_wconf 80' lang='lat' dir='ltr'>annuntiarem</span> <span class='ocrx_word' id='word_1_464' title='bbox 1742 3099 1825 3158; x_wconf 83' lang='lat' dir='ltr'>vobis</span> <span class='ocrx_word' id='word_1_465' title='bbox 1843 3101 1937 3158; x_wconf 85' lang='lat' dir='ltr'>cerba</span> <span class='ocrx_word' id='word_1_466' title='bbox 1950 3105 2025 3169; x_wconf 79' lang='lat' dir='ltr'>etas,</span> 
     </span>
     <span class='ocr_line' id='line_1_32' title="bbox 379 3183 2029 3264; baseline 0.001 -16"><span class='ocrx_word' id='word_1_467' title='bbox 379 3197 434 3248; x_wconf 89' lang='lat' dir='ltr'>etc.</span> <span class='ocrx_word' id='word_1_468' title='bbox 451 3188 637 3256; x_wconf 82' lang='lat' dir='ltr'>continuavit,</span> <span class='ocrx_word' id='word_1_469' title='bbox 655 3194 686 3243; x_wconf 90' lang='lat' dir='ltr'>ut</span> <span class='ocrx_word' id='word_1_470' title='bbox 699 3187 736 3244; x_wconf 90' lang='lat' dir='ltr'>ita</span> <span class='ocrx_word' id='word_1_471' title='bbox 750 3185 858 3257; x_wconf 91' lang='lat' dir='ltr'>dicam,</span> <span class='ocrx_word' id='word_1_472' title='bbox 874 3201 1027 3244; x_wconf 85' lang='lat' dir='ltr'>sermonem</span> <span class='ocrx_word' id='word_1_473' title='bbox 1045 3185 1182 3259; x_wconf 89' lang='lat' dir='ltr'>loquendo</span> <span class='ocrx_word' id='word_1_474' title='bbox 1216 3183 1244 3241; x_wconf 90' lang='lat' dir='ltr'>id</span> <span class='ocrx_word' id='word_1_475' title='bbox 1259 3191 1304 3242; x_wconf 88' lang='lat' dir='ltr'>eet</span> <span class='ocrx_word' id='word_1_476' title='bbox 1325 3186 1411 3260; x_wconf 88' lang='lat' dir='ltr'>legem</span> <span class='ocrx_word' id='word_1_477' title='bbox 1425 3186 1496 3243; x_wconf 87' lang='lat' dir='ltr'>elus.</span> <span class='ocrx_word' id='word_1_478' title='bbox 1513 3187 1640 3260; x_wconf 83' lang='lat' dir='ltr'>sicergo</span> <span class='ocrx_word' id='word_1_479' title='bbox 1655 3187 1707 3244; x_wconf 87' lang='lat' dir='ltr'>luit</span> <span class='ocrx_word' id='word_1_480' title='bbox 1719 3187 1826 3264; x_wconf 80' lang='lat' dir='ltr'>llnyses</span> <span class='ocrx_word' id='word_1_481' title='bbox 1839 3189 1978 3249; x_wconf 88' lang='lat' dir='ltr'>mediator</span> <span class='ocrx_word' id='word_1_482' title='bbox 1993 3193 2029 3248; x_wconf 87' lang='lat' dir='ltr'>iu·</span> 
     </span>
     <span class='ocr_line' id='line_1_33' title="bbox 381 3273 2030 3356; baseline 0.001 -20"><span class='ocrx_word' id='word_1_483' title='bbox 381 3278 605 3356; x_wconf 83' lang='lat' dir='ltr'>hloysi.llenique</span> <span class='ocrx_word' id='word_1_484' title='bbox 618 3293 672 3333; x_wconf 90' lang='lat' dir='ltr'>nou</span> <span class='ocrx_word' id='word_1_485' title='bbox 687 3275 779 3332; x_wconf 89' lang='lat' dir='ltr'>obstat</span> <span class='ocrx_word' id='word_1_486' title='bbox 792 3273 891 3332; x_wconf 89' lang='lat' dir='ltr'>modus</span> <span class='ocrx_word' id='word_1_487' title='bbox 904 3275 948 3334; x_wconf 90' lang='lat' dir='ltr'>ille</span> <span class='ocrx_word' id='word_1_488' title='bbox 961 3276 1101 3349; x_wconf 84' lang='lat' dir='ltr'>loquendi:</span> <span class='ocrx_word' id='word_1_489' title='bbox 1117 3281 1183 3348; x_wconf 76' lang='lat' dir='ltr'>Epo</span> <span class='ocrx_word' id='word_1_490' title='bbox 1218 3280 1261 3332; x_wconf 91' lang='lat' dir='ltr'>ter</span> <span class='ocrx_word' id='word_1_491' title='bbox 1276 3275 1386 3333; x_wconf 90' lang='lat' dir='ltr'>dentem</span> <span class='ocrx_word' id='word_1_492' title='bbox 1402 3279 1499 3349; x_wconf 87' lang='lat' dir='ltr'>heum,</span> <span class='ocrx_word' id='word_1_493' title='bbox 1511 3283 1540 3334; x_wconf 90' lang='lat' dir='ltr'>et</span> <span class='ocrx_word' id='word_1_494' title='bbox 1554 3277 1751 3348; x_wconf 89' lang='lat' dir='ltr'>populum,cui</span> <span class='ocrx_word' id='word_1_495' title='bbox 1764 3279 1807 3336; x_wconf 83' lang='lat' dir='ltr'>lex</span> <span class='ocrx_word' id='word_1_496' title='bbox 1822 3278 1954 3353; x_wconf 88' lang='lat' dir='ltr'>dabatur,</span> <span class='ocrx_word' id='word_1_497' title='bbox 1971 3289 2030 3339; x_wconf 86' lang='lat' dir='ltr'>taa-</span> 
     </span>
     <span class='ocr_line' id='line_1_34' title="bbox 378 3365 2028 3442; baseline 0 -15"><span class='ocrx_word' id='word_1_498' title='bbox 378 3387 446 3427; x_wconf 84' lang='lat' dir='ltr'>eum</span> <span class='ocrx_word' id='word_1_499' title='bbox 460 3371 607 3426; x_wconf 83' lang='lat' dir='ltr'>Dominus</span> <span class='ocrx_word' id='word_1_500' title='bbox 625 3370 705 3423; x_wconf 83' lang='lat' dir='ltr'>Deus</span> <span class='ocrx_word' id='word_1_501' title='bbox 724 3371 809 3432; x_wconf 86' lang='lat' dir='ltr'>taus,·</span> <span class='ocrx_word' id='word_1_502' title='bbox 830 3380 893 3422; x_wconf 90' lang='lat' dir='ltr'>nam</span> <span class='ocrx_word' id='word_1_503' title='bbox 906 3365 1003 3424; x_wconf 89' lang='lat' dir='ltr'>eodem</span> <span class='ocrx_word' id='word_1_504' title='bbox 1019 3366 1100 3422; x_wconf 91' lang='lat' dir='ltr'>modo</span> <span class='ocrx_word' id='word_1_505' title='bbox 1116 3365 1183 3423; x_wconf 81' lang='lat' dir='ltr'>dixit</span> <span class='ocrx_word' id='word_1_506' title='bbox 1217 3381 1301 3438; x_wconf 91' lang='lat' dir='ltr'>quam</span> <span class='ocrx_word' id='word_1_507' title='bbox 1323 3365 1515 3439; x_wconf 89' lang='lat' dir='ltr'>promulgator</span> <span class='ocrx_word' id='word_1_508' title='bbox 1538 3366 1660 3424; x_wconf 89' lang='lat' dir='ltr'>eiusdem</span> <span class='ocrx_word' id='word_1_509' title='bbox 1681 3368 1758 3442; x_wconf 90' lang='lat' dir='ltr'>legis.</span> <span class='ocrx_word' id='word_1_510' title='bbox 1776 3371 1811 3425; x_wconf 86' lang='lat' dir='ltr'>Et</span> <span class='ocrx_word' id='word_1_511' title='bbox 1828 3369 1900 3426; x_wconf 90' lang='lat' dir='ltr'>hane</span> <span class='ocrx_word' id='word_1_512' title='bbox 1919 3373 2028 3442; x_wconf 88' lang='lat' dir='ltr'>exposi-</span> 
     </span>
     <span class='ocr_line' id='line_1_35' title="bbox 379 3455 2027 3536; baseline -0.001 -18"><span class='ocrx_word' id='word_1_513' title='bbox 379 3463 453 3518; x_wconf 86' lang='lat' dir='ltr'>Deus</span> <span class='ocrx_word' id='word_1_514' title='bbox 468 3461 551 3536; x_wconf 80' lang='lat' dir='ltr'>lloysi</span> <span class='ocrx_word' id='word_1_515' title='bbox 570 3458 596 3514; x_wconf 90' lang='lat' dir='ltr'>in</span> <span class='ocrx_word' id='word_1_516' title='bbox 614 3457 723 3513; x_wconf 90' lang='lat' dir='ltr'>llammn</span> <span class='ocrx_word' id='word_1_517' title='bbox 741 3455 818 3513; x_wconf 87' lang='lat' dir='ltr'>rubi:</span> <span class='ocrx_word' id='word_1_518' title='bbox 833 3460 897 3528; x_wconf 81' lang='lat' dir='ltr'>Epo</span> <span class='ocrx_word' id='word_1_519' title='bbox 911 3473 977 3512; x_wconf 85' lang='lat' dir='ltr'>sum</span> <span class='ocrx_word' id='word_1_520' title='bbox 992 3461 1072 3514; x_wconf 79' lang='lat' dir='ltr'>Deus</span> <span class='ocrx_word' id='word_1_521' title='bbox 1083 3458 1182 3532; x_wconf 82' lang='lat' dir='ltr'>patris</span> <span class='ocrx_word' id='word_1_522' title='bbox 1218 3455 1319 3512; x_wconf 88' lang='lat' dir='ltr'>tionem</span> <span class='ocrx_word' id='word_1_523' title='bbox 1340 3456 1393 3514; x_wconf 89' lang='lat' dir='ltr'>late</span> <span class='ocrx_word' id='word_1_524' title='bbox 1413 3457 1560 3514; x_wconf 83' lang='lat' dir='ltr'>coufirmat</span> <span class='ocrx_word' id='word_1_525' title='bbox 1573 3457 1687 3515; x_wconf 88' lang='lat' dir='ltr'>Selmer.</span> <span class='ocrx_word' id='word_1_526' title='bbox 1706 3457 1776 3529; x_wconf 91' lang='lat' dir='ltr'>disp.</span> <span class='ocrx_word' id='word_1_527' title='bbox 1790 3463 1838 3518; x_wconf 79' lang='lat'>28.</span> <span class='ocrx_word' id='word_1_528' title='bbox 1852 3460 1880 3514; x_wconf 91' lang='lat' dir='ltr'>in</span> <span class='ocrx_word' id='word_1_529' title='bbox 1895 3459 1979 3530; x_wconf 87' lang='lat' dir='ltr'>epist.</span> <span class='ocrx_word' id='word_1_530' title='bbox 1996 3461 2027 3516; x_wconf 88' lang='lat' dir='ltr'>ad</span> 
     </span>
     <span class='ocr_line' id='line_1_36' title="bbox 379 3543 2029 3622; baseline 0 -16"><span class='ocrx_word' id='word_1_531' title='bbox 379 3552 433 3617; x_wconf 86' lang='lat' dir='ltr'>tut,</span> <span class='ocrx_word' id='word_1_532' title='bbox 443 3555 471 3605; x_wconf 88' lang='lat' dir='ltr'>et</span> <span class='ocrx_word' id='word_1_533' title='bbox 484 3547 661 3605; x_wconf 88' lang='lat' dir='ltr'>nihilominus</span> <span class='ocrx_word' id='word_1_534' title='bbox 673 3553 738 3602; x_wconf 91' lang='lat' dir='ltr'>tunc</span> <span class='ocrx_word' id='word_1_535' title='bbox 746 3560 794 3617; x_wconf 91' lang='lat' dir='ltr'>per</span> <span class='ocrx_word' id='word_1_536' title='bbox 807 3544 933 3617; x_wconf 81' lang='lat' dir='ltr'>angelum</span> <span class='ocrx_word' id='word_1_537' title='bbox 944 3543 1028 3602; x_wconf 86' lang='lat' dir='ltr'>luisse</span> <span class='ocrx_word' id='word_1_538' title='bbox 1042 3544 1180 3616; x_wconf 92' lang='lat' dir='ltr'>locutum,</span> <span class='ocrx_word' id='word_1_539' title='bbox 1217 3543 1303 3603; x_wconf 86' lang='lat' dir='ltr'>Galat.</span> <span class='ocrx_word' id='word_1_540' title='bbox 1314 3545 1360 3602; x_wconf 93' lang='lat' dir='ltr'>ubi</span> <span class='ocrx_word' id='word_1_541' title='bbox 1374 3547 1456 3604; x_wconf 90' lang='lat' dir='ltr'>etiam</span> <span class='ocrx_word' id='word_1_542' title='bbox 1471 3547 1648 3620; x_wconf 87' lang='lat' dir='ltr'>prosequitur</span> <span class='ocrx_word' id='word_1_543' title='bbox 1658 3545 1862 3620; x_wconf 83' lang='lat' dir='ltr'>difficultatem,</span> <span class='ocrx_word' id='word_1_544' title='bbox 1876 3565 1951 3622; x_wconf 90' lang='lat' dir='ltr'>quae</span> <span class='ocrx_word' id='word_1_545' title='bbox 1966 3551 2029 3607; x_wconf 85' lang='lat' dir='ltr'>oriri</span> 
     </span>
     <span class='ocr_line' id='line_1_37' title="bbox 379 3623 2028 3712; baseline -0.001 -16"><span class='ocrx_word' id='word_1_546' title='bbox 379 3638 499 3712; x_wconf 81' lang='lat' dir='ltr'>sephan.</span> <span class='ocrx_word' id='word_1_547' title='bbox 520 3637 716 3710; x_wconf 87' lang='lat' dir='ltr'>interpretatus</span> <span class='ocrx_word' id='word_1_548' title='bbox 735 3633 888 3692; x_wconf 72' lang='lat' dir='ltr'>eschaeta</span> <span class='ocrx_word' id='word_1_549' title='bbox 906 3649 972 3710; x_wconf 88' lang='lat' dir='ltr'>ergo</span> <span class='ocrx_word' id='word_1_550' title='bbox 994 3633 1062 3691; x_wconf 83' lang='lat' dir='ltr'>dixit</span> <span class='ocrx_word' id='word_1_551' title='bbox 1082 3636 1182 3707; x_wconf 89' lang='lat' dir='ltr'>Grego·</span> <span class='ocrx_word' id='word_1_552' title='bbox 1217 3641 1307 3705; x_wconf 86' lang='lat' dir='ltr'>potest</span> <span class='ocrx_word' id='word_1_553' title='bbox 1325 3651 1359 3692; x_wconf 84' lang='lat' dir='ltr'>ex</span> <span class='ocrx_word' id='word_1_554' title='bbox 1379 3623 1468 3692; x_wconf 79' lang='lat' dir='ltr'>verbis</span> <span class='ocrx_word' id='word_1_555' title='bbox 1489 3638 1610 3708; x_wconf 87' lang='lat' dir='ltr'>proxime</span> <span class='ocrx_word' id='word_1_556' title='bbox 1631 3652 1647 3692; x_wconf 88' lang='lat' dir='ltr'>a</span> <span class='ocrx_word' id='word_1_557' title='bbox 1668 3637 1751 3694; x_wconf 86' lang='lat' dir='ltr'>Paulo</span> <span class='ocrx_word' id='word_1_558' title='bbox 1766 3637 1942 3695; x_wconf 88' lang='lat' dir='ltr'>subiunctis:</span> <span class='ocrx_word' id='word_1_559' title='bbox 1965 3643 2028 3697; x_wconf 83' lang='lat' dir='ltr'>Me·</span> 
     </span>
     <span class='ocr_line' id='line_1_38' title="bbox 379 3721 2029 3799; baseline -0.001 -13"><span class='ocrx_word' id='word_1_560' title='bbox 379 3730 437 3787; x_wconf 90' lang='lat' dir='ltr'>rius</span> <span class='ocrx_word' id='word_1_561' title='bbox 452 3731 479 3785; x_wconf 92' lang='lat' dir='ltr'>in</span> <span class='ocrx_word' id='word_1_562' title='bbox 495 3726 581 3799; x_wconf 88' lang='lat' dir='ltr'>praei.</span> <span class='ocrx_word' id='word_1_563' title='bbox 597 3725 631 3783; x_wconf 89' lang='lat' dir='ltr'>ad</span> <span class='ocrx_word' id='word_1_564' title='bbox 644 3725 727 3783; x_wconf 90' lang='lat' dir='ltr'>libros</span> <span class='ocrx_word' id='word_1_565' title='bbox 740 3725 882 3782; x_wconf 87' lang='lat' dir='ltr'>llorallum</span> <span class='ocrx_word' id='word_1_566' title='bbox 897 3740 924 3780; x_wconf 90' lang='lat' dir='ltr'>c.</span> <span class='ocrx_word' id='word_1_567' title='bbox 942 3723 1182 3796; x_wconf 84' lang='lat' dir='ltr'>1,atias2,tuisse</span> <span class='ocrx_word' id='word_1_568' title='bbox 1217 3721 1319 3781; x_wconf 72' lang='lat' dir='ltr'>dicim</span> <span class='ocrx_word' id='word_1_569' title='bbox 1337 3729 1440 3782; x_wconf 62' lang='lat' dir='ltr'>ouum</span> <span class='ocrx_word' id='word_1_570' title='bbox 1458 3728 1547 3783; x_wconf 83' lang='lat' dir='ltr'>uatus</span> <span class='ocrx_word' id='word_1_571' title='bbox 1566 3743 1626 3782; x_wconf 82' lang='lat' dir='ltr'>noa</span> <span class='ocrx_word' id='word_1_572' title='bbox 1645 3730 1706 3794; x_wconf 84' lang='lat' dir='ltr'>eal,·</span> <span class='ocrx_word' id='word_1_573' title='bbox 1725 3729 1806 3784; x_wconf 83' lang='lat' dir='ltr'>Deus</span> <span class='ocrx_word' id='word_1_574' title='bbox 1828 3733 1935 3785; x_wconf 82' lang='lat' dir='ltr'>uatem</span> <span class='ocrx_word' id='word_1_575' title='bbox 1951 3745 2029 3785; x_wconf 84' lang='lat' dir='ltr'>uass</span> 
     </span>
     <span class='ocr_line' id='line_1_39' title="bbox 378 3813 2029 3892; baseline -0.002 -16"><span class='ocrx_word' id='word_1_576' title='bbox 378 3817 573 3892; x_wconf 88' lang='lat' dir='ltr'>angelum,qul</span> <span class='ocrx_word' id='word_1_577' title='bbox 588 3816 708 3873; x_wconf 84' lang='lat' dir='ltr'>exterius</span> <span class='ocrx_word' id='word_1_578' title='bbox 724 3815 858 3887; x_wconf 91' lang='lat' dir='ltr'>loquendo</span> <span class='ocrx_word' id='word_1_579' title='bbox 874 3813 1020 3883; x_wconf 86' lang='lat' dir='ltr'>serviebat,</span> <span class='ocrx_word' id='word_1_580' title='bbox 1036 3814 1180 3871; x_wconf 83' lang='lat' dir='ltr'>bominum</span> <span class='ocrx_word' id='word_1_581' title='bbox 1215 3821 1279 3877; x_wconf 83' lang='lat' dir='ltr'>est,-</span> <span class='ocrx_word' id='word_1_582' title='bbox 1300 3831 1370 3888; x_wconf 89' lang='lat' dir='ltr'>quae</span> <span class='ocrx_word' id='word_1_583' title='bbox 1389 3830 1443 3872; x_wconf 92' lang='lat' dir='ltr'>aon</span> <span class='ocrx_word' id='word_1_584' title='bbox 1463 3813 1588 3873; x_wconf 87' lang='lat' dir='ltr'>videntur</span> <span class='ocrx_word' id='word_1_585' title='bbox 1607 3824 1669 3888; x_wconf 91' lang='lat' dir='ltr'>apte</span> <span class='ocrx_word' id='word_1_586' title='bbox 1683 3818 1812 3889; x_wconf 90' lang='lat' dir='ltr'>coniungi</span> <span class='ocrx_word' id='word_1_587' title='bbox 1826 3833 1895 3873; x_wconf 93' lang='lat' dir='ltr'>cum</span> <span class='ocrx_word' id='word_1_588' title='bbox 1916 3833 2029 3889; x_wconf 89' lang='lat' dir='ltr'>praece·</span> 
     </span>
     <span class='ocr_line' id='line_1_40' title="bbox 379 3901 2026 3980; baseline -0.002 -14"><span class='ocrx_word' id='word_1_589' title='bbox 379 3917 472 3966; x_wconf 90' lang='lat' dir='ltr'>autem</span> <span class='ocrx_word' id='word_1_590' title='bbox 490 3906 560 3978; x_wconf 91' lang='lat' dir='ltr'>dici,</span> <span class='ocrx_word' id='word_1_591' title='bbox 575 3909 647 3979; x_wconf 85' lang='lat' dir='ltr'>qaia</span> <span class='ocrx_word' id='word_1_592' title='bbox 659 3908 784 3961; x_wconf 84' lang='lat' dir='ltr'>interius</span> <span class='ocrx_word' id='word_1_593' title='bbox 800 3901 977 3979; x_wconf 80' lang='lat' dir='ltr'>praesidens</span> <span class='ocrx_word' id='word_1_594' title='bbox 990 3901 1128 3976; x_wconf 81' lang='lat' dir='ltr'>loquendi</span> <span class='ocrx_word' id='word_1_595' title='bbox 1142 3902 1184 3976; x_wconf 75' lang='lat' dir='ltr'>es-</span> <span class='ocrx_word' id='word_1_596' title='bbox 1216 3903 1360 3974; x_wconf 85' lang='lat' dir='ltr'>dantibus,</span> <span class='ocrx_word' id='word_1_597' title='bbox 1383 3907 1407 3960; x_wconf 89' lang='lat' dir='ltr'>si</span> <span class='ocrx_word' id='word_1_598' title='bbox 1427 3903 1461 3961; x_wconf 88' lang='lat' dir='ltr'>de</span> <span class='ocrx_word' id='word_1_599' title='bbox 1480 3904 1565 3980; x_wconf 79' lang='lat' dir='ltr'>llopai</span> <span class='ocrx_word' id='word_1_600' title='bbox 1587 3912 1647 3962; x_wconf 91' lang='lat' dir='ltr'>erat</span> <span class='ocrx_word' id='word_1_601' title='bbox 1668 3921 1768 3964; x_wconf 89' lang='lat' dir='ltr'>sermo.</span> <span class='ocrx_word' id='word_1_602' title='bbox 1786 3907 1904 3962; x_wconf 85' lang='lat' dir='ltr'>Omissis</span> <span class='ocrx_word' id='word_1_603' title='bbox 1919 3916 2026 3976; x_wconf 87' lang='lat' dir='ltr'>autem,</span> 
     </span>
     <span class='ocr_line' id='line_1_41' title="bbox 373 3991 2025 4072; baseline -0.001 -18"><span class='ocrx_word' id='word_1_604' title='bbox 373 3997 522 4072; x_wconf 66' lang='lat' dir='ltr'>ficodom</span> <span class='ocrx_word' id='word_1_605' title='bbox 535 3993 821 4061; x_wconf 64' lang='lat' dir='ltr'>ariamirobot.Quod</span> <span class='ocrx_word' id='word_1_606' title='bbox 831 3992 909 4050; x_wconf 91' lang='lat' dir='ltr'>aliter</span> <span class='ocrx_word' id='word_1_607' title='bbox 922 3992 1080 4049; x_wconf 81' lang='lat' dir='ltr'>scholastici</span> <span class='ocrx_word' id='word_1_608' title='bbox 1090 3991 1182 4051; x_wconf 89' lang='lat' dir='ltr'>dicare</span> <span class='ocrx_word' id='word_1_609' title='bbox 1216 4009 1286 4067; x_wconf 93' lang='lat' dir='ltr'>quae</span> <span class='ocrx_word' id='word_1_610' title='bbox 1303 3993 1378 4065; x_wconf 88' lang='lat' dir='ltr'>dicit,</span> <span class='ocrx_word' id='word_1_611' title='bbox 1393 3996 1532 4066; x_wconf 79' lang='lat' dir='ltr'>eslsdmo,</span> <span class='ocrx_word' id='word_1_612' title='bbox 1547 3993 1663 4052; x_wconf 89' lang='lat' dir='ltr'>Paulum</span> <span class='ocrx_word' id='word_1_613' title='bbox 1678 3995 1853 4052; x_wconf 87' lang='lat' dir='ltr'>subiunxisee</span> <span class='ocrx_word' id='word_1_614' title='bbox 1871 3995 1919 4053; x_wconf 89' lang='lat' dir='ltr'>illa</span> <span class='ocrx_word' id='word_1_615' title='bbox 1934 3997 2025 4067; x_wconf 82' lang='lat' dir='ltr'>rerba,</span> 
     </span>
     <span class='ocr_line' id='line_1_42' title="bbox 380 4081 2027 4159; baseline -0.001 -15"><span class='ocrx_word' id='word_1_616' title='bbox 380 4086 484 4158; x_wconf 88' lang='lat' dir='ltr'>solent,</span> <span class='ocrx_word' id='word_1_617' title='bbox 503 4099 647 4158; x_wconf 90' lang='lat' dir='ltr'>personam</span> <span class='ocrx_word' id='word_1_618' title='bbox 660 4083 801 4140; x_wconf 89' lang='lat' dir='ltr'>ministerii</span> <span class='ocrx_word' id='word_1_619' title='bbox 815 4083 894 4140; x_wconf 91' lang='lat' dir='ltr'>aliter</span> <span class='ocrx_word' id='word_1_620' title='bbox 908 4081 1075 4155; x_wconf 90' lang='lat' dir='ltr'>loquentem,</span> <span class='ocrx_word' id='word_1_621' title='bbox 1089 4087 1116 4138; x_wconf 93' lang='lat' dir='ltr'>et</span> <span class='ocrx_word' id='word_1_622' title='bbox 1131 4083 1184 4140; x_wconf 92' lang='lat' dir='ltr'>im·</span> <span class='ocrx_word' id='word_1_623' title='bbox 1218 4090 1250 4141; x_wconf 92' lang='lat' dir='ltr'>ut</span> <span class='ocrx_word' id='word_1_624' title='bbox 1263 4083 1431 4155; x_wconf 87' lang='lat' dir='ltr'>ostenderet,</span> <span class='ocrx_word' id='word_1_625' title='bbox 1444 4083 1566 4159; x_wconf 80' lang='lat' dir='ltr'>lloysem</span> <span class='ocrx_word' id='word_1_626' title='bbox 1580 4099 1634 4140; x_wconf 90' lang='lat' dir='ltr'>nou</span> <span class='ocrx_word' id='word_1_627' title='bbox 1647 4084 1733 4141; x_wconf 87' lang='lat' dir='ltr'>luisse</span> <span class='ocrx_word' id='word_1_628' title='bbox 1747 4091 1892 4142; x_wconf 87' lang='lat' dir='ltr'>auctorem</span> <span class='ocrx_word' id='word_1_629' title='bbox 1907 4087 1982 4143; x_wconf 83' lang='lat' dir='ltr'>illius</span> <span class='ocrx_word' id='word_1_630' title='bbox 1995 4087 2027 4143; x_wconf 78' lang='lat' dir='ltr'>le</span> 
     </span>
     <span class='ocr_line' id='line_1_43' title="bbox 378 4171 2026 4249; baseline -0.002 -14"><span class='ocrx_word' id='word_1_631' title='bbox 378 4175 494 4235; x_wconf 90' lang='lat' dir='ltr'>mediate</span> <span class='ocrx_word' id='word_1_632' title='bbox 507 4174 672 4232; x_wconf 81' lang='lat' dir='ltr'>allicientem</span> <span class='ocrx_word' id='word_1_633' title='bbox 688 4171 770 4229; x_wconf 85' lang='lat' dir='ltr'>verba</span> <span class='ocrx_word' id='word_1_634' title='bbox 784 4171 1021 4244; x_wconf 86' lang='lat' dir='ltr'>sermonis,luisse</span> <span class='ocrx_word' id='word_1_635' title='bbox 1042 4172 1180 4244; x_wconf 81' lang='lat' dir='ltr'>angelums</span> <span class='ocrx_word' id='word_1_636' title='bbox 1215 4175 1268 4246; x_wconf 88' lang='lat' dir='ltr'>gis,</span> <span class='ocrx_word' id='word_1_637' title='bbox 1283 4173 1332 4230; x_wconf 93' lang='lat' dir='ltr'>sed</span> <span class='ocrx_word' id='word_1_638' title='bbox 1348 4174 1501 4230; x_wconf 84' lang='lat' dir='ltr'>ministrum</span> <span class='ocrx_word' id='word_1_639' title='bbox 1516 4175 1585 4231; x_wconf 90' lang='lat' dir='ltr'>iuter</span> <span class='ocrx_word' id='word_1_640' title='bbox 1599 4174 1731 4246; x_wconf 90' lang='lat' dir='ltr'>populum</span> <span class='ocrx_word' id='word_1_641' title='bbox 1744 4181 1773 4230; x_wconf 91' lang='lat' dir='ltr'>et</span> <span class='ocrx_word' id='word_1_642' title='bbox 1788 4177 1877 4232; x_wconf 87' lang='lat' dir='ltr'>Deum</span> <span class='ocrx_word' id='word_1_643' title='bbox 1894 4175 1967 4249; x_wconf 85' lang='lat' dir='ltr'>legis</span> <span class='ocrx_word' id='word_1_644' title='bbox 1981 4193 2026 4232; x_wconf 87' lang='lat' dir='ltr'>au·</span> 
     </span>
     <span class='ocr_line' id='line_1_44' title="bbox 379 4260 2023 4341; baseline -0.001 -19"><span class='ocrx_word' id='word_1_645' title='bbox 379 4281 524 4341; x_wconf 90' lang='lat' dir='ltr'>personam</span> <span class='ocrx_word' id='word_1_646' title='bbox 538 4269 630 4321; x_wconf 90' lang='lat' dir='ltr'>autem</span> <span class='ocrx_word' id='word_1_647' title='bbox 645 4261 799 4320; x_wconf 88' lang='lat' dir='ltr'>immediate</span> <span class='ocrx_word' id='word_1_648' title='bbox 809 4260 1182 4332; x_wconf 85' lang='lat' dir='ltr'>repraesentatam,ctcuius</span> <span class='ocrx_word' id='word_1_649' title='bbox 1217 4269 1373 4330; x_wconf 87' lang='lat' dir='ltr'>ctorem,et</span> <span class='ocrx_word' id='word_1_650' title='bbox 1387 4261 1447 4320; x_wconf 90' lang='lat' dir='ltr'>ideo</span> <span class='ocrx_word' id='word_1_651' title='bbox 1462 4261 1652 4320; x_wconf 89' lang='lat' dir='ltr'>subiunxisee:</span> <span class='ocrx_word' id='word_1_652' title='bbox 1667 4266 1748 4320; x_wconf 85' lang='lat' dir='ltr'>Deus</span> <span class='ocrx_word' id='word_1_653' title='bbox 1761 4269 1865 4320; x_wconf 82' lang='lat' dir='ltr'>colem</span> <span class='ocrx_word' id='word_1_654' title='bbox 1876 4281 1958 4322; x_wconf 80' lang='lat' dir='ltr'>uasta</span> <span class='ocrx_word' id='word_1_655' title='bbox 1972 4270 2023 4329; x_wconf 82' lang='lat' dir='ltr'>est,</span> 
     </span>
     <span class='ocr_line' id='line_1_45' title="bbox 379 4349 2025 4425; baseline -0.003 -10"><span class='ocrx_word' id='word_1_656' title='bbox 379 4357 489 4415; x_wconf 90' lang='lat' dir='ltr'>nomiae</span> <span class='ocrx_word' id='word_1_657' title='bbox 508 4353 629 4410; x_wconf 89' lang='lat' dir='ltr'>minister</span> <span class='ocrx_word' id='word_1_658' title='bbox 647 4350 826 4425; x_wconf 91' lang='lat' dir='ltr'>loquebatur,</span> <span class='ocrx_word' id='word_1_659' title='bbox 847 4349 931 4406; x_wconf 85' lang='lat' dir='ltr'>luisse</span> <span class='ocrx_word' id='word_1_660' title='bbox 953 4351 1054 4422; x_wconf 79' lang='lat' dir='ltr'>lleum3</span> <span class='ocrx_word' id='word_1_661' title='bbox 1076 4355 1105 4406; x_wconf 91' lang='lat' dir='ltr'>et</span> <span class='ocrx_word' id='word_1_662' title='bbox 1123 4350 1182 4407; x_wconf 90' lang='lat' dir='ltr'>ideo</span> <span class='ocrx_word' id='word_1_663' title='bbox 1217 4359 1250 4409; x_wconf 89' lang='lat' dir='ltr'>ut</span> <span class='ocrx_word' id='word_1_664' title='bbox 1268 4351 1441 4424; x_wconf 90' lang='lat' dir='ltr'>ostenderet,</span> <span class='ocrx_word' id='word_1_665' title='bbox 1462 4352 1538 4425; x_wconf 93' lang='lat' dir='ltr'>quod</span> <span class='ocrx_word' id='word_1_666' title='bbox 1558 4353 1635 4424; x_wconf 90' lang='lat' dir='ltr'>prius</span> <span class='ocrx_word' id='word_1_667' title='bbox 1649 4352 1768 4425; x_wconf 84' lang='lat' dir='ltr'>dixerat,</span> <span class='ocrx_word' id='word_1_668' title='bbox 1788 4353 1877 4424; x_wconf 88' lang='lat' dir='ltr'>legem</span> <span class='ocrx_word' id='word_1_669' title='bbox 1894 4370 1951 4411; x_wconf 90' lang='lat' dir='ltr'>non</span> <span class='ocrx_word' id='word_1_670' title='bbox 1965 4369 2025 4411; x_wconf 86' lang='lat' dir='ltr'>esa·</span> 
     </span>
     <span class='ocr_line' id='line_1_46' title="bbox 378 4441 2025 4518; baseline -0.005 -13"><span class='ocrx_word' id='word_1_671' title='bbox 378 4463 433 4505; x_wconf 88' lang='lat' dir='ltr'>noa</span> <span class='ocrx_word' id='word_1_672' title='bbox 449 4447 475 4503; x_wconf 92' lang='lat' dir='ltr'>iu</span> <span class='ocrx_word' id='word_1_673' title='bbox 490 4461 552 4518; x_wconf 90' lang='lat' dir='ltr'>sua,</span> <span class='ocrx_word' id='word_1_674' title='bbox 566 4442 611 4500; x_wconf 90' lang='lat' dir='ltr'>sed</span> <span class='ocrx_word' id='word_1_675' title='bbox 626 4443 653 4498; x_wconf 90' lang='lat' dir='ltr'>in</span> <span class='ocrx_word' id='word_1_676' title='bbox 666 4441 740 4498; x_wconf 89' lang='lat' dir='ltr'>illius</span> <span class='ocrx_word' id='word_1_677' title='bbox 754 4456 882 4514; x_wconf 90' lang='lat' dir='ltr'>persona,</span> <span class='ocrx_word' id='word_1_678' title='bbox 895 4453 979 4513; x_wconf 90' lang='lat' dir='ltr'>quem</span> <span class='ocrx_word' id='word_1_679' title='bbox 993 4445 1183 4512; x_wconf 89' lang='lat' dir='ltr'>repraesenta·</span> <span class='ocrx_word' id='word_1_680' title='bbox 1217 4457 1301 4500; x_wconf 90' lang='lat' dir='ltr'>cuere</span> <span class='ocrx_word' id='word_1_681' title='bbox 1323 4442 1539 4516; x_wconf 88' lang='lat' dir='ltr'>promissionem.</span> <span class='ocrx_word' id='word_1_682' title='bbox 1556 4442 1592 4498; x_wconf 86' lang='lat' dir='ltr'>Et</span> <span class='ocrx_word' id='word_1_683' title='bbox 1611 4442 1673 4498; x_wconf 92' lang='lat' dir='ltr'>ideo</span> <span class='ocrx_word' id='word_1_684' title='bbox 1692 4441 1853 4499; x_wconf 90' lang='lat' dir='ltr'>concludit:</span> <span class='ocrx_word' id='word_1_685' title='bbox 1869 4445 1938 4501; x_wconf 75' lang='lat' dir='ltr'>Leoe</span> <span class='ocrx_word' id='word_1_686' title='bbox 1958 4459 2025 4514; x_wconf 76' lang='lat' dir='ltr'>erpo</span> 
     </span>
     <span class='ocr_line' id='line_1_47' title="bbox 378 4529 2021 4610; baseline -0.006 -15"><span class='ocrx_word' id='word_1_687' title='bbox 378 4538 435 4610; x_wconf 89' lang='lat' dir='ltr'>hat,</span> <span class='ocrx_word' id='word_1_688' title='bbox 452 4536 574 4609; x_wconf 89' lang='lat' dir='ltr'>potuisse</span> <span class='ocrx_word' id='word_1_689' title='bbox 588 4532 715 4606; x_wconf 80' lang='lat' dir='ltr'>angelum</span> <span class='ocrx_word' id='word_1_690' title='bbox 730 4547 794 4589; x_wconf 85' lang='lat' dir='ltr'>vere</span> <span class='ocrx_word' id='word_1_691' title='bbox 806 4530 913 4587; x_wconf 89' lang='lat' dir='ltr'>dicere:</span> <span class='ocrx_word' id='word_1_692' title='bbox 930 4534 993 4602; x_wconf 79' lang='lat' dir='ltr'>Epo</span> <span class='ocrx_word' id='word_1_693' title='bbox 1007 4545 1074 4587; x_wconf 86' lang='lat' dir='ltr'>sam</span> <span class='ocrx_word' id='word_1_694' title='bbox 1087 4532 1178 4587; x_wconf 85' lang='lat' dir='ltr'>Deus.</span> <span class='ocrx_word' id='word_1_695' title='bbox 1217 4531 1359 4590; x_wconf 76' lang='lat' dir='ltr'>odoerstu</span> <span class='ocrx_word' id='word_1_696' title='bbox 1369 4533 1522 4606; x_wconf 82' lang='lat' dir='ltr'>promisso</span> <span class='ocrx_word' id='word_1_697' title='bbox 1534 4529 1613 4587; x_wconf 77' lang='lat' dir='ltr'>Det?</span> <span class='ocrx_word' id='word_1_698' title='bbox 1627 4529 1730 4598; x_wconf 86' lang='lat' dir='ltr'>Adsit,·</span> <span class='ocrx_word' id='word_1_699' title='bbox 1746 4532 1811 4604; x_wconf 91' lang='lat' dir='ltr'>quia</span> <span class='ocrx_word' id='word_1_700' title='bbox 1823 4531 1938 4588; x_wconf 87' lang='lat' dir='ltr'>scilicet</span> <span class='ocrx_word' id='word_1_701' title='bbox 1953 4535 2021 4588; x_wconf 84' lang='lat' dir='ltr'>Deus</span> 
     </span>
     <span class='ocr_line' id='line_1_48' title="bbox 423 4619 2024 4695; baseline -0.006 -9"><span class='ocrx_word' id='word_1_702' title='bbox 423 4635 465 4686; x_wconf 83' lang='grc' dir='ltr'>ιθ.</span> <span class='ocrx_word' id='word_1_703' title='bbox 482 4627 548 4685; x_wconf 85' lang='lat' dir='ltr'>uico</span> <span class='ocrx_word' id='word_1_704' title='bbox 570 4626 664 4682; x_wconf 89' lang='lat' dir='ltr'>tertio:</span> <span class='ocrx_word' id='word_1_705' title='bbox 687 4625 741 4680; x_wconf 85' lang='lat' dir='ltr'>Lex</span> <span class='ocrx_word' id='word_1_706' title='bbox 763 4629 843 4678; x_wconf 85' lang='lat' dir='ltr'>vetus</span> <span class='ocrx_word' id='word_1_707' title='bbox 862 4619 926 4678; x_wconf 90' lang='lat' dir='ltr'>data</span> <span class='ocrx_word' id='word_1_708' title='bbox 944 4627 987 4676; x_wconf 86' lang='lat' dir='ltr'>aet</span> <span class='ocrx_word' id='word_1_709' title='bbox 1000 4634 1049 4692; x_wconf 89' lang='lat' dir='ltr'>per</span> <span class='ocrx_word' id='word_1_710' title='bbox 1062 4621 1182 4695; x_wconf 79' lang='lat' dir='ltr'>lloysem</span> <span class='ocrx_word' id='word_1_711' title='bbox 1216 4637 1271 4679; x_wconf 90' lang='lat' dir='ltr'>nou</span> <span class='ocrx_word' id='word_1_712' title='bbox 1296 4629 1387 4694; x_wconf 92' lang='lat' dir='ltr'>potest</span> <span class='ocrx_word' id='word_1_713' title='bbox 1410 4636 1470 4678; x_wconf 89' lang='lat' dir='ltr'>esse</span> <span class='ocrx_word' id='word_1_714' title='bbox 1495 4620 1546 4678; x_wconf 90' lang='lat' dir='ltr'>sibi</span> <span class='ocrx_word' id='word_1_715' title='bbox 1569 4621 1745 4677; x_wconf 90' lang='lat' dir='ltr'>contrarius:</span> <span class='ocrx_word' id='word_1_716' title='bbox 1766 4620 1819 4679; x_wconf 86' lang='lat' dir='ltr'>luit</span> <span class='ocrx_word' id='word_1_717' title='bbox 1838 4635 1908 4694; x_wconf 90' lang='lat' dir='ltr'>ergo</span> <span class='ocrx_word' id='word_1_718' title='bbox 1926 4622 1969 4678; x_wconf 83' lang='lat' dir='ltr'>lex</span> <span class='ocrx_word' id='word_1_719' title='bbox 1984 4621 2024 4677; x_wconf 86' lang='lat' dir='ltr'>illa</span> 
     </span>
     <span class='ocr_line' id='line_1_49' title="bbox 380 4709 2025 4791; baseline -0.007 -14"><span class='ocrx_word' id='word_1_720' title='bbox 380 4728 520 4791; x_wconf 85' lang='lat' dir='ltr'>tamquam</span> <span class='ocrx_word' id='word_1_721' title='bbox 542 4731 590 4788; x_wconf 93' lang='lat' dir='ltr'>per</span> <span class='ocrx_word' id='word_1_722' title='bbox 614 4713 770 4786; x_wconf 87' lang='lat' dir='ltr'>proximum</span> <span class='ocrx_word' id='word_1_723' title='bbox 795 4711 1027 4784; x_wconf 86' lang='lat' dir='ltr'>promulgatorem</span> <span class='ocrx_word' id='word_1_724' title='bbox 1052 4716 1182 4782; x_wconf 88' lang='lat' dir='ltr'>respectu</span> <span class='ocrx_word' id='word_1_725' title='bbox 1217 4713 1402 4785; x_wconf 89' lang='lat' dir='ltr'>principaliter</span> <span class='ocrx_word' id='word_1_726' title='bbox 1422 4709 1535 4785; x_wconf 92' lang='lat' dir='ltr'>quidem</span> <span class='ocrx_word' id='word_1_727' title='bbox 1556 4726 1572 4766; x_wconf 91' lang='lat' dir='ltr'>a</span> <span class='ocrx_word' id='word_1_728' title='bbox 1591 4713 1663 4780; x_wconf 85' lang='lat' dir='ltr'>beo,</span> <span class='ocrx_word' id='word_1_729' title='bbox 1683 4726 1733 4782; x_wconf 89' lang='lat' dir='ltr'>per</span> <span class='ocrx_word' id='word_1_730' title='bbox 1752 4713 1871 4786; x_wconf 78' lang='lat' dir='ltr'>lloysena</span> <span class='ocrx_word' id='word_1_731' title='bbox 1884 4725 1952 4768; x_wconf 83' lang='lat' dir='ltr'>vero</span> <span class='ocrx_word' id='word_1_732' title='bbox 1969 4718 2025 4768; x_wconf 90' lang='lat' dir='ltr'>tan-</span> 
     </span>
     <span class='ocr_line' id='line_1_50' title="bbox 380 4798 2025 4878; baseline -0.005 -13"><span class='ocrx_word' id='word_1_733' title='bbox 380 4809 463 4867; x_wconf 91' lang='lat' dir='ltr'>tatius</span> <span class='ocrx_word' id='word_1_734' title='bbox 475 4800 739 4878; x_wconf 86' lang='lat' dir='ltr'>populilsrael,non</span> <span class='ocrx_word' id='word_1_735' title='bbox 752 4816 816 4858; x_wconf 85' lang='lat' dir='ltr'>vero</span> <span class='ocrx_word' id='word_1_736' title='bbox 830 4809 968 4873; x_wconf 90' lang='lat' dir='ltr'>tamquam</span> <span class='ocrx_word' id='word_1_737' title='bbox 981 4815 1028 4871; x_wconf 90' lang='lat' dir='ltr'>per</span> <span class='ocrx_word' id='word_1_738' title='bbox 1038 4807 1182 4857; x_wconf 90' lang='lat' dir='ltr'>auctorem</span> <span class='ocrx_word' id='word_1_739' title='bbox 1217 4817 1300 4875; x_wconf 89' lang='lat' dir='ltr'>quam</span> <span class='ocrx_word' id='word_1_740' title='bbox 1319 4801 1498 4859; x_wconf 89' lang='lat' dir='ltr'>mediatorem</span> <span class='ocrx_word' id='word_1_741' title='bbox 1513 4798 1586 4857; x_wconf 88' lang='lat' dir='ltr'>data.</span> <span class='ocrx_word' id='word_1_742' title='bbox 1602 4801 1637 4857; x_wconf 89' lang='lat' dir='ltr'>Et</span> <span class='ocrx_word' id='word_1_743' title='bbox 1651 4800 1712 4856; x_wconf 90' lang='lat' dir='ltr'>ideo</span> <span class='ocrx_word' id='word_1_744' title='bbox 1727 4799 1770 4857; x_wconf 87' lang='lat' dir='ltr'>lex</span> <span class='ocrx_word' id='word_1_745' title='bbox 1784 4800 1829 4856; x_wconf 87' lang='lat' dir='ltr'>illa</span> <span class='ocrx_word' id='word_1_746' title='bbox 1844 4816 1928 4873; x_wconf 88' lang='lat' dir='ltr'>saepe</span> <span class='ocrx_word' id='word_1_747' title='bbox 1944 4817 2025 4858; x_wconf 83' lang='lat' dir='ltr'>voca·</span> 
     </span>
     <span class='ocr_line' id='line_1_51' title="bbox 378 4887 2025 4971; baseline -0.006 -15"><span class='ocrx_word' id='word_1_748' title='bbox 378 4898 456 4971; x_wconf 90' lang='lat' dir='ltr'>legis.</span> <span class='ocrx_word' id='word_1_749' title='bbox 473 4898 563 4954; x_wconf 85' lang='lat' dir='ltr'>Prima</span> <span class='ocrx_word' id='word_1_750' title='bbox 577 4909 640 4967; x_wconf 91' lang='lat' dir='ltr'>pars</span> <span class='ocrx_word' id='word_1_751' title='bbox 654 4892 688 4949; x_wconf 93' lang='lat' dir='ltr'>de</span> <span class='ocrx_word' id='word_1_752' title='bbox 703 4891 755 4948; x_wconf 84' lang='lat' dir='ltr'>fide</span> <span class='ocrx_word' id='word_1_753' title='bbox 768 4898 827 4948; x_wconf 90' lang='lat' dir='ltr'>est:</span> <span class='ocrx_word' id='word_1_754' title='bbox 845 4906 906 4948; x_wconf 89' lang='lat' dir='ltr'>uam</span> <span class='ocrx_word' id='word_1_755' title='bbox 922 4890 1038 4946; x_wconf 88' lang='lat' dir='ltr'>habetur</span> <span class='ocrx_word' id='word_1_756' title='bbox 1051 4905 1182 4961; x_wconf 84' lang='lat' dir='ltr'>expressa</span> <span class='ocrx_word' id='word_1_757' title='bbox 1219 4899 1265 4947; x_wconf 94' lang='lat' dir='ltr'>tur</span> <span class='ocrx_word' id='word_1_758' title='bbox 1287 4891 1330 4948; x_wconf 85' lang='lat' dir='ltr'>lex</span> <span class='ocrx_word' id='word_1_759' title='bbox 1349 4891 1435 4966; x_wconf 76' lang='lat' dir='ltr'>lloysi</span> <span class='ocrx_word' id='word_1_760' title='bbox 1455 4889 1570 4946; x_wconf 92' lang='lat' dir='ltr'>llalach.</span> <span class='ocrx_word' id='word_1_761' title='bbox 1588 4893 1616 4947; x_wconf 74' lang='lat' dir='ltr'>lc</span> <span class='ocrx_word' id='word_1_762' title='bbox 1633 4891 1813 4947; x_wconf 80' lang='lat' dir='ltr'>Mementote</span> <span class='ocrx_word' id='word_1_763' title='bbox 1832 4887 1908 4963; x_wconf 80' lang='lat' dir='ltr'>lepis</span> <span class='ocrx_word' id='word_1_764' title='bbox 1928 4893 2025 4965; x_wconf 72' lang='lat' dir='ltr'>diupei</span> 
     </span>
     <span class='ocr_line' id='line_1_52' title="bbox 379 4975 2023 5060; baseline -0.007 -15"><span class='ocrx_word' id='word_1_765' title='bbox 379 4989 405 5046; x_wconf 93' lang='lat' dir='ltr'>ia</span> <span class='ocrx_word' id='word_1_766' title='bbox 423 4987 567 5060; x_wconf 89' lang='lat' dir='ltr'>Scriptura</span> <span class='ocrx_word' id='word_1_767' title='bbox 587 4985 660 5041; x_wconf 80' lang='lat' dir='ltr'>loan-</span> <span class='ocrx_word' id='word_1_768' title='bbox 682 4986 690 5039; x_wconf 95' lang='lat' dir='ltr'>l</span> <span class='ocrx_word' id='word_1_769' title='bbox 705 4999 711 5038; x_wconf 90' lang='lat'><strong>:</strong></span> <span class='ocrx_word' id='word_1_770' title='bbox 729 4987 793 5042; x_wconf 74' lang='lat' dir='ltr'>Len</span> <span class='ocrx_word' id='word_1_771' title='bbox 806 4983 865 5056; x_wconf 81' lang='lat' dir='ltr'>&#39;pes</span> <span class='ocrx_word' id='word_1_772' title='bbox 884 4981 1022 5055; x_wconf 82' lang='lat' dir='ltr'>Mopsem</span> <span class='ocrx_word' id='word_1_773' title='bbox 1035 4978 1112 5037; x_wconf 85' lang='lat' dir='ltr'>doto</span> <span class='ocrx_word' id='word_1_774' title='bbox 1123 4985 1178 5038; x_wconf 85' lang='lat' dir='ltr'>est.</span> <span class='ocrx_word' id='word_1_775' title='bbox 1217 4983 1296 5038; x_wconf 81' lang='lat' dir='ltr'>serni</span> <span class='ocrx_word' id='word_1_776' title='bbox 1311 4983 1377 5047; x_wconf 86' lang='lat' dir='ltr'>mei,</span> <span class='ocrx_word' id='word_1_777' title='bbox 1392 4995 1485 5052; x_wconf 75' lang='lat' dir='ltr'>quoae</span> <span class='ocrx_word' id='word_1_778' title='bbox 1498 4975 1643 5036; x_wconf 82' lang='lat' dir='ltr'>manduci</span> <span class='ocrx_word' id='word_1_779' title='bbox 1656 4982 1683 5034; x_wconf 87' lang='lat' dir='ltr'>ei</span> <span class='ocrx_word' id='word_1_780' title='bbox 1696 4981 1727 5034; x_wconf 86' lang='lat' dir='ltr'>ia</span> <span class='ocrx_word' id='word_1_781' title='bbox 1740 4978 1836 5036; x_wconf 84' lang='lat' dir='ltr'>Horeb</span> <span class='ocrx_word' id='word_1_782' title='bbox 1851 4977 1894 5035; x_wconf 89' lang='lat' dir='ltr'>od</span> <span class='ocrx_word' id='word_1_783' title='bbox 1909 4995 2023 5036; x_wconf 75' lang='lat' dir='ltr'>omnem</span> 
     </span>
     <span class='ocr_line' id='line_1_53' title="bbox 379 5053 2023 5150; baseline -0.01 -11"><span class='ocrx_word' id='word_1_784' title='bbox 379 5053 519 5150; x_wconf 68' lang='lat' dir='ltr'>uelisque</span> <span class='ocrx_word' id='word_1_785' title='bbox 533 5073 666 5147; x_wconf 90' lang='lat' dir='ltr'>ponderat</span> <span class='ocrx_word' id='word_1_786' title='bbox 678 5069 960 5130; x_wconf 72' lang='lat' dir='ltr'>Clemhlexandlih.</span> <span class='ocrx_word' id='word_1_787' title='bbox 973 5067 1179 5143; x_wconf 80' lang='lat' dir='ltr'>l.Poedopop.</span> <span class='ocrx_word' id='word_1_788' title='bbox 1216 5069 1323 5134; x_wconf 84' lang='lat' dir='ltr'>Israel,</span> <span class='ocrx_word' id='word_1_789' title='bbox 1341 5078 1368 5128; x_wconf 90' lang='lat' dir='ltr'>et</span> <span class='ocrx_word' id='word_1_790' title='bbox 1382 5073 1449 5127; x_wconf 86' lang='lat' dir='ltr'>Luc.</span> <span class='ocrx_word' id='word_1_791' title='bbox 1464 5074 1491 5126; x_wconf 84' lang='lat'>2:</span> <span class='ocrx_word' id='word_1_792' title='bbox 1513 5066 1686 5126; x_wconf 83' lang='lat' dir='ltr'>Secundum</span> <span class='ocrx_word' id='word_1_793' title='bbox 1698 5065 1791 5141; x_wconf 78' lang='lat' dir='ltr'>tepens</span> <span class='ocrx_word' id='word_1_794' title='bbox 1802 5069 1917 5143; x_wconf 76' lang='lat' dir='ltr'>Mopsi.</span> <span class='ocrx_word' id='word_1_795' title='bbox 1935 5071 1969 5127; x_wconf 81' lang='lat' dir='ltr'>Fa</span> <span class='ocrx_word' id='word_1_796' title='bbox 1989 5071 2023 5124; x_wconf 93' lang='lat' dir='ltr'>oh</span> 
     </span>
     <span class='ocr_line' id='line_1_54' title="bbox 297 5157 2023 5240; baseline -0.008 -14"><span class='ocrx_word' id='word_1_797' title='bbox 297 5189 301 5196; x_wconf 90' lang='lat'>·</span> <span class='ocrx_word' id='word_1_798' title='bbox 380 5185 441 5240; x_wconf 86' lang='lat' dir='ltr'>cap.</span> <span class='ocrx_word' id='word_1_799' title='bbox 461 5171 488 5235; x_wconf 90' lang='lat' dir='ltr'>i,</span> <span class='ocrx_word' id='word_1_800' title='bbox 504 5182 559 5223; x_wconf 89' lang='lat' dir='ltr'>non</span> <span class='ocrx_word' id='word_1_801' title='bbox 572 5163 669 5222; x_wconf 87' lang='lat' dir='ltr'>dixisse</span> <span class='ocrx_word' id='word_1_802' title='bbox 678 5159 818 5234; x_wconf 83' lang='lat' dir='ltr'>sociam,</span> <span class='ocrx_word' id='word_1_803' title='bbox 841 5163 915 5219; x_wconf 89' lang='lat' dir='ltr'>sicut</span> <span class='ocrx_word' id='word_1_804' title='bbox 927 5160 997 5218; x_wconf 81' lang='lat' dir='ltr'>dixit</span> <span class='ocrx_word' id='word_1_805' title='bbox 1011 5160 1044 5217; x_wconf 88' lang='lat' dir='ltr'>de</span> <span class='ocrx_word' id='word_1_806' title='bbox 1058 5159 1178 5235; x_wconf 86' lang='lat' dir='ltr'>Christo,</span> <span class='ocrx_word' id='word_1_807' title='bbox 1218 5160 1287 5219; x_wconf 89' lang='lat' dir='ltr'>hanc</span> <span class='ocrx_word' id='word_1_808' title='bbox 1300 5161 1382 5218; x_wconf 87' lang='lat' dir='ltr'>etiam</span> <span class='ocrx_word' id='word_1_809' title='bbox 1396 5159 1530 5216; x_wconf 89' lang='lat' dir='ltr'>rationem</span> <span class='ocrx_word' id='word_1_810' title='bbox 1542 5157 1667 5216; x_wconf 81' lang='lat' dir='ltr'>Clemens</span> <span class='ocrx_word' id='word_1_811' title='bbox 1681 5157 1844 5214; x_wconf 82' lang='lat' dir='ltr'>Romdicto</span> <span class='ocrx_word' id='word_1_812' title='bbox 1856 5158 1903 5214; x_wconf 89' lang='lat' dir='ltr'>lib.</span> <span class='ocrx_word' id='word_1_813' title='bbox 1915 5161 1942 5216; x_wconf 79' lang='lat' dir='ltr'>b.</span> <span class='ocrx_word' id='word_1_814' title='bbox 1957 5173 2023 5214; x_wconf 88' lang='lat' dir='ltr'>cca·</span> 
     </span>
     <span class='ocr_line' id='line_1_55' title="bbox 380 5246 2022 5330; baseline -0.009 -12"><span class='ocrx_word' id='word_1_815' title='bbox 380 5257 429 5318; x_wconf 84' lang='lat' dir='ltr'>sed</span> <span class='ocrx_word' id='word_1_816' title='bbox 448 5254 570 5324; x_wconf 83' lang='lat' dir='ltr'>dotem,</span> <span class='ocrx_word' id='word_1_817' title='bbox 588 5255 651 5330; x_wconf 92' lang='lat' dir='ltr'>quia</span> <span class='ocrx_word' id='word_1_818' title='bbox 664 5253 698 5311; x_wconf 91' lang='lat' dir='ltr'>ah</span> <span class='ocrx_word' id='word_1_819' title='bbox 711 5252 764 5312; x_wconf 89' lang='lat' dir='ltr'>alio</span> <span class='ocrx_word' id='word_1_820' title='bbox 779 5252 867 5327; x_wconf 89' lang='lat' dir='ltr'>legem</span> <span class='ocrx_word' id='word_1_821' title='bbox 880 5252 995 5325; x_wconf 89' lang='lat' dir='ltr'>recepit,</span> <span class='ocrx_word' id='word_1_822' title='bbox 1012 5257 1044 5310; x_wconf 88' lang='lat' dir='ltr'>ut</span> <span class='ocrx_word' id='word_1_823' title='bbox 1058 5265 1118 5309; x_wconf 89' lang='lat' dir='ltr'>eam</span> <span class='ocrx_word' id='word_1_824' title='bbox 1132 5249 1180 5310; x_wconf 90' lang='lat' dir='ltr'>da·</span> <span class='ocrx_word' id='word_1_825' title='bbox 1217 5251 1308 5310; x_wconf 90' lang='lat' dir='ltr'>stitut.</span> <span class='ocrx_word' id='word_1_826' title='bbox 1324 5265 1386 5324; x_wconf 88' lang='lat' dir='ltr'>cap.</span> <span class='ocrx_word' id='word_1_827' title='bbox 1403 5253 1448 5321; x_wconf 84' lang='lat' dir='ltr'>to,</span> <span class='ocrx_word' id='word_1_828' title='bbox 1459 5249 1577 5323; x_wconf 78' lang='lat' dir='ltr'>lloyseua</span> <span class='ocrx_word' id='word_1_829' title='bbox 1592 5261 1684 5321; x_wconf 83' lang='lat' dir='ltr'>regem</span> <span class='ocrx_word' id='word_1_830' title='bbox 1699 5246 1885 5321; x_wconf 87' lang='lat' dir='ltr'>sacerdotem,</span> <span class='ocrx_word' id='word_1_831' title='bbox 1901 5256 1932 5306; x_wconf 90' lang='lat' dir='ltr'>et</span> <span class='ocrx_word' id='word_1_832' title='bbox 1945 5247 2022 5323; x_wconf 85' lang='lat' dir='ltr'>legis·</span> 
     </span>
    </p>
   </div>
   <div class='ocr_carea' id='block_1_4' title="bbox 0 0 2132 6224">
    <p class='ocr_par' dir='ltr' id='par_1_6' title="bbox 0 0 2132 6224">
     <span class='ocr_line' id='line_1_56' title="bbox 0 0 2132 6224; baseline 0 2"><span class='ocrx_word' id='word_1_833' title='bbox 0 0 2132 6224; x_wconf 95' lang='lat' dir='ltr'> </span> 
     </span>
    </p>
   </div>
  </div>
 </body>
</html>
