4284 6246
850 371 1070 426 mrorxxvr.
1681 331 1745 424 '251

133 509 197 560 tuto
213 498 382 573 municipali,
394 495 441 557 sed
455 497 489 556 de
499 495 708 568 consuetudine,
721 503 749 556 et
758 497 802 556 illa
813 495 878 556 nibil
889 497 937 556 de·
973 505 1030 572 est,
1060 499 1126 572 quia
1147 498 1169 557 si
1189 503 1341 559 tractemus
1355 497 1389 556 de
1402 498 1526 558 absoluta
1541 505 1693 574 potestate,
1708 501 1787 560 etiam

130 592 251 665 rogabat
265 591 436 658 canonibus,
454 595 486 645 ut
498 590 524 644 in
540 595 616 646 textu
630 589 800 645 manifestum
814 596 866 644 est.
890 625 897 652 .
973 591 1095 649 Pontifex
1108 597 1201 662 posset
1221 591 1294 647 illam
1309 596 1471 662 potestatem
1500 593 1706 648 communicare
1722 591 1788 648 inie-

169 680 437 740 condiancenses
453 679 621 756 canonistas,
637 680 684 750 qui
699 680 838 736 contrario
854 677 947 736 modo·
972 681 1113 746 rioribus,
1140 680 1205 737 licet
1226 679 1298 735 illam
1317 678 1415 736 babeat
1430 695 1446 737 a
1460 682 1531 750 beo,
1554 685 1583 737 et
1604 696 1657 736 neo
1672 679 1706 736 ab
1721 679 1783 754 illis,

128 773 207 844 loqui
221 771 362 835 videniur,
376 784 406 824 re
421 781 485 824 vera
499 783 552 824 non
568 758 776 839 cobtradicuot,
789 767 838 824 scd
854 769 880 824 in
895 767 935 824 di·
973 771 1049 826 sicut
1059 769 1247 826 communicat
1264 767 1357 841 plores
1368 768 1444 825 alios.
1463 771 1490 825 Si
1505 785 1569 826 vero
1580 770 1786 826 consideremus

130 878 214 919 verso
236 876 322 916 sensu
345 857 507 931 loquuntur.
526 859 626 916 Dicunt
639 859 732 927 enim,
755 858 839 915 laicos
853 875 935 930 posse
974 859 1183 915 convenientem
1199 873 1291 926 usum,
1307 860 1391 914 etium
1414 860 1561 930 imperator
1580 875 1632 914 neo
1649 858 1742 916 debuit
1754 859 1786 915 il·

130 952 205 1024 leges
219 950 295 1006 ierre
311 956 410 1005 contra
421 963 552 1013 canones,
565 963 619 1004 ooo
632 947 785 1004 seeiindum
797 949 937 1019 propriam
975 948 1029 1005 lam
1051 953 1214 1019 potestatem
1236 947 1405 1017 concedere,
1440 964 1528 1021 neque
1550 949 1646 1004 luisset
1660 948 1784 1006 ordinata

130 1041 382 1106 contrarietatem,
415 1036 463 1094 scd
490 1037 645 1094 secundum
675 1039 880 1110 proportionem
905 1037 939 1094 ad
976 1039 1133 1110 gratitudo,
1156 1036 1203 1094 sed
1225 1037 1305 1092 nimia
1326 1037 1509 1110 prodigalitas.
1537 1037 1611 1095 Unde
1630 1039 1710 1095 etiam
1731 1054 1785 1095 non

131 1149 216 1192 suom
233 1131 342 1199 iorum,
357 1128 385 1186 id
399 1134 460 1200 est,
475 1128 559 1184 laicos
573 1129 601 1184 in
617 1128 675 1184 loro
690 1127 776 1196 civili,
791 1133 819 1184 et
834 1134 938 1198 tempo·
976 1126 1081 1196 relert,
1104 1125 1178 1198 quod
1210 1126 1418 1184 Panormitanus
1442 1127 1612 1198 considerat,
1632 1130 1696 1200 quia
1711 1130 1782 1202 leges

131 1223 182 1280 rali
198 1237 281 1293 posse
297 1219 437 1276 contrario
452 1218 533 1275 modo
547 1217 707 1289 disponere,
722 1233 804 1290 quam
819 1233 938 1274 cananea
977 1216 1125 1272 canonicae
1141 1215 1305 1272 ordinentur
1319 1215 1352 1272 ad
1369 1216 1473 1273 bootem
1490 1217 1606 1280 animae,
1627 1217 1721 1274 civiles
1735 1232 1784 1274 eu·
1825 1267 1826 1274 ,

132 1315 160 1369 in
175 1327 230 1368 suo
249 1309 310 1367 iore
323 1309 479 1380 disponant.
489 1306 567 1376 Quod
578 1307 690 1380 quidem
701 1307 874 1364 verissimum
887 1311 941 1378 est,
977 1311 1032 1361 tem
1048 1303 1081 1360 ad
1097 1305 1257 1376 temporalia
1271 1304 1428 1362 commoda.
1443 1307 1511 1362 Nam
1523 1306 1574 1360 boc
1587 1322 1640 1362 non
1657 1305 1781 1380 impedit,

131 1401 259 1475 quirilli
280 1415 401 1456 canones
422 1414 474 1454 non
497 1396 618 1468 obligant
635 1394 719 1452 laicos
735 1410 784 1467 pro
798 1396 859 1453 loro
875 1411 939 1466 suo,
976 1396 1041 1467 quin
1063 1396 1089 1450 in
1112 1396 1235 1466 utrisque
1256 1393 1407 1452 servandus
1426 1394 1464 1451 sit
1489 1394 1596 1452 debitus
1615 1395 1696 1465 ordo,
1719 1396 1782 1453 alio·

133 1509 185 1548 nec
209 1492 287 1564 leges
310 1489 369 1546 illae
390 1487 524 1560 derogant
543 1486 694 1542 canonibus
709 1485 735 1541 in
751 1485 811 1542 loro
828 1502 891 1542 suo.
908 1487 943 1542 Et
977 1486 1024 1556 qui
1039 1490 1067 1540 et
1080 1483 1114 1540 nd
1129 1491 1260 1540 neutrum
1274 1485 1352 1541 finem
1368 1484 1476 1557 expedit
1492 1484 1527 1541 illi
1544 1492 1664 1557 potestas
1678 1485 1703 1541 in
1717 1485 1783 1558 iple·

133 1585 169 1641 ita
185 1581 256 1638 dixit
272 1583 401 1636 Panorm.
416 1577 442 1633 in
458 1577 521 1633 de.
533 1574 619 1652 Quod
633 1573 757 1637 clericis,
778 1575 853 1648 quod
868 1575 941 1646 leges
979 1573 1110 1638 rioribus.

135 1676 255 1744 possunt
270 1670 416 1740 disponere
432 1673 531 1723 contra
544 1679 678 1736 canones,
689 1667 716 1720 in
731 1664 814 1722 rebus
826 1679 942 1720 concer-
1018 1666 1044 1718 8.
1062 1661 1153 1731 Adde,
1174 1661 1297 1735 exempla
1317 1663 1418 1734 omnia,
1435 1679 1505 1736 quae
1520 1662 1710 1733 adducuntur,
1725 1671 1781 1720 sta·

135 1761 269 1818 sentibus
287 1760 358 1830 ipsos
372 1757 474 1824 laicos,
491 1755 537 1812 ubi
552 1771 600 1810 nec
616 1769 736 1810 canones
753 1753 860 1826 legibus
875 1754 941 1810 resi·
982 1757 1108 1808 tritorum
1127 1751 1248 1808 civilium
1264 1758 1361 1808 contra
1377 1752 1420 1808 ius
1434 1769 1598 1822 commune,
1621 1769 1676 1808 oon
1691 1761 1782 1810 osten·

133 1859 225 1920 stunt,
238 1866 291 1906 nec
305 1848 368 1904 illae
383 1855 448 1904 sunt
462 1853 562 1903 contra
575 1845 748 1902 honestatem
761 1858 879 1911 anorum,
892 1851 941 1900 aut
981 1840 1046 1896 dere
1062 1841 1295 1909 contrarietatem,
1309 1840 1355 1896 sed
1371 1841 1583 1912 additionem,et
1597 1843 1632 1900 ita
1646 1861 1700 1900 non
1715 1861 1782 1900 coo·

134 1951 235 1998 centra
251 1944 394 1996 reservato
409 1937 534 2009 principi.
553 1936 587 1992 Et
601 1935 653 1990 boe
667 1932 749 1990 medo
763 1932 841 1989 etiam
856 1948 941 1989 cano·
980 1929 1068 1987 tinere
1083 1931 1222 2002 propriam
1239 1931 1382 2001 positivam
1398 1931 1601 2004 derogationem
1616 1935 1684 1990 iuris
1700 1951 1784 2006 supe-

134 2047 182 2088 nes
198 2029 353 2101 disponunt
368 2033 467 2083 contra
482 2026 556 2098 leges
571 2024 663 2080 civiles
680 2029 809 2094 respectu
829 2023 944 2079 elerico·
982 2019 1063 2075 rionis
1079 2034 1128 2091 per
1144 2020 1185 2075 ius
1200 2020 1346 2091 inierioris,
1358 2021 1405 2077 sed
1420 2021 1504 2078 veluti
1516 2021 1780 2096 determinationem,

133 2135 218 2188 rum,
244 2118 330 2174 alium
353 2115 447 2187 otique
469 2113 614 2184 ordinem,
635 2120 664 2169 et
682 2114 726 2168 ios
740 2111 898 2184 statuendo,
914 2119 945 2168 ut
982 2113 1033 2164 aut
1048 2106 1223 2164 additionem.
1240 2111 1274 2166 Ut
1289 2125 1316 2164 v.
1333 2125 1359 2181 g.
1377 2111 1420 2166 ius
1434 2125 1579 2167 commune
1593 2128 1647 2168 non
1670 2114 1782 2183 permit·

134 2213 245 2263 constat
260 2209 288 2263 io
308 2205 491 2272 iudicialibus,
508 2212 536 2260 et
550 2203 693 2259 similibus.
982 2197 1032 2269 tit,
1049 2196 1166 2270 aliquem
1183 2198 1271 2268 ptooiri
1285 2199 1310 2254 io
1327 2201 1443 2272 propriis
1458 2199 1536 2256 bonis
1546 2209 1657 2274 propter
1670 2204 1781 2276 culpam

179 2301 205 2355 l.
222 2295 316 2352 Tertio
336 2295 440 2364 iniero,
463 2293 547 2350 etiam
568 2293 749 2364 magistratus
767 2289 878 2361 civiles,
897 2295 946 2346 aut
982 2286 1112 2357 alterius,
1131 2287 1179 2342 nisi
1194 2286 1266 2344 illius
1281 2289 1317 2345 sit
1331 2289 1486 2363 particeps3
1501 2297 1531 2347 et
1546 2292 1719 2348 nibilominus
1734 2291 1781 2349 eli·

135 2385 310 2458 respublicas
333 2383 492 2448 interiores,
514 2388 541 2437 et
561 2381 685 2438 civitates
705 2381 844 2436 subiectas
861 2379 943 2439 alicui
980 2391 1034 2448 quo
1054 2383 1158 2434 statuta
1179 2377 1350 2450 municipalia
1370 2379 1397 2436 id
1417 2387 1543 2438 statuunt
1566 2383 1592 2439 in
1611 2387 1696 2441 certis
1710 2386 1782 2442 casi-

136 2475 272 2548 principi,
290 2489 343 2529 non
360 2487 439 2544 posse
454 2471 606 2543 abrogare,
622 2478 671 2526 aut
686 2467 835 2542 quidquam
853 2468 944 2525 detra·
982 2466 1045 2540 bus,
1062 2480 1138 2555 ¹quae
1154 2467 1224 2524 iusta
1238 2475 1385 2526 censentur
1398 2478 1428 2528 et
1442 2470 1542 2529 valida.
1560 2474 1660 2530 Tamen
1675 2490 1704 2532 re
1717 2492 1783 2533 vera

137 2568 202 2622 bere
218 2565 253 2620 de
268 2567 330 2618 iure
344 2561 497 2631 communi,
508 2569 538 2617 ut
551 2566 593 2616 est
608 2558 649 2617 lex
665 2559 826 2631 superioris,
842 2557 945 2630 aliquid
982 2555 1049 2612 baec
1077 2571 1130 2612 noo
1155 2562 1196 2612 est
1221 2559 1420 2632 contrarietas,
1446 2568 1474 2617 et
1488 2561 1644 2636 derogatio,
1660 2567 1725 2638 quio
1738 2568 1783 2624 ius

138 2655 252 2726 proprie
268 2656 366 2708 contra
382 2651 453 2707 illem
468 2649 624 2707 statuendo.
637 2651 710 2706 llaec
724 2649 804 2705 etiarn
820 2648 945 2720 sequitur
981 2660 1130 2702 commune
1155 2663 1210 2702 non
1235 2650 1331 2704 statuit
1350 2651 1508 2722 positivam,
1532 2659 1562 2708 et
1581 2655 1733 2725 generalem
1753 2658 1782 2714 id

138 2759 172 2798 ex
188 2741 266 2798 dicto
281 2741 427 2812 principio.
446 2744 473 2794 et
486 2755 518 2794 ex
534 2739 628 2811 regola
644 2745 735 2795 textus
750 2739 777 2792 in
792 2729 866 2792 di'cta
886 2735 946 2792 Cla·
983 2733 1182 2819 prohibentem,
1201 2735 1249 2793 sed
1263 2737 1352 2792 solum
1367 2742 1489 2810 negative
1505 2757 1559 2796 non
1575 2742 1687 2814 imponit
1701 2745 1782 2801 talem

139 2838 226 2887 ment.
243 2834 288 2886 Ne
307 2832 454 2890 Rorrrooi,
477 2827 551 2900 quod
572 2827 614 2883 lea
632 2828 781 2898 superioris
797 2826 946 2898 perlegam
984 2825 1095 2908 medum
1111 2841 1226 2898 poenam
1242 2827 1319 2884 etita
1334 2827 1424 2884 solum
1438 2830 1575 2902 probibet,
1593 2833 1693 2905 imponi
1708 2849 1741 2890 ea
1756 2835 1781 2890 vi

122 2911 276 2978 'interioris
291 2919 392 2974 mutari
410 2933 462 2994 nqo
476 2923 576 2988 potest.
587 2915 762 2988 Respondent
774 2914 839 2972 dicti
850 2923 947 2971 aucto·
982 2915 1052 2972 luris
1074 2917 1245 2990 communis,
1268 2932 1321 2972 noo
1342 2922 1431 2975 tamen
1444 2920 1580 2992 excludit,
1600 2924 1665 2995 quio
1681 2925 1783 2982 alicubi

141 3026 196 3080 res,
210 3025 260 3082 per
276 3009 365 3079 ipsum
381 3007 423 3061 ius
439 3021 585 3061 commune
600 3004 693 3062 datam
707 3020 768 3062 esse
783 3005 853 3060 banc
869 3011 946 3075 pete·
983 3003 1056 3061 aliud
1077 3006 1160 3062 stetui
1182 3007 1279 3078 possit,
1297 3007 1318 3063 si
1333 3007 1469 3079 expediat.
1486 3010 1627 3078 Quomodo
1643 3013 1781 3071 interdum

139 3107 239 3167 statem
267 3098 343 3154 laicis
359 3096 540 3167 potestatibus
556 3095 740 3150 interioribus.
757 3093 883 3167 nlleganr
898 3109 947 3150 uu·
983 3093 1112 3151 dicuntur
1124 3095 1258 3167 quaedam
1271 3111 1332 3151 esse
1345 3097 1502 3155 introducta
1513 3099 1573 3157 iure
1583 3104 1705 3174 gentium
1716 3119 1782 3160 con·

139 3198 194 3246 tem
212 3188 302 3245 solam
318 3187 337 3242 l.
349 3200 449 3241 omnes
460 3183 574 3259 populi,
589 3185 615 3240 ll.
625 3183 659 3240 de
674 3185 798 3240 iustit.et
813 3185 864 3239 iur.
875 3182 947 3240 Red·
984 3189 1028 3240 tra
1043 3183 1086 3239 ius
1101 3191 1226 3254 naturae,
1244 3191 1274 3241 ut
1288 3186 1447 3259 servitutes,
1463 3189 1568 3260 privata
1581 3188 1709 3263 dominia,
1724 3198 1779 3251 etc.

100 3345 106 3354 ,
140 3279 266 3350 duotque
284 3277 428 3344 rationem,
441 3277 506 3347 quia
520 3275 700 3346 imperatores
715 3280 884 3347 acceperunt
899 3289 947 3345 po·
983 3287 1036 3328 noo
1052 3274 1117 3344 quia
1131 3274 1174 3329 ius
1190 3279 1304 3330 naturae
1320 3274 1386 3332 baec
1401 3276 1554 3348 prohibeat,
1571 3278 1619 3335 sed
1633 3283 1697 3352 quia
1710 3297 1742 3337 ea
1758 3284 1784 3340 vi

142 3375 270 3426 testatem
290 3366 468 3440 legislativum
482 3363 666 3435 a'pupolis,et
678 3363 739 3420 ideo
751 3364 829 3436 quasi
842 3380 874 3420 aa
885 3379 948 3436 gra·
985 3360 1071 3417 solius
1086 3362 1154 3419 iuris
1169 3370 1284 3420 naturae
1299 3362 1366 3421 baec
1381 3381 1435 3422 non
1449 3365 1536 3436 erant,
1553 3383 1586 3424 ex
1600 3385 1657 3441 quo
1671 3386 1725 3428 non
1740 3387 1782 3428 se·

142 3458 259 3517 titudine
274 3445 331 3511 'iliis
357 3462 557 3511 concesserunt
576 3452 646 3510 illam
662 3460 838 3524 potestatem.
855 3457 946 3526 Atque
984 3453 1080 3522 quitur
1096 3450 1238 3526 derogatio
1250 3453 1316 3510 iuria
1327 3455 1470 3526 naturalis,
1483 3455 1531 3512 sed
1544 3455 1654 3514 additio.
1666 3461 1705 3516 lta
1715 3475 1782 3534 ergo

143 3549 205 3605 bioc
221 3547 359 3618 eolligunt
376 3543 452 3600 multi
469 3543 658 3615 differentiam,
668 3543 702 3599 ob
713 3558 798 3615 quam
811 3544 871 3601 laici
883 3561 947 3615 pos·
985 3547 1102 3612 possunt
1118 3540 1161 3598 illa
1176 3549 1281 3600 statuta
1296 3543 1351 3598 dici
1366 3549 1463 3600 contra
1479 3546 1521 3601 ios
1535 3561 1692 3604 commune.
1703 3550 1782 3617 Quod

143 3644 208 3693 siant
223 3642 322 3692 contra
339 3635 412 3706 leges
427 3633 623 3703 imperatorum
638 3639 809 3698 statuere,et
825 3649 879 3689 non
892 3635 948 3688 cle·
983 3631 1005 3685 si
1021 3631 1046 3685 io
1061 3631 1113 3688 boc
1130 3648 1213 3688 sensu
1227 3632 1381 3704 loquuntur
1394 3635 1508 3690 iuristac
1523 3637 1729 3708 praedictione
1740 3647 1783 3697 est

142 3731 192 3785 rici
207 3733 307 3783 contra
325 3725 398 3796 leges
413 3723 585 3792 Pontificum,
599 3724 738 3792 nimirum,
751 3723 815 3795 quia
829 3725 947 3795 impera·
985 3719 1018 3776 de
1033 3721 1140 3778 nomine
1158 3720 1394 3778 contendendum:
1412 3727 1502 3780 tamen
1516 3740 1565 3780 nec
1580 3725 1641 3781 inde
1656 3729 1783 3800 sequitur

145 3816 285 3875 turbabat
300 3818 464 3886 potestatem
480 3827 494 3866 a
510 3811 621 3883 populo,
633 3811 755 3868 Pontiiex
768 3818 858 3868 atatem
871 3813 947 3868 mini·
983 3808 1124 3882 derogatio
1144 3811 1209 3882 legis
1229 3812 1377 3884 superioris
1397 3813 1547 3886 perlegam
1565 3815 1715 3886 inferioris,
1732 3835 1783 3875 nec

144 3923 199 3975 me,
216 3904 265 3962 sed
282 3919 297 3959 a
312 3905 377 3958 beo.
984 3899 1039 3955 iere
1057 3906 1100 3956 est
1119 3899 1271 3956 differentis
1288 3903 1358 3957 inter
1372 3901 1457 3958 laicos
1474 3911 1503 3960 et
1515 3902 1632 3962 clericos
1649 3911 1782 3980 respecti·

184 3995 238 4054 Sed
254 3999 447 4065 praeterquam
463 3989 537 4062 qood
556 3988 599 4046 illa
615 3988 657 4046 lex
672 4005 772 4046 omnes
781 3990 888 4064 pepuli
902 3990 948 4047 ba·
982 3990 1100 4046 vellum
1117 3990 1199 4046 etiem
1217 3992 1340 4063 episcopi
1355 3999 1471 4061 possunt
1485 3999 1608 4050 statuere
1619 3995 1671 4052 hoc
1683 3999 1785 4069 impro·

145 4087 210 4142 bere
224 4087 315 4156 potest
331 4079 398 4136 alias
413 4079 667 4150 interpretationes,
689 4087 720 4135 ut
740 4095 824 4150 supra
839 4079 883 4136 lib.
900 4080 945 4135 lll.
984 4081 1041 4152 prio
1062 4079 1143 4136 modo
1163 4081 1324 4136 contraius
1339 4096 1485 4138 commone
1497 4124 1504 4152 ,
1518 4081 1544 4140 id
1558 4090 1601 4140 est
1615 4085 1687 4143 ultra
1702 4087 1784 4163 illud,

147 4181 252 4234 iactum
269 4177 330 4240 est,
346 4169 450 4226 etiamsi
466 4168 631 4240 intelligatur
645 4169 680 4224 de
694 4169 849 4225 civitatibus
863 4171 950 4241 impe·
983 4168 1111 4226 videlicet
1125 4169 1292 4227 reservando
1307 4187 1406 4242 casus,
1422 4183 1492 4246 quies
1509 4175 1550 4230 ius
1566 4193 1713 4235 commune
1728 4196 1782 4236 non

148 4265 232 4322 reteri
250 4260 399 4318 subiectis:
421 4260 447 4313 in
463 4273 494 4313 ea
509 4275 562 4314 oon
578 4257 681 4314 dicitur
695 4273 774 4329 posse
790 4258 860 4315 ierre
875 4258 948 4332 leges
984 4267 1119 4332 reservat,
1138 4259 1179 4314 vel
1194 4259 1317 4316 addendo
1332 4276 1476 4334 censuros,
1493 4269 1542 4320 aot
1557 4265 1622 4321 alias
1638 4282 1740 4337 poenas
1755 4269 1780 4325 io

147 4359 246 4411 contra
270 4352 344 4422 leges
365 4349 577 4418 imperatorum,
593 4346 639 4403 sed
655 4348 744 4403 soloin
761 4347 859 4404 babere
874 4355 949 4418 pote·
985 4349 1140 4418 casibus,in
1151 4349 1251 4422 quibus
1263 4348 1305 4406 ius
1317 4365 1463 4407 commune
1473 4350 1532 4408 illas
1543 4369 1598 4409 non
1609 4357 1780 4426 praescribit.

147 4449 246 4499 statem
262 4437 399 4496 condendi
415 4436 489 4508 leges
503 4437 646 4507 proprias,
663 4436 750 4492 esuis
766 4437 888 4492 moribus
903 4452 950 4493 ae·
1022 4438 1099 4518 Addo
1115 4437 1247 4510 denique,
1268 4437 1290 4492 si
1310 4454 1357 4508 per
1372 4441 1414 4494 ius
1436 4455 1583 4498 commune
1599 4445 1781 4516 intelligamus

148 4530 356 4601 commodatam
379 4527 455 4599 quod
477 4532 569 4597 potest
588 4527 654 4580 satis
673 4525 782 4597 intelligi
797 4525 829 4581 de
846 4525 949 4598 legibus
985 4529 1027 4583 ius
1042 4527 1120 4584 civile
1135 4527 1288 4598 proprium,
1301 4543 1381 4598 posse
1397 4545 1471 4585 nunc
1486 4531 1610 4590 civitates
1622 4549 1675 4590 non
1691 4536 1783 4591 sobie-

148 4623 219 4678 ultru
235 4621 276 4676 ius
291 4632 439 4674 commune
455 4631 507 4670 oon
523 4617 676 4672 contrarias
690 4615 737 4686 illi,
753 4616 800 4671 sed
815 4615 947 4684 diversas,
985 4626 1044 4674 ctas
1063 4618 1174 4688 imperio
1190 4623 1289 4673 contre
1310 4617 1368 4672 illas
1385 4617 1457 4690 leges
1479 4626 1622 4690 statuere,
1645 4626 1710 4698 quia
1730 4627 1782 4682 illis

148 4719 176 4768 et
194 4707 296 4782 aliquid
317 4707 354 4762 illi
377 4704 523 4775 addentes3
546 4720 612 4777 ergo
628 4721 681 4760 non
701 4711 757 4774 est,
781 4720 833 4761 cur
846 4705 892 4762 illa
907 4707 949 4764 lex
986 4725 1038 4764 nen
1053 4707 1225 4780 obligantur,
1240 4722 1305 4762 cum
1321 4722 1374 4762 oon
1390 4709 1443 4763 sint
1456 4709 1596 4768 subiectae
1614 4712 1783 4786 imperatori,

148 4799 310 4857 extendatur
327 4795 360 4852 ad
377 4801 539 4866 potestatem
552 4793 690 4851 statuendi
704 4801 800 4851 contra
815 4796 856 4852 ius
869 4811 950 4868 supe·
986 4813 1000 4853 a
1015 4814 1070 4870 quo
1086 4798 1128 4852 ius
1149 4795 1215 4852 illud
1235 4795 1317 4853 babet
1337 4798 1540 4857 auctoritatem.
1555 4801 1632 4858 Unde
1653 4813 1783 4876 respectu

150 4890 239 4947 rioria.
253 4885 380 4958 Accedit,
395 4883 469 4958 quod
485 4885 629 4940 concessio
644 4883 705 4940 talis
720 4887 863 4954 potestatis
877 4895 951 4944 esset
987 4887 1084 4945 talium
1099 4887 1241 4943 civitatum
1257 4887 1300 4942 ios
1312 4901 1457 4943 commune
1468 4889 1520 4945 erit
1534 4892 1577 4946 ios
1592 4895 1678 4950 totius
1693 4897 1781 4967 regni,

152 4978 321 5046 inordinata,
341 4982 369 5031 et
383 4980 482 5030 contra
498 4972 615 5030 debitum
630 4973 894 5047 subordinationem,
910 4985 950 5034 at·
986 4986 1014 5036 et
1030 4994 1083 5034 non
1099 4978 1141 5032 ius
1156 4977 1233 5033 civile
1249 4977 1513 5048 imperatorum,nisi
1528 4989 1726 5056 quatenusper
1740 4987 1783 5045 ius

152 5087 203 5144 qoe
216 5069 287 5126 adeo
300 5071 400 5122 contra
414 5063 723 5136 dignitatemproprism
737 5065 822 5136 ipsius
836 5067 951 5138 impera·
986 5065 1164 5142 regni'luerit
1184 5072 1374 5137 acceptatum,
1396 5072 1425 5123 et
1442 5073 1541 5124 contra
1560 5070 1626 5128 illud
1647 5073 1691 5128 ius
1707 5079 1783 5148 regni
1825 5114 1835 5122 -

153 5163 238 5226 toris,
259 5167 356 5214 contra
372 5169 455 5228 quam
469 5169 523 5210 non
538 5153 607 5210 solet
623 5154 679 5226 ipse
693 5152 736 5210 rel
751 5153 795 5210 alii
811 5169 888 5227 reges
902 5157 951 5214 ali·
986 5174 1040 5214 nen
1061 5162 1190 5227 poterunt
1209 5155 1349 5226 civitates,
1365 5154 1408 5211 vel
1427 5157 1565 5230 principes
1586 5161 1642 5233 regi
1662 5163 1781 5222 subiecti

153 5251 219 5327 quid
243 5243 406 5307 concedere.
430 5243 507 5303 Unde
531 5243 683 5302 differentia
707 5243 751 5301 ille
775 5246 950 5317 impertinens
987 5253 1121 5320 statuere,
1139 5243 1293 5316 derogando
1308 5243 1650 5322 illicommuniiuri,quod
1666 5263 1783 5314 vereeai
