4290 6222
414 266 477 332 350
951 314 957 326 ,
1096 287 1197 338 surra
1211 249 1286 338 sih.

375 408 492 468 cedatur
506 409 617 482 corpori
631 407 664 466 ad
677 425 760 468 nsum
772 411 856 470 totius
867 415 993 486 corporis
1004 426 1052 486 per
1063 411 1175 470 modum
1212 412 1273 486 legii
1288 411 1381 469 realis.
1394 413 1522 484 Spectata
1536 425 1602 469 vero
1618 416 1702 484 prout
1714 395 1864 486 unicuique
1884 427 2005 484 perscore

378 495 460 557 ultius
477 499 663 576 uniuersitatis
673 501 700 555 in
716 517 800 558 unum
816 509 1017 578 congregatae,
1037 504 1095 559 siro
1109 517 1176 559 oon·
1212 501 1368 576 particulari
1383 501 1435 558 snb
1450 501 1603 575 illogsnere
1615 508 1765 560 contentae
1787 502 2005 576 applicanturpe·

376 587 493 646 cedatur
507 586 593 645 eidem
609 587 643 646 ad
658 605 740 647 usum
753 592 999 665 singulorum,sire
1013 608 1027 649 e
1041 607 1176 650 conuerso
1211 597 1335 665 quantur
1349 591 1536 650 conditionem
1551 599 1580 648 ει
1598 590 1754 650 doctrinam
1767 592 1918 665 personalis
1932 596 2007 664 priri-

373 677 457 735 detur
478 677 590 750 singulis
610 676 643 734 de
665 680 711 736 tali
730 695 846 752 corpore
861 682 965 739 ratione
983 683 1087 754 totius,
1103 689 1132 739 et
1146 686 1177 738 ut
1211 681 1284 754 legii,
1299 686 1328 738 ει
1340 681 1393 739 lroc
1407 681 1552 739 intendunt
1564 681 1641 739 citati
1654 680 1796 752 doctores,
1812 687 1841 737 et
1860 681 1956 752 probat
1969 699 2006 740 rs·

376 773 442 824 sunt
456 768 578 825 membra
592 767 838 847 ratisponensis
854 779 898 830 est
912 777 944 828 ut
958 773 1043 843 circs,
1057 770 1098 828 rel
1115 770 1177 829 reli·
1211 773 1249 827 tio
1261 771 1344 829 lacta.
1356 772 1397 829 Eu
1410 771 1511 846 quibus
1523 770 1684 840 constat,ad
1697 771 1771 828 illam
1791 770 1947 830 diuisionem
1957 774 2007 828 rui·

376 858 445 930 giosi
460 864 534 916 sunt.
551 859 620 926 Quin
633 865 668 915 ut
680 861 799 918 sumitur
814 876 846 918 cr
861 862 880 918 l.
897 867 926 934 2,
943 861 970 919 if.
987 862 1021 919 de
1034 861 1092 918 reb.
1107 860 1173 919 dub.
1210 859 1332 918 ficientsr
1350 861 1446 919 reduci
1472 877 1568 919 omnes
1578 852 1688 934 'species
1704 861 1927 935 privilegiorum,
1942 877 2005 935 ques

375 949 457 1006 etiam
472 947 524 1005 hoc
540 947 622 1005 modo
637 956 782 1022 censetur,
797 951 967 1024 privilegium
983 966 1032 1022 per
1046 967 1075 1007 se
1089 951 1175 1023 primo
1211 949 1263 1007 suit
1284 951 1343 1008 aliis
1363 950 1517 1008 nominibus
1534 957 1681 1009 numerant
1696 953 1818 1009 llostien.
1842 953 1941 1008 loton.
1955 953 2008 1028 Syl·

376 1037 494 1096 concedi
509 1038 556 1096 teli
570 1039 680 1108 corpori
695 1041 823 1115 mystico,
838 1040 914 1114 quod
927 1047 970 1098 est
983 1057 1026 1097 res
1040 1039 1176 1114 quaedam
1210 1045 1278 1096 rest.
1294 1040 1390 1116 Angsl.
1406 1047 1434 1098 et
1452 1041 1496 1097 alii
1518 1047 1669 1098 tractantes
1687 1039 1721 1098 de
1747 1040 1950 1114 privilegiorum
1965 1056 2007 1098 ra·
2025 1034 2029 1044 '

376 1134 510 1202 perpetua
523 1143 572 1199 ρετ
585 1129 745 1187 continuam
758 1130 906 1204 qnamdam
920 1133 1137 1204 successionem,
1149 1135 1177 1188 et
1211 1129 1319 1187 rietate.

375 1217 437 1276 idco
453 1217 504 1276 tsle
519 1218 691 1292 priuilegium
704 1219 778 1278 renlc
793 1227 836 1278 est
849 1229 877 1278 st
890 1227 1064 1294 perpetuum.
1249 1220 1294 1276 Sic
1308 1236 1375 1294 ergo
1389 1236 1422 1278 er
1438 1227 1512 1293 parte
1527 1235 1660 1294 personae
1671 1209 1804 1294 cognosci
1818 1225 2006 1292 potest,quan·

417 1307 445 1366 Si
459 1313 552 1364 autem
568 1323 696 1381 persona,
712 1311 758 1366 cui
772 1311 932 1368 conceditur
946 1310 1129 1384 privilegium,
1142 1311 1178 1366 sit
1211 1311 1246 1369 do
1261 1311 1431 1384 privilegium
1442 1312 1478 1368 sit
1491 1311 1649 1383 personnis,
1663 1310 1704 1367 rel
1719 1309 1866 1382 reale,non
1886 1309 2005 1366 tamarid

379 1413 452 1470 rere,
471 1413 525 1455 non
540 1401 631 1455 statim
646 1398 816 1477 privilegium
832 1407 874 1458 est
888 1400 1096 1473 personale,sed
1112 1399 1178 1456 sub·
1211 1403 1326 1475 sufficit,
1339 1402 1497 1475 praecipue,
1509 1399 1619 1474 quando
1634 1400 1805 1474 privilegium
1819 1399 1903 1458 datur
1921 1414 2007 1470 perso·

377 1476 520 1560 partitione
534 1502 604 1560 opus
618 1495 669 1545 est.
683 1491 751 1547 Nam
765 1490 911 1565 aliquando
925 1499 969 1548 est
984 1505 1101 1563 persona
1114 1505 1174 1562 par·
1211 1507 1262 1550 nac
1276 1506 1370 1562 verae,
1386 1506 1419 1547 ec
1434 1489 1583 1564 singulari,
1604 1490 1744 1546 nonenim
1760 1487 1893 1550 tatianos
1912 1495 1966 1560 est,
1980 1493 2007 1545 ut

376 1577 522 1650 ticularis,
538 1578 683 1652 aliquando
698 1595 763 1637 vero
777 1586 820 1638 εει
832 1597 919 1655 gertus
934 1596 1130 1654 personarum,
1147 1586 1178 1638 ut
1211 1580 1383 1655 privilegium
1396 1585 1545 1636 censeatur
1559 1579 1884 1652 personale,ergumcnto
1898 1578 1916 1633 l.
1938 1580 2006 1634 iuris

377 1667 508 1732 minores,
529 1669 632 1744 mariti,
649 1685 761 1742 uxores,
774 1677 803 1728 et
816 1673 928 1744 similes,
939 1677 968 1728 et
981 1679 1130 1744 utrumque
1143 1686 1178 1728 ex
1212 1671 1359 1744 pestium,
1376 1674 1389 1744 5
1399 1674 1532 1742 pactum,
1552 1669 1578 1724 ll.
1595 1667 1747 1740 depactis,
1763 1668 1815 1724 ibi:
1838 1665 2006 1740 Plerumque

378 1757 420 1813 lris
434 1757 527 1814 vocari
542 1763 634 1830 potest
647 1759 802 1830 personale,
818 1767 850 1818 ut
862 1761 1061 1818 notatBnrbos.
1077 1761 1104 1815 in
1120 1760 1177 1834 lege
1208 1775 1341 1836 persona
1350 1761 1495 1816 inseritur
1502 1763 1714 1832 prosteruunt
1722 1755 1881 1832 personale
1891 1761 2007 1831 pactum

377 1849 451 1922 quta
465 1845 536 1916 talc,
556 1863 632 1904 num.
649 1851 694 1916 tt,
706 1849 733 1904 ff.
749 1849 832 1906 solut.
846 1850 965 1906 matrim.
981 1863 1047 1905 cum
1061 1849 1138 1905 Lasio
1153 1849 1178 1904 in
1205 1849 1281 1922 frat,
1300 1847 1352 1905 sed
1369 1853 1403 1905 ut
1424 1846 1658 1916 demonstretur,
1675 1863 1745 1904 cum
1759 1863 1816 1920 prro
1832 1843 2005 1921 pectumso·

378 1938 397 1995 l.
413 1939 569 2004 arautem,
587 1937 649 1996 eod.
665 1953 692 1993 n.
710 1943 756 1996 32.
769 1940 804 1995 Et
819 1938 853 1996 ds
866 1940 951 2011 priori
964 1938 1076 2012 quidem
1089 1953 1136 2010 psr
1149 1954 1178 1996 se
1213 1943 1295 1994 ctum
1313 1941 1374 2006 est,·
1398 1943 1427 1994 et
1450 1936 1510 1994 ideo
1531 1936 1641 2016 additur
1660 1937 1712 2008 ibi,
1735 1935 1933 1994 aestimandam
1952 1948 2004 1990 esse

377 2032 468 2098 patet,
484 2027 549 2100 quin
562 2026 616 2083 talc
632 2026 804 2102 privilegium
819 2028 869 2085 soli
884 2028 920 2084 illi
935 2043 1068 2100 personae
1081 2027 1179 2084 editas·
1214 2032 1334 2084 mentem
1354 2025 1584 2084 contrahentium.
1607 2025 1681 2104 ldem
1706 2041 1772 2099 ergo
1794 2027 1930 2098 contingit
1948 2039 2004 2081 oum

378 2126 439 2188 ret,
461 2122 488 2172 et
511 2132 575 2172 cum
595 2117 641 2174 illa
661 2117 768 2187 finitur,
790 2133 861 2191 quae
875 2124 918 2176 est
931 2117 1049 2176 conditio
1063 2119 1178 2176 maxims
1213 2116 1389 2189 proportione
1407 2117 1434 2172 in
1456 2117 1614 2190 privilegio,
1634 2117 1697 2188 quie
1713 2131 1799 2188 εεερε
1814 2131 1882 2173 cnm
1900 2128 2005 2189 persona

378 2207 488 2276 propria
502 2205 636 2279 privilegii
649 2206 811 2278 personalis,
821 2215 853 2264 ut
866 2213 940 2279 patet
954 2223 987 2265 err
1003 2208 1077 2265 dicto
1088 2208 1179 2280 capite
1214 2207 1336 2280 iungitur
1351 2221 1395 2263 res
1404 2204 1468 2278 ,rel
1478 2205 1613 2280 dignitas,
1629 2215 1676 2262 aut
1690 2205 1790 2264 similis.
1799 2221 1896 2275 causa,
1915 2211 1941 2261 st
1952 2203 2002 2260 ideo

378 2293 558 2367 Prioilepio,
581 2302 610 2352 et
624 2295 682 2352 ideo
696 2311 749 2352 nou
764 2298 864 2354 transit
877 2297 910 2354 ad
925 2296 1073 2367 haeredes,
1090 2303 1119 2353 ut
1133 2296 1180 2354 ha·
1214 2310 1246 2352 ex
1260 2293 1407 2352 intentione
1419 2293 1594 2352 concedentis
1606 2303 1717 2368 oportet
1726 2295 1896 2366 discerncre,
1905 2295 1948 2350 oui
1959 2293 2004 2365 pri·

378 2383 459 2440 hstur
472 2384 500 2439 in
514 2382 589 2441 dicta
603 2383 620 2440 l.
637 2387 795 2452 maritum,
812 2393 841 2442 ει
854 2384 930 2443 dicta
943 2387 961 2442 l.
977 2388 1052 2459 quia
1064 2385 1134 2452 tale,
1152 2392 1181 2443 ει
1215 2385 1299 2441 mnrio
1319 2383 1489 2440 coucedatur
1509 2384 1692 2456 privilegium.
1706 2383 1814 2462 ltdhoc
1828 2399 1898 2456 ergo
1911 2381 2003 2439 discer-

378 2472 452 2530 dicta
471 2472 489 2528 l.
504 2470 629 2545 forma,
646 2479 674 2531 ει
688 2475 788 2546 optime
802 2476 829 2531 in
843 2474 862 2530 Ι.
879 2473 1080 2540 sordidorum,
1099 2459 1130 2532 C,
1146 2473 1179 2531 de
1215 2472 1335 2531 nendum
1347 2473 1524 2546 subiungitur
1535 2472 2003 2546 secunda-consideratio,quaeesse

378 2568 504 2619 excusat.
520 2577 629 2619 muner.
643 2562 690 2620 lib.
703 2567 744 2622 to.
754 2566 791 2620 lte
804 2565 948 2636 posteriori
963 2579 1028 2622 vero
1044 2564 1112 2621 ratio
1126 2570 1178 2636 est,
1214 2565 1294 2622 delret
1307 2563 1341 2621 de
1355 2577 1452 2634 causa,
1462 2563 1543 2620 cuius
1556 2562 1656 2620 intuitu
1672 2563 1855 2636 principaliter
1866 2560 1946 2619 datur
1959 2560 2004 2632 pri·

379 2654 443 2725 quin
460 2651 512 2709 ιεΙε
525 2653 699 2725 privilegium
714 2653 830 2738 singulis
846 2654 970 2726 personis
984 2655 1056 2710 reris
1072 2653 1123 2710 sub
1137 2653 1180 2710 illa
1215 2655 1359 2728 vilegium3
1382 2669 1444 2710 uam
1464 2652 1543 2709 sillia
1558 2653 1593 2708 sit
1607 2668 1724 2724 persona
1736 2656 1811 2725 ipsa,
1827 2669 1880 2710 ssu
1895 2651 2002 2708 conditio

379 2743 518 2798 communi
535 2742 715 2814 appellatione
729 2743 902 2815 comoedum,
918 2759 971 2799 non
987 2744 1090 2801 ratione
1104 2759 1181 2800 cour·
1215 2760 1263 2819 per
1279 2759 1307 2800 ss
1323 2743 1472 2800 adhaerens
1487 2743 1535 2812 illi,
1548 2748 1678 2798 censetur
1693 2743 1865 2814 privilegium
1878 2757 1936 2799 esse
1953 2755 2004 2812 per·

379 2833 521 2888 munitatis
538 2831 632 2888 talium
647 2847 845 2904 personarum,
860 2838 908 2889 aut
922 2832 1038 2889 alicuius
1053 2834 1179 2904 corporis
1215 2832 1325 2905 sonale3
1342 2833 1444 2887 sivero
1459 2832 1494 2888 sit
1508 2831 1638 2905 dignitas,
1655 2830 1756 2888 aslues
1771 2831 1832 2902 alia,
1851 2847 1901 2888 seu
1917 2843 2001 2898 nausa,

380 2920 489 2996 mystici
509 2935 542 2976 er
562 2919 613 2976 illis
627 2921 783 2993 compositi,
800 2920 849 2977 sed
864 2909 967 2978 ratiou'e
983 2923 1037 2993 sui,
1051 2928 1080 2978 et
1094 2929 1178 2994 prout
1213 2938 1284 2997 quae
1304 2937 1369 2978 cum
1390 2935 1508 2993 persona
1520 2937 1574 2976 non
1589 2920 1753 2993 cohaereat,
1778 2920 1951 2993 privilegium
1969 2922 2004 2974 cst

379 3010 406 3064 irr
422 3024 585 3082 unaquaque
600 3016 652 3080 εει,
664 3010 700 3067 illi
717 3011 768 3067 soli
782 3011 941 3084 prodest,et
954 3027 1018 3068 cum
1035 3009 1078 3068 illa
1092 3012 1179 3068 cutin-
1214 3012 1296 3068 reale.
1314 3015 1403 3082 Atque
1421 3011 1458 3067 ita
1482 3009 1553 3066 hano
1569 3009 1693 3082 regulam
1707 3012 1851 3085 assignant
1871 3009 1945 3067 Bald.
1958 3010 2003 3064 llo·

380 3100 491 3170 guitur,
512 3113 583 3170 qrrae
603 3106 669 3156 sunt
682 3100 854 3157 conditiones
869 3101 999 3175 privilegii
1016 3102 1176 3173 personalis.
1213 3117 1286 3159 marr.
1300 3100 1419 3158 Anchar.
1439 3105 1467 3157 ει
1480 3099 1539 3168 alii,
1561 3116 1632 3172 quos
1646 3099 1746 3172 refert,
1765 3107 1794 3159 et
1811 3101 1938 3173 sequitur
1949 3101 2004 3156 liar·

380 3188 448 3256 Quin
470 3203 535 3244 rero
557 3187 609 3245 hoc
631 3189 802 3262 priuilegium
817 3193 856 3247 sic
871 3192 897 3246 in
911 3193 1051 3250 communi
1065 3205 1179 3248 conces·
1214 3191 1281 3248 bosa
1295 3204 1380 3261 supra
1401 3204 1477 3245 oum.
1495 3193 1521 3260 33
1538 3196 1567 3246 ει
1579 3188 1689 3245 videtur
1711 3191 1781 3246 suroi
1798 3205 1845 3246 *er
1864 3189 1935 3247 diota
1947 3189 1963 3245 1.
1979 3191 2003 3243 iu

381 3293 442 3334 snm
462 3283 540 3334 certo
562 3280 655 3351 generi
670 3289 847 3350 personarum
864 3279 999 3338 moraliter
1013 3288 1177 3352 perpetuum
1214 3280 1351 3338 omnibus
1364 3280 1479 3344 causis,
1494 3284 1521 3334 ει
1534 3293 1567 3334 ex
1582 3277 1632 3334 alio
1646 3279 1789 3349 principio,
1814 3280 1892 3351 quod
1905 3279 1930 3334 in
1943 3277 2003 3334 omni

379 3371 433 3438 est,
448 3365 511 3438 quia
526 3381 676 3440 numquam
692 3367 743 3424 sub
758 3367 802 3425 illo
817 3370 955 3426 communi
968 3384 1068 3443 genere
1083 3369 1178 3427 deesse
1213 3369 1387 3441 dispositione
1408 3365 1556 3424 attenditur
1571 3368 1718 3439 praecipue
1733 3367 1767 3423 ad
1790 3383 1905 3426 oausam
1918 3366 2004 3440 princi·

379 3461 494 3528 possunt
510 3453 667 3523 individua,
687 3459 714 3513 in
729 3458 829 3530 quibus
844 3458 1014 3532 privilegium
1030 3459 1097 3516 illud
1112 3475 1180 3516 con·
1214 3461 1302 3532 palem
1325 3465 1354 3517 et
1378 3457 1558 3516 immediatam
1573 3500 1580 3527 ,
1601 3473 1685 3531 quom
1704 3457 1739 3514 ad
1761 3465 1912 3530 remotam,
1927 3463 1955 3513 ut
1967 3461 2001 3512 est

377 3551 514 3618 serretur,
533 3545 592 3606 ideo
608 3546 725 3604 multum
747 3548 834 3606 simile
847 3555 888 3607 εει
902 3549 1043 3622 privilegio
1058 3549 1134 3622 reali,
1152 3557 1180 3608 ει
1215 3550 1336 3623 uulgare.

376 3634 410 3692 alr
423 3635 560 3708 piiquiltus
575 3639 612 3694 ita
627 3643 755 3694 vocatur.
1253 3643 1281 3695 ι.
1295 3638 1354 3694 Non
1368 3640 1447 3693 caret
1462 3641 1553 3691 tamen
1568 3633 1636 3690 haec
1651 3634 1746 3708 regula
1759 3634 1938 3704 dubitatione
1951 3647 2002 3688 nam

416 3727 482 3780 ltenr
495 3730 588 3795 potest
602 3725 774 3782 considerari
788 3725 838 3782 alia
853 3726 932 3784 ratio:
945 3728 1011 3799 quia
1024 3734 1089 3783 tuno
1107 3725 1179 3784 ride·
1213 3725 1351 3783 interdurn
1379 3723 1526 3796 principale
1550 3724 1682 3779 motivum
1705 3723 1882 3781 concedendi
1911 3721 2003 3796 priuile-
2091 3743 2092 3774 t

378 3819 424 3870 tur
444 3813 560 3870 concedi
579 3814 748 3886 pripilegium
769 3830 822 3870 non
847 3821 899 3870 tem
922 3829 1073 3886 personne,
1094 3831 1178 3888 quam
1213 3819 1288 3890 glum
1301 3824 1344 3873 est
1358 3813 1478 3872 conditio
1493 3827 1635 3885 personae,
1647 3818 1677 3870 ut
1688 3811 1803 3885 dignitas
1825 3811 2002 3886 sius,rslmc·

377 3909 469 3961 certae
487 3901 633 3960 conditioni
649 3905 774 3960 existenti
789 3905 814 3960 in
827 3909 992 3976 personn,ut
1003 3905 1102 3961 minori
1113 3921 1176 3976 pro·
1212 3907 1315 3977 ritum3
1332 3903 1548 3960 et'nihilcmiuns
1563 3902 1663 3958 iutuitu
1676 3901 1748 3960 illins
1764 3902 1935 3977 privilegium
1949 3915 2003 3956 oon·

378 4001 439 4066 pter
460 3993 598 4051 deiectum
619 3993 714 4051 estatis
736 3993 819 4050 datur
838 3993 1012 4065 privilegium
1028 3993 1178 4051 restitutio·
1213 3994 1323 4052 ceditur
1338 3993 1376 4050 rei
1391 3989 1626 4064 principaliter,ut
1639 3991 1749 4065 quando
1765 4007 1814 4048 rex
1828 3991 1910 4048 alicui
1923 3987 2002 4048 coniti

378 4086 436 4157 uis,
459 4083 608 4140 maioribus
623 4089 715 4138 autem
731 4088 841 4153 propter
855 4082 1004 4139 absentiam
1018 4097 1108 4139 causa
1123 4084 1179 4140 rel·
1212 4089 1326 4156 propter
1340 4083 1460 4153 insignes
1473 4078 1604 4135 victorias
1618 4080 1644 4135 iu
1656 4080 1726 4137 bello
1737 4087 1829 4152 partas
1843 4077 2001 4152 priuilegium

378 4173 515 4247 publicae,
527 4171 555 4227 ll.
568 4171 715 4244 exquibus
729 4173 821 4228 causis
833 4173 1024 4241 maiores,ctc.
1036 4172 1175 4230 Uxoribus
1213 4173 1348 4229 maiorum
1364 4169 1535 4242 principum,
1552 4183 1623 4240 quos
1636 4169 1743 4241 Hiepnni
1756 4169 1889 4242 grandes
1906 4170 2001 4234 roorot,

378 4263 460 4321 datur
474 4260 644 4319 llslleianum
659 4263 765 4318 ratione
779 4267 882 4334 status,
898 4269 926 4319 et
939 4261 1132 4334 subiectionis,
1149 4263 1178 4318 ll·
1212 4277 1266 4318 non
1287 4261 1376 4318 solum
1399 4275 1530 4332 personae
1551 4274 1634 4330 suae,
1651 4257 1698 4316 sed
1713 4260 1796 4315 etiam
1811 4257 1948 4332 dignitati,
1961 4268 2001 4309 seu

378 4351 534 4411 liisiamiiins
549 4351 773 4408 Macedonianum
785 4351 863 4408 simili
879 4352 968 4409 titulo.
981 4353 1016 4409 Et
1029 4355 1066 4409 ita
1079 4353 1181 4416 similia,
1213 4351 1353 4408 comitatui
1368 4349 1509 4421 concedit3
1526 4348 1601 4423 quod
1614 4347 1786 4422 priuilegium
1797 4349 1870 4404 reale
1886 4352 1936 4418 ost,
1948 4345 2000 4399 lioel

379 4442 519 4515 privilegia
540 4442 624 4514 magis
639 4440 768 4497 ridentur
783 4455 916 4498 concessa
936 4443 986 4514 ipsi
1001 4457 1119 4514 causac,
1134 4441 1177 4498 rel
1211 4440 1311 4497 iutuitu
1331 4453 1463 4511 personae
1483 4439 1539 4495 fist.
1555 4439 1577 4496 Ε
1591 4438 1728 4495 contrario
1743 4451 1807 4493 vero
1822 4436 1888 4495 licet
1909 4431 2000 4508 prule·

380 4532 466 4600 rsi,ct
478 4546 511 4586 ex
526 4529 576 4586 hae
591 4537 668 4602 parte
684 4533 789 4587 censeri
804 4533 1023 4605 possuntrealia,
1033 4533 1109 4590 sieut
1123 4533 1178 4604 pri·
1212 4531 1287 4604 glum
1306 4527 1477 4587 concedatur
1495 4527 1682 4600 principaliter
1700 4528 1804 4583 intuitu
1820 4525 1966 4599 dignitatis,
1980 4517 1998 4574 si

380 4618 474 4692 vilegia
489 4620 546 4690 pise
560 4635 678 4690 causae,
694 4619 874 4692 scholarium,
889 4619 1047 4694 doctorum,
1062 4629 1089 4679 et
1104 4621 1175 4679 simi·
1211 4621 1258 4677 lint
1271 4616 1563 4692 personae,personals
1579 4622 1686 4672 tantum
1700 4621 1751 4686 est,
1767 4620 1799 4672 ut
1812 4621 1927 4686 pateter
1937 4611 1999 4668 diota

380 4709 425 4780 lia,
442 4715 603 4780 argumento
618 4710 636 4765 l.
652 4711 685 4764 io
698 4709 832 4767 crucibus
846 4713 958 4773 causis,
976 4715 1023 4782 69,
1041 4712 1070 4768 ll.
1086 4710 1120 4768 de
1134 4726 1177 4768 re·
1212 4711 1230 4767 l.
1244 4706 1442 4770 sordidorum,
1457 4707 1506 4764 ibi:
1519 4711 1619 4781 Nepae
1633 4708 1714 4763 euim
1725 4709 1821 4780 potest
1835 4721 1898 4762 esse
1907 4714 1997 4779 perpe·

348 4841 364 4852 ..
379 4797 450 4872 gulis
469 4797 544 4855 iuris.
561 4797 614 4856 Sed
638 4813 692 4856 non
717 4805 827 4870 oportet
848 4799 881 4857 de
906 4801 1015 4858 nomine
1035 4799 1177 4872 laborare,
1211 4805 1310 4867 tuum,
1334 4795 1412 4874 pund
1425 4813 1485 4855 ooo
1502 4796 1602 4863 rebus,
1620 4793 1672 4853 sed
1682 4798 1816 4870 personis
1831 4786 1996 4865 corrterrrpid·

379 4886 488 4962 quando
502 4887 535 4945 de
550 4903 579 4945 re
594 4895 714 4947 constat.
727 4890 795 4948 Nam
809 4889 883 4964 quod
898 4889 932 4948 ad
948 4890 1102 4948 doctrinam
1118 4906 1176 4947 mo·
1211 4894 1287 4948 tione
1307 4889 1482 4964 diguitatis,
1508 4891 1597 4962 atquc
1621 4883 1748 4943 militine
1769 4883 1926 4942 indulsisse
1945 4892 1997 4937 ρει

379 4978 463 5036 ralem
484 4977 592 5051 attinet,
615 4978 676 5036 talia
695 4978 833 5053 privilegis
847 4981 875 5035 in
888 4994 917 5036 se
932 4985 1076 5052 spectata,
1092 4985 1120 5036 et
1133 4995 1175 5037 rc·
1211 4983 1337 5038 onustat.

380 5075 478 5141 spectu
493 5069 576 5126 totius
589 5071 697 5144 generis
710 5067 805 5126 talium
818 5083 1014 5142 personarum,
1037 5068 1117 5141 plane
1132 5069 1177 5126 sei
1251 5075 1277 5129 5.
1292 5066 1469 5142 Respondeo,
1485 5047 1676 5141 argumentatio
1692 5065 1867 5133 convincere,
1881 5074 1931 5118 nan
1944 5067 1995 5115 esst

381 5165 504 5231 quuntur
524 5161 552 5216 in
567 5159 693 5217 omnibus
708 5165 834 5216 naturam
848 5163 876 5215 ει
889 5158 1075 5216 conditionem
1089 5160 1172 5232 priri·
1211 5158 1393 5235 principaliter
1404 5156 1600 5218 attendendum
1615 5157 1746 5214 motivum
1758 5155 1893 5226 operantis
1903 5149 1934 5208 ad
1944 5147 1991 5204 dis·
