4290 6222
434 389 497 454 370
1119 399 1311 449 arnnavnr.

391 532 468 606 legii,
484 538 511 588 et
524 529 585 587 ideo
601 531 627 585 in
648 527 692 584 itto
713 543 767 584 non
780 527 809 584 fit
822 527 946 584 extensio
962 526 990 582 in
1003 523 1114 582 odiosis.
1131 524 1191 580 Atia
1228 530 1284 580 tam
1305 523 1450 581 dicendum
1469 528 1527 594 est,
1548 523 1795 595 consuetudinem,
1811 517 1875 582 ticet
1890 541 1937 597 per
1950 531 2017 583 actus

330 684 334 690 ,
391 624 472 679 etiam
487 621 555 678 ratio
566 634 626 676 esse
637 623 741 689 potest,
756 618 819 690 qaia
830 618 969 674 revocatio
981 613 1189 672 consuetudinis
1228 615 1398 685 privatorum
1414 612 1545 687 paulatim
1569 613 1783 687 introducatur,
1799 631 1853 672 non
1872 614 1935 673 dore
1948 617 2018 687 priri-

391 711 526 768 interdum
547 717 591 766 est
611 706 746 782 quaedam
767 707 921 779 reprobatio
941 707 1017 778 eius,
1031 705 1074 761 ret
1094 703 1190 760 saltem
1227 705 1328 777 legium
1341 706 1441 762 virtute
1450 710 1478 760 et
1488 703 1613 761 efficacia
1623 704 1722 762 tatium
1735 712 1848 763 actuum
1859 721 2018 777 perrosum-

391 800 532 873 abrogatio
547 806 656 870 propter
671 797 788 870 aliquem
803 797 937 866 abusum,
950 810 1020 868 quae
1035 794 1154 851 rationes
1165 793 1190 849 in
1227 801 1355 867 ptorum,
1371 793 1421 852 sed
1442 796 1468 850 in
1492 795 1596 852 rirtute
1612 798 1715 860 tocitae
1730 795 1878 852 voluntatis
1892 796 2018 867 principis,

390 889 537 962 privilegiis
551 903 606 944 nou
622 886 747 944 militant.
759 887 794 942 nr
806 887 843 942 ita
854 886 921 942 satis
935 890 1063 956 constat,
1076 896 1192 958 quomo·
1228 890 1277 943 aut
1286 887 1389 942 virtute
1400 887 1468 942 iuris
1480 885 1637 941 communis
1649 883 1739 942 dantis
1756 884 1946 943 consuetudini
1959 885 2018 942 hanc

392 980 426 1038 do
438 976 610 1036 consuetudo
624 984 652 1035 ει
666 975 836 1050 privilegium
848 976 896 1050 sit,
907 973 1088 1048 etpriritsgio
1099 972 1194 1046 requi·
1226 975 1428 1032 atticacimtem.
1445 977 1496 1032 Per
1509 973 1582 1048 quod
1596 975 1678 1032 etiam
1692 973 1728 1031 ad
1748 975 1974 1032 confirmationem
1984 991 2018 1032 re·

389 1063 511 1140 paretur.
1191 1101 1194 1106 -
1228 1081 1361 1137 sponsum
1373 1065 1475 1123 estad
1487 1064 1618 1136 replicem
1631 1071 1723 1122 autem
1740 1065 1777 1122 ibi
1788 1065 1887 1123 tactam
1898 1063 1931 1122 de
1943 1067 2020 1122 scien·

434 1161 477 1216 tl.
493 1158 589 1214 Statim
610 1171 675 1213 vero
695 1155 864 1235 occurrebat
882 1152 1093 1234 inquirendum,
1108 1167 1191 1225 quam
1226 1156 1263 1211 tia
1274 1156 1402 1229 principis
1414 1156 1440 1211 in
1451 1155 1498 1211 lib.
1518 1153 1693 1226 praecedenti
1708 1155 1876 1228 explicatum
1887 1163 1946 1226 est,
1960 1155 2019 1212 hanc

392 1248 502 1320 antiqua
520 1244 694 1303 ⁰⁰⁰⁸¹¹Ot¹¹d⁰
712 1244 835 1301 'uffissttt
848 1244 882 1300 td
897 1243 1094 1301 ⁰⁰¹ts010¹¹d¹¹¹1¹
1110 1241 1191 1312 tillit-
1227 1245 1410 1304 conditionem
1424 1261 1478 1302 non
1493 1261 1554 1303 esse
1570 1246 1753 1303 neeessariam
1765 1287 1773 1316 ,
1785 1246 1953 1318 ubicumque
1965 1246 2021 1302 ede·

392 1336 502 1409 legium.
521 1335 610 1408 ntiqui
625 1335 695 1391 enim
709 1349 742 1390 ex
753 1333 831 1390 dictis
845 1333 1010 1390 auctoribus
1023 1337 1130 1387 tantum
1144 1343 1191 1402 ge-
1228 1343 1292 1393 ntus
1311 1350 1344 1392 ex
1359 1335 1385 1391 vi
1399 1334 1608 1392 consuetudinis
1623 1337 1820 1406 praescriptae.
1837 1334 1914 1393 Unde
1929 1336 1950 1414 si
1962 1351 2019 1390 con·

392 1425 520 1501 neratiter
540 1425 574 1481 de
594 1422 797 1480 consuetudine
818 1422 986 1496 tenuantur,
1007 1421 1147 1478 utinnoc.
1164 1419 1191 1474 in
1228 1424 1346 1482 suetudo
1362 1427 1397 1482 sit
1419 1424 1639 1494 immemoratio,
1660 1431 1810 1496 reputatur
1832 1432 1864 1481 ut
1878 1432 1942 1481 nota
1955 1427 2017 1497 prin·

331 1507 334 1514 '
392 1531 419 1571 c.
439 1517 516 1571 Com
527 1517 692 1586 noctivagae,
703 1513 736 1569 de
747 1513 805 1570 toro
818 1521 938 1585 compet.
949 1512 1023 1570 etibi
1036 1511 1105 1568 abb.
1119 1526 1146 1565 n.
1160 1514 1187 1567 9.
1227 1515 1294 1587 cipi:
1312 1516 1351 1572 sic
1366 1513 1432 1573 dixit
1446 1514 1546 1572 Batdus
1560 1515 1601 1571 tit.
1619 1529 1690 1588 qaae
1704 1515 1758 1572 siat
1772 1514 1882 1587 regalia,
1897 1514 1980 1585 capite
1994 1519 2017 1584 t,

391 1612 420 1662 et
434 1604 621 1677 sequentibus.
637 1602 710 1660 idem
725 1603 794 1660 abb.
811 1619 877 1659 oum
890 1603 986 1660 Glossa
1008 1601 1035 1658 ia
1054 1599 1083 1656 d.
1103 1601 1191 1670 capite
1227 1619 1305 1662 aura.
1317 1609 1344 1662 3:
1355 1608 1392 1662 In
1396 1605 1637 1678 praescriptione
1645 1601 1810 1676 lorngtsstmi
1820 1605 1959 1678 temporis
1968 1619 2017 1658 non

391 1697 487 1750 Novit.
504 1693 554 1751 atii
569 1709 635 1750 vero
648 1707 778 1765 expresse
793 1691 947 1765 loquuntur
966 1691 999 1748 de
1014 1690 1193 1748 consuetudi·
1224 1711 1314 1769 posse
1332 1694 1409 1760 dici,
1431 1696 1601 1768 principem
1618 1697 1779 1765 ignorare,
1798 1709 1869 1750 cerm
1887 1695 1963 1750 sciet
1973 1707 2018 1764 per

392 1799 442 1856 ne,
453 1785 534 1840 cuius
549 1783 615 1839 initii
628 1798 683 1839 non
697 1787 771 1839 extet
786 1785 928 1853 memoria,
941 1789 973 1840 ut
987 1787 1062 1854 patet
1071 1795 1105 1838 ex
1114 1779 1191 1838 Glos·
1226 1801 1270 1853 se,
1287 1784 1332 1843 oet
1346 1782 1451 1850 diano,
1468 1782 1516 1841 oet
1527 1786 1620 1840 etiam
1632 1786 1665 1840 io
1677 1799 1793 1856 gessere,
1810 1790 1839 1840 et
1853 1800 1882 1839 a.
1901 1786 1930 1840 l.
1943 1780 2016 1850 addit,

392 1889 423 1929 sa
436 1873 461 1929 in
476 1871 550 1929 dieto
566 1888 593 1934 c.
609 1873 707 1946 Super
719 1870 908 1946 quibusdam,
927 1873 1026 1944 becio,
1040 1872 1148 1929 Gravet.
1165 1876 1193 1928 et
1227 1871 1567 1946 totemconsoetodioem
1576 1876 1752 1947 comparari
1765 1873 2019 1946 concessiooiprin·

392 1963 466 2035 attis,
482 1978 552 2034 quos
565 1961 616 2034 ipsi
635 1961 763 2033 allegant.
779 1961 847 2028 Quia
860 1977 926 2018 vero
941 1960 974 2018 de
989 1960 1191 2018 conditionibus
1227 1967 1302 2038 elpis
1316 1980 1354 2022 erc
1373 1969 1456 2022 certa
1476 1957 1612 2020 scientio.
1629 1962 1655 2020 si
1671 1977 1736 2020 vero
1754 1962 1789 2018 sit
1801 1961 1975 2033 praescriptio
1987 1958 2018 2014 at·

391 2053 532 2127 requisitis
546 2050 581 2108 ad
595 2050 836 2122 consuetudinem,
852 2058 883 2108 ut
896 2052 937 2108 ias
951 2050 1071 2124 indicat,
1085 2050 1128 2109 vel
1143 2067 1191 2107 aa·
1228 2055 1315 2112 terius
1334 2053 1475 2126 temporis,
1491 2052 1640 2109 dicendum
1652 2057 1716 2123 est,
1733 2050 1938 2121 dispositionem
1951 2039 1977 2104 et
1988 2047 2018 2104 ei-

392 2141 473 2216 terat,
484 2143 511 2197 in
524 2137 695 2214 praecedenti
706 2139 773 2196 libro
784 2141 850 2197 satis
861 2141 966 2198 dictam
977 2147 1030 2212 est;
1044 2157 1119 2197 nunc
1131 2141 1191 2196 bre·
1226 2144 1349 2200 ticacidm
1363 2143 1431 2200 iuris
1446 2141 1603 2200 communis
1617 2142 1646 2197 tn
1660 2140 1707 2198 itta
1721 2139 1850 2211 supplere
1866 2153 2018 2210 quamcum-

393 2234 462 2288 viter
481 2231 614 2300 dicimus,
631 2246 684 2286 non
705 2232 732 2286 in
747 2230 820 2286 omni
835 2230 975 2303 privilegio
988 2245 1049 2286 esse
1064 2245 1191 2286 necessa·
1226 2249 1280 2306 que
1292 2233 1485 2308 ignorantiam.
1498 2233 1565 2288 Nam
1575 2245 1625 2301 per
1636 2229 1702 2286 ittud
1713 2230 1756 2285 ius
1767 2227 1919 2285 declararit
1934 2231 2018 2283 auctor

294 2367 302 2380 .
391 2322 459 2378 riam
474 2319 701 2378 consuetudinem
715 2335 801 2393 aeque
820 2320 992 2392 diuturnam,
1009 2318 1055 2377 sed
1069 2335 1119 2392 pro
1132 2321 1192 2394 qui·
1226 2322 1303 2394 eius,
1326 2337 1355 2378 se
1377 2321 1445 2378 velle
1466 2321 1531 2378 dare
1552 2319 1745 2376 auctoritatem
1768 2316 1814 2374 tati
1837 2315 2017 2375 consuetudini

392 2409 510 2467 busdam
529 2410 632 2483 requiri
651 2408 819 2481 longiorem,
835 2424 918 2482 quam
933 2423 982 2481 pro
997 2407 1070 2478 atiis3
1085 2415 1115 2465 ει
1132 2407 1191 2465 ideo
1226 2412 1330 2484 absque
1345 2410 1398 2468 atio
1410 2412 1471 2469 eius
1485 2409 1588 2467 notitia.

393 2516 468 2556 nanc
485 2506 589 2555 tantum
608 2499 634 2554 in
648 2514 747 2571 genere
762 2497 898 2570 dicimus,
913 2499 1016 2572 requiri
1029 2504 1138 2570 tempus
1153 2498 1192 2555 te·
1264 2500 1305 2557 td
1319 2516 1380 2573 cap.
1401 2503 1516 2559 Contra
1531 2514 1626 2555 osores
1642 2496 1791 2572 respondet
1809 2496 2016 2554 contremuere

392 2589 535 2664 gitimum,
556 2588 583 2645 id
603 2595 647 2644 est
666 2587 709 2645 rel
730 2587 788 2660 tege
809 2588 967 2658 delinitum,
985 2587 1026 2644 ret
1041 2588 1097 2660 ipsa
1111 2587 1192 2644 etiam
1226 2589 1302 2648 dicto
1313 2606 1375 2662 cap.
1389 2587 1576 2654 Accedsotes,
1591 2603 1668 2644 num.
1683 2591 1710 2644 6.
1723 2587 1748 2644 ia
1760 2587 1905 2659 principio,
1918 2586 1951 2643 ibi
1963 2601 2017 2642 con·

393 2679 590 2737 consuetudine
600 2677 799 2735 introductum:
813 2693 875 2733 nam
887 2677 920 2733 ad
932 2677 985 2734 boc
996 2677 1088 2748 ipsum
1101 2676 1191 2734 valere
1225 2681 1305 2738 lineri
1318 2681 1505 2752 exceptionem
1521 2695 1536 2735 ε
1551 2676 1646 2749 regula
1659 2676 1791 2749 generali,
1806 2677 1875 2749 quia
1889 2691 1955 2732 usus
1971 2674 2017 2746 pat·

393 2776 484 2842 potest
499 2765 1003 2840 ipsaconsuetudo‚qaasirettectens
1015 2765 1189 2838 inseipsam,
1226 2768 1252 2826 lii
1273 2757 1350 2826 e'xtra
1371 2767 1516 2824 missarum
1537 2766 1683 2836 solemnia,
1705 2765 1738 2822 de
1757 2780 1813 2838 quo
1827 2765 1868 2822 ibi
1884 2765 2014 2837 agebatur,

393 2861 459 2932 quia
472 2875 527 2916 noa
540 2863 583 2913 est
596 2857 685 2914 minor
699 2855 768 2912 ratio
782 2855 807 2911 in
822 2854 876 2912 boo
890 2857 950 2912 iure
960 2896 967 2926 ‚
979 2869 1063 2927 quam
1079 2854 1106 2910 ia
1120 2854 1188 2910 atiis.
1225 2874 1278 2916 non
1300 2864 1344 2922 est
1363 2859 1478 2915 materia
1498 2854 1741 2929 praescriptibilis,
1763 2854 1827 2928 quia
1848 2854 1891 2912 tex
1904 2866 2016 2925 expresse

392 2946 485 3019 adae,
501 2944 725 3019 distinguendum
739 2959 799 3000 esse
818 2941 850 2999 de
866 2942 1005 3016 privilegio
1020 2947 1118 3000 contra
1133 2943 1188 3015 ius,
1225 2953 1298 3006 vetat
1317 2946 1342 3004 id
1364 2947 1437 3015 fieri,
1452 2947 1504 3002 nisi
1524 2960 1557 3003 ex
1578 2944 1690 3018 speciali
1708 2943 1861 3016 privilegio.
1877 2944 1911 3000 Et
1924 2942 2016 2999 ridetur

393 3037 435 3095 vet
447 3035 616 3094 concedente
627 3039 733 3091 tautum
745 3031 846 3106 aliquid
858 3033 942 3103 ultra,
951 3047 999 3089 seu
1011 3040 1121 3105 praeter
1133 3033 1188 3088 ins.
1226 3037 1376 3109 sumpsisse
1390 3052 1424 3093 ex
1438 3034 1535 3092 Glossa
1549 3035 1575 3091 in
1589 3049 1653 3105 cap.
1671 3030 1842 3099 Cntbotico,
1860 3031 1888 3089 d.
1907 3035 1953 3103 tt,
1968 3046 2016 3086 rer·

391 3129 428 3185 Et
444 3128 477 3183 de
496 3125 578 3198 priori
597 3121 743 3180 dicendum
757 3129 815 3188 est,
831 3120 898 3178 tltud
914 3127 1022 3192 tempas
1036 3136 1096 3177 esse
1112 3119 1190 3176 auiti-
1226 3126 1261 3182 bn
1273 3124 1485 3200 particulares,
1502 3126 1562 3181 Non
1577 3123 1825 3196 nnntgnnntnnnnm
1845 3135 1983 3188 canonem,
1994 3123 2015 3174 n
2112 3127 2113 3146 1

392 3218 468 3273 ciens
488 3221 517 3272 ει
534 3213 739 3282 necessarium,
755 3209 829 3284 qaod
845 3210 927 3267 tuerit
941 3210 1008 3283 tale,
1025 3218 1056 3267 ut
1070 3225 1190 3268 consue·
1224 3231 1280 3288 quo
1295 3219 1358 3270 ante
1373 3211 1438 3271 illud
1450 3214 1595 3270 decretum
1609 3217 1747 3269 statutum
1756 3218 1841 3280 esset,
1857 3216 1951 3285 utnon
1964 3224 2015 3280 pos-

394 3306 461 3364 tado
476 3305 590 3377 abroget
603 3303 706 3376 legem,
718 3298 867 3358 dummodo
878 3298 946 3358 aliae
961 3299 1131 3357 conditiones
1143 3315 1190 3357 ne·
1224 3309 1266 3361 set
1278 3303 1322 3360 itte
1333 3302 1431 3374 bonor,
1441 3302 1483 3359 ret
1495 3300 1613 3358 iacuttas
1625 3299 1783 3372 praescribi.
1792 3299 1851 3355 tmo
1864 3313 1950 3371 neque
1960 3313 2014 3352 usas

391 3395 525 3453 cessariae
548 3392 582 3449 ad
603 3391 861 3464 praescriptionem,
887 3404 936 3446 seu
961 3387 1189 3446 consuetudinem
1223 3391 1295 3465 pallii
1315 3397 1396 3449 extra
1415 3394 1565 3448 missarum
1584 3388 1717 3446 solemnia
1738 3387 1846 3445 ridetur
1866 3387 1947 3444 tuisse
1960 3394 2014 3442 tanc

391 3489 568 3542 concurrant.
583 3483 651 3549 Quia
671 3479 715 3536 itta
734 3477 906 3537 consuetudo
925 3476 989 3534 ticet
1008 3492 1062 3534 non
1076 3476 1191 3550 abroget
1224 3480 1376 3552 prohibitas
1391 3494 1496 3537 canone
1512 3477 1628 3550 scripto,
1643 3476 1692 3533 sed
1705 3476 1765 3534 sota
1776 3475 1899 3552 generali
1914 3490 2015 3532 consue·

392 3575 495 3648 legem,
510 3587 543 3629 ex
558 3577 633 3644 parte
649 3568 719 3625 toltit
731 3582 808 3640 eam,
824 3582 873 3623 seu
889 3566 927 3622 itti
941 3565 1069 3639 derogat;
1086 3573 1115 3625 ct
1126 3565 1189 3623 ideo
1225 3569 1337 3642 tudine;
1359 3569 1429 3626 bano
1451 3568 1522 3625 enim
1541 3567 1576 3625 ibi
1597 3566 1745 3642 Gregorius
1763 3565 1884 3639 allegat,
1899 3574 1926 3622 et
1943 3567 1966 3620 in
1979 3563 2014 3618 itta

392 3665 462 3722 idem
477 3671 585 3734 tempus
600 3659 730 3733 requirit,
747 3659 810 3730 quia
824 3659 852 3712 in
866 3655 919 3714 hoc
938 3671 993 3714 non
1009 3657 1133 3712 variatur
1145 3657 1189 3714 ius
1224 3658 1283 3717 sota
1293 3656 1501 3716 tundatur.tlici
1512 3672 1576 3713 vero
1587 3661 1678 3728 potest
1688 3655 1786 3727 primo,
1801 3653 2012 3712 consuetudinem

391 3751 630 3826 praescriptionis,
654 3756 685 3804 ut
704 3763 788 3820 supra
804 3744 976 3802 dictumest.
991 3746 1029 3802 tle
1044 3745 1189 3815 posteriori
1224 3749 1298 3805 ittam
1308 3746 1461 3820 generalem
1471 3748 1510 3804 ita
1523 3744 1606 3803 inisse
1620 3743 1786 3820 intellectam
1797 3751 1825 3801 et
1836 3744 2012 3818 explicatana

391 3857 456 3900 vero
478 3839 618 3912 privilegio
639 3835 785 3893 dicendum
805 3840 866 3905 εει,
881 3833 995 3891 obtineri
1014 3848 1062 3905 per
1076 3834 1189 3892 modum
1224 3838 1406 3909 Gregorio‚ut
1417 3836 1531 3907 ipsemet
1540 3833 1697 3905 prohiberet
1708 3835 1951 3906 praescriptionem
1961 3845 2014 3888 con·

392 3928 631 4006 praescriptionis,
652 3931 680 3980 ει
699 3923 761 3981 ideo
782 3925 857 3980 iuxta
877 3921 1041 3994 exigentiam
1062 3923 1189 3980 materiae
1224 3933 1265 3983 ua
1276 3941 1305 3982 se
1316 3941 1364 3998 per
1374 3924 1461 3982 solam
1471 3924 1605 4000 privatam
1616 3923 1859 3982 consuetudinem.
1874 3925 1940 3982 Nam
1950 3925 1970 3978 si
1979 3922 2013 3977 tex

391 4023 495 4089 rnaius,
511 4016 554 4074 ret
572 4015 660 4071 minus
680 4020 789 4084 tempus
803 4011 961 4083 postutare,
977 4025 1038 4066 nam
1054 4011 1207 4085 quaedem·
1224 4016 1327 4086 scripta
1346 4019 1439 4085 potest
1461 4012 1515 4070 boc
1535 4012 1696 4085 probibere,
1712 4014 1794 4070 etiam
1813 4011 1980 4072 consuetudo
1991 4007 2013 4066 id

391 4112 450 4167 iura
465 4106 583 4163 breviori
598 4109 719 4174 tempore
734 4100 974 4172 praescribuntur,
990 4114 1073 4173 qaam
1086 4100 1148 4173 alia,
1163 4108 1190 4158 ει
1224 4103 1326 4174 poterit
1343 4100 1533 4159 introducere.
1549 4100 1678 4159 &cundo
1697 4100 1752 4158 dici
1766 4107 1876 4176 potest,
1891 4101 2012 4160 maedan

391 4206 489 4256 contra
504 4193 635 4268 quasdam
652 4206 792 4262 personas,
809 4190 852 4246 vet
865 4191 1079 4246 communitates
1093 4191 1188 4264 citius,
1223 4191 1295 4248 ittam
1308 4190 1342 4248 de
1353 4207 1382 4248 se
1393 4207 1447 4248 non
1457 4191 1542 4248 tuisse
1554 4190 1810 4265 praescriptibitem,
1828 4193 1896 4266 quia
1906 4191 1961 4249 tatis
1970 4189 2013 4260 pri·

392 4304 475 4362 «piram
490 4289 588 4342 contra
604 4281 683 4338 alias:
697 4287 724 4337 et
738 4281 775 4337 ita
789 4278 965 4352 applicandae
978 4279 1021 4336 bic
1033 4286 1191 4354 suntregu·
1223 4289 1287 4338 rata
1306 4280 1479 4338 consuetudo
1498 4287 1559 4337 erat
1575 4279 1722 4355 indecens,
1736 4287 1763 4338 et
1790 4282 1927 4338 contraria
1939 4278 2013 4335 bunt·

392 4379 433 4435 lae
454 4387 616 4432 communes
637 4371 899 4443 praescriptionum,
921 4385 990 4441 quas
1010 4369 1036 4424 in
1055 4369 1190 4441 praesenti
1224 4371 1292 4429 litati
1306 4377 1334 4428 ει
1348 4371 1497 4431 modestiae
1511 4370 1711 4444 praelatorum,
1731 4376 1764 4428 ut
1777 4371 1806 4427 in
1820 4372 1939 4442 ipsomet
1951 4373 2012 4425 textu

391 4466 521 4540 prosequi
534 4478 589 4519 noa
600 4475 764 4534 possumus,
777 4467 806 4516 ει
815 4458 874 4516 ideo
888 4459 991 4529 priores
1003 4467 1132 4518 auctores
1143 4477 1190 4534 ge·
1224 4459 1372 4534 Gregorius
1385 4461 1450 4518 satis
1462 4459 1605 4534 significat.
1619 4459 1655 4517 Et
1667 4459 1739 4516 banc
1753 4456 2013 4518 solutionemindicat

391 4556 506 4612 neratim
525 4553 558 4609 de
579 4548 778 4608 consuetudine
799 4548 883 4605 locuti
901 4554 976 4605 sant.
992 4549 1044 4616 Qui
1061 4549 1189 4605 reroim·
1224 4551 1259 4608 ibi
1283 4551 1458 4610 turrecrem.
1480 4548 1547 4606 dum
1571 4550 1625 4620 ait,
1650 4549 1822 4623 privilegiam
1842 4549 1952 4608 honoris
1968 4559 2011 4601 noa

392 4641 577 4702 memorialem
598 4644 836 4708 commemorant,
857 4652 910 4694 noa
933 4635 957 4693 id
978 4635 1102 4711 iaciunt,
1124 4640 1190 4710 quia
1223 4639 1327 4713 acquiri
1340 4637 1607 4712 consuetudine,sed
1619 4640 1720 4694 oneris.
1732 4636 1811 4706 Quod
1821 4654 1876 4696 non
1889 4643 1951 4711 pato
1962 4647 2011 4692 esse
2109 4703 2110 4710 ἵ

392 4749 499 4806 semper
514 4733 551 4787 sit
564 4728 730 4799 necessaria3
746 4727 794 4784 sed
809 4724 852 4783 rel
866 4727 930 4799 qaia
945 4726 1098 4798 loquuntur
1113 4726 1189 4783 iuxta
1224 4729 1410 4787 universaliter
1421 4744 1534 4800 reram,
1546 4726 1593 4784 ssd
1607 4734 1690 4798 tunc,
1703 4726 1814 4801 quando
1826 4727 1963 4800 usurpatio
1973 4723 2012 4778 bo·
2109 4731 2110 4774 1

358 4837 364 4848 “
390 4829 465 4894 tura,
481 4835 551 4895 quae
565 4817 716 4889 explicant,
729 4815 770 4872 ret
782 4816 847 4888 quia
861 4814 1060 4872 immemoriatis
1071 4803 1189 4872 con'sue-
1222 4819 1296 4876 noris
1309 4824 1352 4876 est
1363 4817 1507 4887 indecens,
1520 4821 1570 4874 aut
1581 4816 1705 4874 minuens
1717 4817 1840 4874 divinam
1854 4817 1967 4883 cattam,
1977 4809 2012 4866 ret
2109 4797 2110 4866 i

391 4915 474 4984 tado,
489 4919 517 4968 ει
535 4909 637 4967 certior
658 4913 714 4977 est,
731 4912 760 4961 ει
777 4905 855 4977 quasi
876 4904 1028 4977 generalis,
1051 4913 1080 4970 et
1096 4919 1188 4976 perse
1223 4906 1276 4964 atio
1297 4906 1377 4964 modo
1397 4906 1520 4963 honestis
1539 4905 1663 4962 moribus
1684 4921 1851 4980 repugnans.
1868 4907 1954 4962 Tertio
1966 4901 2012 4969 dici

390 5004 448 5061 sota
459 5000 562 5057 sufficit
572 4997 675 5068 absque
687 4993 739 5050 atio
752 4993 840 5064 tituto,
853 4993 963 5065 quando
975 4993 1017 5050 ias
1028 4992 1065 5050 itti
1077 5008 1188 5064 expres·
1222 5002 1328 5068 potest,
1343 5001 1372 5052 et
1385 4995 1506 5051 insinuat
1519 4994 1602 5051 etiam
1623 4994 1849 5067 turrecremata,
1865 4993 2012 5066 Gregorium
2094 5060 2099 5076 .

390 5109 418 5150 se
439 5107 493 5147 non
513 5087 629 5156 resistit,
647 5088 678 5139 ut
697 5081 763 5138 dicti
784 5089 910 5138 auctores
929 5089 1043 5155 notent,
1058 5089 1087 5138 et
1104 5097 1189 5155 supra
1221 5084 1256 5141 ibi
1277 5100 1331 5140 noa
1346 5083 1421 5156 toqui
1437 5082 1642 5156 universaliter,
1658 5098 1709 5140 nec
1726 5098 1829 5156 negare
1844 5081 1978 5150 absolute,
1990 5079 2012 5134 in
2109 5103 2110 5154 ,

391 5178 534 5240 tractando
548 5177 581 5232 de
596 5173 723 5244 tributis,
739 5176 846 5227 tactam
860 5177 914 5228 εει.
1222 5172 1265 5230 itta
1281 5173 1395 5230 materia
1409 5173 1531 5243 potuisse
1546 5170 1716 5244 privilegium
1730 5175 1836 5246 privata
1849 5167 2011 5231 consuetudi·

432 5274 476 5330 te.
492 5266 532 5327 dd
547 5265 679 5338 rationem
692 5275 757 5336 ergo
771 5247 916 5318 dubitandi
927 5258 952 5318 ia
969 5259 1098 5334 principio
1112 5263 1186 5334 posi·
1221 5277 1255 5321 ae
1269 5262 1392 5338 acquiri,
1407 5260 1471 5322 nibit
1485 5262 1559 5322 enim
1577 5262 1628 5320 tate
1647 5263 1676 5320 in
1690 5261 1737 5322 itlo
1753 5268 1829 5323 textu
1844 5263 1953 5337 reperio.
1966 5252 2010 5316 scd
