4278 6242
836 332 1079 382 earnrxxxrv.
1657 318 1720 382 137

144 459 259 530 portione
277 455 304 512 in
321 456 467 526 praesenti.
481 459 571 530 Atque
586 458 622 515 ita
637 456 781 529 ampliatur
792 456 871 514 stiam
885 457 938 529 pri·
972 473 1099 527 uxorem,
1112 457 1161 515 sed
1176 459 1266 531 potius
1277 460 1402 516 incurret
1414 474 1531 532 poenam
1542 458 1607 532 legis
1622 458 1769 531 prohiben-

143 564 209 604 murn
228 547 387 604 membrum
409 547 522 619 regulae
543 549 697 604 communis
717 563 801 618 supra
822 547 936 619 positae,
973 548 1008 603 tis
1023 547 1225 604 matrimonium
1240 563 1304 607 cum
1319 549 1530 622 consanguinea,
1544 555 1682 620 quatenus
1695 549 1770 621 igno·

141 637 195 710 quia
212 636 261 692 hae
276 635 363 708 leges,
375 634 409 692 de
424 637 523 708 quihus
536 642 699 708 tractemus,
711 652 765 693 non
780 634 870 692 solum
882 653 935 694 non
972 637 1060 694 nautia
1076 637 1136 694 talis
1154 636 1340 710 impedimenti
1355 637 1497 710 culpabilis
1511 637 1578 710 luit,
1594 637 1658 710 quia
1679 639 1773 696 metri·

140 728 248 796 puniunt
263 725 538 796 proptereilectum,
555 725 696 783 sedetiam
711 726 843 783 desinunt
860 726 940 798 puni·
973 727 1094 784 monium
1115 727 1180 786 illud
1201 734 1282 800 prout
1303 729 1466 785 intentatum
1487 742 1503 784 e
1523 726 1649 800 religioso
1663 743 1697 784 cx
1717 727 1771 784 elio

140 829 181 885 re,
199 813 311 886 quando
330 821 410 874 actus
429 813 511 870 habet
528 814 668 872 effectum.
690 814 765 873 Unde
786 813 889 872 directe
909 821 938 872 ct
972 818 1059 888 capite
1079 817 1130 873 iam
1146 833 1200 875 non
1220 824 1279 874 erat
1294 833 1401 889 serum,
1418 817 1465 874 sed
1480 831 1625 888 apparens.
1641 818 1677 873 ill
1696 817 1771 873 iuxta

140 903 207 976 qussi
220 901 372 958 formaliter
382 903 500 972 puniunt
510 911 616 977 actum,
628 910 763 978 quatenus
776 905 870 962 nullus
881 913 936 978 est,
972 903 1042 960 banc
1057 904 1212 962 doctrinam
1226 905 1427 978 intelligendam
1445 913 1511 980 puto
1533 905 1648 978 priorem
1663 912 1770 978 partem

140 999 163 1048 st
174 992 234 1063 quia
247 992 277 1046 iit
293 1007 360 1048 cum
375 991 422 1048 illo
437 990 547 1049 deiectu
561 993 702 1067 irritante,
722 995 769 1066 qui
784 1008 833 1066 per
845 996 937 1068 ipsum
972 993 1084 1065 regulae
1099 993 1232 1066 generalis
1248 1010 1331 1066 supra
1343 996 1457 1067 positae,
1471 1010 1536 1052 cum
1547 997 1687 1066 supponit,
1700 995 1769 1051 tales

140 1097 228 1136 nornen
251 1080 350 1138 delicti
375 1083 556 1155 exprimitur,
578 1083 687 1141 scilicet
707 1085 936 1157 rebaptizationis,
972 1081 1047 1156 leges
1061 1085 1156 1155 punire
1171 1090 1264 1140 actum
1278 1100 1377 1156 purum
1389 1100 1455 1142 cum
1470 1100 1553 1158 pravo
1566 1083 1678 1153 ellectu,
1690 1083 1769 1141 intel-

142 1170 320 1228 secundarum
342 1173 521 1242 nuptiarum,
541 1177 569 1228 et
589 1171 725 1230 similium.
746 1175 782 1232 Et
802 1175 839 1231 ita
858 1173 938 1230 iacile
973 1173 1019 1246 ligi
1032 1173 1103 1230 enim
1123 1172 1203 1230 debet
1216 1171 1249 1229 de
1270 1189 1338 1245 puro
1352 1181 1418 1232 actu
1431 1174 1495 1230 elias
1515 1172 1669 1230 sufficiente
1683 1172 1717 1229 de
1738 1189 1767 1230 se

141 1261 234 1316 tollitur
244 1258 406 1333 admiratio,
418 1263 483 1332 quia
494 1260 648 1320 huiusmodi
660 1263 701 1319 lex
715 1263 829 1321 intendit
840 1266 937 1336 punire
972 1262 1007 1318 ad
1020 1261 1167 1333 ellectum,
1183 1262 1205 1317 si
1224 1278 1277 1318 non
1291 1263 1436 1319 interuenit
1449 1263 1686 1335 impedimentum,
1702 1277 1768 1334 pro-

141 1349 185 1404 tale
198 1347 334 1406 delictum
347 1364 462 1419 rerum,
476 1356 504 1406 et
522 1366 577 1407 non
591 1356 698 1410 tantum
720 1359 865 1426 putatump
882 1369 937 1409 non
956 1350 1113 1424 ‘pterquod
1123 1351 1212 1407 solum
1223 1351 1334 1408 intendit
1345 1351 1452 1409 telislex
1464 1353 1558 1422 punire
1568 1351 1648 1408 talem
1659 1360 1763 1423 actum3

141 1446 177 1495 est
187 1447 275 1498 autern
291 1440 349 1496 tele
364 1439 497 1497 delictum
512 1441 537 1497 in
553 1457 594 1512 re,
608 1442 716 1514 quando
731 1450 811 1500 actare
821 1459 878 1501 non
892 1453 936 1500 est
971 1446 999 1496 et
1013 1440 1136 1496 similiter
1151 1440 1355 1513 intelligidebct
1368 1440 1402 1499 de?
1415 1457 1499 1513 pravo
1512 1441 1622 1514 ellectu,
1635 1444 1681 1498 cui
1695 1441 1721 1497 in
1735 1457 1766 1498 re

140 1529 232 1602 irritus,
248 1530 298 1587 sed
314 1545 410 1601 serus,
425 1537 454 1588 et
469 1530 570 1588 hebens
586 1547 668 1589 suom
682 1531 822 1590 ellectum.
972 1528 1068 1585 subest
1084 1528 1145 1586 talis
1159 1536 1250 1601 actus,
1265 1535 1293 1586 et
1306 1545 1359 1587 nou
1373 1537 1480 1588 tanturn
1493 1531 1519 1587 in
1532 1531 1707 1604 cogitatione,
1722 1528 1766 1586 sel

175 1624 200 1677 8.
214 1619 316 1687 Quaeri
331 1625 425 1677 autem
446 1626 536 1692 potest
549 1621 626 1678 circa
639 1621 708 1678 hanc
723 1629 751 1679 et
771 1621 937 1694 praeceden-
972 1632 1091 1676 erronea
1104 1619 1281 1677 conscientia.

142 1713 189 1763 tem
204 1709 399 1778 assertionem,
415 1725 448 1765 an
462 1709 624 1782 procedant,
640 1711 662 1767 si
678 1719 758 1770 actus
773 1712 934 1786 intentatus,
1009 1707 1186 1780 Declaratur,
1202 1715 1231 1765 st
1248 1709 1441 1781 confirmetur,
1457 1710 1555 1766 namsi
1573 1708 1635 1782 quis
1648 1709 1769 1766 scienter

140 1809 168 1854 ex
182 1796 234 1854 alio
254 1801 349 1871 capite
362 1806 472 1871 praeter
485 1799 526 1872 id,
543 1799 619 1873 quod
635 1800 678 1858 lex
697 1801 793 1874 punire
809 1803 934 1877 intendit,
970 1799 1152 1870 rebaptizaret
1164 1800 1189 1856 in
1203 1814 1275 1872 aqua
1285 1815 1409 1870 rosaceo,
1419 1801 1508 1857 sciens
1520 1799 1545 1856 in
1559 1798 1606 1855 illa
1620 1814 1674 1855 non
1685 1814 1766 1872 posse

140 1886 224 1944 nullus
238 1889 283 1962 sit,
300 1907 330 1944 v.
346 1904 374 1962 g.
391 1889 494 1962 accipit
506 1891 569 1962 quis
583 1889 734 1948 secundam
749 1907 881 1958 uxorem,
898 1893 938 1948 ri·
972 1890 1067 1961 perlici
1086 1888 1264 1963 baptismum,
1285 1905 1339 1947 non
1359 1892 1514 1947 incurreret
1532 1903 1634 1961 poenas
1653 1888 1769 1961 rebapti-

140 1983 211 2034 rente
229 1978 339 2049 prime,
355 1986 457 2050 putans
470 1995 524 2036 non
538 1979 702 2038 intervenire
717 1981 752 2038 ihi
768 1981 840 2038 aliud
854 1982 938 2056 impe·
970 1981 1074 2052 zanua,
1090 1995 1157 2053 ergo
1172 1979 1237 2038 licet
1249 1996 1282 2037 ex
1296 1981 1449 2054 ignorantia
1463 1985 1541 2053 putet
1553 1978 1697 2051 sufficere,
1713 1993 1769 2034 non

141 2064 300 2140 dimentum,
322 2075 415 2140 postea
429 2084 494 2125 uero
509 2069 661 2144 invenitur,
677 2070 830 2129 secuudum
844 2073 938 2129 matri·
972 2069 1110 2128 incurret:
1131 2085 1194 2127 nam
1215 2071 1385 2128 conscientia
1403 2085 1519 2128 erronea
1538 2084 1592 2126 non
1613 2067 1718 2125 sullicit
1734 2065 1770 2124 ad

125 2157 253 2212 'monium
270 2156 359 2214 luisse
383 2157 465 2213 etiarn
488 2157 595 2215 nullum
614 2174 650 2215 ex
673 2159 725 2216 alio
747 2162 847 2233 capite,
862 2177 889 2216 u.
906 2177 935 2234 g.
972 2174 1087 2230 poenam
1109 2159 1244 2218 humanae
1265 2159 1342 2233 legis,
1358 2161 1380 2215 si
1400 2161 1427 2216 in
1441 2175 1471 2217 re
1491 2175 1545 2216 non
1560 2158 1654 2215 subest
1673 2163 1768 2229 actus,

141 2245 197 2316 quia
212 2245 338 2303 secunda
351 2261 422 2303 uxor
440 2253 501 2304 orat
514 2249 733 2320 consanguinea,
749 2249 792 2306 ael
807 2249 896 2306 affinis
910 2249 937 2306 in
971 2263 1053 2320 quem
1077 2248 1120 2306 lex
1143 2249 1238 2321 punire
1262 2248 1384 2306 intendit.
1406 2255 1495 2323 Atque
1518 2247 1589 2306 hanc
1615 2247 1770 2305 doctrinam

142 2334 219 2405 gradu
234 2337 380 2408 irritante,
396 2337 554 2394 incurratur
568 2352 602 2394 nc
617 2344 685 2395 tunc
699 2353 785 2410 poena
803 2338 870 2412 legis
885 2357 936 2413 pu·
971 2352 1051 2394 sumo
1063 2353 1097 2395 ex
1111 2339 1286 2410 iurisperitis,
1299 2339 1346 2411 qui
1359 2338 1466 2410 dicunt,
1478 2339 1614 2395 notmium
1625 2337 1770 2394 facientem

142 2424 227 2480 nonus
245 2425 384 2482 secundas
398 2423 526 2498 nuptias?
539 2426 613 2484 ldem
628 2434 671 2485 est
684 2429 717 2484 de
738 2428 936 2505 rebaptizante,
971 2427 1187 2486 instrumentum
1201 2427 1318 2500 laisum,
1334 2444 1389 2485 non
1403 2428 1546 2485 incorrrere
1560 2443 1675 2500 poenam
1688 2425 1770 2483 salaz-

142 2513 161 2566 si
178 2514 202 2568 in
223 2513 349 2572 mcundo
363 2513 499 2586 baptismo
513 2515 565 2573 luit
582 2515 653 2573 alius
671 2515 805 2577 deiectus.
822 2518 938 2576 Videtur
971 2517 1005 2572 rii
1015 2557 1023 2587 ,
1040 2519 1063 2572 si
1077 2518 1292 2574 instrumentum
1307 2517 1373 2574 illud
1387 2532 1420 2574 ex
1441 2516 1494 2574 elio
1510 2520 1598 2588 capite
1616 2517 1716 2573 laisum
1730 2516 1770 2571 in-

143 2604 207 2660 enim
222 2605 249 2660 in
264 2604 309 2660 bis
323 2609 351 2660 et
368 2602 500 2661 similibus
514 2606 624 2664 casibus
639 2607 742 2664 incurri
755 2623 857 2680 poena,
873 2606 937 2681 quie
971 2607 1111 2679 veniatur,
1126 2605 1241 2664 sedulio
1260 2605 1342 2665 modo
1354 2595 1570 2663 extraordinario
1583 2621 1644 2662 esse
1656 2606 1771 2678 punien-

143 2690 173 2747 ibi
183 2693 211 2748 it
223 2703 305 2752 actus
317 2694 437 2750 exterior
448 2703 582 2767 purus,et
592 2711 626 2752 ex
637 2712 722 2768 pravo
733 2697 938 2771 allectu,quem
971 2693 1049 2752 dum.
1065 2696 1134 2763 Quia
1147 2694 1213 2753 licet
1228 2696 1269 2754 lex
1290 2696 1335 2757 illa
1349 2697 1443 2769 puniat
1462 2702 1558 2753 actum
1571 2696 1675 2753 ratione
1696 2693 1769 2752 laisi-

144 2785 180 2844 lex
196 2789 311 2846 intendit
324 2787 439 2859 punire;
454 2802 519 2860 ergo
534 2789 673 2846 invenitur
686 2787 821 2861 quidquid
842 2803 939 2844 neces·
971 2785 1050 2856 tatis,
1065 2801 1136 2858 quae
1152 2785 1257 2842 sullicit
1271 2785 1304 2842 ad
1326 2784 1522 2843 annullandum
1543 2787 1768 2860 instrumentum,

144 2877 235 2932 sanum
250 2884 294 2935 est
316 2875 350 2933 ed
364 2891 479 2948 poenam
499 2875 562 2933 talis
577 2876 645 2950 legis
666 2875 937 2933 incurrendambe-
972 2892 1026 2933 non
1045 2882 1135 2932 tamen
1151 2877 1229 2948 punit
1251 2875 1341 2947 illum,
1356 2878 1406 2932 nisi
1428 2882 1565 2949 quatenus
1578 2875 1642 2931 alias
1662 2874 1770 2932 validus

145 2963 266 3036 claretur,
279 2967 347 3040 quia
361 2965 384 3019 xi
399 2964 520 3022 secunde
533 2965 642 3022 nullitas
653 2982 708 3023 non
722 2966 792 3023 tollit
807 2968 934 3040 primam
972 2971 1055 3033 esset,
1071 2965 1093 3020 si
1107 2965 1208 3022 ialsitas
1223 2981 1277 3022 non
1291 2960 1530 3022 interveniret'lta
1543 2964 1640 3022 docuit
1652 2965 1728 3022 Reid.
1743 2966 1772 3021 in

145 3067 204 3127 ergo
222 3070 314 3129 neque
334 3052 435 3111 additio
455 3069 542 3111 norae
561 3054 694 3112 nullitatis
713 3060 804 3127 potest
823 3070 937 3127 poenam
972 3055 991 3111 l.
1010 3059 1034 3126 l,
1046 3056 1077 3112 C.
1089 3053 1123 3110 de
1138 3055 1266 3128 sepulcro
1281 3054 1390 3126 violato,
1407 3055 1432 3110 in
1445 3055 1508 3129 line,
1524 3055 1589 3113 licet
1603 3054 1773 3112 contrarium

146 3144 235 3212 prioris
248 3142 392 3216 impedire.
405 3141 585 3200 Nihilominus
595 3143 669 3217 dico,
685 3149 752 3202 tunc
765 3159 818 3200 non
831 3145 939 3201 incurri
973 3145 1073 3201 sentiat
1087 3146 1117 3200 in
1136 3145 1211 3202 dicto
1226 3159 1289 3217 cap.
1301 3149 1352 3202 Em
1366 3148 1479 3212 tenore,
1498 3159 1574 3201 num.
1587 3148 1623 3216 9,
1638 3145 1664 3200 iu
1684 3145 1772 3216 princ.

146 3245 251 3302 menam
262 3233 334 3307 legis
349 3235 485 3305 punientis
496 3240 576 3291 actus
590 3241 704 3306 propter
715 3235 862 3306 specialem
876 3233 937 3290 nul·
974 3235 1063 3291 citans
1078 3234 1153 3291 Bari.
1169 3235 1194 3290 in
1210 3235 1229 3290 l.
1242 3237 1269 3291 st
1283 3236 1349 3307 puis
1362 3232 1489 3307 legetur,
1508 3234 1536 3291 u.
1553 3232 1587 3290 ad
1605 3234 1658 3308 leg.
1674 3234 1775 3291 Corne·

148 3319 238 3380 litatem
264 3329 295 3380 et
316 3324 479 3395 pravitatem
497 3323 677 3381 resultantem
697 3338 732 3382 ex
752 3323 798 3380 ille
818 3323 939 3381 circum·
973 3322 1035 3380 liam
1049 3323 1083 3380 de
1102 3323 1185 3381 salsis.
1202 3323 1252 3391 Qui
1272 3339 1328 3380 uon
1347 3324 1504 3396 simpliciter
1524 3322 1552 3380 id
1572 3321 1701 3398 affirmat,
1723 3322 1773 3380 sed

147 3415 253 3483 sunda,
268 3427 354 3486 quarn
375 3413 506 3485 importet
523 3427 641 3484 nornen,
657 3412 709 3469 sub
729 3427 785 3485 quo
800 3413 842 3470 lex
862 3413 939 3485 punit
973 3429 1038 3471 curn
1053 3415 1137 3470 variis
1151 3413 1389 3485 distinctionibus,
1404 3419 1433 3470 et
1447 3428 1586 3485 nunquam
1601 3412 1682 3484 dicit,
1696 3411 1775 3469 illum

148 3501 220 3558 talem
235 3511 344 3560 actum.
359 3502 454 3573 ltaque
469 3501 510 3558 lex
524 3502 639 3574 puniens
653 3501 882 3572 rebaptizantem,
898 3503 939 3557 in·
973 3505 1113 3560 notarium
1133 3501 1275 3559 incurrere
1299 3517 1414 3574 poenam
1435 3501 1601 3559 ordinariam
1624 3501 1701 3574 iaisi,
1724 3499 1775 3558 scol

148 3590 224 3648 tendit
237 3593 337 3664 punire
350 3590 440 3658 illum,
452 3591 499 3664 qui
512 3597 647 3664 qrrantum
657 3607 690 3648 ex
705 3589 884 3661 solesiucen
899 3590 938 3647 ia·
973 3607 1034 3649 esse
1044 3591 1212 3664 puniendum
1224 3599 1336 3664 propter
1348 3591 1517 3648 atrocitatem
1529 3589 1714 3663 deiicu,quod
1725 3607 1774 3664 po·

148 3693 204 3735 cere
219 3679 333 3738 intendit
351 3678 514 3751 baptismum
530 3679 682 3738 secundum
702 3679 840 3754 validum,
855 3688 884 3737 et
902 3682 940 3736 ita
974 3687 1028 3738 test
1040 3680 1150 3753 intelligi
1164 3680 1200 3738 de
1214 3696 1303 3752 poenz
1316 3679 1548 3751 extraordinaria,
1563 3687 1597 3736 ut
1610 3679 1678 3760 dixit
1691 3681 1774 3738 etiam
1886 3723 1888 3728 -

149 3767 261 3838 iaceret,
278 3769 303 3825 si
318 3767 436 3840 primum
452 3785 506 3825 non
521 3768 653 3826 obstaret.
670 3768 798 3842 idemque
812 3775 856 3826 est
874 3783 941 3825 cum
974 3770 1086 3828 Baldm.
1102 3771 1191 3828 Simile
1205 3776 1263 3839 est,
1278 3769 1354 3845 quod
1367 3769 1434 3828 dixit
1448 3769 1518 3828 idem
1531 3767 1607 3826 Bald.
1624 3770 1649 3826 in
1664 3769 1682 3827 l.
1699 3773 1728 3841 2,
1742 3771 1774 3826 G.

149 3859 316 3929 proportione
336 3857 368 3914 de
383 3857 513 3914 secundis
527 3857 638 3930 nuptiis.
651 3858 686 3916 lit
700 3857 870 3934 haepationo
885 3857 941 3916 dixi
974 3859 1008 3916 de
1029 3859 1154 3934 episcop.
1170 3859 1281 3918 ermion.
1297 3858 1520 3934 emphyteutam,
1545 3859 1593 3931 qui
1620 3857 1779 3916 inconsulto

151 3943 173 4000 in
187 3950 297 4005 materis
309 3944 346 4004 de
360 3945 516 4020 baptismo,
533 3963 610 4020 eum,
626 3948 673 4020 qui
687 3947 808 4005 exterius
823 3947 942 4019 rebapti·
975 3949 1085 4007 domino
1104 3964 1162 4008 rem
1175 3950 1282 4022 vendit,
1304 3965 1358 4007 non
1378 3948 1476 4007 cadere
1490 3951 1517 4005 in
1537 3951 1734 4020 commissum,
1751 3951 1775 4006 si

150 4042 189 4091 zat
202 4035 337 4094 hominem
357 4035 522 4108 baptizatum
536 4039 594 4094 sine
615 4036 761 4096 intentione
775 4036 939 4109 baptizandi,
975 4038 1095 4096 venditio
1111 4039 1177 4096 ulizs
1190 4037 1241 4097 luit
1260 4038 1335 4095 nulla
1347 4054 1380 4095 es
1402 4037 1512 4095 delectu
1526 4037 1719 4112 solemnitatis,
1735 4037 1777 4095 ael

151 4139 198 4182 non
214 4127 356 4186 incurrere
370 4143 487 4200 poenas,
502 4127 566 4200 quia
581 4142 611 4184 re
633 4141 697 4184 veru
711 4142 766 4184 non
785 4128 852 4184 iacit
864 4143 898 4184 ex
911 4142 941 4184 so
975 4142 1011 4184 ex
1021 4126 1436 4200 quecumquealiacausaextra
1447 4125 1777 4201 illnm,quodincoosulto

152 4217 280 4288 propriam
297 4215 554 4289 rebaptizationem,
569 4215 619 4272 sed
632 4217 738 4274 fictam:
753 4215 880 4289 idemque
899 4221 943 4272 est
976 4213 1087 4272 domino
1111 4216 1185 4273 iacta
1204 4216 1249 4273 sit.
1265 4216 1302 4273 Ut
1319 4215 1452 4289 explicuit
1465 4222 1540 4273 recte
1552 4215 1721 4290 litaquellus
1743 4215 1777 4273 de

153 4301 182 4360 de
194 4307 374 4364 contrahente
388 4305 508 4363 exterius
521 4321 587 4362 cum
602 4307 724 4364 secunda
735 4307 792 4363 sino
805 4319 943 4363 consensu
977 4309 1098 4378 utroque
1111 4310 1229 4361 retract.
1245 4302 1291 4360 lib.
1313 4308 1337 4373 i,
1352 4301 1365 4370 fl
1380 4311 1404 4375 l,
1419 4304 1507 4361 Gloss.
1524 4307 1554 4378 2,
1570 4319 1646 4361 euna.
1664 4307 1697 4378 c,
1711 4319 1778 4362 cum

152 4399 176 4450 et
188 4395 341 4469 voluntate,
356 4397 437 4454 etiam
450 4401 585 4468 quantum
599 4411 631 4452 ex
650 4410 692 4471 so;
706 4395 777 4453 idern
791 4412 859 4470 ergo
877 4397 939 4468 erit,
978 4393 1089 4450 Cardia.
1110 4399 1139 4450 et
1157 4393 1249 4451 multis
1270 4391 1344 4467 aliis,
1359 4408 1429 4466 quos
1442 4393 1539 4465 reiert,
1561 4399 1589 4450 et
1608 4392 1689 4450 letius
1705 4393 1780 4451 idem

154 4486 248 4543 etiamsi
269 4501 337 4544 curn
349 4486 497 4542 intentione
511 4483 583 4541 idern
597 4484 674 4556 iacit,
690 4486 712 4541 si
727 4501 743 4543 a
760 4492 836 4558 parte
850 4477 941 4542 relin-
979 4483 1155 4557 prosequitur
1169 4485 1195 4539 in
1215 4482 1320 4556 legibus
1336 4483 1520 4540 connubiaiib.
1537 4482 1624 4540 Gloss.
1639 4488 1666 4556 8,
1682 4499 1710 4556 q.
1726 4486 1775 4552 ti,

154 4578 259 4635 terreoit
270 4575 341 4633 alius
353 4575 476 4632 deiectus
487 4576 568 4632 etium
580 4574 807 4650 ignoratus,rpuia
817 4583 884 4632 tunc
900 4591 943 4632 so·
980 4588 1085 4630 anum.
1103 4577 1170 4645 205,
1187 4572 1233 4629 ubi
1247 4573 1363 4646 inunum.
1382 4577 1448 4632 iii.
1465 4573 1619 4646 generalem
1633 4572 1778 4630 constituit

156 4659 204 4719 lum
219 4680 250 4722 ex
265 4664 434 4722 conscientie
448 4679 563 4720 erronea
577 4663 691 4722 intendit
701 4663 792 4721 iacere
807 4664 944 4722 secundas
980 4663 1116 4736 regulam,
1128 4661 1238 4735 quando
1250 4661 1293 4719 lex
1304 4663 1383 4733 punit
1393 4667 1485 4718 actum
1497 4661 1615 4734 nullum,
1626 4661 1778 4735 intelligen-

155 4754 262 4825 uuptias,
275 4755 303 4809 in
317 4769 347 4809 re
361 4758 454 4809 nutem
468 4752 526 4823 ipsa
539 4767 585 4808 eas
600 4767 663 4808 sere
677 4768 732 4809 non
747 4755 871 4826 intentat,
881 4754 946 4827 quia
980 4752 1043 4809 dam
1061 4750 1169 4808 essedo
1190 4741 1266 4824 actlr,
1283 4752 1330 4824 qui
1351 4767 1406 4807 non
1420 4750 1530 4809 aliunde
1544 4759 1587 4808 est
1605 4750 1710 4823 nullus,
1725 4750 1779 4806 nisi

156 4839 260 4900 intentat
273 4844 385 4915 nuptias
399 4840 465 4898 alias
479 4839 660 4899 nullas.Unde
674 4843 755 4900 etiam
770 4843 809 4914 ut,
822 4850 853 4900 ut
867 4844 889 4898 si
902 4857 945 4899 re·
983 4856 1017 4898 ex
1033 4841 1078 4898 illo
1092 4840 1216 4912 deiectu,
1230 4855 1313 4914 quem
1328 4840 1371 4897 lex
1384 4841 1481 4912 punire
1496 4841 1619 4898 intendit.

158 4927 260 5002 ligiosus
271 4931 419 4990 contrahet
429 4933 633 5008 matrimonium
644 4949 709 4989 curn
721 4949 763 5005 ea,
776 4948 860 5006 quam
871 4931 946 5006 igno·
1020 4932 1049 4986 e.
1065 4931 1131 4986 iiico
1146 4929 1235 4987 tertio:
1251 4929 1366 4996 Quando
1380 4929 1422 4986 lex
1438 4931 1517 5002 punit
1530 4937 1634 5002 actum,
1650 4929 1697 5002 qui
1709 4934 1779 4986 tem·

157 5025 194 5074 rat
208 5037 265 5079 esse
285 5022 531 5094 consanguineam,
547 5023 637 5079 animo
659 5021 839 5080 contrahendi
860 5036 946 5096 quan·
981 5035 1047 5092 pore
1067 5019 1128 5076 talis
1152 5019 1218 5091 legis
1241 5018 1348 5075 validus
1362 5025 1437 5090 erat,
1463 5017 1620 5076 licet‘mele
1644 5019 1735 5090 fieret,
1749 5025 1780 5077 et

158 5113 208 5167 ium
218 5128 251 5172 ex
264 5129 292 5170 se
306 5118 359 5183 est,
372 5120 400 5168 et
414 5111 439 5167 in
451 5127 480 5168 re
495 5110 538 5167 illa
552 5126 606 5168 uon
616 5113 652 5169 sit
665 5115 878 5184 consanguinea,
891 5127 945 5168 non
982 5117 1077 5182 postea
1088 5111 1116 5165 dt
1125 5107 1218 5165 nullus
1229 5123 1277 5179 per
1289 5108 1374 5179 legem
1389 5110 1674 5180 posteriorem,poeoa
1685 5107 1783 5180 prioris

160 5197 261 5259 incurrit
281 5217 384 5274 poenas
406 5200 475 5257 lotas
495 5206 595 5257 contra
620 5201 777 5275 religiosum
797 5201 946 5259 ducentem
982 5199 1049 5275 legis
1065 5215 1118 5256 non
1140 5198 1248 5256 habebit
1262 5197 1354 5254 locum
1370 5198 1396 5253 iu
1417 5196 1461 5254 illo
1475 5206 1539 5254 actu
1561 5204 1654 5268 postea
1669 5197 1779 5256 nulliter

227 5311 361 5365 sanandis
374 5311 597 5364 nepum-mnu.
1582 5305 1609 5350 ¹8
