<?xml version="1.0" encoding="UTF-8"?>
<!DOCTYPE html PUBLIC "-//W3C//DTD XHTML 1.0 Transitional//EN"
    "http://www.w3.org/TR/xhtml1/DTD/xhtml1-transitional.dtd">
<html xmlns="http://www.w3.org/1999/xhtml" xml:lang="en" lang="en">
 <head>
  <title>
</title>
<meta http-equiv="Content-Type" content="text/html;charset=utf-8" />
  <meta name='ocr-system' content='tesseract 3.04.00' />
  <meta name='ocr-capabilities' content='ocr_page ocr_carea ocr_par ocr_line ocrx_word'/>
</head>
<body>
  <div class='ocr_page' id='page_1' title='image "./tractatusdelegi00sugoog_0638.png"; bbox 0 0 4232 6220; ppageno 0'>
   <div class='ocr_carea' id='block_1_1' title="bbox 810 345 1682 410">
    <p class='ocr_par' dir='ltr' id='par_1_1' title="bbox 810 345 1682 410">
     <span class='ocr_line' id='line_1_1' title="bbox 810 345 1682 410; baseline 0.003 -3"><span class='ocrx_word' id='word_1_1' title='bbox 810 355 1006 408; x_wconf 79' lang='grc' dir='ltr'>ιιιιιιιιιι.</span> <span class='ocrx_word' id='word_1_2' title='bbox 1623 345 1682 410; x_wconf 80' lang='lat' dir='ltr'><strong>ult</strong></span> 
     </span>
    </p>
   </div>
   <div class='ocr_carea' id='block_1_2' title="bbox 30 482 1782 5326">
    <p class='ocr_par' dir='ltr' id='par_1_2' title="bbox 30 482 1782 5326">
     <span class='ocr_line' id='line_1_2' title="bbox 81 482 1723 566; baseline -0.005 -14"><span class='ocrx_word' id='word_1_3' title='bbox 81 509 136 552; x_wconf 88' lang='lat' dir='ltr'><strong>ram</strong></span> <span class='ocrx_word' id='word_1_4' title='bbox 152 508 204 566; x_wconf 92' lang='lat' dir='ltr'><strong>pro</strong></span> <span class='ocrx_word' id='word_1_5' title='bbox 216 497 273 551; x_wconf 93' lang='lat' dir='ltr'><strong>toto</strong></span> <span class='ocrx_word' id='word_1_6' title='bbox 284 490 398 550; x_wconf 89' lang='lat' dir='ltr'><strong>mundo.</strong></span> <span class='ocrx_word' id='word_1_7' title='bbox 410 487 489 547; x_wconf 82' lang='lat' dir='ltr'>Prior</span> <span class='ocrx_word' id='word_1_8' title='bbox 504 503 568 561; x_wconf 88' lang='lat' dir='ltr'><strong>pars</strong></span> <span class='ocrx_word' id='word_1_9' title='bbox 582 483 726 543; x_wconf 90' lang='lat' dir='ltr'><strong>manifesta</strong></span> <span class='ocrx_word' id='word_1_10' title='bbox 739 489 782 542; x_wconf 88' lang='lat' dir='ltr'><strong>est</strong></span> <span class='ocrx_word' id='word_1_11' title='bbox 795 498 830 541; x_wconf 90' lang='lat' dir='ltr'><strong>ex</strong></span> <span class='ocrx_word' id='word_1_12' title='bbox 843 482 883 540; x_wconf 91' lang='lat' dir='ltr'><strong>di·</strong></span> <span class='ocrx_word' id='word_1_13' title='bbox 918 498 1018 540; x_wconf 86' lang='lat' dir='ltr'><strong>censeo</strong></span> <span class='ocrx_word' id='word_1_14' title='bbox 1041 496 1101 540; x_wconf 89' lang='lat' dir='ltr'><strong>esse</strong></span> <span class='ocrx_word' id='word_1_15' title='bbox 1119 485 1352 558; x_wconf 73' lang='lat' dir='ltr'><strong>interpretandam</strong></span> <span class='ocrx_word' id='word_1_16' title='bbox 1377 487 1539 545; x_wconf 86' lang='lat' dir='ltr'><strong>sententiam</strong></span> <span class='ocrx_word' id='word_1_17' title='bbox 1562 489 1723 561; x_wconf 76' lang='lat' dir='ltr'>Augustini,</span> 
     </span>
     <span class='ocr_line' id='line_1_3' title="bbox 81 571 1724 657; baseline -0.003 -17"><span class='ocrx_word' id='word_1_18' title='bbox 81 587 148 654; x_wconf 88' lang='lat' dir='ltr'><strong>ctis,</strong></span> <span class='ocrx_word' id='word_1_19' title='bbox 172 585 239 657; x_wconf 86' lang='lat' dir='ltr'><strong>quia</strong></span> <span class='ocrx_word' id='word_1_20' title='bbox 260 582 300 639; x_wconf 87' lang='lat' dir='ltr'><strong>lex</strong></span> <span class='ocrx_word' id='word_1_21' title='bbox 316 581 361 638; x_wconf 90' lang='lat' dir='ltr'><strong>illa</strong></span> <span class='ocrx_word' id='word_1_22' title='bbox 375 579 426 638; x_wconf 92' lang='lat' dir='ltr'><strong>fuit</strong></span> <span class='ocrx_word' id='word_1_23' title='bbox 445 583 555 636; x_wconf 87' lang='lat' dir='ltr'><strong>mortua</strong></span> <span class='ocrx_word' id='word_1_24' title='bbox 574 591 640 632; x_wconf 87' lang='lat' dir='ltr'><strong>curn</strong></span> <span class='ocrx_word' id='word_1_25' title='bbox 654 573 829 646; x_wconf 79' lang='lat' dir='ltr'><strong>proportione</strong></span> <span class='ocrx_word' id='word_1_26' title='bbox 849 571 883 629; x_wconf 92' lang='lat' dir='ltr'><strong>ad</strong></span> <span class='ocrx_word' id='word_1_27' title='bbox 918 574 982 646; x_wconf 88' lang='lat' dir='ltr'><strong>quia</strong></span> <span class='ocrx_word' id='word_1_28' title='bbox 998 581 1042 630; x_wconf 90' lang='lat' dir='ltr'><strong>est</strong></span> <span class='ocrx_word' id='word_1_29' title='bbox 1061 577 1218 633; x_wconf 89' lang='lat' dir='ltr'><strong>necessario</strong></span> <span class='ocrx_word' id='word_1_30' title='bbox 1232 592 1406 649; x_wconf 83' lang='lat' dir='ltr'><strong>consequens</strong></span> <span class='ocrx_word' id='word_1_31' title='bbox 1420 577 1454 634; x_wconf 94' lang='lat' dir='ltr'><strong>nd</strong></span> <span class='ocrx_word' id='word_1_32' title='bbox 1470 577 1549 634; x_wconf 87' lang='lat' dir='ltr'><strong>aliam</strong></span> <span class='ocrx_word' id='word_1_33' title='bbox 1564 579 1724 635; x_wconf 86' lang='lat' dir='ltr'><strong>sententiam</strong></span> 
     </span>
     <span class='ocr_line' id='line_1_4' title="bbox 82 663 1725 746; baseline -0.004 -16"><span class='ocrx_word' id='word_1_34' title='bbox 82 671 327 746; x_wconf 91' lang='lat' dir='ltr'><strong>promulgationem</strong></span> <span class='ocrx_word' id='word_1_35' title='bbox 344 668 486 742; x_wconf 61' lang='lat' dir='ltr'><strong>euangelia</strong></span> <span class='ocrx_word' id='word_1_36' title='bbox 498 682 563 739; x_wconf 90' lang='lat' dir='ltr'><strong>ergo</strong></span> <span class='ocrx_word' id='word_1_37' title='bbox 577 667 604 722; x_wconf 93' lang='lat' dir='ltr'><strong>in</strong></span> <span class='ocrx_word' id='word_1_38' title='bbox 615 681 648 722; x_wconf 91' lang='lat' dir='ltr'><strong>eo</strong></span> <span class='ocrx_word' id='word_1_39' title='bbox 662 669 776 736; x_wconf 90' lang='lat' dir='ltr'><strong>puncto,</strong></span> <span class='ocrx_word' id='word_1_40' title='bbox 789 663 817 717; x_wconf 92' lang='lat' dir='ltr'><strong>in</strong></span> <span class='ocrx_word' id='word_1_41' title='bbox 828 675 884 734; x_wconf 87' lang='lat' dir='ltr'><strong>quo</strong></span> <span class='ocrx_word' id='word_1_42' title='bbox 917 664 989 734; x_wconf 88' lang='lat' dir='ltr'><strong>eius,</strong></span> <span class='ocrx_word' id='word_1_43' title='bbox 1005 670 1038 721; x_wconf 91' lang='lat' dir='ltr'><strong>ut</strong></span> <span class='ocrx_word' id='word_1_44' title='bbox 1051 663 1115 721; x_wconf 88' lang='lat' dir='ltr'><strong>mibi</strong></span> <span class='ocrx_word' id='word_1_45' title='bbox 1131 665 1247 737; x_wconf 88' lang='lat' dir='ltr'><strong>probant</strong></span> <span class='ocrx_word' id='word_1_46' title='bbox 1261 668 1383 723; x_wconf 89' lang='lat' dir='ltr'><strong>rationes</strong></span> <span class='ocrx_word' id='word_1_47' title='bbox 1393 665 1534 724; x_wconf 91' lang='lat' dir='ltr'><strong>dubitandi</strong></span> <span class='ocrx_word' id='word_1_48' title='bbox 1555 683 1640 740; x_wconf 91' lang='lat' dir='ltr'><strong>supra</strong></span> <span class='ocrx_word' id='word_1_49' title='bbox 1652 669 1725 739; x_wconf 93' lang='lat' dir='ltr'><strong>posi·</strong></span> 
     </span>
     <span class='ocr_line' id='line_1_5' title="bbox 81 749 1725 833; baseline -0.004 -15"><span class='ocrx_word' id='word_1_50' title='bbox 81 761 220 819; x_wconf 85' lang='lat' dir='ltr'><strong>sufficiens</strong></span> <span class='ocrx_word' id='word_1_51' title='bbox 235 759 419 833; x_wconf 75' lang='lat' dir='ltr'><strong>promulgatio</strong></span> <span class='ocrx_word' id='word_1_52' title='bbox 430 755 562 830; x_wconf 89' lang='lat' dir='ltr'><strong>evangelii</strong></span> <span class='ocrx_word' id='word_1_53' title='bbox 576 755 767 813; x_wconf 88' lang='lat' dir='ltr'><strong>consummata</strong></span> <span class='ocrx_word' id='word_1_54' title='bbox 777 755 828 821; x_wconf 89' lang='lat' dir='ltr'><strong>est,</strong></span> <span class='ocrx_word' id='word_1_55' title='bbox 841 749 884 806; x_wconf 90' lang='lat' dir='ltr'><strong>lex</strong></span> <span class='ocrx_word' id='word_1_56' title='bbox 919 758 972 810; x_wconf 91' lang='lat' dir='ltr'><strong>tae.</strong></span> <span class='ocrx_word' id='word_1_57' title='bbox 992 753 1059 821; x_wconf 82' lang='lat' dir='ltr'><strong>Quia</strong></span> <span class='ocrx_word' id='word_1_58' title='bbox 1075 771 1129 811; x_wconf 92' lang='lat' dir='ltr'><strong>oon</strong></span> <span class='ocrx_word' id='word_1_59' title='bbox 1143 762 1271 827; x_wconf 91' lang='lat' dir='ltr'><strong>poterant</strong></span> <span class='ocrx_word' id='word_1_60' title='bbox 1284 755 1343 812; x_wconf 89' lang='lat' dir='ltr'><strong>illae</strong></span> <span class='ocrx_word' id='word_1_61' title='bbox 1358 759 1547 814; x_wconf 89' lang='lat' dir='ltr'><strong>caeremoniae</strong></span> <span class='ocrx_word' id='word_1_62' title='bbox 1562 764 1593 813; x_wconf 92' lang='lat' dir='ltr'><strong>ut</strong></span> <span class='ocrx_word' id='word_1_63' title='bbox 1612 757 1725 830; x_wconf 88' lang='lat' dir='ltr'><strong>legales,</strong></span> 
     </span>
     <span class='ocr_line' id='line_1_6' title="bbox 85 840 1726 924; baseline -0.001 -18"><span class='ocrx_word' id='word_1_64' title='bbox 85 859 162 909; x_wconf 83' lang='lat' dir='ltr'><strong>vetus</strong></span> <span class='ocrx_word' id='word_1_65' title='bbox 173 854 280 924; x_wconf 85' lang='lat' dir='ltr'><strong>integre</strong></span> <span class='ocrx_word' id='word_1_66' title='bbox 293 857 380 923; x_wconf 91' lang='lat' dir='ltr'><strong>etpro</strong></span> <span class='ocrx_word' id='word_1_67' title='bbox 393 855 452 905; x_wconf 89' lang='lat' dir='ltr'><strong>toto</strong></span> <span class='ocrx_word' id='word_1_68' title='bbox 466 845 569 905; x_wconf 89' lang='lat' dir='ltr'><strong>mundo</strong></span> <span class='ocrx_word' id='word_1_69' title='bbox 586 848 695 900; x_wconf 90' lang='lat' dir='ltr'><strong>mortua</strong></span> <span class='ocrx_word' id='word_1_70' title='bbox 707 848 761 899; x_wconf 90' lang='lat' dir='ltr'><strong>est.</strong></span> <span class='ocrx_word' id='word_1_71' title='bbox 773 840 884 898; x_wconf 84' lang='lat' dir='ltr'><strong>Dictum</strong></span> <span class='ocrx_word' id='word_1_72' title='bbox 919 841 947 897; x_wconf 89' lang='lat' dir='ltr'><strong>id</strong></span> <span class='ocrx_word' id='word_1_73' title='bbox 964 849 1022 913; x_wconf 90' lang='lat' dir='ltr'><strong>est,</strong></span> <span class='ocrx_word' id='word_1_74' title='bbox 1038 848 1070 900; x_wconf 91' lang='grc' dir='ltr'><strong>ιιι</strong></span> <span class='ocrx_word' id='word_1_75' title='bbox 1084 843 1226 902; x_wconf 88' lang='grc' dir='ltr'>ιιιιιιιιιι</span> <span class='ocrx_word' id='word_1_76' title='bbox 1239 861 1255 901; x_wconf 90' lang='grc' dir='ltr'><strong>ι</strong></span> <span class='ocrx_word' id='word_1_77' title='bbox 1270 848 1323 902; x_wconf 88' lang='lat' dir='ltr'><strong>beo</strong></span> <span class='ocrx_word' id='word_1_78' title='bbox 1338 846 1473 917; x_wconf 89' lang='lat' dir='ltr'><strong>perillam</strong></span> <span class='ocrx_word' id='word_1_79' title='bbox 1490 845 1597 918; x_wconf 92' lang='lat' dir='ltr'><strong>legem,</strong></span> <span class='ocrx_word' id='word_1_80' title='bbox 1617 847 1726 921; x_wconf 88' lang='lat' dir='ltr'><strong>religio-</strong></span> 
     </span>
     <span class='ocr_line' id='line_1_7' title="bbox 81 928 1726 1011; baseline -0.002 -15"><span class='ocrx_word' id='word_1_81' title='bbox 81 947 226 999; x_wconf 82' lang='lat' dir='ltr'><strong>astantem</strong></span> <span class='ocrx_word' id='word_1_82' title='bbox 245 955 345 1011; x_wconf 90' lang='lat' dir='ltr'><strong>sopra,</strong></span> <span class='ocrx_word' id='word_1_83' title='bbox 361 937 529 994; x_wconf 90' lang='lat' dir='ltr'><strong>sollicicnter</strong></span> <span class='ocrx_word' id='word_1_84' title='bbox 542 933 719 1008; x_wconf 90' lang='lat' dir='ltr'><strong>promulgato</strong></span> <span class='ocrx_word' id='word_1_85' title='bbox 734 928 885 1002; x_wconf 82' lang='lat' dir='ltr'><strong>evangelio,</strong></span> <span class='ocrx_word' id='word_1_86' title='bbox 920 947 949 989; x_wconf 93' lang='lat' dir='ltr'><strong>se</strong></span> <span class='ocrx_word' id='word_1_87' title='bbox 964 932 1020 988; x_wconf 86' lang='lat' dir='ltr'><strong>fieri</strong></span> <span class='ocrx_word' id='word_1_88' title='bbox 1034 949 1083 1004; x_wconf 89' lang='lat' dir='ltr'><strong>per</strong></span> <span class='ocrx_word' id='word_1_89' title='bbox 1098 933 1211 990; x_wconf 90' lang='lat' dir='ltr'><strong>modum</strong></span> <span class='ocrx_word' id='word_1_90' title='bbox 1225 935 1319 992; x_wconf 86' lang='lat' dir='ltr'><strong>cultus</strong></span> <span class='ocrx_word' id='word_1_91' title='bbox 1335 938 1391 993; x_wconf 88' lang='lat' dir='ltr'><strong>beo</strong></span> <span class='ocrx_word' id='word_1_92' title='bbox 1399 936 1506 1008; x_wconf 89' lang='lat' dir='ltr'><strong>placiti,</strong></span> <span class='ocrx_word' id='word_1_93' title='bbox 1525 941 1553 992; x_wconf 91' lang='lat' dir='ltr'><strong>et</strong></span> <span class='ocrx_word' id='word_1_94' title='bbox 1565 937 1671 1008; x_wconf 89' lang='lat' dir='ltr'><strong>accepti</strong></span> <span class='ocrx_word' id='word_1_95' title='bbox 1682 953 1726 993; x_wconf 91' lang='lat' dir='ltr'><strong>ra·</strong></span> 
     </span>
     <span class='ocr_line' id='line_1_8' title="bbox 82 1017 1727 1104; baseline -0.002 -18"><span class='ocrx_word' id='word_1_96' title='bbox 82 1032 172 1088; x_wconf 88' lang='lat' dir='ltr'><strong>statim</strong></span> <span class='ocrx_word' id='word_1_97' title='bbox 191 1030 278 1104; x_wconf 90' lang='lat' dir='ltr'><strong>legem</strong></span> <span class='ocrx_word' id='word_1_98' title='bbox 293 1035 413 1085; x_wconf 84' lang='lat' dir='ltr'><strong>ueterem</strong></span> <span class='ocrx_word' id='word_1_99' title='bbox 427 1027 512 1084; x_wconf 90' lang='lat' dir='ltr'><strong>fuisse</strong></span> <span class='ocrx_word' id='word_1_100' title='bbox 526 1023 704 1094; x_wconf 71' lang='lat' dir='ltr'><strong>mortiferam,</strong></span> <span class='ocrx_word' id='word_1_101' title='bbox 724 1037 790 1094; x_wconf 90' lang='lat' dir='ltr'><strong>ergo</strong></span> <span class='ocrx_word' id='word_1_102' title='bbox 805 1017 885 1076; x_wconf 89' lang='lat' dir='ltr'><strong>simul</strong></span> <span class='ocrx_word' id='word_1_103' title='bbox 921 1021 991 1078; x_wconf 88' lang='grc' dir='ltr'>ιιιιι</span> <span class='ocrx_word' id='word_1_104' title='bbox 1006 1037 1072 1078; x_wconf 88' lang='grc' dir='ltr'>ιιιι</span> <span class='ocrx_word' id='word_1_105' title='bbox 1092 1023 1287 1092; x_wconf 89' lang='lat' dir='ltr'><strong>institutionis,</strong></span> <span class='ocrx_word' id='word_1_106' title='bbox 1304 1027 1394 1082; x_wconf 86' lang='lat' dir='ltr'><strong>eiiam</strong></span> <span class='ocrx_word' id='word_1_107' title='bbox 1415 1041 1466 1098; x_wconf 92' lang='lat' dir='ltr'><strong>pro</strong></span> <span class='ocrx_word' id='word_1_108' title='bbox 1486 1026 1531 1082; x_wconf 91' lang='lat' dir='ltr'><strong>illo</strong></span> <span class='ocrx_word' id='word_1_109' title='bbox 1542 1031 1667 1098; x_wconf 86' lang='lat' dir='ltr'><strong>tempore</strong></span> <span class='ocrx_word' id='word_1_110' title='bbox 1683 1027 1727 1085; x_wconf 86' lang='lat' dir='ltr'><strong>lex</strong></span> 
     </span>
     <span class='ocr_line' id='line_1_9' title="bbox 82 1109 1724 1192; baseline -0.004 -14"><span class='ocrx_word' id='word_1_111' title='bbox 82 1137 112 1179; x_wconf 92' lang='lat' dir='ltr'><strong>ac</strong></span> <span class='ocrx_word' id='word_1_112' title='bbox 127 1122 168 1179; x_wconf 91' lang='lat' dir='ltr'><strong>lea</strong></span> <span class='ocrx_word' id='word_1_113' title='bbox 186 1121 232 1178; x_wconf 91' lang='lat' dir='ltr'><strong>illa</strong></span> <span class='ocrx_word' id='word_1_114' title='bbox 246 1119 296 1176; x_wconf 88' lang='lat' dir='ltr'><strong>fuit</strong></span> <span class='ocrx_word' id='word_1_115' title='bbox 310 1119 387 1192; x_wconf 90' lang='lat' dir='ltr'><strong>plene</strong></span> <span class='ocrx_word' id='word_1_116' title='bbox 402 1123 528 1188; x_wconf 89' lang='lat' dir='ltr'><strong>mortua,</strong></span> <span class='ocrx_word' id='word_1_117' title='bbox 549 1114 640 1187; x_wconf 90' lang='lat' dir='ltr'><strong>coepit</strong></span> <span class='ocrx_word' id='word_1_118' title='bbox 657 1127 717 1170; x_wconf 92' lang='lat' dir='ltr'><strong>esse</strong></span> <span class='ocrx_word' id='word_1_119' title='bbox 736 1109 885 1179; x_wconf 90' lang='lat' dir='ltr'><strong>mortifera,</strong></span> <span class='ocrx_word' id='word_1_120' title='bbox 919 1117 993 1167; x_wconf 90' lang='lat' dir='ltr'><strong>esset</strong></span> <span class='ocrx_word' id='word_1_121' title='bbox 1007 1119 1138 1169; x_wconf 86' lang='lat' dir='ltr'><strong>revocata</strong></span> <span class='ocrx_word' id='word_1_122' title='bbox 1156 1119 1185 1168; x_wconf 94' lang='lat' dir='ltr'><strong>et</strong></span> <span class='ocrx_word' id='word_1_123' title='bbox 1202 1114 1301 1170; x_wconf 90' lang='lat' dir='ltr'><strong>abolita</strong></span> <span class='ocrx_word' id='word_1_124' title='bbox 1320 1115 1399 1172; x_wconf 88' lang='lat' dir='ltr'><strong>etiam</strong></span> <span class='ocrx_word' id='word_1_125' title='bbox 1415 1114 1505 1187; x_wconf 83' lang='lat' dir='ltr'><strong>quoad</strong></span> <span class='ocrx_word' id='word_1_126' title='bbox 1522 1113 1591 1172; x_wconf 90' lang='lat' dir='ltr'><strong>bane</strong></span> <span class='ocrx_word' id='word_1_127' title='bbox 1606 1122 1724 1189; x_wconf 81' lang='lat' dir='ltr'><strong>partam3</strong></span> 
     </span>
     <span class='ocr_line' id='line_1_10' title="bbox 82 1197 1782 1278; baseline -0.004 -10"><span class='ocrx_word' id='word_1_128' title='bbox 82 1214 163 1268; x_wconf 91' lang='lat' dir='ltr'><strong>itaut</strong></span> <span class='ocrx_word' id='word_1_129' title='bbox 185 1210 247 1266; x_wconf 90' lang='lat' dir='ltr'><strong>linis</strong></span> <span class='ocrx_word' id='word_1_130' title='bbox 261 1210 357 1265; x_wconf 88' lang='lat' dir='ltr'><strong>mortis</strong></span> <span class='ocrx_word' id='word_1_131' title='bbox 370 1208 447 1278; x_wconf 90' lang='lat' dir='ltr'><strong>eius,</strong></span> <span class='ocrx_word' id='word_1_132' title='bbox 464 1213 494 1264; x_wconf 93' lang='lat' dir='ltr'><strong>ut</strong></span> <span class='ocrx_word' id='word_1_133' title='bbox 507 1207 548 1264; x_wconf 90' lang='lat' dir='ltr'><strong>sic</strong></span> <span class='ocrx_word' id='word_1_134' title='bbox 562 1204 668 1275; x_wconf 89' lang='lat' dir='ltr'><strong>dicam,</strong></span> <span class='ocrx_word' id='word_1_135' title='bbox 684 1201 767 1259; x_wconf 88' lang='lat' dir='ltr'><strong>luerit</strong></span> <span class='ocrx_word' id='word_1_136' title='bbox 779 1200 885 1256; x_wconf 86' lang='lat' dir='ltr'><strong>initium</strong></span> <span class='ocrx_word' id='word_1_137' title='bbox 921 1215 982 1256; x_wconf 91' lang='grc' dir='ltr'>ιιιι</span> <span class='ocrx_word' id='word_1_138' title='bbox 1001 1207 1064 1272; x_wconf 91' lang='lat' dir='ltr'><strong>post</strong></span> <span class='ocrx_word' id='word_1_139' title='bbox 1088 1201 1168 1258; x_wconf 89' lang='lat' dir='ltr'><strong>talem</strong></span> <span class='ocrx_word' id='word_1_140' title='bbox 1187 1203 1395 1276; x_wconf 76' lang='lat' dir='ltr'><strong>abrogationem</strong></span> <span class='ocrx_word' id='word_1_141' title='bbox 1414 1204 1466 1260; x_wconf 86' lang='lat' dir='ltr'><strong>ianr</strong></span> <span class='ocrx_word' id='word_1_142' title='bbox 1481 1203 1575 1262; x_wconf 88' lang='lat' dir='ltr'><strong>cultus</strong></span> <span class='ocrx_word' id='word_1_143' title='bbox 1592 1211 1665 1262; x_wconf 91' lang='lat' dir='ltr'><strong>esset</strong></span> <span class='ocrx_word' id='word_1_144' title='bbox 1679 1221 1726 1262; x_wconf 91' lang='lat' dir='ltr'><strong>su·</strong></span> <span class='ocrx_word' id='word_1_145' title='bbox 1779 1197 1782 1202; x_wconf 76' lang='grc'><strong>’</strong></span> 
     </span>
     <span class='ocr_line' id='line_1_11' title="bbox 83 1287 1726 1365; baseline -0.002 -9"><span class='ocrx_word' id='word_1_146' title='bbox 83 1305 168 1356; x_wconf 80' lang='lat' dir='ltr'><strong>statim</strong></span> <span class='ocrx_word' id='word_1_147' title='bbox 198 1298 331 1355; x_wconf 78' lang='lat' dir='ltr'><strong>mortiferi</strong></span> <span class='ocrx_word' id='word_1_148' title='bbox 355 1297 424 1355; x_wconf 89' lang='lat' dir='ltr'><strong>eius.</strong></span> <span class='ocrx_word' id='word_1_149' title='bbox 448 1297 483 1353; x_wconf 81' lang='lat' dir='ltr'><strong>lit</strong></span> <span class='ocrx_word' id='word_1_150' title='bbox 503 1294 564 1351; x_wconf 91' lang='lat' dir='ltr'><strong>binc</strong></span> <span class='ocrx_word' id='word_1_151' title='bbox 586 1293 744 1350; x_wconf 89' lang='lat' dir='ltr'><strong>declaratur</strong></span> <span class='ocrx_word' id='word_1_152' title='bbox 765 1287 887 1347; x_wconf 86' lang='lat' dir='ltr'><strong>secunda</strong></span> <span class='ocrx_word' id='word_1_153' title='bbox 920 1289 1109 1363; x_wconf 89' lang='lat' dir='ltr'><strong>perstitiosus,</strong></span> <span class='ocrx_word' id='word_1_154' title='bbox 1126 1298 1157 1349; x_wconf 95' lang='lat' dir='ltr'><strong>ut</strong></span> <span class='ocrx_word' id='word_1_155' title='bbox 1175 1309 1260 1365; x_wconf 90' lang='lat' dir='ltr'><strong>supra</strong></span> <span class='ocrx_word' id='word_1_156' title='bbox 1280 1293 1546 1352; x_wconf 88' lang='lat' dir='ltr'><strong>etiamdeolaratum</strong></span> <span class='ocrx_word' id='word_1_157' title='bbox 1560 1302 1612 1352; x_wconf 90' lang='grc' dir='ltr'>ιιι.</span> <span class='ocrx_word' id='word_1_158' title='bbox 1628 1295 1726 1354; x_wconf 82' lang='grc' dir='ltr'>ιιιιιι·</span> 
     </span>
     <span class='ocr_line' id='line_1_12' title="bbox 84 1379 1726 1462; baseline -0.002 -16"><span class='ocrx_word' id='word_1_159' title='bbox 84 1405 161 1462; x_wconf 83' lang='lat' dir='ltr'><strong>pars3</strong></span> <span class='ocrx_word' id='word_1_160' title='bbox 180 1404 244 1445; x_wconf 92' lang='lat' dir='ltr'><strong>nam</strong></span> <span class='ocrx_word' id='word_1_161' title='bbox 258 1403 323 1446; x_wconf 90' lang='lat' dir='ltr'><strong>cum</strong></span> <span class='ocrx_word' id='word_1_162' title='bbox 337 1387 390 1444; x_wconf 90' lang='lat' dir='ltr'><strong>iam</strong></span> <span class='ocrx_word' id='word_1_163' title='bbox 405 1393 472 1442; x_wconf 87' lang='lat' dir='ltr'><strong>tuoe</strong></span> <span class='ocrx_word' id='word_1_164' title='bbox 487 1384 529 1442; x_wconf 86' lang='lat' dir='ltr'><strong>lex</strong></span> <span class='ocrx_word' id='word_1_165' title='bbox 544 1399 614 1440; x_wconf 90' lang='lat' dir='ltr'><strong>nova</strong></span> <span class='ocrx_word' id='word_1_166' title='bbox 627 1389 701 1440; x_wconf 87' lang='lat' dir='ltr'><strong>esset</strong></span> <span class='ocrx_word' id='word_1_167' title='bbox 714 1379 887 1455; x_wconf 87' lang='lat' dir='ltr'><strong>promulgata</strong></span> <span class='ocrx_word' id='word_1_168' title='bbox 920 1387 999 1436; x_wconf 89' lang='lat' dir='ltr'><strong>ratur</strong></span> <span class='ocrx_word' id='word_1_169' title='bbox 1013 1387 1155 1451; x_wconf 89' lang='lat' dir='ltr'><strong>praeterea</strong></span> <span class='ocrx_word' id='word_1_170' title='bbox 1171 1382 1197 1439; x_wconf 92' lang='lat' dir='ltr'><strong>ln</strong></span> <span class='ocrx_word' id='word_1_171' title='bbox 1213 1380 1286 1440; x_wconf 90' lang='lat' dir='ltr'><strong>bane</strong></span> <span class='ocrx_word' id='word_1_172' title='bbox 1303 1382 1431 1457; x_wconf 74' lang='lat' dir='ltr'><strong>modona,</strong></span> <span class='ocrx_word' id='word_1_173' title='bbox 1452 1399 1514 1441; x_wconf 86' lang='lat' dir='ltr'><strong>nana</strong></span> <span class='ocrx_word' id='word_1_174' title='bbox 1533 1385 1666 1457; x_wconf 88' lang='lat' dir='ltr'><strong>quamdiu</strong></span> <span class='ocrx_word' id='word_1_175' title='bbox 1681 1385 1726 1443; x_wconf 88' lang='lat' dir='ltr'><strong>lex</strong></span> 
     </span>
     <span class='ocr_line' id='line_1_13' title="bbox 83 1469 1727 1549; baseline -0.002 -14"><span class='ocrx_word' id='word_1_176' title='bbox 83 1481 108 1535; x_wconf 94' lang='lat' dir='ltr'><strong>io</strong></span> <span class='ocrx_word' id='word_1_177' title='bbox 129 1485 187 1536; x_wconf 91' lang='lat' dir='ltr'><strong>toto</strong></span> <span class='ocrx_word' id='word_1_178' title='bbox 209 1479 292 1546; x_wconf 89' lang='lat' dir='ltr'><strong>orbe,</strong></span> <span class='ocrx_word' id='word_1_179' title='bbox 315 1476 404 1549; x_wconf 89' lang='lat' dir='ltr'><strong>potuit</strong></span> <span class='ocrx_word' id='word_1_180' title='bbox 424 1477 467 1532; x_wconf 89' lang='lat' dir='ltr'><strong>lex</strong></span> <span class='ocrx_word' id='word_1_181' title='bbox 480 1481 560 1532; x_wconf 89' lang='lat' dir='ltr'><strong>vetus</strong></span> <span class='ocrx_word' id='word_1_182' title='bbox 581 1475 703 1546; x_wconf 91' lang='lat' dir='ltr'><strong>incipere</strong></span> <span class='ocrx_word' id='word_1_183' title='bbox 724 1469 806 1528; x_wconf 90' lang='lat' dir='ltr'><strong>simul</strong></span> <span class='ocrx_word' id='word_1_184' title='bbox 826 1485 887 1527; x_wconf 86' lang='lat' dir='ltr'><strong>esse</strong></span> <span class='ocrx_word' id='word_1_185' title='bbox 921 1485 976 1526; x_wconf 90' lang='lat' dir='ltr'><strong>nen</strong></span> <span class='ocrx_word' id='word_1_186' title='bbox 992 1469 1044 1526; x_wconf 86' lang='lat' dir='ltr'><strong>fuit</strong></span> <span class='ocrx_word' id='word_1_187' title='bbox 1057 1469 1215 1542; x_wconf 88' lang='lat' dir='ltr'><strong>mortifera,</strong></span> <span class='ocrx_word' id='word_1_188' title='bbox 1230 1472 1388 1544; x_wconf 83' lang='lat' dir='ltr'><strong>respublica</strong></span> <span class='ocrx_word' id='word_1_189' title='bbox 1401 1473 1447 1530; x_wconf 90' lang='lat' dir='ltr'><strong>iila</strong></span> <span class='ocrx_word' id='word_1_190' title='bbox 1461 1473 1622 1531; x_wconf 88' lang='lat' dir='ltr'><strong>iudaeorum</strong></span> <span class='ocrx_word' id='word_1_191' title='bbox 1635 1476 1662 1530; x_wconf 92' lang='lat' dir='ltr'><strong>in</strong></span> <span class='ocrx_word' id='word_1_192' title='bbox 1674 1491 1727 1532; x_wconf 91' lang='lat' dir='ltr'><strong>suo</strong></span> 
     </span>
     <span class='ocr_line' id='line_1_14' title="bbox 85 1559 1725 1637; baseline -0.002 -12"><span class='ocrx_word' id='word_1_193' title='bbox 85 1567 224 1624; x_wconf 91' lang='lat' dir='ltr'><strong>mortifera</strong></span> <span class='ocrx_word' id='word_1_194' title='bbox 245 1568 271 1624; x_wconf 89' lang='lat' dir='ltr'><strong>in</strong></span> <span class='ocrx_word' id='word_1_195' title='bbox 286 1567 381 1624; x_wconf 90' lang='lat' dir='ltr'><strong>eodem</strong></span> <span class='ocrx_word' id='word_1_196' title='bbox 403 1566 531 1624; x_wconf 84' lang='lat' dir='ltr'><strong>universo</strong></span> <span class='ocrx_word' id='word_1_197' title='bbox 547 1564 622 1620; x_wconf 91' lang='lat' dir='ltr'><strong>orbe.</strong></span> <span class='ocrx_word' id='word_1_198' title='bbox 638 1565 673 1620; x_wconf 83' lang='lat' dir='ltr'><strong>Et</strong></span> <span class='ocrx_word' id='word_1_199' title='bbox 686 1565 724 1620; x_wconf 89' lang='grc' dir='ltr'><strong>ιιι</strong></span> <span class='ocrx_word' id='word_1_200' title='bbox 737 1561 887 1619; x_wconf 85' lang='lat' dir='ltr'><strong>differentia</strong></span> <span class='ocrx_word' id='word_1_201' title='bbox 921 1559 1112 1616; x_wconf 82' lang='lat' dir='ltr'><strong>caeremoniali</strong></span> <span class='ocrx_word' id='word_1_202' title='bbox 1129 1567 1216 1634; x_wconf 87' lang='lat' dir='ltr'><strong>stato,</strong></span> <span class='ocrx_word' id='word_1_203' title='bbox 1234 1569 1265 1619; x_wconf 92' lang='grc' dir='ltr'><strong>ιι</strong></span> <span class='ocrx_word' id='word_1_204' title='bbox 1278 1563 1318 1620; x_wconf 85' lang='grc' dir='ltr'><strong>ιιι</strong></span> <span class='ocrx_word' id='word_1_205' title='bbox 1333 1561 1435 1637; x_wconf 89' lang='lat' dir='ltr'><strong>dicam,</strong></span> <span class='ocrx_word' id='word_1_206' title='bbox 1450 1565 1615 1636; x_wconf 81' lang='lat' dir='ltr'><strong>permansit,</strong></span> <span class='ocrx_word' id='word_1_207' title='bbox 1632 1564 1725 1636; x_wconf 87' lang='lat' dir='ltr'><strong>idest,</strong></span> 
     </span>
     <span class='ocr_line' id='line_1_15' title="bbox 30 1648 1728 1725; baseline 0.001 -13"><span class='ocrx_word' id='word_1_208' title='bbox 30 1705 34 1712; x_wconf 91' lang='grc'><strong>.</strong></span> <span class='ocrx_word' id='word_1_209' title='bbox 85 1659 152 1714; x_wconf 90' lang='lat' dir='ltr'><strong>inter</strong></span> <span class='ocrx_word' id='word_1_210' title='bbox 176 1673 239 1715; x_wconf 86' lang='lat' dir='ltr'><strong>esse</strong></span> <span class='ocrx_word' id='word_1_211' title='bbox 260 1663 397 1714; x_wconf 91' lang='lat' dir='ltr'><strong>mortuam</strong></span> <span class='ocrx_word' id='word_1_212' title='bbox 416 1656 457 1713; x_wconf 84' lang='grc' dir='ltr'><strong>ιιι</strong></span> <span class='ocrx_word' id='word_1_213' title='bbox 471 1655 638 1712; x_wconf 82' lang='grc' dir='ltr'>ιιιιιιιιιιιι</span> <span class='ocrx_word' id='word_1_214' title='bbox 657 1655 731 1722; x_wconf 91' lang='lat' dir='ltr'><strong>erit,</strong></span> <span class='ocrx_word' id='word_1_215' title='bbox 753 1649 828 1725; x_wconf 87' lang='lat' dir='ltr'><strong>qood</strong></span> <span class='ocrx_word' id='word_1_216' title='bbox 843 1650 887 1708; x_wconf 83' lang='lat' dir='ltr'><strong>lex</strong></span> <span class='ocrx_word' id='word_1_217' title='bbox 922 1648 1053 1722; x_wconf 90' lang='lat' dir='ltr'><strong>templum</strong></span> <span class='ocrx_word' id='word_1_218' title='bbox 1076 1648 1145 1707; x_wconf 93' lang='lat' dir='ltr'><strong>illud</strong></span> <span class='ocrx_word' id='word_1_219' title='bbox 1166 1651 1217 1708; x_wconf 91' lang='lat' dir='ltr'><strong>fuit</strong></span> <span class='ocrx_word' id='word_1_220' title='bbox 1236 1667 1300 1709; x_wconf 84' lang='lat' dir='ltr'><strong>uere</strong></span> <span class='ocrx_word' id='word_1_221' title='bbox 1320 1653 1663 1712; x_wconf 88' lang='lat' dir='ltr'><strong>locussaceradcoltum</strong></span> <span class='ocrx_word' id='word_1_222' title='bbox 1678 1657 1728 1714; x_wconf 86' lang='lat' dir='ltr'><strong>bei</strong></span> 
     </span>
     <span class='ocr_line' id='line_1_16' title="bbox 85 1738 1727 1818; baseline 0.001 -16"><span class='ocrx_word' id='word_1_223' title='bbox 85 1755 164 1806; x_wconf 88' lang='lat' dir='ltr'><strong>vetus</strong></span> <span class='ocrx_word' id='word_1_224' title='bbox 186 1746 267 1806; x_wconf 88' lang='lat' dir='ltr'><strong>simul</strong></span> <span class='ocrx_word' id='word_1_225' title='bbox 283 1748 364 1807; x_wconf 90' lang='lat' dir='ltr'><strong>tiebat</strong></span> <span class='ocrx_word' id='word_1_226' title='bbox 377 1753 486 1803; x_wconf 89' lang='lat' dir='ltr'><strong>mortua</strong></span> <span class='ocrx_word' id='word_1_227' title='bbox 499 1761 565 1802; x_wconf 89' lang='lat' dir='ltr'><strong>eum</strong></span> <span class='ocrx_word' id='word_1_228' title='bbox 581 1743 799 1816; x_wconf 79' lang='lat' dir='ltr'><strong>promulgatione</strong></span> <span class='ocrx_word' id='word_1_229' title='bbox 821 1740 887 1814; x_wconf 91' lang='lat' dir='ltr'><strong>legis</strong></span> <span class='ocrx_word' id='word_1_230' title='bbox 921 1738 1083 1811; x_wconf 89' lang='lat' dir='ltr'><strong>deputatos:</strong></span> <span class='ocrx_word' id='word_1_231' title='bbox 1096 1755 1164 1797; x_wconf 90' lang='lat' dir='ltr'><strong>nam</strong></span> <span class='ocrx_word' id='word_1_232' title='bbox 1180 1740 1215 1797; x_wconf 92' lang='lat' dir='ltr'><strong>ob</strong></span> <span class='ocrx_word' id='word_1_233' title='bbox 1229 1741 1299 1798; x_wconf 88' lang='lat' dir='ltr'><strong>banc</strong></span> <span class='ocrx_word' id='word_1_234' title='bbox 1314 1758 1428 1801; x_wconf 88' lang='lat' dir='ltr'><strong>causam</strong></span> <span class='ocrx_word' id='word_1_235' title='bbox 1444 1745 1558 1816; x_wconf 90' lang='lat' dir='ltr'><strong>apostoli</strong></span> <span class='ocrx_word' id='word_1_236' title='bbox 1569 1746 1727 1818; x_wconf 77' lang='lat' dir='ltr'><strong>specialiter</strong></span> 
     </span>
     <span class='ocr_line' id='line_1_17' title="bbox 84 1826 1726 1910; baseline 0 -16"><span class='ocrx_word' id='word_1_237' title='bbox 84 1855 187 1910; x_wconf 80' lang='lat' dir='ltr'><strong>nouae,</strong></span> <span class='ocrx_word' id='word_1_238' title='bbox 210 1855 242 1896; x_wconf 91' lang='lat' dir='ltr'><strong>ae</strong></span> <span class='ocrx_word' id='word_1_239' title='bbox 257 1837 372 1897; x_wconf 84' lang='lat' dir='ltr'><strong>subinde</strong></span> <span class='ocrx_word' id='word_1_240' title='bbox 387 1835 562 1907; x_wconf 83' lang='lat' dir='ltr'><strong>successive,</strong></span> <span class='ocrx_word' id='word_1_241' title='bbox 583 1850 637 1890; x_wconf 89' lang='lat' dir='ltr'><strong>non</strong></span> <span class='ocrx_word' id='word_1_242' title='bbox 653 1834 692 1889; x_wconf 89' lang='lat' dir='ltr'><strong>sic</strong></span> <span class='ocrx_word' id='word_1_243' title='bbox 706 1837 798 1889; x_wconf 92' lang='lat' dir='ltr'><strong>autem</strong></span> <span class='ocrx_word' id='word_1_244' title='bbox 814 1831 887 1887; x_wconf 89' lang='lat' dir='ltr'><strong>facta</strong></span> <span class='ocrx_word' id='word_1_245' title='bbox 921 1826 997 1883; x_wconf 88' lang='lat' dir='ltr'><strong>illum</strong></span> <span class='ocrx_word' id='word_1_246' title='bbox 1012 1827 1227 1901; x_wconf 90' lang='lat' dir='ltr'><strong>frequentabant</strong></span> <span class='ocrx_word' id='word_1_247' title='bbox 1238 1830 1271 1887; x_wconf 90' lang='lat' dir='ltr'><strong>ad</strong></span> <span class='ocrx_word' id='word_1_248' title='bbox 1285 1827 1435 1906; x_wconf 85' lang='lat' dir='ltr'><strong>or&#39;andum,</strong></span> <span class='ocrx_word' id='word_1_249' title='bbox 1449 1841 1481 1891; x_wconf 91' lang='lat' dir='ltr'><strong>nt</strong></span> <span class='ocrx_word' id='word_1_250' title='bbox 1491 1850 1524 1892; x_wconf 86' lang='lat' dir='ltr'><strong>ea</strong></span> <span class='ocrx_word' id='word_1_251' title='bbox 1534 1835 1649 1892; x_wconf 82' lang='lat' dir='ltr'><strong>dotibus</strong></span> <span class='ocrx_word' id='word_1_252' title='bbox 1660 1852 1726 1908; x_wconf 88' lang='lat' dir='ltr'><strong>apo·</strong></span> 
     </span>
     <span class='ocr_line' id='line_1_18' title="bbox 84 1917 1726 1999; baseline -0.001 -13"><span class='ocrx_word' id='word_1_253' title='bbox 84 1938 126 1986; x_wconf 91' lang='lat' dir='ltr'><strong>est</strong></span> <span class='ocrx_word' id='word_1_254' title='bbox 139 1928 300 1999; x_wconf 89' lang='lat' dir='ltr'><strong>mortifera,</strong></span> <span class='ocrx_word' id='word_1_255' title='bbox 321 1927 372 1985; x_wconf 83' lang='lat' dir='ltr'><strong>‘sed</strong></span> <span class='ocrx_word' id='word_1_256' title='bbox 387 1928 479 1999; x_wconf 89' lang='lat' dir='ltr'><strong>potios</strong></span> <span class='ocrx_word' id='word_1_257' title='bbox 498 1925 532 1983; x_wconf 91' lang='lat' dir='ltr'><strong>ad</strong></span> <span class='ocrx_word' id='word_1_258' title='bbox 546 1922 809 1982; x_wconf 84' lang='lat' dir='ltr'><strong>consummationem</strong></span> <span class='ocrx_word' id='word_1_259' title='bbox 823 1937 888 1993; x_wconf 91' lang='lat' dir='ltr'><strong>pro·</strong></span> <span class='ocrx_word' id='word_1_260' title='bbox 921 1917 1055 1975; x_wconf 88' lang='lat' dir='ltr'><strong>stolorum</strong></span> <span class='ocrx_word' id='word_1_261' title='bbox 1071 1924 1197 1976; x_wconf 88' lang='lat' dir='ltr'><strong>constat:</strong></span> <span class='ocrx_word' id='word_1_262' title='bbox 1213 1921 1334 1978; x_wconf 87' lang='lat' dir='ltr'><strong>Pontifex</strong></span> <span class='ocrx_word' id='word_1_263' title='bbox 1345 1923 1443 1993; x_wconf 89' lang='lat' dir='ltr'><strong>etiam,</strong></span> <span class='ocrx_word' id='word_1_264' title='bbox 1455 1927 1503 1998; x_wconf 87' lang='lat' dir='ltr'><strong>qni</strong></span> <span class='ocrx_word' id='word_1_265' title='bbox 1516 1932 1584 1983; x_wconf 91' lang='lat' dir='ltr'><strong>tunc</strong></span> <span class='ocrx_word' id='word_1_266' title='bbox 1601 1926 1726 1984; x_wconf 87' lang='lat' dir='ltr'><strong>officium</strong></span> 
     </span>
     <span class='ocr_line' id='line_1_19' title="bbox 85 2006 1727 2091; baseline 0.001 -17"><span class='ocrx_word' id='word_1_267' title='bbox 85 2018 261 2091; x_wconf 89' lang='lat' dir='ltr'><strong>mulgationis</strong></span> <span class='ocrx_word' id='word_1_268' title='bbox 276 2017 343 2090; x_wconf 90' lang='lat' dir='ltr'><strong>legis</strong></span> <span class='ocrx_word' id='word_1_269' title='bbox 358 2031 454 2086; x_wconf 74' lang='lat' dir='ltr'><strong>novae,</strong></span> <span class='ocrx_word' id='word_1_270' title='bbox 470 2019 499 2071; x_wconf 92' lang='grc' dir='ltr'><strong>ιι</strong></span> <span class='ocrx_word' id='word_1_271' title='bbox 511 2013 571 2071; x_wconf 85' lang='grc' dir='ltr'>ιιιι</span> <span class='ocrx_word' id='word_1_272' title='bbox 587 2013 660 2070; x_wconf 89' lang='lat' dir='ltr'><strong>sicut</strong></span> <span class='ocrx_word' id='word_1_273' title='bbox 673 2013 699 2069; x_wconf 90' lang='lat' dir='ltr'><strong>in</strong></span> <span class='ocrx_word' id='word_1_274' title='bbox 715 2028 769 2069; x_wconf 91' lang='lat' dir='ltr'><strong>uno</strong></span> <span class='ocrx_word' id='word_1_275' title='bbox 783 2016 887 2083; x_wconf 89' lang='lat' dir='ltr'><strong>puncto</strong></span> <span class='ocrx_word' id='word_1_276' title='bbox 921 2006 1050 2078; x_wconf 86' lang='lat' dir='ltr'><strong>gerebat,</strong></span> <span class='ocrx_word' id='word_1_277' title='bbox 1067 2023 1132 2064; x_wconf 86' lang='lat' dir='ltr'><strong>rere</strong></span> <span class='ocrx_word' id='word_1_278' title='bbox 1153 2009 1285 2066; x_wconf 91' lang='lat' dir='ltr'><strong>sacerdos</strong></span> <span class='ocrx_word' id='word_1_279' title='bbox 1300 2019 1370 2069; x_wconf 92' lang='lat' dir='ltr'><strong>erat.</strong></span> <span class='ocrx_word' id='word_1_280' title='bbox 1386 2011 1463 2070; x_wconf 88' lang='lat' dir='ltr'><strong>Unde</strong></span> <span class='ocrx_word' id='word_1_281' title='bbox 1476 2013 1578 2071; x_wconf 88' lang='lat' dir='ltr'><strong>Paulus</strong></span> <span class='ocrx_word' id='word_1_282' title='bbox 1591 2016 1727 2075; x_wconf 75' lang='lat' dir='ltr'><strong>Actorum</strong></span> 
     </span>
     <span class='ocr_line' id='line_1_20' title="bbox 85 2098 1727 2180; baseline -0.001 -17"><span class='ocrx_word' id='word_1_283' title='bbox 85 2107 241 2180; x_wconf 75' lang='lat' dir='ltr'><strong>{moraliter</strong></span> <span class='ocrx_word' id='word_1_284' title='bbox 259 2105 409 2180; x_wconf 76' lang='lat' dir='ltr'><strong>loquenda)</strong></span> <span class='ocrx_word' id='word_1_285' title='bbox 424 2103 606 2177; x_wconf 88' lang='lat' dir='ltr'><strong>promulgatio</strong></span> <span class='ocrx_word' id='word_1_286' title='bbox 625 2107 816 2159; x_wconf 87' lang='lat' dir='ltr'><strong>consummata</strong></span> <span class='ocrx_word' id='word_1_287' title='bbox 833 2105 885 2166; x_wconf 88' lang='lat' dir='ltr'><strong>est,</strong></span> <span class='ocrx_word' id='word_1_288' title='bbox 922 2111 984 2167; x_wconf 90' lang='lat' dir='ltr'><strong>cap.</strong></span> <span class='ocrx_word' id='word_1_289' title='bbox 997 2101 1044 2168; x_wconf 80' lang='lat'><strong>23,</strong></span> <span class='ocrx_word' id='word_1_290' title='bbox 1060 2112 1125 2153; x_wconf 87' lang='lat' dir='ltr'><strong>cunr</strong></span> <span class='ocrx_word' id='word_1_291' title='bbox 1137 2098 1170 2155; x_wconf 93' lang='lat' dir='ltr'><strong>ab</strong></span> <span class='ocrx_word' id='word_1_292' title='bbox 1183 2098 1241 2155; x_wconf 89' lang='lat' dir='ltr'><strong>aliis</strong></span> <span class='ocrx_word' id='word_1_293' title='bbox 1253 2102 1450 2172; x_wconf 74' lang='lat' dir='ltr'><strong>corriperetur,</strong></span> <span class='ocrx_word' id='word_1_294' title='bbox 1463 2117 1496 2159; x_wconf 91' lang='lat' dir='ltr'><strong>eo</strong></span> <span class='ocrx_word' id='word_1_295' title='bbox 1507 2101 1582 2175; x_wconf 90' lang='lat' dir='ltr'><strong>quod</strong></span> <span class='ocrx_word' id='word_1_296' title='bbox 1594 2105 1727 2162; x_wconf 80' lang='lat' dir='ltr'><strong>Ananiam</strong></span> 
     </span>
     <span class='ocr_line' id='line_1_21' title="bbox 86 2187 1726 2268; baseline 0 -18"><span class='ocrx_word' id='word_1_297' title='bbox 86 2195 121 2252; x_wconf 91' lang='lat' dir='ltr'><strong>ita</strong></span> <span class='ocrx_word' id='word_1_298' title='bbox 134 2197 159 2252; x_wconf 93' lang='lat' dir='ltr'><strong>in</strong></span> <span class='ocrx_word' id='word_1_299' title='bbox 175 2196 221 2252; x_wconf 92' lang='lat' dir='ltr'><strong>illo</strong></span> <span class='ocrx_word' id='word_1_300' title='bbox 236 2196 326 2268; x_wconf 90' lang='lat' dir='ltr'><strong>potuit</strong></span> <span class='ocrx_word' id='word_1_301' title='bbox 343 2194 462 2266; x_wconf 86' lang='lat' dir='ltr'><strong>incipere</strong></span> <span class='ocrx_word' id='word_1_302' title='bbox 480 2193 523 2250; x_wconf 89' lang='lat' dir='ltr'><strong>lex</strong></span> <span class='ocrx_word' id='word_1_303' title='bbox 538 2192 582 2248; x_wconf 90' lang='lat' dir='ltr'><strong>illa</strong></span> <span class='ocrx_word' id='word_1_304' title='bbox 597 2191 677 2248; x_wconf 90' lang='lat' dir='ltr'><strong>simul</strong></span> <span class='ocrx_word' id='word_1_305' title='bbox 692 2205 752 2246; x_wconf 89' lang='lat' dir='ltr'><strong>esse</strong></span> <span class='ocrx_word' id='word_1_306' title='bbox 769 2188 889 2244; x_wconf 88' lang='lat' dir='ltr'><strong>mortife-</strong></span> <span class='ocrx_word' id='word_1_307' title='bbox 922 2187 1071 2258; x_wconf 91' lang='lat' dir='ltr'><strong>principem</strong></span> <span class='ocrx_word' id='word_1_308' title='bbox 1089 2189 1266 2245; x_wconf 89' lang='lat' dir='ltr'><strong>sacerdotum</strong></span> <span class='ocrx_word' id='word_1_309' title='bbox 1280 2188 1478 2264; x_wconf 81' lang='lat' dir='ltr'><strong>maledixisset,</strong></span> <span class='ocrx_word' id='word_1_310' title='bbox 1494 2192 1650 2264; x_wconf 90' lang='lat' dir='ltr'><strong>respondit:</strong></span> <span class='ocrx_word' id='word_1_311' title='bbox 1667 2199 1726 2250; x_wconf 86' lang='lat' dir='ltr'><strong>Ne·</strong></span> 
     </span>
     <span class='ocr_line' id='line_1_22' title="bbox 85 2273 1725 2360; baseline 0.001 -19"><span class='ocrx_word' id='word_1_312' title='bbox 85 2301 113 2342; x_wconf 92' lang='lat' dir='ltr'><strong>ra</strong></span> <span class='ocrx_word' id='word_1_313' title='bbox 123 2327 130 2356; x_wconf 93' lang='lat'><strong>,</strong></span> <span class='ocrx_word' id='word_1_314' title='bbox 142 2286 208 2360; x_wconf 89' lang='lat' dir='ltr'><strong>quia</strong></span> <span class='ocrx_word' id='word_1_315' title='bbox 226 2286 278 2342; x_wconf 91' lang='lat' dir='ltr'><strong>iam</strong></span> <span class='ocrx_word' id='word_1_316' title='bbox 293 2289 482 2357; x_wconf 83' lang='lat' dir='ltr'><strong>praecesserat</strong></span> <span class='ocrx_word' id='word_1_317' title='bbox 494 2284 573 2356; x_wconf 88' lang='lat' dir='ltr'><strong>quasi</strong></span> <span class='ocrx_word' id='word_1_318' title='bbox 587 2280 728 2338; x_wconf 84' lang='lat' dir='ltr'><strong>sufficiens</strong></span> <span class='ocrx_word' id='word_1_319' title='bbox 745 2273 887 2351; x_wconf 84' lang='lat' dir='ltr'><strong>dispositio</strong></span> <span class='ocrx_word' id='word_1_320' title='bbox 922 2275 1061 2344; x_wconf 80' lang='lat' dir='ltr'><strong>sciebam,</strong></span> <span class='ocrx_word' id='word_1_321' title='bbox 1063 2275 1192 2346; x_wconf 84' lang='lat' dir='ltr'><strong>fratres,</strong></span> <span class='ocrx_word' id='word_1_322' title='bbox 1205 2277 1283 2352; x_wconf 76' lang='lat' dir='ltr'><strong>quod</strong></span> <span class='ocrx_word' id='word_1_323' title='bbox 1289 2283 1429 2354; x_wconf 78' lang='lat' dir='ltr'><strong>princeps</strong></span> <span class='ocrx_word' id='word_1_324' title='bbox 1437 2288 1510 2339; x_wconf 84' lang='lat' dir='ltr'><strong>esset</strong></span> <span class='ocrx_word' id='word_1_325' title='bbox 1522 2281 1725 2352; x_wconf 82' lang='lat' dir='ltr'><strong>sacerdotum.</strong></span> 
     </span>
     <span class='ocr_line' id='line_1_23' title="bbox 85 2365 1726 2447; baseline 0.001 -17"><span class='ocrx_word' id='word_1_326' title='bbox 85 2376 110 2430; x_wconf 93' lang='lat' dir='ltr'><strong>in</strong></span> <span class='ocrx_word' id='word_1_327' title='bbox 123 2383 180 2432; x_wconf 93' lang='lat' dir='ltr'><strong>toto</strong></span> <span class='ocrx_word' id='word_1_328' title='bbox 195 2375 272 2445; x_wconf 88' lang='lat' dir='ltr'><strong>orbe,</strong></span> <span class='ocrx_word' id='word_1_329' title='bbox 284 2389 333 2446; x_wconf 90' lang='lat' dir='ltr'><strong>per</strong></span> <span class='ocrx_word' id='word_1_330' title='bbox 343 2381 428 2431; x_wconf 90' lang='lat' dir='ltr'><strong>totam</strong></span> <span class='ocrx_word' id='word_1_331' title='bbox 443 2371 629 2430; x_wconf 83' lang='lat' dir='ltr'><strong>successivam</strong></span> <span class='ocrx_word' id='word_1_332' title='bbox 640 2369 887 2442; x_wconf 86' lang='lat' dir='ltr'><strong>promulgationem</strong></span> <span class='ocrx_word' id='word_1_333' title='bbox 922 2366 972 2423; x_wconf 87' lang='lat' dir='ltr'><strong>Ubi</strong></span> <span class='ocrx_word' id='word_1_334' title='bbox 987 2365 1085 2440; x_wconf 83' lang='lat' dir='ltr'><strong>Cbrys.</strong></span> <span class='ocrx_word' id='word_1_335' title='bbox 1101 2367 1320 2442; x_wconf 84' lang='lat' dir='ltr'><strong>affirmat,qucd</strong></span> <span class='ocrx_word' id='word_1_336' title='bbox 1329 2374 1355 2428; x_wconf 84' lang='lat' dir='ltr'><strong>si</strong></span> <span class='ocrx_word' id='word_1_337' title='bbox 1369 2371 1486 2429; x_wconf 84' lang='lat' dir='ltr'><strong>Paulus</strong></span> <span class='ocrx_word' id='word_1_338' title='bbox 1497 2389 1566 2430; x_wconf 81' lang='lat' dir='ltr'><strong>euna</strong></span> <span class='ocrx_word' id='word_1_339' title='bbox 1576 2378 1726 2447; x_wconf 77' lang='lat' dir='ltr'><strong>cognouis-</strong></span> 
     </span>
     <span class='ocr_line' id='line_1_24' title="bbox 87 2455 1726 2539; baseline 0.008 -28"><span class='ocrx_word' id='word_1_340' title='bbox 87 2465 151 2539; x_wconf 64' lang='lat' dir='ltr'><strong>tegja</strong></span> <span class='ocrx_word' id='word_1_341' title='bbox 165 2479 263 2521; x_wconf 63' lang='lat' dir='ltr'><strong>novas,</strong></span> <span class='ocrx_word' id='word_1_342' title='bbox 923 2460 974 2522; x_wconf 83' lang='lat' dir='ltr'><strong>set,</strong></span> <span class='ocrx_word' id='word_1_343' title='bbox 989 2456 1175 2524; x_wconf 77' lang='lat' dir='ltr'><strong>honorasset,</strong></span> <span class='ocrx_word' id='word_1_344' title='bbox 1189 2464 1217 2514; x_wconf 90' lang='lat' dir='ltr'><strong>et</strong></span> <span class='ocrx_word' id='word_1_345' title='bbox 1230 2459 1340 2516; x_wconf 90' lang='lat' dir='ltr'><strong>bomilia</strong></span> <span class='ocrx_word' id='word_1_346' title='bbox 1351 2463 1397 2518; x_wconf 86' lang='grc'><strong>39.</strong></span> <span class='ocrx_word' id='word_1_347' title='bbox 1414 2461 1439 2517; x_wconf 92' lang='grc' dir='ltr'><strong>ιι</strong></span> <span class='ocrx_word' id='word_1_348' title='bbox 1453 2455 1528 2520; x_wconf 84' lang='grc' dir='ltr'>ιιιιι.</span> <span class='ocrx_word' id='word_1_349' title='bbox 1541 2463 1593 2530; x_wconf 86' lang='grc' dir='ltr'>ιιι,</span> <span class='ocrx_word' id='word_1_350' title='bbox 1610 2465 1726 2524; x_wconf 87' lang='grc' dir='ltr'>Ριιιιιι</span> 
     </span>
     <span class='ocr_line' id='line_1_25' title="bbox 123 2546 1725 2619; baseline 0 -7"><span class='ocrx_word' id='word_1_351' title='bbox 123 2561 149 2612; x_wconf 85' lang='lat'><strong>8.</strong></span> <span class='ocrx_word' id='word_1_352' title='bbox 161 2556 252 2612; x_wconf 83' lang='lat' dir='ltr'><strong>ilices:</strong></span> <span class='ocrx_word' id='word_1_353' title='bbox 266 2557 320 2612; x_wconf 85' lang='lat' dir='ltr'><strong>Lex</strong></span> <span class='ocrx_word' id='word_1_354' title='bbox 334 2552 378 2609; x_wconf 90' lang='lat' dir='ltr'><strong>ills</strong></span> <span class='ocrx_word' id='word_1_355' title='bbox 392 2568 446 2609; x_wconf 91' lang='lat' dir='ltr'><strong>non</strong></span> <span class='ocrx_word' id='word_1_356' title='bbox 460 2557 503 2608; x_wconf 89' lang='lat' dir='ltr'><strong>est</strong></span> <span class='ocrx_word' id='word_1_357' title='bbox 516 2550 588 2607; x_wconf 91' lang='lat' dir='ltr'><strong>facta</strong></span> <span class='ocrx_word' id='word_1_358' title='bbox 602 2549 741 2606; x_wconf 88' lang='lat' dir='ltr'><strong>mortifera</strong></span> <span class='ocrx_word' id='word_1_359' title='bbox 755 2549 814 2605; x_wconf 91' lang='lat' dir='ltr'><strong>sine</strong></span> <span class='ocrx_word' id='word_1_360' title='bbox 828 2563 888 2619; x_wconf 91' lang='lat' dir='ltr'><strong>spe·</strong></span> <span class='ocrx_word' id='word_1_361' title='bbox 923 2547 1089 2617; x_wconf 89' lang='lat' dir='ltr'><strong>poenitentia</strong></span> <span class='ocrx_word' id='word_1_362' title='bbox 1101 2546 1219 2604; x_wconf 90' lang='lat' dir='ltr'><strong>ductum</strong></span> <span class='ocrx_word' id='word_1_363' title='bbox 1230 2565 1259 2605; x_wconf 91' lang='lat' dir='ltr'><strong>se</strong></span> <span class='ocrx_word' id='word_1_364' title='bbox 1270 2565 1428 2606; x_wconf 79' lang='lat' dir='ltr'><strong>excusasse.</strong></span> <span class='ocrx_word' id='word_1_365' title='bbox 1437 2552 1471 2608; x_wconf 82' lang='lat' dir='ltr'><strong>lit</strong></span> <span class='ocrx_word' id='word_1_366' title='bbox 1482 2551 1554 2610; x_wconf 89' lang='lat' dir='ltr'><strong>illam</strong></span> <span class='ocrx_word' id='word_1_367' title='bbox 1565 2557 1725 2612; x_wconf 87' lang='lat' dir='ltr'><strong>sententiam</strong></span> 
     </span>
     <span class='ocr_line' id='line_1_26' title="bbox 85 2635 1724 2718; baseline 0 -18"><span class='ocrx_word' id='word_1_368' title='bbox 85 2645 144 2702; x_wconf 87' lang='lat' dir='ltr'><strong>ciali</strong></span> <span class='ocrx_word' id='word_1_369' title='bbox 167 2643 346 2718; x_wconf 84' lang='lat' dir='ltr'><strong>prohibitione</strong></span> <span class='ocrx_word' id='word_1_370' title='bbox 366 2642 495 2701; x_wconf 89' lang='lat' dir='ltr'><strong>distincta</strong></span> <span class='ocrx_word' id='word_1_371' title='bbox 515 2641 548 2696; x_wconf 91' lang='lat' dir='ltr'><strong>ab</strong></span> <span class='ocrx_word' id='word_1_372' title='bbox 568 2639 627 2697; x_wconf 91' lang='lat' dir='ltr'><strong>aliis</strong></span> <span class='ocrx_word' id='word_1_373' title='bbox 648 2641 800 2712; x_wconf 88' lang='lat' dir='ltr'><strong>praeceptis</strong></span> <span class='ocrx_word' id='word_1_374' title='bbox 821 2639 888 2711; x_wconf 87' lang='lat' dir='ltr'><strong>legis</strong></span> <span class='ocrx_word' id='word_1_375' title='bbox 924 2635 1001 2692; x_wconf 87' lang='lat' dir='ltr'><strong>multi</strong></span> <span class='ocrx_word' id='word_1_376' title='bbox 1018 2643 1190 2710; x_wconf 88' lang='lat' dir='ltr'><strong>sequuntur,</strong></span> <span class='ocrx_word' id='word_1_377' title='bbox 1207 2645 1238 2696; x_wconf 92' lang='lat' dir='ltr'><strong>ul</strong></span> <span class='ocrx_word' id='word_1_378' title='bbox 1251 2642 1392 2714; x_wconf 81' lang='lat' dir='ltr'><strong>Lyraous,</strong></span> <span class='ocrx_word' id='word_1_379' title='bbox 1414 2641 1724 2718; x_wconf 78' lang='lat' dir='ltr'><strong>caietanus,1stdorus‚</strong></span> 
     </span>
     <span class='ocr_line' id='line_1_27' title="bbox 86 2726 1725 2815; baseline 0.001 -25"><span class='ocrx_word' id='word_1_380' title='bbox 86 2751 180 2793; x_wconf 84' lang='lat' dir='ltr'><strong>novae:</strong></span> <span class='ocrx_word' id='word_1_381' title='bbox 198 2737 265 2792; x_wconf 91' lang='lat' dir='ltr'><strong>baec</strong></span> <span class='ocrx_word' id='word_1_382' title='bbox 280 2741 371 2792; x_wconf 88' lang='lat' dir='ltr'><strong>autem</strong></span> <span class='ocrx_word' id='word_1_383' title='bbox 386 2731 531 2807; x_wconf 90' lang='lat' dir='ltr'><strong>probibitio</strong></span> <span class='ocrx_word' id='word_1_384' title='bbox 546 2747 598 2787; x_wconf 90' lang='lat' dir='ltr'><strong>non</strong></span> <span class='ocrx_word' id='word_1_385' title='bbox 610 2737 717 2802; x_wconf 91' lang='lat' dir='ltr'><strong>poterat</strong></span> <span class='ocrx_word' id='word_1_386' title='bbox 731 2729 813 2786; x_wconf 90' lang='lat' dir='ltr'><strong>simul</strong></span> <span class='ocrx_word' id='word_1_387' title='bbox 825 2745 887 2801; x_wconf 92' lang='lat' dir='ltr'><strong>pro·</strong></span> <span class='ocrx_word' id='word_1_388' title='bbox 923 2726 1036 2798; x_wconf 88' lang='lat' dir='ltr'><strong>Clarus,</strong></span> <span class='ocrx_word' id='word_1_389' title='bbox 1051 2734 1080 2783; x_wconf 90' lang='lat' dir='ltr'><strong>ct</strong></span> <span class='ocrx_word' id='word_1_390' title='bbox 1094 2727 1197 2783; x_wconf 89' lang='lat' dir='ltr'><strong>indicat</strong></span> <span class='ocrx_word' id='word_1_391' title='bbox 1210 2730 1292 2785; x_wconf 89' lang='lat' dir='ltr'><strong>etiam</strong></span> <span class='ocrx_word' id='word_1_392' title='bbox 1308 2729 1428 2815; x_wconf 86' lang='lat' dir='ltr'><strong>Tbeopb.</strong></span> <span class='ocrx_word' id='word_1_393' title='bbox 1444 2730 1574 2797; x_wconf 84' lang='lat' dir='ltr'><strong>Quamvis</strong></span> <span class='ocrx_word' id='word_1_394' title='bbox 1590 2733 1632 2789; x_wconf 87' lang='lat' dir='ltr'><strong>alil</strong></span> <span class='ocrx_word' id='word_1_395' title='bbox 1646 2733 1725 2792; x_wconf 87' lang='lat' dir='ltr'><strong>aliter</strong></span> 
     </span>
     <span class='ocr_line' id='line_1_28' title="bbox 86 2817 1725 2898; baseline 0 -16"><span class='ocrx_word' id='word_1_396' title='bbox 86 2828 144 2898; x_wconf 89' lang='lat' dir='ltr'><strong>poni</strong></span> <span class='ocrx_word' id='word_1_397' title='bbox 170 2827 300 2882; x_wconf 87' lang='lat' dir='ltr'><strong>universo</strong></span> <span class='ocrx_word' id='word_1_398' title='bbox 315 2824 388 2896; x_wconf 92' lang='lat' dir='ltr'><strong>orbi,</strong></span> <span class='ocrx_word' id='word_1_399' title='bbox 411 2837 461 2879; x_wconf 88' lang='lat' dir='ltr'><strong>nec</strong></span> <span class='ocrx_word' id='word_1_400' title='bbox 487 2821 700 2894; x_wconf 89' lang='lat' dir='ltr'><strong>praedicabatur</strong></span> <span class='ocrx_word' id='word_1_401' title='bbox 720 2818 801 2875; x_wconf 92' lang='lat' dir='ltr'><strong>simul</strong></span> <span class='ocrx_word' id='word_1_402' title='bbox 822 2834 887 2875; x_wconf 92' lang='lat' dir='ltr'><strong>com</strong></span> <span class='ocrx_word' id='word_1_403' title='bbox 923 2823 1076 2887; x_wconf 88' lang='lat' dir='ltr'><strong>exponant,</strong></span> <span class='ocrx_word' id='word_1_404' title='bbox 1093 2817 1273 2889; x_wconf 88' lang='lat' dir='ltr'><strong>ignorantiam</strong></span> <span class='ocrx_word' id='word_1_405' title='bbox 1288 2818 1360 2876; x_wconf 87' lang='lat' dir='ltr'><strong>illam</strong></span> <span class='ocrx_word' id='word_1_406' title='bbox 1375 2821 1452 2878; x_wconf 90' lang='lat' dir='ltr'><strong>Pauli</strong></span> <span class='ocrx_word' id='word_1_407' title='bbox 1464 2838 1513 2892; x_wconf 91' lang='lat' dir='ltr'><strong>per</strong></span> <span class='ocrx_word' id='word_1_408' title='bbox 1524 2823 1640 2896; x_wconf 89' lang='lat' dir='ltr'><strong>liguram</strong></span> <span class='ocrx_word' id='word_1_409' title='bbox 1650 2832 1678 2882; x_wconf 92' lang='lat' dir='ltr'><strong>et</strong></span> <span class='ocrx_word' id='word_1_410' title='bbox 1690 2827 1725 2882; x_wconf 89' lang='lat' dir='ltr'><strong>si-</strong></span> 
     </span>
     <span class='ocr_line' id='line_1_29' title="bbox 87 2906 1722 2989; baseline 0 -19"><span class='ocrx_word' id='word_1_411' title='bbox 87 2916 142 2989; x_wconf 89' lang='lat' dir='ltr'><strong>lege</strong></span> <span class='ocrx_word' id='word_1_412' title='bbox 160 2931 243 2987; x_wconf 86' lang='lat' dir='ltr'><strong>nova;</strong></span> <span class='ocrx_word' id='word_1_413' title='bbox 256 2931 322 2987; x_wconf 90' lang='lat' dir='ltr'><strong>ergo</strong></span> <span class='ocrx_word' id='word_1_414' title='bbox 336 2931 389 2971; x_wconf 90' lang='lat' dir='ltr'><strong>noo</strong></span> <span class='ocrx_word' id='word_1_415' title='bbox 404 2915 492 2986; x_wconf 90' lang='lat' dir='ltr'><strong>potuit</strong></span> <span class='ocrx_word' id='word_1_416' title='bbox 507 2919 601 2985; x_wconf 88' lang='lat' dir='ltr'><strong>postea</strong></span> <span class='ocrx_word' id='word_1_417' title='bbox 615 2911 795 2969; x_wconf 84' lang='lat' dir='ltr'><strong>simultatum</strong></span> <span class='ocrx_word' id='word_1_418' title='bbox 810 2927 889 2966; x_wconf 92' lang='lat' dir='ltr'><strong>mun·</strong></span> <span class='ocrx_word' id='word_1_419' title='bbox 924 2906 1098 2963; x_wconf 87' lang='lat' dir='ltr'><strong>mutationem</strong></span> <span class='ocrx_word' id='word_1_420' title='bbox 1111 2908 1333 2982; x_wconf 89' lang='lat' dir='ltr'><strong>interpretando,</strong></span> <span class='ocrx_word' id='word_1_421' title='bbox 1349 2909 1423 2984; x_wconf 85' lang='lat' dir='ltr'><strong>quod</strong></span> <span class='ocrx_word' id='word_1_422' title='bbox 1436 2910 1501 2968; x_wconf 91' lang='lat' dir='ltr'><strong>mibi</strong></span> <span class='ocrx_word' id='word_1_423' title='bbox 1512 2914 1722 2985; x_wconf 82' lang='lat' dir='ltr'><strong>conprobatur.</strong></span> 
     </span>
     <span class='ocr_line' id='line_1_30' title="bbox 85 2983 1725 3078; baseline -0.001 -16"><span class='ocrx_word' id='word_1_424' title='bbox 85 3005 149 3064; x_wconf 92' lang='lat' dir='ltr'><strong>dum</strong></span> <span class='ocrx_word' id='word_1_425' title='bbox 174 3003 311 3078; x_wconf 69' lang='lat' dir='ltr'><strong>obligare,</strong></span> <span class='ocrx_word' id='word_1_426' title='bbox 334 3020 400 3077; x_wconf 91' lang='lat' dir='ltr'><strong>ergo</strong></span> <span class='ocrx_word' id='word_1_427' title='bbox 422 3019 476 3059; x_wconf 93' lang='lat' dir='ltr'><strong>non</strong></span> <span class='ocrx_word' id='word_1_428' title='bbox 491 2983 581 3075; x_wconf 72' lang='lat' dir='ltr'><strong>potuit</strong></span> <span class='ocrx_word' id='word_1_429' title='bbox 600 3001 643 3058; x_wconf 91' lang='lat' dir='ltr'><strong>illa</strong></span> <span class='ocrx_word' id='word_1_430' title='bbox 664 3002 706 3059; x_wconf 92' lang='lat' dir='ltr'><strong>lex</strong></span> <span class='ocrx_word' id='word_1_431' title='bbox 727 3000 808 3057; x_wconf 89' lang='lat' dir='ltr'><strong>simul</strong></span> <span class='ocrx_word' id='word_1_432' title='bbox 829 3015 889 3056; x_wconf 90' lang='lat' dir='ltr'><strong>esse</strong></span> <span class='ocrx_word' id='word_1_433' title='bbox 924 2997 1093 3068; x_wconf 85' lang='lat' dir='ltr'><strong>Significavit</strong></span> <span class='ocrx_word' id='word_1_434' title='bbox 1106 3012 1172 3070; x_wconf 88' lang='lat' dir='ltr'><strong>ergo</strong></span> <span class='ocrx_word' id='word_1_435' title='bbox 1186 2998 1304 3071; x_wconf 88' lang='lat' dir='ltr'><strong>Paulos,</strong></span> <span class='ocrx_word' id='word_1_436' title='bbox 1320 3014 1351 3056; x_wconf 94' lang='grc' dir='ltr'><strong>ιι</strong></span> <span class='ocrx_word' id='word_1_437' title='bbox 1367 3007 1489 3072; x_wconf 86' lang='lat' dir='ltr'><strong>ternpore</strong></span> <span class='ocrx_word' id='word_1_438' title='bbox 1503 3001 1624 3059; x_wconf 88' lang='lat' dir='ltr'><strong>nondum</strong></span> <span class='ocrx_word' id='word_1_439' title='bbox 1639 3004 1725 3066; x_wconf 80' lang='lat' dir='ltr'><strong>titisse</strong></span> 
     </span>
     <span class='ocr_line' id='line_1_31' title="bbox 86 3086 1723 3168; baseline -0.002 -14"><span class='ocrx_word' id='word_1_440' title='bbox 86 3097 222 3154; x_wconf 90' lang='lat' dir='ltr'><strong>mortifera</strong></span> <span class='ocrx_word' id='word_1_441' title='bbox 243 3112 292 3168; x_wconf 93' lang='lat' dir='ltr'><strong>pro</strong></span> <span class='ocrx_word' id='word_1_442' title='bbox 307 3101 365 3153; x_wconf 92' lang='lat' dir='ltr'><strong>toto</strong></span> <span class='ocrx_word' id='word_1_443' title='bbox 381 3093 494 3150; x_wconf 89' lang='lat' dir='ltr'><strong>muodo.</strong></span> <span class='ocrx_word' id='word_1_444' title='bbox 510 3091 688 3166; x_wconf 72' lang='lat' dir='ltr'><strong>despondeo,</strong></span> <span class='ocrx_word' id='word_1_445' title='bbox 710 3091 777 3147; x_wconf 90' lang='lat' dir='ltr'><strong>satis</strong></span> <span class='ocrx_word' id='word_1_446' title='bbox 791 3089 889 3162; x_wconf 93' lang='lat' dir='ltr'><strong>proba·</strong></span> <span class='ocrx_word' id='word_1_447' title='bbox 923 3086 1082 3144; x_wconf 88' lang='lat' dir='ltr'><strong>sacerdotes</strong></span> <span class='ocrx_word' id='word_1_448' title='bbox 1109 3086 1211 3159; x_wconf 90' lang='lat' dir='ltr'><strong>legales</strong></span> <span class='ocrx_word' id='word_1_449' title='bbox 1236 3103 1286 3144; x_wconf 90' lang='lat' dir='ltr'><strong>sua</strong></span> <span class='ocrx_word' id='word_1_450' title='bbox 1311 3087 1439 3162; x_wconf 89' lang='lat' dir='ltr'><strong>dignitate</strong></span> <span class='ocrx_word' id='word_1_451' title='bbox 1459 3093 1574 3148; x_wconf 89' lang='lat' dir='ltr'><strong>omnino·</strong></span> <span class='ocrx_word' id='word_1_452' title='bbox 1592 3093 1723 3166; x_wconf 73' lang='lat' dir='ltr'><strong>priuatos,</strong></span> 
     </span>
     <span class='ocr_line' id='line_1_32' title="bbox 86 3176 1727 3258; baseline 0.001 -18"><span class='ocrx_word' id='word_1_453' title='bbox 86 3185 137 3243; x_wconf 91' lang='lat' dir='ltr'><strong>bile</strong></span> <span class='ocrx_word' id='word_1_454' title='bbox 155 3201 235 3258; x_wconf 88' lang='lat' dir='ltr'><strong>esse,</strong></span> <span class='ocrx_word' id='word_1_455' title='bbox 256 3183 394 3257; x_wconf 89' lang='lat' dir='ltr'><strong>apostolos</strong></span> <span class='ocrx_word' id='word_1_456' title='bbox 412 3191 548 3240; x_wconf 87' lang='lat' dir='ltr'><strong>eteorum</strong></span> <span class='ocrx_word' id='word_1_457' title='bbox 563 3181 713 3254; x_wconf 89' lang='lat' dir='ltr'><strong>discipulos</strong></span> <span class='ocrx_word' id='word_1_458' title='bbox 728 3179 808 3237; x_wconf 90' lang='lat' dir='ltr'><strong>simul</strong></span> <span class='ocrx_word' id='word_1_459' title='bbox 823 3195 887 3236; x_wconf 88' lang='lat' dir='ltr'><strong>cum</strong></span> <span class='ocrx_word' id='word_1_460' title='bbox 923 3176 996 3249; x_wconf 85' lang='lat' dir='ltr'><strong>qtrod</strong></span> <span class='ocrx_word' id='word_1_461' title='bbox 1012 3184 1101 3234; x_wconf 83' lang='lat' dir='ltr'><strong>tamen</strong></span> <span class='ocrx_word' id='word_1_462' title='bbox 1115 3178 1272 3233; x_wconf 90' lang='lat' dir='ltr'><strong>necessario</strong></span> <span class='ocrx_word' id='word_1_463' title='bbox 1283 3177 1428 3236; x_wconf 89' lang='lat' dir='ltr'><strong>dicendum</strong></span> <span class='ocrx_word' id='word_1_464' title='bbox 1443 3187 1527 3251; x_wconf 88' lang='lat' dir='ltr'><strong>esset,</strong></span> <span class='ocrx_word' id='word_1_465' title='bbox 1540 3181 1562 3236; x_wconf 89' lang='lat' dir='ltr'><strong>si</strong></span> <span class='ocrx_word' id='word_1_466' title='bbox 1577 3181 1618 3238; x_wconf 87' lang='lat' dir='ltr'><strong>lex</strong></span> <span class='ocrx_word' id='word_1_467' title='bbox 1630 3183 1727 3242; x_wconf 90' lang='lat' dir='ltr'><strong>fuisset</strong></span> 
     </span>
     <span class='ocr_line' id='line_1_33' title="bbox 86 3267 1725 3349; baseline -0.002 -16"><span class='ocrx_word' id='word_1_468' title='bbox 86 3275 224 3349; x_wconf 87' lang='lat' dir='ltr'><strong>evangelio</strong></span> <span class='ocrx_word' id='word_1_469' title='bbox 240 3274 425 3347; x_wconf 85' lang='lat' dir='ltr'><strong>praedicasse,</strong></span> <span class='ocrx_word' id='word_1_470' title='bbox 441 3278 470 3329; x_wconf 96' lang='grc' dir='ltr'><strong>ιι</strong></span> <span class='ocrx_word' id='word_1_471' title='bbox 482 3271 610 3329; x_wconf 89' lang='lat' dir='ltr'><strong>docuisse</strong></span> <span class='ocrx_word' id='word_1_472' title='bbox 624 3270 725 3342; x_wconf 88' lang='lat' dir='ltr'><strong>fideles,</strong></span> <span class='ocrx_word' id='word_1_473' title='bbox 742 3269 827 3342; x_wconf 87' lang='lat' dir='ltr'><strong>legem</strong></span> <span class='ocrx_word' id='word_1_474' title='bbox 842 3283 888 3325; x_wconf 88' lang='lat' dir='ltr'><strong>ve·</strong></span> <span class='ocrx_word' id='word_1_475' title='bbox 924 3274 1031 3324; x_wconf 91' lang='lat' dir='ltr'><strong>mortae</strong></span> <span class='ocrx_word' id='word_1_476' title='bbox 1042 3269 1123 3324; x_wconf 89' lang='lat' dir='ltr'><strong>etiarn</strong></span> <span class='ocrx_word' id='word_1_477' title='bbox 1137 3268 1229 3342; x_wconf 86' lang='lat' dir='ltr'><strong>quoad</strong></span> <span class='ocrx_word' id='word_1_478' title='bbox 1245 3267 1457 3342; x_wconf 73' lang='lat' dir='ltr'><strong>institutionem,</strong></span> <span class='ocrx_word' id='word_1_479' title='bbox 1471 3271 1535 3345; x_wconf 90' lang='lat' dir='ltr'><strong>quia</strong></span> <span class='ocrx_word' id='word_1_480' title='bbox 1552 3272 1624 3328; x_wconf 88' lang='lat' dir='ltr'><strong>sieut</strong></span> <span class='ocrx_word' id='word_1_481' title='bbox 1638 3278 1725 3330; x_wconf 89' lang='lat' dir='ltr'><strong>trans-</strong></span> 
     </span>
     <span class='ocr_line' id='line_1_34' title="bbox 87 3357 1727 3440; baseline -0.002 -18"><span class='ocrx_word' id='word_1_482' title='bbox 87 3373 182 3431; x_wconf 86' lang='lat' dir='ltr'><strong>terem,</strong></span> <span class='ocrx_word' id='word_1_483' title='bbox 198 3381 270 3440; x_wconf 89' lang='lat' dir='ltr'><strong>quae</strong></span> <span class='ocrx_word' id='word_1_484' title='bbox 283 3367 335 3422; x_wconf 90' lang='lat' dir='ltr'><strong>iam</strong></span> <span class='ocrx_word' id='word_1_485' title='bbox 350 3379 403 3422; x_wconf 91' lang='lat' dir='ltr'><strong>non</strong></span> <span class='ocrx_word' id='word_1_486' title='bbox 417 3362 529 3434; x_wconf 90' lang='lat' dir='ltr'><strong>obligat,</strong></span> <span class='ocrx_word' id='word_1_487' title='bbox 542 3361 630 3418; x_wconf 90' lang='lat' dir='ltr'><strong>solum</strong></span> <span class='ocrx_word' id='word_1_488' title='bbox 641 3360 677 3418; x_wconf 90' lang='lat' dir='ltr'><strong>ad</strong></span> <span class='ocrx_word' id='word_1_489' title='bbox 687 3366 797 3431; x_wconf 89' lang='lat' dir='ltr'><strong>tempus</strong></span> <span class='ocrx_word' id='word_1_490' title='bbox 806 3358 889 3414; x_wconf 89' lang='lat' dir='ltr'><strong>fuisse</strong></span> <span class='ocrx_word' id='word_1_491' title='bbox 924 3359 978 3414; x_wconf 89' lang='lat' dir='ltr'><strong>lato</strong></span> <span class='ocrx_word' id='word_1_492' title='bbox 991 3357 1147 3416; x_wconf 89' lang='lat' dir='ltr'><strong>sacerdotio</strong></span> <span class='ocrx_word' id='word_1_493' title='bbox 1162 3358 1329 3415; x_wconf 76' lang='lat' dir='ltr'><strong>transfertur</strong></span> <span class='ocrx_word' id='word_1_494' title='bbox 1338 3358 1399 3430; x_wconf 80' lang='lat' dir='ltr'><strong>lex3</strong></span> <span class='ocrx_word' id='word_1_495' title='bbox 1412 3361 1449 3416; x_wconf 89' lang='grc' dir='ltr'><strong>ιιι</strong></span> <span class='ocrx_word' id='word_1_496' title='bbox 1461 3375 1537 3417; x_wconf 89' lang='lat' dir='ltr'><strong>mors</strong></span> <span class='ocrx_word' id='word_1_497' title='bbox 1553 3359 1621 3433; x_wconf 89' lang='lat' dir='ltr'><strong>legis</strong></span> <span class='ocrx_word' id='word_1_498' title='bbox 1635 3361 1727 3435; x_wconf 89' lang='lat' dir='ltr'><strong>quoad</strong></span> 
     </span>
     <span class='ocr_line' id='line_1_35' title="bbox 87 3447 1726 3527; baseline -0.002 -15"><span class='ocrx_word' id='word_1_499' title='bbox 87 3458 246 3527; x_wconf 89' lang='lat' dir='ltr'><strong>permissam</strong></span> <span class='ocrx_word' id='word_1_500' title='bbox 261 3463 372 3527; x_wconf 92' lang='lat' dir='ltr'><strong>propter</strong></span> <span class='ocrx_word' id='word_1_501' title='bbox 387 3453 518 3510; x_wconf 87' lang='lat' dir='ltr'><strong>bonorem</strong></span> <span class='ocrx_word' id='word_1_502' title='bbox 532 3453 603 3522; x_wconf 88' lang='lat' dir='ltr'><strong>eius,</strong></span> <span class='ocrx_word' id='word_1_503' title='bbox 615 3458 643 3508; x_wconf 92' lang='lat' dir='ltr'><strong>et</strong></span> <span class='ocrx_word' id='word_1_504' title='bbox 653 3456 765 3522; x_wconf 89' lang='lat' dir='ltr'><strong>propter</strong></span> <span class='ocrx_word' id='word_1_505' title='bbox 780 3447 888 3504; x_wconf 83' lang='lat' dir='ltr'><strong>suario·</strong></span> <span class='ocrx_word' id='word_1_506' title='bbox 922 3448 1124 3505; x_wconf 87' lang='lat' dir='ltr'><strong>institutionem</strong></span> <span class='ocrx_word' id='word_1_507' title='bbox 1138 3454 1183 3504; x_wconf 90' lang='lat' dir='ltr'><strong>est</strong></span> <span class='ocrx_word' id='word_1_508' title='bbox 1195 3447 1303 3520; x_wconf 88' lang='lat' dir='ltr'><strong>signum</strong></span> <span class='ocrx_word' id='word_1_509' title='bbox 1319 3448 1468 3505; x_wconf 89' lang='lat' dir='ltr'><strong>sacerdotii</strong></span> <span class='ocrx_word' id='word_1_510' title='bbox 1481 3451 1611 3523; x_wconf 82' lang='lat' dir='ltr'><strong>emortui3</strong></span> <span class='ocrx_word' id='word_1_511' title='bbox 1627 3467 1726 3524; x_wconf 91' lang='lat' dir='ltr'><strong>ergoe</strong></span> 
     </span>
     <span class='ocr_line' id='line_1_36' title="bbox 88 3535 1725 3618; baseline -0.001 -18"><span class='ocrx_word' id='word_1_512' title='bbox 88 3543 141 3602; x_wconf 83' lang='lat' dir='ltr'><strong>&#39;rem</strong></span> <span class='ocrx_word' id='word_1_513' title='bbox 165 3546 211 3603; x_wconf 85' lang='lat' dir='ltr'><strong>Dei</strong></span> <span class='ocrx_word' id='word_1_514' title='bbox 226 3543 442 3618; x_wconf 88' lang='lat' dir='ltr'><strong>providentiam,</strong></span> <span class='ocrx_word' id='word_1_515' title='bbox 464 3549 495 3599; x_wconf 94' lang='lat' dir='ltr'><strong>ut</strong></span> <span class='ocrx_word' id='word_1_516' title='bbox 508 3539 613 3596; x_wconf 89' lang='lat' dir='ltr'><strong>facilior</strong></span> <span class='ocrx_word' id='word_1_517' title='bbox 632 3541 707 3596; x_wconf 89' lang='lat' dir='ltr'><strong>tieret</strong></span> <span class='ocrx_word' id='word_1_518' title='bbox 726 3535 888 3594; x_wconf 91' lang='lat' dir='ltr'><strong>iudaeorum</strong></span> <span class='ocrx_word' id='word_1_519' title='bbox 923 3551 1075 3608; x_wconf 84' lang='lat' dir='ltr'><strong>converso,</strong></span> <span class='ocrx_word' id='word_1_520' title='bbox 1091 3538 1114 3592; x_wconf 89' lang='lat' dir='ltr'><strong>si</strong></span> <span class='ocrx_word' id='word_1_521' title='bbox 1136 3536 1314 3595; x_wconf 88' lang='lat' dir='ltr'><strong>sacerdotalis</strong></span> <span class='ocrx_word' id='word_1_522' title='bbox 1328 3537 1446 3612; x_wconf 91' lang='lat' dir='ltr'><strong>dignitas</strong></span> <span class='ocrx_word' id='word_1_523' title='bbox 1460 3539 1594 3612; x_wconf 90' lang='lat' dir='ltr'><strong>durabat,</strong></span> <span class='ocrx_word' id='word_1_524' title='bbox 1609 3555 1725 3599; x_wconf 86' lang='lat' dir='ltr'><strong>necesse</strong></span> 
     </span>
     <span class='ocr_line' id='line_1_37' title="bbox 87 3626 1725 3704; baseline -0.002 -14"><span class='ocrx_word' id='word_1_525' title='bbox 87 3635 240 3704; x_wconf 82' lang='lat' dir='ltr'><strong>conversio,</strong></span> <span class='ocrx_word' id='word_1_526' title='bbox 249 3635 393 3704; x_wconf 85' lang='lat' dir='ltr'><strong>omnisque</strong></span> <span class='ocrx_word' id='word_1_527' title='bbox 404 3628 711 3703; x_wconf 88' lang='lat' dir='ltr'><strong>peccandioccasioillls</strong></span> <span class='ocrx_word' id='word_1_528' title='bbox 720 3626 886 3699; x_wconf 82' lang='lat' dir='ltr'><strong>auferretur3</strong></span> <span class='ocrx_word' id='word_1_529' title='bbox 922 3634 977 3696; x_wconf 89' lang='lat' dir='ltr'><strong>est,</strong></span> <span class='ocrx_word' id='word_1_530' title='bbox 995 3632 1026 3682; x_wconf 88' lang='lat' dir='ltr'><strong>ut</strong></span> <span class='ocrx_word' id='word_1_531' title='bbox 1038 3626 1119 3682; x_wconf 90' lang='lat' dir='ltr'><strong>etiam</strong></span> <span class='ocrx_word' id='word_1_532' title='bbox 1133 3626 1249 3683; x_wconf 89' lang='lat' dir='ltr'><strong>duraret</strong></span> <span class='ocrx_word' id='word_1_533' title='bbox 1259 3627 1326 3700; x_wconf 87' lang='lat' dir='ltr'><strong>legis</strong></span> <span class='ocrx_word' id='word_1_534' title='bbox 1338 3627 1484 3686; x_wconf 87' lang='lat' dir='ltr'><strong>institutio.</strong></span> <span class='ocrx_word' id='word_1_535' title='bbox 1497 3629 1533 3686; x_wconf 84' lang='lat' dir='ltr'><strong>Et</strong></span> <span class='ocrx_word' id='word_1_536' title='bbox 1543 3628 1604 3685; x_wconf 89' lang='lat' dir='ltr'><strong>inde</strong></span> <span class='ocrx_word' id='word_1_537' title='bbox 1617 3631 1646 3686; x_wconf 90' lang='lat' dir='ltr'><strong>tit</strong></span> <span class='ocrx_word' id='word_1_538' title='bbox 1657 3647 1725 3688; x_wconf 86' lang='lat' dir='ltr'><strong>con·</strong></span> 
     </span>
     <span class='ocr_line' id='line_1_38' title="bbox 86 3715 1725 3795; baseline -0.001 -14"><span class='ocrx_word' id='word_1_539' title='bbox 86 3724 167 3794; x_wconf 91' lang='lat' dir='ltr'><strong>paulo</strong></span> <span class='ocrx_word' id='word_1_540' title='bbox 182 3731 272 3780; x_wconf 90' lang='lat' dir='ltr'><strong>tamen</strong></span> <span class='ocrx_word' id='word_1_541' title='bbox 284 3729 348 3794; x_wconf 86' lang='lat' dir='ltr'><strong>post</strong></span> <span class='ocrx_word' id='word_1_542' title='bbox 361 3721 445 3778; x_wconf 91' lang='lat' dir='ltr'><strong>fuisse</strong></span> <span class='ocrx_word' id='word_1_543' title='bbox 460 3721 570 3776; x_wconf 89' lang='lat' dir='ltr'><strong>omnino</strong></span> <span class='ocrx_word' id='word_1_544' title='bbox 585 3717 741 3786; x_wconf 87' lang='lat' dir='ltr'><strong>delendam,</strong></span> <span class='ocrx_word' id='word_1_545' title='bbox 754 3726 783 3774; x_wconf 91' lang='lat' dir='ltr'><strong>et</strong></span> <span class='ocrx_word' id='word_1_546' title='bbox 797 3715 888 3788; x_wconf 92' lang='lat' dir='ltr'><strong>probi·</strong></span> <span class='ocrx_word' id='word_1_547' title='bbox 923 3733 1056 3789; x_wconf 82' lang='lat' dir='ltr'><strong>sequens,</strong></span> <span class='ocrx_word' id='word_1_548' title='bbox 1070 3722 1100 3772; x_wconf 90' lang='grc' dir='ltr'><strong>ιι</strong></span> <span class='ocrx_word' id='word_1_549' title='bbox 1112 3715 1183 3773; x_wconf 89' lang='lat' dir='ltr'><strong>idem</strong></span> <span class='ocrx_word' id='word_1_550' title='bbox 1198 3717 1232 3772; x_wconf 91' lang='grc' dir='ltr'><strong>ιιι</strong></span> <span class='ocrx_word' id='word_1_551' title='bbox 1242 3715 1389 3774; x_wconf 89' lang='lat' dir='ltr'><strong>dicendum</strong></span> <span class='ocrx_word' id='word_1_552' title='bbox 1400 3717 1434 3774; x_wconf 93' lang='lat' dir='ltr'><strong>de</strong></span> <span class='ocrx_word' id='word_1_553' title='bbox 1447 3719 1590 3792; x_wconf 88' lang='lat' dir='ltr'><strong>sacrificio,</strong></span> <span class='ocrx_word' id='word_1_554' title='bbox 1603 3718 1637 3776; x_wconf 92' lang='lat' dir='ltr'><strong>ad</strong></span> <span class='ocrx_word' id='word_1_555' title='bbox 1648 3721 1725 3795; x_wconf 87' lang='lat' dir='ltr'><strong>qood</strong></span> 
     </span>
     <span class='ocr_line' id='line_1_39' title="bbox 85 3806 1284 3884; baseline -0.005 -16"><span class='ocrx_word' id='word_1_556' title='bbox 85 3813 202 3871; x_wconf 90' lang='lat' dir='ltr'><strong>bendam</strong></span> <span class='ocrx_word' id='word_1_557' title='bbox 219 3817 282 3884; x_wconf 92' lang='lat' dir='ltr'><strong>post</strong></span> <span class='ocrx_word' id='word_1_558' title='bbox 300 3810 470 3868; x_wconf 83' lang='lat' dir='ltr'><strong>sufficienter</strong></span> <span class='ocrx_word' id='word_1_559' title='bbox 484 3809 648 3880; x_wconf 88' lang='lat' dir='ltr'><strong>completam</strong></span> <span class='ocrx_word' id='word_1_560' title='bbox 663 3806 796 3880; x_wconf 84' lang='lat' dir='ltr'><strong>euangelii</strong></span> <span class='ocrx_word' id='word_1_561' title='bbox 810 3821 888 3878; x_wconf 90' lang='lat' dir='ltr'><strong>proo·</strong></span> <span class='ocrx_word' id='word_1_562' title='bbox 923 3806 1109 3864; x_wconf 88' lang='lat' dir='ltr'><strong>sacerdotium</strong></span> <span class='ocrx_word' id='word_1_563' title='bbox 1128 3806 1284 3864; x_wconf 89' lang='lat' dir='ltr'><strong>ordinator.</strong></span> 
     </span>
     <span class='ocr_line' id='line_1_40' title="bbox 86 3893 1723 3976; baseline 0 -18"><span class='ocrx_word' id='word_1_564' title='bbox 86 3893 262 3961; x_wconf 80' lang='lat' dir='ltr'><strong>dicationem.</strong></span> <span class='ocrx_word' id='word_1_565' title='bbox 275 3905 365 3976; x_wconf 79' lang='lat' dir='ltr'><strong>Atque</strong></span> <span class='ocrx_word' id='word_1_566' title='bbox 377 3903 414 3958; x_wconf 91' lang='lat' dir='ltr'><strong>ita</strong></span> <span class='ocrx_word' id='word_1_567' title='bbox 425 3906 500 3957; x_wconf 87' lang='lat' dir='ltr'><strong>recte</strong></span> <span class='ocrx_word' id='word_1_568' title='bbox 515 3899 571 3955; x_wconf 89' lang='lat' dir='ltr'><strong>lieri</strong></span> <span class='ocrx_word' id='word_1_569' title='bbox 582 3899 688 3970; x_wconf 91' lang='lat' dir='ltr'><strong>potuit,</strong></span> <span class='ocrx_word' id='word_1_570' title='bbox 702 3897 887 3955; x_wconf 82' lang='lat' dir='ltr'><strong>utsdveoien-</strong></span> <span class='ocrx_word' id='word_1_571' title='bbox 965 3899 1008 3953; x_wconf 86' lang='lat' dir='ltr'><strong>to.</strong></span> <span class='ocrx_word' id='word_1_572' title='bbox 1024 3897 1182 3966; x_wconf 86' lang='lat' dir='ltr'><strong>Praeterea,</strong></span> <span class='ocrx_word' id='word_1_573' title='bbox 1198 3897 1232 3952; x_wconf 95' lang='lat' dir='ltr'><strong>ob</strong></span> <span class='ocrx_word' id='word_1_574' title='bbox 1246 3895 1315 3954; x_wconf 88' lang='lat' dir='ltr'><strong>banc</strong></span> <span class='ocrx_word' id='word_1_575' title='bbox 1331 3911 1444 3954; x_wconf 91' lang='lat' dir='ltr'><strong>causam</strong></span> <span class='ocrx_word' id='word_1_576' title='bbox 1458 3896 1525 3955; x_wconf 85' lang='lat' dir='ltr'><strong>dixit</strong></span> <span class='ocrx_word' id='word_1_577' title='bbox 1537 3900 1723 3973; x_wconf 75' lang='lat' dir='ltr'><strong>Augustinus,</strong></span> 
     </span>
     <span class='ocr_line' id='line_1_41' title="bbox 87 3985 1727 4064; baseline -0.001 -15"><span class='ocrx_word' id='word_1_578' title='bbox 87 3993 174 4050; x_wconf 88' lang='lat' dir='ltr'><strong>tellio</strong></span> <span class='ocrx_word' id='word_1_579' title='bbox 194 3999 333 4064; x_wconf 90' lang='lat' dir='ltr'><strong>tempore,</strong></span> <span class='ocrx_word' id='word_1_580' title='bbox 349 3989 519 4047; x_wconf 87' lang='lat' dir='ltr'><strong>sufficienter</strong></span> <span class='ocrx_word' id='word_1_581' title='bbox 533 3989 716 4044; x_wconf 88' lang='lat' dir='ltr'><strong>innotesceret</strong></span> <span class='ocrx_word' id='word_1_582' title='bbox 728 3988 777 4043; x_wconf 90' lang='lat' dir='ltr'><strong>toti</strong></span> <span class='ocrx_word' id='word_1_583' title='bbox 792 3986 889 4043; x_wconf 83' lang='lat' dir='ltr'><strong>Eccle·</strong></span> <span class='ocrx_word' id='word_1_584' title='bbox 923 3987 980 4042; x_wconf 91' lang='lat' dir='ltr'><strong>illas</strong></span> <span class='ocrx_word' id='word_1_585' title='bbox 1006 3988 1193 4043; x_wconf 89' lang='lat' dir='ltr'><strong>caeremonias</strong></span> <span class='ocrx_word' id='word_1_586' title='bbox 1213 3985 1297 4043; x_wconf 89' lang='lat' dir='ltr'><strong>fuisse</strong></span> <span class='ocrx_word' id='word_1_587' title='bbox 1322 3993 1445 4045; x_wconf 87' lang='lat' dir='ltr'><strong>seruatos</strong></span> <span class='ocrx_word' id='word_1_588' title='bbox 1466 4004 1498 4044; x_wconf 91' lang='lat' dir='ltr'><strong>ex</strong></span> <span class='ocrx_word' id='word_1_589' title='bbox 1525 3989 1727 4049; x_wconf 90' lang='lat' dir='ltr'><strong>consuetudine</strong></span> 
     </span>
     <span class='ocr_line' id='line_1_42' title="bbox 86 4075 1726 4154; baseline 0.001 -16"><span class='ocrx_word' id='word_1_590' title='bbox 86 4083 138 4138; x_wconf 88' lang='lat' dir='ltr'><strong>siae</strong></span> <span class='ocrx_word' id='word_1_591' title='bbox 156 4081 199 4138; x_wconf 90' lang='lat' dir='ltr'><strong>illa</strong></span> <span class='ocrx_word' id='word_1_592' title='bbox 220 4079 374 4152; x_wconf 90' lang='lat' dir='ltr'><strong>reprobatio</strong></span> <span class='ocrx_word' id='word_1_593' title='bbox 394 4086 422 4135; x_wconf 93' lang='lat' dir='ltr'><strong>et</strong></span> <span class='ocrx_word' id='word_1_594' title='bbox 440 4078 551 4135; x_wconf 90' lang='lat' dir='ltr'><strong>abolitio</strong></span> <span class='ocrx_word' id='word_1_595' title='bbox 573 4077 658 4151; x_wconf 89' lang='lat' dir='ltr'><strong>legis,</strong></span> <span class='ocrx_word' id='word_1_596' title='bbox 675 4076 790 4150; x_wconf 89' lang='lat' dir='ltr'><strong>ideoque</strong></span> <span class='ocrx_word' id='word_1_597' title='bbox 805 4075 887 4134; x_wconf 90' lang='lat' dir='ltr'><strong>simul</strong></span> <span class='ocrx_word' id='word_1_598' title='bbox 923 4075 1113 4149; x_wconf 87' lang='lat' dir='ltr'><strong>solemnitatis,</strong></span> <span class='ocrx_word' id='word_1_599' title='bbox 1126 4075 1190 4154; x_wconf 84' lang='lat' dir='ltr'><strong>licet</strong></span> <span class='ocrx_word' id='word_1_600' title='bbox 1201 4092 1254 4132; x_wconf 94' lang='grc' dir='ltr'><strong>ιιι</strong></span> <span class='ocrx_word' id='word_1_601' title='bbox 1269 4077 1407 4134; x_wconf 81' lang='lat' dir='ltr'><strong>iterantes</strong></span> <span class='ocrx_word' id='word_1_602' title='bbox 1420 4079 1597 4150; x_wconf 80' lang='lat' dir='ltr'><strong>necessitate,</strong></span> <span class='ocrx_word' id='word_1_603' title='bbox 1609 4080 1672 4152; x_wconf 88' lang='lat' dir='ltr'><strong>quia</strong></span> <span class='ocrx_word' id='word_1_604' title='bbox 1686 4083 1726 4139; x_wconf 90' lang='lat' dir='ltr'><strong>vi·</strong></span> 
     </span>
     <span class='ocr_line' id='line_1_43' title="bbox 86 4165 1727 4244; baseline 0 -16"><span class='ocrx_word' id='word_1_605' title='bbox 86 4173 111 4228; x_wconf 92' lang='lat' dir='ltr'><strong>in</strong></span> <span class='ocrx_word' id='word_1_606' title='bbox 127 4176 185 4228; x_wconf 89' lang='lat' dir='ltr'><strong>tota</strong></span> <span class='ocrx_word' id='word_1_607' title='bbox 197 4169 278 4226; x_wconf 89' lang='lat' dir='ltr'><strong>fuerit</strong></span> <span class='ocrx_word' id='word_1_608' title='bbox 289 4169 438 4226; x_wconf 88' lang='lat' dir='ltr'><strong>mortifera.</strong></span> <span class='ocrx_word' id='word_1_609' title='bbox 453 4169 512 4225; x_wconf 84' lang='lat' dir='ltr'><strong>ltiai</strong></span> <span class='ocrx_word' id='word_1_610' title='bbox 524 4173 616 4224; x_wconf 88' lang='lat' dir='ltr'><strong>autem</strong></span> <span class='ocrx_word' id='word_1_611' title='bbox 628 4174 750 4237; x_wconf 88' lang='lat' dir='ltr'><strong>tantam,</strong></span> <span class='ocrx_word' id='word_1_612' title='bbox 764 4165 815 4223; x_wconf 91' lang='lat' dir='ltr'><strong>boc</strong></span> <span class='ocrx_word' id='word_1_613' title='bbox 827 4181 888 4223; x_wconf 88' lang='lat' dir='ltr'><strong>asse</strong></span> <span class='ocrx_word' id='word_1_614' title='bbox 921 4165 1032 4236; x_wconf 89' lang='lat' dir='ltr'><strong>delicet,</strong></span> <span class='ocrx_word' id='word_1_615' title='bbox 1045 4165 1137 4238; x_wconf 89' lang='lat' dir='ltr'><strong>quoad</strong></span> <span class='ocrx_word' id='word_1_616' title='bbox 1152 4165 1303 4222; x_wconf 88' lang='lat' dir='ltr'><strong>solemnem</strong></span> <span class='ocrx_word' id='word_1_617' title='bbox 1316 4167 1515 4225; x_wconf 87' lang='lat' dir='ltr'><strong>institutionem</strong></span> <span class='ocrx_word' id='word_1_618' title='bbox 1531 4168 1678 4244; x_wconf 89' lang='lat' dir='ltr'><strong>durabant,</strong></span> <span class='ocrx_word' id='word_1_619' title='bbox 1694 4171 1727 4229; x_wconf 91' lang='lat' dir='ltr'><strong>li·</strong></span> 
     </span>
     <span class='ocr_line' id='line_1_44' title="bbox 87 4253 1727 4334; baseline 0 -17"><span class='ocrx_word' id='word_1_620' title='bbox 87 4259 241 4333; x_wconf 88' lang='lat' dir='ltr'><strong>probabile,</strong></span> <span class='ocrx_word' id='word_1_621' title='bbox 258 4261 322 4332; x_wconf 90' lang='lat' dir='ltr'><strong>quia</strong></span> <span class='ocrx_word' id='word_1_622' title='bbox 336 4259 473 4314; x_wconf 90' lang='lat' dir='ltr'><strong>incertum</strong></span> <span class='ocrx_word' id='word_1_623' title='bbox 488 4256 578 4330; x_wconf 90' lang='lat' dir='ltr'><strong>estid,</strong></span> <span class='ocrx_word' id='word_1_624' title='bbox 595 4257 670 4330; x_wconf 88' lang='lat' dir='ltr'><strong>quod</strong></span> <span class='ocrx_word' id='word_1_625' title='bbox 682 4257 820 4329; x_wconf 75' lang='lat' dir='ltr'><strong>supponit,</strong></span> <span class='ocrx_word' id='word_1_626' title='bbox 832 4256 888 4313; x_wconf 84' lang='lat' dir='ltr'><strong>ieri</strong></span> <span class='ocrx_word' id='word_1_627' title='bbox 923 4262 968 4314; x_wconf 88' lang='lat' dir='ltr'><strong>cet</strong></span> <span class='ocrx_word' id='word_1_628' title='bbox 981 4272 1035 4313; x_wconf 95' lang='lat' dir='ltr'><strong>non</strong></span> <span class='ocrx_word' id='word_1_629' title='bbox 1048 4253 1138 4328; x_wconf 87' lang='lat' dir='ltr'><strong>quoad</strong></span> <span class='ocrx_word' id='word_1_630' title='bbox 1154 4255 1357 4329; x_wconf 88' lang='lat' dir='ltr'><strong>obligationem.</strong></span> <span class='ocrx_word' id='word_1_631' title='bbox 1370 4258 1440 4315; x_wconf 89' lang='lat' dir='ltr'><strong>Nihil</strong></span> <span class='ocrx_word' id='word_1_632' title='bbox 1460 4261 1533 4316; x_wconf 91' lang='lat' dir='ltr'><strong>enim</strong></span> <span class='ocrx_word' id='word_1_633' title='bbox 1547 4259 1621 4317; x_wconf 89' lang='lat' dir='ltr'><strong>allud</strong></span> <span class='ocrx_word' id='word_1_634' title='bbox 1644 4261 1727 4334; x_wconf 86' lang='lat' dir='ltr'><strong>signi·</strong></span> 
     </span>
     <span class='ocr_line' id='line_1_45' title="bbox 86 4344 1726 4419; baseline 0.001 -15"><span class='ocrx_word' id='word_1_635' title='bbox 86 4351 158 4406; x_wconf 89' lang='lat' dir='ltr'><strong>enim</strong></span> <span class='ocrx_word' id='word_1_636' title='bbox 180 4347 283 4419; x_wconf 89' lang='lat' dir='ltr'><strong>potuit,</strong></span> <span class='ocrx_word' id='word_1_637' title='bbox 299 4354 330 4404; x_wconf 90' lang='lat' dir='ltr'><strong>at</strong></span> <span class='ocrx_word' id='word_1_638' title='bbox 349 4347 497 4419; x_wconf 89' lang='lat' dir='ltr'><strong>probibitio</strong></span> <span class='ocrx_word' id='word_1_639' title='bbox 517 4345 578 4416; x_wconf 90' lang='lat' dir='ltr'><strong>illa,</strong></span> <span class='ocrx_word' id='word_1_640' title='bbox 593 4362 643 4403; x_wconf 90' lang='lat' dir='ltr'><strong>seu</strong></span> <span class='ocrx_word' id='word_1_641' title='bbox 662 4344 810 4402; x_wconf 89' lang='lat' dir='ltr'><strong>declaratio</strong></span> <span class='ocrx_word' id='word_1_642' title='bbox 827 4344 887 4401; x_wconf 91' lang='lat' dir='ltr'><strong>talis</strong></span> <span class='ocrx_word' id='word_1_643' title='bbox 922 4347 1004 4402; x_wconf 91' lang='lat' dir='ltr'><strong>ficare</strong></span> <span class='ocrx_word' id='word_1_644' title='bbox 1014 4347 1105 4418; x_wconf 88' lang='lat' dir='ltr'><strong>potuit</strong></span> <span class='ocrx_word' id='word_1_645' title='bbox 1117 4346 1288 4418; x_wconf 80' lang='lat' dir='ltr'><strong>Augustinus</strong></span> <span class='ocrx_word' id='word_1_646' title='bbox 1302 4362 1350 4418; x_wconf 89' lang='lat' dir='ltr'><strong>per</strong></span> <span class='ocrx_word' id='word_1_647' title='bbox 1361 4349 1587 4406; x_wconf 88' lang='lat' dir='ltr'><strong>consuetudinem</strong></span> <span class='ocrx_word' id='word_1_648' title='bbox 1599 4349 1726 4406; x_wconf 91' lang='lat' dir='ltr'><strong>solemni-</strong></span> 
     </span>
     <span class='ocr_line' id='line_1_46' title="bbox 88 4434 1726 4510; baseline 0.002 -18"><span class='ocrx_word' id='word_1_649' title='bbox 88 4447 182 4496; x_wconf 87' lang='lat' dir='ltr'><strong>status</strong></span> <span class='ocrx_word' id='word_1_650' title='bbox 196 4437 267 4494; x_wconf 91' lang='lat' dir='ltr'><strong>illius</strong></span> <span class='ocrx_word' id='word_1_651' title='bbox 281 4437 366 4510; x_wconf 89' lang='lat' dir='ltr'><strong>legis,</strong></span> <span class='ocrx_word' id='word_1_652' title='bbox 380 4438 404 4493; x_wconf 91' lang='lat' dir='ltr'><strong>io</strong></span> <span class='ocrx_word' id='word_1_653' title='bbox 416 4451 472 4508; x_wconf 88' lang='lat' dir='ltr'><strong>quo</strong></span> <span class='ocrx_word' id='word_1_654' title='bbox 484 4440 623 4507; x_wconf 89' lang='lat' dir='ltr'><strong>oporteret</strong></span> <span class='ocrx_word' id='word_1_655' title='bbox 633 4450 693 4491; x_wconf 90' lang='lat' dir='ltr'><strong>esse</strong></span> <span class='ocrx_word' id='word_1_656' title='bbox 706 4434 886 4508; x_wconf 79' lang='lat' dir='ltr'><strong>mortiferam,</strong></span> <span class='ocrx_word' id='word_1_657' title='bbox 922 4437 998 4506; x_wconf 73' lang='lat' dir='ltr'><strong>tatis,</strong></span> <span class='ocrx_word' id='word_1_658' title='bbox 1016 4434 1140 4509; x_wconf 88' lang='lat' dir='ltr'><strong>quiailla</strong></span> <span class='ocrx_word' id='word_1_659' title='bbox 1154 4435 1329 4492; x_wconf 89' lang='lat' dir='ltr'><strong>consuetudo</strong></span> <span class='ocrx_word' id='word_1_660' title='bbox 1345 4454 1398 4493; x_wconf 89' lang='lat' dir='ltr'><strong>oon</strong></span> <span class='ocrx_word' id='word_1_661' title='bbox 1418 4439 1525 4497; x_wconf 88' lang='lat' dir='ltr'><strong>induxit</strong></span> <span class='ocrx_word' id='word_1_662' title='bbox 1538 4439 1611 4495; x_wconf 88' lang='lat' dir='ltr'><strong>illam</strong></span> <span class='ocrx_word' id='word_1_663' title='bbox 1626 4439 1726 4497; x_wconf 91' lang='lat' dir='ltr'><strong>solem·</strong></span> 
     </span>
     <span class='ocr_line' id='line_1_47' title="bbox 90 4522 1725 4602; baseline 0.002 -18"><span class='ocrx_word' id='word_1_664' title='bbox 90 4530 145 4585; x_wconf 85' lang='lat' dir='ltr'><strong>tisri</strong></span> <span class='ocrx_word' id='word_1_665' title='bbox 160 4527 299 4599; x_wconf 89' lang='lat' dir='ltr'><strong>coeperit,</strong></span> <span class='ocrx_word' id='word_1_666' title='bbox 315 4533 377 4598; x_wconf 91' lang='lat' dir='ltr'><strong>post</strong></span> <span class='ocrx_word' id='word_1_667' title='bbox 399 4525 476 4596; x_wconf 89' lang='lat' dir='ltr'><strong>plene</strong></span> <span class='ocrx_word' id='word_1_668' title='bbox 497 4531 634 4580; x_wconf 88' lang='lat' dir='ltr'><strong>mortuam</strong></span> <span class='ocrx_word' id='word_1_669' title='bbox 649 4523 722 4580; x_wconf 91' lang='lat' dir='ltr'><strong>illam</strong></span> <span class='ocrx_word' id='word_1_670' title='bbox 737 4522 823 4595; x_wconf 89' lang='lat' dir='ltr'><strong>legem</strong></span> <span class='ocrx_word' id='word_1_671' title='bbox 838 4539 888 4596; x_wconf 93' lang='lat' dir='ltr'><strong>pro</strong></span> <span class='ocrx_word' id='word_1_672' title='bbox 922 4527 1043 4596; x_wconf 88' lang='lat' dir='ltr'><strong>nitatem,</strong></span> <span class='ocrx_word' id='word_1_673' title='bbox 1056 4524 1103 4581; x_wconf 91' lang='lat' dir='ltr'><strong>sed</strong></span> <span class='ocrx_word' id='word_1_674' title='bbox 1119 4526 1210 4598; x_wconf 88' lang='lat' dir='ltr'><strong>potius</strong></span> <span class='ocrx_word' id='word_1_675' title='bbox 1222 4525 1310 4582; x_wconf 86' lang='lat' dir='ltr'><strong>divina</strong></span> <span class='ocrx_word' id='word_1_676' title='bbox 1324 4527 1459 4585; x_wconf 83' lang='lat' dir='ltr'><strong>institutio</strong></span> <span class='ocrx_word' id='word_1_677' title='bbox 1469 4536 1498 4586; x_wconf 89' lang='grc' dir='ltr'><strong>ιι</strong></span> <span class='ocrx_word' id='word_1_678' title='bbox 1513 4529 1725 4602; x_wconf 85' lang='lat' dir='ltr'><strong>solemnitatem,</strong></span> 
     </span>
     <span class='ocr_line' id='line_1_48' title="bbox 39 4613 1728 4692; baseline 0.001 -17"><span class='ocrx_word' id='word_1_679' title='bbox 39 4629 42 4638; x_wconf 90' lang='lat'>&#39;</span> <span class='ocrx_word' id='word_1_680' title='bbox 90 4626 147 4675; x_wconf 88' lang='lat' dir='ltr'><strong>toto</strong></span> <span class='ocrx_word' id='word_1_681' title='bbox 163 4615 283 4687; x_wconf 88' lang='lat' dir='ltr'><strong>mondo,</strong></span> <span class='ocrx_word' id='word_1_682' title='bbox 299 4622 327 4671; x_wconf 91' lang='grc' dir='ltr'><strong>ιι</strong></span> <span class='ocrx_word' id='word_1_683' title='bbox 340 4614 414 4687; x_wconf 86' lang='lat' dir='ltr'><strong>quod</strong></span> <span class='ocrx_word' id='word_1_684' title='bbox 426 4629 478 4669; x_wconf 91' lang='lat' dir='ltr'><strong>nan</strong></span> <span class='ocrx_word' id='word_1_685' title='bbox 490 4613 589 4687; x_wconf 89' lang='lat' dir='ltr'><strong>simul,</strong></span> <span class='ocrx_word' id='word_1_686' title='bbox 603 4614 650 4671; x_wconf 92' lang='lat' dir='ltr'><strong>sed</strong></span> <span class='ocrx_word' id='word_1_687' title='bbox 662 4613 889 4670; x_wconf 83' lang='lat' dir='ltr'><strong>successivefue·</strong></span> <span class='ocrx_word' id='word_1_688' title='bbox 921 4623 951 4672; x_wconf 93' lang='lat' dir='ltr'><strong>et</strong></span> <span class='ocrx_word' id='word_1_689' title='bbox 968 4614 1196 4672; x_wconf 90' lang='lat' dir='ltr'><strong>consuetudinem</strong></span> <span class='ocrx_word' id='word_1_690' title='bbox 1211 4615 1281 4672; x_wconf 90' lang='lat' dir='ltr'><strong>illius</strong></span> <span class='ocrx_word' id='word_1_691' title='bbox 1301 4615 1468 4686; x_wconf 91' lang='lat' dir='ltr'><strong>introduxit,</strong></span> <span class='ocrx_word' id='word_1_692' title='bbox 1491 4617 1605 4692; x_wconf 89' lang='lat' dir='ltr'><strong>ideoque</strong></span> <span class='ocrx_word' id='word_1_693' title='bbox 1623 4618 1728 4683; x_wconf 90' lang='lat' dir='ltr'><strong>durare</strong></span> 
     </span>
     <span class='ocr_line' id='line_1_49' title="bbox 89 4702 1729 4783; baseline 0.003 -21"><span class='ocrx_word' id='word_1_694' title='bbox 89 4709 124 4763; x_wconf 90' lang='lat' dir='ltr'><strong>rit</strong></span> <span class='ocrx_word' id='word_1_695' title='bbox 146 4705 321 4778; x_wconf 90' lang='lat' dir='ltr'><strong>promulgata</strong></span> <span class='ocrx_word' id='word_1_696' title='bbox 343 4705 486 4760; x_wconf 87' lang='lat' dir='ltr'><strong>uniuersae</strong></span> <span class='ocrx_word' id='word_1_697' title='bbox 505 4702 654 4760; x_wconf 85' lang='lat' dir='ltr'><strong>Ecclesiae.</strong></span> <span class='ocrx_word' id='word_1_698' title='bbox 671 4703 749 4771; x_wconf 90' lang='lat' dir='ltr'><strong>Quod</strong></span> <span class='ocrx_word' id='word_1_699' title='bbox 764 4704 786 4759; x_wconf 90' lang='lat' dir='ltr'><strong>si</strong></span> <span class='ocrx_word' id='word_1_700' title='bbox 800 4704 889 4761; x_wconf 85' lang='lat' dir='ltr'><strong>ilafe·</strong></span> <span class='ocrx_word' id='word_1_701' title='bbox 923 4722 976 4762; x_wconf 91' lang='lat' dir='ltr'><strong>non</strong></span> <span class='ocrx_word' id='word_1_702' title='bbox 992 4705 1091 4777; x_wconf 89' lang='lat' dir='ltr'><strong>potuit,</strong></span> <span class='ocrx_word' id='word_1_703' title='bbox 1107 4705 1158 4761; x_wconf 88' lang='lat' dir='ltr'><strong>nisi</strong></span> <span class='ocrx_word' id='word_1_704' title='bbox 1172 4703 1289 4762; x_wconf 89' lang='lat' dir='ltr'><strong>durante</strong></span> <span class='ocrx_word' id='word_1_705' title='bbox 1303 4706 1491 4777; x_wconf 74' lang='lat' dir='ltr'><strong>institutione,</strong></span> <span class='ocrx_word' id='word_1_706' title='bbox 1508 4711 1612 4783; x_wconf 74' lang='lat' dir='ltr'><strong>ergoet</strong></span> <span class='ocrx_word' id='word_1_707' title='bbox 1627 4707 1729 4768; x_wconf 88' lang='lat' dir='ltr'><strong>licebat</strong></span> 
     </span>
     <span class='ocr_line' id='line_1_50' title="bbox 88 4793 1725 4871; baseline 0.002 -19"><span class='ocrx_word' id='word_1_708' title='bbox 88 4803 165 4852; x_wconf 91' lang='lat' dir='ltr'><strong>ctum</strong></span> <span class='ocrx_word' id='word_1_709' title='bbox 184 4800 243 4862; x_wconf 90' lang='lat' dir='ltr'><strong>est,</strong></span> <span class='ocrx_word' id='word_1_710' title='bbox 255 4794 332 4865; x_wconf 92' lang='lat' dir='ltr'><strong>prius</strong></span> <span class='ocrx_word' id='word_1_711' title='bbox 343 4793 447 4850; x_wconf 88' lang='lat' dir='ltr'><strong>luitlex</strong></span> <span class='ocrx_word' id='word_1_712' title='bbox 458 4793 503 4848; x_wconf 88' lang='lat' dir='ltr'><strong>illa</strong></span> <span class='ocrx_word' id='word_1_713' title='bbox 514 4799 624 4850; x_wconf 90' lang='lat' dir='ltr'><strong>mortuo</strong></span> <span class='ocrx_word' id='word_1_714' title='bbox 635 4809 689 4850; x_wconf 91' lang='grc' dir='ltr'><strong>ιιι</strong></span> <span class='ocrx_word' id='word_1_715' title='bbox 700 4793 790 4850; x_wconf 91' lang='lat' dir='ltr'><strong>solum</strong></span> <span class='ocrx_word' id='word_1_716' title='bbox 804 4795 832 4849; x_wconf 91' lang='lat' dir='ltr'><strong>in</strong></span> <span class='ocrx_word' id='word_1_717' title='bbox 842 4793 890 4850; x_wconf 88' lang='lat' dir='ltr'><strong>ali·</strong></span> <span class='ocrx_word' id='word_1_718' title='bbox 923 4803 990 4852; x_wconf 86' lang='lat' dir='ltr'><strong>tune</strong></span> <span class='ocrx_word' id='word_1_719' title='bbox 1009 4810 1121 4851; x_wconf 81' lang='lat' dir='ltr'><strong>servare</strong></span> <span class='ocrx_word' id='word_1_720' title='bbox 1141 4795 1235 4867; x_wconf 91' lang='lat' dir='ltr'><strong>legalia</strong></span> <span class='ocrx_word' id='word_1_721' title='bbox 1257 4811 1290 4852; x_wconf 91' lang='lat' dir='ltr'><strong>ex</strong></span> <span class='ocrx_word' id='word_1_722' title='bbox 1310 4795 1511 4853; x_wconf 87' lang='lat' dir='ltr'><strong>consuetudine</strong></span> <span class='ocrx_word' id='word_1_723' title='bbox 1534 4797 1725 4871; x_wconf 88' lang='lat' dir='ltr'><strong>solemnitatis,</strong></span> 
     </span>
     <span class='ocr_line' id='line_1_51' title="bbox 89 4882 1729 4960; baseline 0.004 -19"><span class='ocrx_word' id='word_1_724' title='bbox 89 4885 190 4959; x_wconf 88' lang='lat' dir='ltr'><strong>quibus</strong></span> <span class='ocrx_word' id='word_1_725' title='bbox 203 4884 327 4956; x_wconf 88' lang='lat' dir='ltr'><strong>partibus</strong></span> <span class='ocrx_word' id='word_1_726' title='bbox 337 4882 476 4954; x_wconf 90' lang='lat' dir='ltr'><strong>orbis,sed</strong></span> <span class='ocrx_word' id='word_1_727' title='bbox 489 4883 603 4940; x_wconf 87' lang='lat' dir='ltr'><strong>etiamin</strong></span> <span class='ocrx_word' id='word_1_728' title='bbox 616 4890 672 4940; x_wconf 88' lang='lat' dir='ltr'><strong>toto</strong></span> <span class='ocrx_word' id='word_1_729' title='bbox 683 4884 887 4958; x_wconf 87' lang='lat' dir='ltr'><strong>mundo,quam</strong></span> <span class='ocrx_word' id='word_1_730' title='bbox 923 4885 1021 4942; x_wconf 90' lang='lat' dir='ltr'><strong>licebat</strong></span> <span class='ocrx_word' id='word_1_731' title='bbox 1031 4899 1064 4941; x_wconf 90' lang='lat' dir='ltr'><strong>ex</strong></span> <span class='ocrx_word' id='word_1_732' title='bbox 1074 4885 1100 4940; x_wconf 83' lang='grc' dir='ltr'><strong>ιι</strong></span> <span class='ocrx_word' id='word_1_733' title='bbox 1114 4885 1216 4956; x_wconf 86' lang='lat' dir='ltr'><strong>primae</strong></span> <span class='ocrx_word' id='word_1_734' title='bbox 1231 4885 1418 4956; x_wconf 77' lang='lat' dir='ltr'><strong>institutionis3</strong></span> <span class='ocrx_word' id='word_1_735' title='bbox 1431 4903 1497 4960; x_wconf 92' lang='lat' dir='ltr'><strong>ergo</strong></span> <span class='ocrx_word' id='word_1_736' title='bbox 1511 4887 1556 4946; x_wconf 87' lang='lat' dir='ltr'><strong>illa</strong></span> <span class='ocrx_word' id='word_1_737' title='bbox 1570 4888 1661 4947; x_wconf 90' lang='lat' dir='ltr'><strong>adbuc</strong></span> <span class='ocrx_word' id='word_1_738' title='bbox 1674 4888 1729 4947; x_wconf 87' lang='lat' dir='ltr'><strong>tlu-</strong></span> 
     </span>
     <span class='ocr_line' id='line_1_52' title="bbox 89 4971 1727 5051; baseline 0.004 -18"><span class='ocrx_word' id='word_1_739' title='bbox 89 4976 172 5033; x_wconf 90' lang='lat' dir='ltr'><strong>fuerit</strong></span> <span class='ocrx_word' id='word_1_740' title='bbox 188 4973 326 5032; x_wconf 91' lang='lat' dir='ltr'><strong>mortifera</strong></span> <span class='ocrx_word' id='word_1_741' title='bbox 339 4971 429 5047; x_wconf 87' lang='lat' dir='ltr'><strong>quoad</strong></span> <span class='ocrx_word' id='word_1_742' title='bbox 445 4972 648 5047; x_wconf 89' lang='lat' dir='ltr'><strong>obligationem,</strong></span> <span class='ocrx_word' id='word_1_743' title='bbox 666 4976 740 5032; x_wconf 86' lang='lat' dir='ltr'><strong>sieut</strong></span> <span class='ocrx_word' id='word_1_744' title='bbox 754 4974 889 5034; x_wconf 87' lang='lat' dir='ltr'><strong>hacteuus</strong></span> <span class='ocrx_word' id='word_1_745' title='bbox 922 4976 1010 5033; x_wconf 90' lang='lat' dir='ltr'><strong>rabat.</strong></span> <span class='ocrx_word' id='word_1_746' title='bbox 1026 4976 1146 5046; x_wconf 84' lang='lat' dir='ltr'><strong>lienique</strong></span> <span class='ocrx_word' id='word_1_747' title='bbox 1163 4990 1243 5048; x_wconf 90' lang='lat' dir='ltr'><strong>saepe</strong></span> <span class='ocrx_word' id='word_1_748' title='bbox 1257 4976 1428 5050; x_wconf 77' lang='lat' dir='ltr'><strong>Augustinus</strong></span> <span class='ocrx_word' id='word_1_749' title='bbox 1442 4986 1585 5051; x_wconf 89' lang='lat' dir='ltr'><strong>comparat</strong></span> <span class='ocrx_word' id='word_1_750' title='bbox 1599 4996 1681 5038; x_wconf 88' lang='lat' dir='ltr'><strong>usam</strong></span> <span class='ocrx_word' id='word_1_751' title='bbox 1694 4980 1727 5039; x_wconf 93' lang='lat' dir='ltr'><strong>il·</strong></span> 
     </span>
     <span class='ocr_line' id='line_1_53' title="bbox 89 5065 1725 5140; baseline 0.002 -16"><span class='ocrx_word' id='word_1_752' title='bbox 89 5065 177 5124; x_wconf 91' lang='lat' dir='ltr'><strong>locuti</strong></span> <span class='ocrx_word' id='word_1_753' title='bbox 192 5079 300 5120; x_wconf 87' lang='lat' dir='ltr'><strong>sumus.</strong></span> <span class='ocrx_word' id='word_1_754' title='bbox 924 5066 1013 5122; x_wconf 89' lang='lat' dir='ltr'><strong>larum</strong></span> <span class='ocrx_word' id='word_1_755' title='bbox 1033 5067 1284 5132; x_wconf 89' lang='lat' dir='ltr'><strong>caeremoniarum,</strong></span> <span class='ocrx_word' id='word_1_756' title='bbox 1301 5073 1385 5138; x_wconf 89' lang='lat' dir='ltr'><strong>prout</strong></span> <span class='ocrx_word' id='word_1_757' title='bbox 1398 5066 1431 5125; x_wconf 88' lang='lat' dir='ltr'><strong>ab</strong></span> <span class='ocrx_word' id='word_1_758' title='bbox 1445 5068 1576 5140; x_wconf 89' lang='lat' dir='ltr'><strong>apostolis</strong></span> <span class='ocrx_word' id='word_1_759' title='bbox 1591 5069 1635 5127; x_wconf 89' lang='lat' dir='ltr'><strong>illo</strong></span> <span class='ocrx_word' id='word_1_760' title='bbox 1658 5077 1725 5128; x_wconf 86' lang='lat' dir='ltr'><strong>tenr-</strong></span> 
     </span>
     <span class='ocr_line' id='line_1_54' title="bbox 129 5151 1729 5234; baseline 0.003 -20"><span class='ocrx_word' id='word_1_761' title='bbox 129 5161 156 5215; x_wconf 85' lang='grc'><strong>9.</strong></span> <span class='ocrx_word' id='word_1_762' title='bbox 175 5154 241 5212; x_wconf 83' lang='grc' dir='ltr'>ιιιιι</span> <span class='ocrx_word' id='word_1_763' title='bbox 263 5151 404 5210; x_wconf 87' lang='lat' dir='ltr'><strong>seeundo:</strong></span> <span class='ocrx_word' id='word_1_764' title='bbox 425 5154 479 5210; x_wconf 84' lang='lat' dir='ltr'><strong>Lex</strong></span> <span class='ocrx_word' id='word_1_765' title='bbox 497 5159 577 5212; x_wconf 84' lang='lat' dir='ltr'><strong>retus</strong></span> <span class='ocrx_word' id='word_1_766' title='bbox 591 5171 645 5211; x_wconf 91' lang='lat' dir='ltr'><strong>non</strong></span> <span class='ocrx_word' id='word_1_767' title='bbox 659 5157 736 5227; x_wconf 90' lang='lat' dir='ltr'><strong>prius</strong></span> <span class='ocrx_word' id='word_1_768' title='bbox 749 5155 802 5213; x_wconf 91' lang='lat' dir='ltr'><strong>luit</strong></span> <span class='ocrx_word' id='word_1_769' title='bbox 816 5171 889 5213; x_wconf 91' lang='lat' dir='ltr'><strong>mor·</strong></span> <span class='ocrx_word' id='word_1_770' title='bbox 923 5171 988 5228; x_wconf 93' lang='lat' dir='ltr'><strong>pore</strong></span> <span class='ocrx_word' id='word_1_771' title='bbox 1002 5154 1113 5224; x_wconf 87' lang='lat' dir='ltr'><strong>fiebant,</strong></span> <span class='ocrx_word' id='word_1_772' title='bbox 1129 5171 1195 5213; x_wconf 88' lang='lat' dir='ltr'><strong>cum</strong></span> <span class='ocrx_word' id='word_1_773' title='bbox 1209 5154 1368 5214; x_wconf 83' lang='lat' dir='ltr'><strong>eorumdem</strong></span> <span class='ocrx_word' id='word_1_774' title='bbox 1383 5158 1572 5229; x_wconf 79' lang='lat' dir='ltr'><strong>observantia,</strong></span> <span class='ocrx_word' id='word_1_775' title='bbox 1590 5176 1672 5234; x_wconf 92' lang='lat' dir='ltr'><strong>quom</strong></span> <span class='ocrx_word' id='word_1_776' title='bbox 1687 5163 1729 5220; x_wconf 85' lang='lat' dir='ltr'><strong>vi·</strong></span> 
     </span>
     <span class='ocr_line' id='line_1_55' title="bbox 90 5243 1728 5326; baseline 0.003 -22"><span class='ocrx_word' id='word_1_777' title='bbox 90 5253 138 5304; x_wconf 89' lang='lat' dir='ltr'><strong>tua</strong></span> <span class='ocrx_word' id='word_1_778' title='bbox 159 5243 253 5320; x_wconf 84' lang='lat' dir='ltr'><strong>quoad</strong></span> <span class='ocrx_word' id='word_1_779' title='bbox 274 5243 486 5312; x_wconf 86' lang='lat' dir='ltr'><strong>institutionem,</strong></span> <span class='ocrx_word' id='word_1_780' title='bbox 502 5259 585 5318; x_wconf 85' lang='lat' dir='ltr'><strong>quam</strong></span> <span class='ocrx_word' id='word_1_781' title='bbox 606 5245 658 5303; x_wconf 90' lang='lat' dir='ltr'><strong>fuit</strong></span> <span class='ocrx_word' id='word_1_782' title='bbox 675 5245 826 5305; x_wconf 89' lang='lat' dir='ltr'><strong>mortifera.</strong></span> <span class='ocrx_word' id='word_1_783' title='bbox 847 5247 888 5306; x_wconf 88' lang='lat' dir='ltr'><strong>tto</strong></span> <span class='ocrx_word' id='word_1_784' title='bbox 925 5251 1004 5303; x_wconf 84' lang='lat' dir='ltr'><strong>rente</strong></span> <span class='ocrx_word' id='word_1_785' title='bbox 1015 5243 1125 5303; x_wconf 83' lang='lat' dir='ltr'><strong>Christo</strong></span> <span class='ocrx_word' id='word_1_786' title='bbox 1137 5243 1217 5306; x_wconf 90' lang='lat' dir='ltr'><strong>iidem</strong></span> <span class='ocrx_word' id='word_1_787' title='bbox 1232 5244 1361 5322; x_wconf 85' lang='lat' dir='ltr'><strong>apostoli,</strong></span> <span class='ocrx_word' id='word_1_788' title='bbox 1376 5248 1515 5310; x_wconf 85' lang='lat' dir='ltr'><strong>ueletiam</strong></span> <span class='ocrx_word' id='word_1_789' title='bbox 1524 5249 1639 5326; x_wconf 87' lang='lat' dir='ltr'><strong>ipsemet</strong></span> <span class='ocrx_word' id='word_1_790' title='bbox 1650 5249 1728 5310; x_wconf 80' lang='lat' dir='ltr'><strong>Chri·</strong></span> 
     </span>
    </p>
   </div>
   <div class='ocr_carea' id='block_1_3' title="bbox 0 0 2128 6212">
    <p class='ocr_par' dir='ltr' id='par_1_3' title="bbox 0 0 2128 6212">
     <span class='ocr_line' id='line_1_56' title="bbox 0 0 2128 6212; baseline 0 0"><span class='ocrx_word' id='word_1_791' title='bbox 0 0 2128 6212; x_wconf 95' lang='lat' dir='ltr'><strong> </strong></span> 
     </span>
    </p>
   </div>
  </div>
 </body>
</html>
