4290 6222
865 394 972 444 csrnr
985 395 1075 444 xxm.
1555 397 1558 402 ·
1677 385 1740 447 423

138 517 214 578 serre
229 535 274 578 res
288 517 437 593 prohibitas
455 517 537 577 educi
553 517 588 575 de
608 479 712 591 regno,
727 524 757 574 et
775 517 827 574 boc
845 516 944 574 debeat
977 525 1003 574 et
1014 516 1158 589 specialem
1169 533 1265 576 curam
1280 519 1354 576 circa
1369 520 1450 578 talem
1463 538 1607 593 personam
1621 523 1779 595 ostendere,

137 609 177 666 tltt
188 612 317 681 permitti.
337 613 403 668 Num
417 611 438 664 sl
450 608 502 665 tale
514 605 712 664 indultum'uon
724 615 853 679 operetur
869 608 942 663 bunc
979 607 1096 663 utnulla
1113 608 1170 673 vis,
1187 614 1236 666 aut
1249 610 1344 666 iniuria
1360 611 1394 666 illi
1405 615 1464 669 bat:
1482 628 1545 668 ,nam
1560 613 1584 668 io
1601 613 1683 683 priori
1697 628 1781 670 sensu

137 699 280 770 arrectum,
300 700 408 758 nullum
423 697 532 754 babebit
547 713 630 770 supra
646 699 700 768 ius,
716 699 780 769 quia
796 697 943 769 unicuique
980 694 1148 754 admittenda
1162 701 1334 755 estexteusio
1345 701 1419 757 iuxta
1431 701 1532 758 dictans
1545 705 1712 774 opinionem,
1728 719 1782 760 non

135 787 259 847 liberum
276 796 318 846 est
331 789 364 846 de
379 803 463 860 regno
480 789 571 856 crire,
587 797 615 845 et
629 803 724 845 secrrm
741 787 812 844 lcrre
827 803 872 844 res
889 802 942 842 aon
982 802 1048 842 vero
1064 787 1088 843 lu
1105 787 1259 858 posteriori.
1274 791 1368 863 Neque
1381 792 1433 847 erit
1445 792 1570 856 ditllcile,
1582 809 1615 848 ea
1631 799 1725 850 tenore
1740 809 1783 850 re·

137 877 302 948 prohibitas,
322 877 451 935 solvendo
466 890 516 948 pro
530 875 582 932 illis
596 876 684 933 debita
698 876 857 948 vectigalia,
874 890 942 948 ergo
983 877 1094 948 scripti,
1106 884 1209 934 attente
1221 879 1394 936 considerato
1405 884 1496 946 initio,
1509 898 1668 956 progressu,
1685 890 1714 939 et
1724 898 1783 940 ver·

139 975 175 1024 ut
194 976 324 1040 operetur
346 983 430 1040 supra
449 967 510 1034 ius,
531 971 653 1037 oportet,
671 973 702 1022 ut
721 966 801 1022 edam
816 972 945 1038 operetur
981 963 1024 1020 bis
1045 967 1121 1036 eius,
1138 969 1316 1026 intentionem
1333 971 1476 1028 scribentis
1492 972 1668 1044 probabiliter
1686 971 1782 1029 saltem

139 1064 242 1114 contra
265 1059 325 1128 ius,
348 1056 438 1114 dando
461 1057 620 1114 tenultatem
644 1053 766 1112 trahendi
786 1069 881 1111 secum
901 1069 944 1109 res
982 1058 1155 1129 coniectare,
1173 1058 1383 1132 tururegutam
1400 1077 1462 1118 mox
1475 1062 1634 1118 tradendam
1651 1060 1685 1117 de
1700 1062 1783 1132 prirl·
1833 1068 1835 1075 '

139 1145 306 1220 prohibitas.
329 1147 402 1218 Ergo
425 1145 547 1216 ridetur,
570 1146 623 1201 boc
646 1160 706 1200 csse
730 1143 941 1212 admittendum,
984 1145 1116 1218 legiorum
1132 1148 1361 1220 interpretatione.
1375 1150 1707 1209 ludubiotamenineam
1722 1166 1783 1224 par·

140 1237 209 1309 quia
229 1235 294 1292 allas
314 1236 394 1290 nimis
417 1235 545 1292 frivolum
565 1240 638 1317 esset
657 1232 809 1305 indultum,
826 1231 903 1306 quod
920 1232 947 1288 iu
983 1240 1037 1292 tem
1053 1236 1239 1295 inclinandum
1253 1246 1309 1309 est,
1325 1247 1357 1296 ut
1371 1240 1445 1314 leges
1460 1250 1614 1299 serventur.

141 1325 197 1382 alio
218 1339 303 1382 sensu
322 1325 412 1381 solum
433 1326 562 1382 malorena
583 1323 731 1397 quamdam
752 1324 944 1392 securitatem,
1023 1328 1049 1383 l.
1064 1326 1181 1384 Tandem
1203 1330 1277 1384 circa
1295 1329 1364 1386 banc
1380 1339 1503 1402 partem,
1520 1347 1568 1388 scu
1582 1331 1712 1388 ellectum
1727 1331 1784 1402 pri·

142 1413 188 1471 vel
197 1413 492 1472 recommendationem
504 1415 629 1472 conterre
641 1413 790 1470 rideretur.
801 1412 869 1468 ltem
881 1411 946 1481 qula
984 1414 1094 1488 vilegii,
1111 1423 1144 1473 nt
1157 1417 1326 1490 privilegium
1340 1427 1400 1490 est,
1414 1423 1526 1478 tractari
1541 1431 1632 1493 potest
1646 1423 1783 1494 quaestio,

141 1503 190 1560 illa
211 1505 333 1561 extensio
353 1503 427 1561 cadit
447 1504 499 1560 sub
520 1503 713 1575 proprietatem
728 1500 836 1557 illorum
849 1498 947 1555 verbo·
984 1517 1017 1559 an
1033 1503 1096 1559 talis
1117 1505 1232 1563 effectus
1254 1523 1317 1563 rere
1336 1516 1366 1566 et
1379 1513 1487 1582 proprie
1502 1515 1547 1568 liat
1561 1514 1661 1568 virtute
1678 1512 1784 1583 privile·

140 1608 208 1651 rum
227 1609 296 1650 cnm
308 1593 397 1664 rebus
411 1595 487 1660 suis,
502 1591 549 1648 cel
561 1607 638 1665 quas
649 1606 749 1650 secum
759 1587 863 1662 desert,
877 1601 947 1660 quae
983 1591 1038 1664 gii,
1055 1590 1098 1647 vel
1112 1598 1219 1649 tantum
1233 1595 1341 1652 fictione
1356 1599 1433 1654 iuria.
1449 1599 1500 1656 Sed
1513 1599 1582 1656 banc
1597 1602 1784 1673 quaestionem

142 1683 365 1752 universalibus,
384 1698 432 1740 seu
451 1681 602 1739 distributis
622 1672 801 1752 aequivalent.
818 1681 857 1735 bc
872 1677 947 1734 deni·
983 1680 1010 1736 in
1032 1680 1217 1752 superioribus
1237 1683 1406 1742 sufficienter
1419 1688 1576 1759 attigimus,
1592 1689 1735 1745 tracteudo
1750 1688 1784 1747 de

142 1787 202 1846 que
220 1778 276 1829 tota
291 1775 413 1830 extensio
429 1771 609 1830 videturesse
629 1777 726 1827 contra
739 1767 946 1827 concedentem:
984 1769 1127 1840 privilegio
1140 1769 1183 1827 ud
1195 1773 1309 1839 instar,
1328 1789 1359 1830 es
1378 1773 1454 1830 Bald.
1476 1775 1501 1830 ln
1518 1776 1536 1832 Ι.
1551 1779 1583 1832 tar
1599 1777 1684 1844 serbe,
1704 1777 1731 1833 ti.
1750 1778 1784 1834 de

141 1875 225 1934 ergo.
248 1859 278 1918 ln
298 1863 469 1919 eontrarium
488 1875 554 1918 nero
573 1867 630 1932 est,
651 1861 716 1932 qula
734 1859 762 1914 in
783 1857 828 1913 illo
844 1854 949 1912 indulto
984 1863 1049 1914 stat.
1068 1857 1170 1915 bomin.
1183 1860 1219 1917 Et
1233 1860 1364 1918 resolutio
1374 1862 1398 1917 ln
1408 1879 1514 1920 summa
1525 1871 1582 1935 est,
1595 1865 1724 1922 edentum
1736 1881 1786 1938 per

141 1965 200 2007 non
218 1951 329 2022 ponitur
350 1951 477 2022 specifica
492 1952 649 2012 concessio,
665 1965 714 2005 nec
729 1946 854 2004 clausula
868 1945 948 2003 dero·
985 1960 1015 2002 se
1030 1946 1160 2019 privilegii
1174 1963 1234 2005 esse
1244 1947 1356 2020 aliquod
1369 1953 1470 2008 morale
1482 1953 1524 2008 ius
1536 1955 1688 2010 consistens
1703 1955 1730 2009 in
1746 1954 1786 2010 ta·

142 2039 250 2112 mtorla
269 2039 339 2096 iuris
353 2038 521 2111 prohibentis
542 2055 586 2096 res
605 2039 711 2110 aliquas
725 2036 842 2094 educere
857 2034 891 2092 de
904 2049 947 2096 se·
986 2034 1105 2106 cultate,
1118 2037 1160 2093 rel
1171 2037 1350 2111 obligatione,
1362 2041 1404 2102 tel
1417 2044 1536 2098 carentia
1548 2042 1729 2118 obligationis,
1742 2043 1786 2099 rel
1891 2099 1893 2102 ,

142 2145 218 2202 gno,
242 2137 274 2185 ut
286 2131 313 2184 in
334 2131 482 2186 assertione
497 2128 633 2200 supponit.
649 2124 787 2184 Generalis
802 2130 893 2181 suren
909 2123 949 2179 lo·
971 2127 1141 2196 ‚capacitate
1156 2127 1269 2192 morali,
1285 2135 1335 2184 aut
1355 2129 1490 2187 ablatione
1508 2131 1679 2189 inhabilitatis
1697 2148 1785 2189 mora·

143 2219 223 2274 cutio
243 2232 296 2274 non
310 2219 399 2275 solum
413 2216 563 2282 indefinita,
579 2217 628 2273 scd
640 2216 787 2273 distributa
804 2229 857 2269 non
871 2227 948 2269 com·
985 2211 1028 2268 lis.
1044 2213 1093 2270 llic
1108 2220 1199 2271 autem
1218 2216 1337 2273 effectus
1350 2224 1441 2290 potest
1455 2222 1574 2291 spectari
1588 2221 1741 2278 meandum
1756 2237 1787 2280 se

144 2305 291 2378 prehendit
303 2305 440 2377 specialia,
452 2321 524 2378 quae
537 2312 601 2361 sunt
613 2306 773 2373 contraius,
789 2308 847 2359 tum
860 2318 891 2357 er
905 2300 950 2356 illo
985 2310 1013 2360 et
1032 2305 1173 2374 absolute,
1188 2311 1215 2361 et
1230 2314 1260 2362 ut
1274 2317 1438 2385 semperlest
1450 2325 1534 2366 verus
1548 2310 1664 2367 ellectus
1681 2313 1785 2384 absque

144 2393 280 2467 principio
297 2396 383 2460 iuris,
397 2393 471 2468 quod
486 2394 538 2450 sub
547 2395 668 2467 generali
680 2393 816 2451 locutione
827 2407 887 2449 esse
901 2406 949 2446 re·
985 2392 1043 2448 ulla
1063 2393 1178 2448 fictione¹
1193 2395 1275 2465 iuris,
1291 2397 1329 2452 sic
1345 2397 1399 2453 imo
1414 2412 1462 2469 per
1477 2397 1705 2458 introductionem
1724 2403 1787 2458 nori

146 2487 231 2542 niunt
251 2499 300 2556 ea,
316 2499 386 2556 quae
401 2491 467 2540 sunt
480 2491 576 2540 contra
593 2486 651 2554 ius,
668 2499 757 2556 neque
769 2483 824 2550 illa,
839 2498 910 2556 quac
923 2483 951 2538 in
969 2519 972 2536 .
988 2498 1036 2538 seu
1052 2481 1176 2554 specialis
1190 2484 1267 2539 iuris.
1284 2486 1342 2542 llos
1358 2493 1433 2558 patet
1446 2487 1614 2560 inductione,
1626 2491 1690 2563 quia
1704 2493 1787 2563 privi·
1815 2521 1819 2530 ·

145 2576 242 2646 specie
256 2591 311 2630 non
326 2580 399 2630 esset
413 2576 540 2646 princeps
555 2574 735 2631 verisimiliter
749 2587 947 2643 concessurueq
987 2570 1123 2642 legiatus,
1145 2587 1179 2627 ne
1198 2577 1450 2647 excommunicari,
1473 2579 1514 2635 rel
1536 2578 1664 2651 suspendi
1687 2581 1785 2654 possit,

145 2669 209 2720 tuna
227 2665 308 2720 etiam
323 2664 386 2736 quia
400 2661 539 2736 derogatio
555 2663 656 2720 iurium
667 2661 777 2719 vitanda
786 2666 843 2732 est,
856 2660 948 2733 quoad
987 2662 1038 2716 uisi
1053 2660 1098 2716 tall
1112 2703 1119 2730 ,
1135 2661 1177 2717 rel
1193 2662 1238 2718 tali
1253 2664 1345 2735 modo,
1360 2673 1409 2722 aut
1422 2681 1438 2720 a
1450 2667 1494 2728 teli
1509 2668 1611 2741 iudice,
1627 2668 1694 2725 licet
1711 2668 1787 2727 nllter

145 2754 206 2810 lieri
220 2755 316 2824 possit.
336 2755 425 2825 b'tque
438 2754 473 2808 ita
487 2753 531 2810 illa
546 2756 667 2810 extensio
681 2768 732 2809 nec
743 2750 949 2808 estsecundum
990 2759 1171 2821 censuretur,
1186 2766 1214 2808 re
1237 2767 1302 2809 vera
1316 2769 1369 2810 non
1384 2762 1477 2813 manet
1489 2755 1588 2830 ligatus
1603 2747 1665 2814 vere
1680 2765 1708 2816 et
1722 2774 1787 2832 pro·

145 2843 343 2914 proprietatem
363 2843 528 2913 verborum,
551 2849 637 2913 prout
656 2843 688 2900 de
707 2843 765 2899 iure
779 2841 888 2914 intelligi
904 2840 951 2897 de·
987 2842 1056 2911 pric,
1069 2841 1128 2896 sins
1141 2838 1197 2896 ulla
1211 2841 1276 2897 iuris
1287 2842 1413 2912 fictione,
1425 2850 1663 2919 etconsequeuter
1674 2847 1786 2920 pertale

146 2933 231 3002 beot,
248 2947 298 2989 nec
319 2939 362 2988 est
382 2939 478 2989 contra
500 2932 589 2990 solum
610 2933 775 3005 principem,
791 2931 838 2988 sed
852 2937 950 2988 contra
987 2929 1157 3001 privilegium
1178 2944 1242 2987 rere
1261 2937 1306 2987 est
1325 2930 1415 2989 lactus
1436 2935 1550 3006 incapax
1572 2935 1711 2994 moraliter
1725 2937 1786 2994 talis

146 3037 297 3078 commune
311 3022 413 3078 bonum
427 3021 612 3094 reipublicae,
626 3023 708 3078 cuius
723 3022 849 3092 interest,
862 3036 894 3076 ne
909 3026 950 3077 ta·
987 3032 1122 3076 censurae
1137 3019 1188 3076 allo
1205 3019 1285 3076 modo
1299 3019 1387 3078 latae:
1403 3022 1442 3078 sic
1455 3025 1539 3080 etiam
1552 3024 1738 3099 privilegiatus
1753 3025 1785 3082 ad

146 3110 190 3167 les
206 3125 250 3167 res
263 3127 279 3166 e
292 3125 377 3183 regne
391 3111 580 3168 extrahantur.
798 3139 801 3144 ·
987 3105 1189 3165 comedendum
1210 3123 1308 3165 carnes
1328 3108 1355 3166 iu
1370 3111 1506 3184 aliquibus
1520 3111 1615 3171 diebus
1632 3115 1789 3189 Quadrage·

193 3199 331 3265 Quocirca
344 3199 446 3256 decisio
461 3198 555 3256 similis
568 3199 658 3270 dubii,
672 3205 701 3256 et
713 3198 828 3256 ellectus
843 3198 953 3270 privile·
988 3196 1088 3270 simae,
1103 3211 1168 3254 rere
1182 3206 1274 3254 manet
1293 3199 1421 3256 immunis
1441 3215 1457 3258 a
1475 3211 1622 3275 praecepto
1638 3205 1743 3276 ieiunii,
1759 3213 1788 3264 et

147 3287 187 3359 gii
209 3289 236 3343 in
257 3286 304 3344 tali
325 3295 424 3344 eventu
445 3287 562 3344 multum
577 3287 674 3359 pendet
685 3304 720 3344 er
734 3288 776 3344 illa
790 3289 950 3361 quaestione
988 3286 1027 3343 sic
1042 3285 1076 3343 de
1091 3285 1161 3342 aliis.
1176 3287 1298 3361 Denique
1313 3291 1387 3345 sicut
1399 3289 1564 3361 dispensatio
1580 3307 1643 3349 vere
1657 3294 1727 3352 tollit
1738 3295 1787 3352 im·

147 3391 235 3446 supra
253 3381 387 3448 tractata,
400 3391 433 3432 an
449 3376 620 3450 privilegium
634 3375 748 3450 deroget
761 3377 812 3432 iuri
827 3392 952 3432 commu·
986 3374 1185 3446 pedimeutum,
1200 3382 1249 3433 aut
1261 3376 1471 3451 obligationem,
1485 3387 1513 3436 et
1526 3385 1725 3454 praescriptio,
1743 3384 1787 3441 rel

148 3465 199 3535 ni,
215 3463 325 3536 quando
338 3480 394 3520 nou
407 3463 481 3522 addit
490 3464 645 3521 clausulam
656 3464 868 3538 derogatoriam.
881 3467 950 3523 Nam
987 3462 1095 3521 donatio
1110 3479 1173 3522 rere
1188 3465 1296 3522 conlert
1307 3466 1472 3541 dominium,
1494 3475 1522 3526 st
1540 3470 1583 3527 les
1598 3471 1707 3528 irritans
1722 3489 1786 3532 rare

147 3553 228 3610 iusta
250 3555 402 3624 opinionem
422 3554 584 3626 generaliter
604 3552 632 3609 id
653 3561 815 3626 negantem,
830 3559 948 3625 constat,
987 3553 1111 3610 annullat
1130 3561 1320 3627 conuectum3
1335 3557 1373 3613 its
1393 3556 1563 3631 privilegium
1584 3575 1649 3616 suos
1668 3562 1786 3619 morales

149 3642 233 3696 etiam
256 3640 281 3696 in
303 3641 356 3698 troc
377 3656 445 3698 casu
465 3642 626 3714 simpliciter
643 3641 792 3700 dicendum
805 3657 883 3716 esse,
899 3642 953 3701 tale
987 3643 1102 3700 effectus
1116 3659 1181 3701 rere
1194 3650 1222 3702 et
1235 3645 1294 3702 sine
1307 3644 1365 3702 ulla
1378 3647 1485 3704 fictione
1500 3647 1616 3705 conlert.
1629 3650 1709 3708 Itatlo
1721 3666 1786 3709 sero

150 3729 325 3803 privilegium
348 3745 400 3786 non
422 3730 521 3788 babere
543 3731 671 3790 ellectum
686 3731 899 3788 substantialiter
912 3730 954 3788 dl·
987 3736 1046 3798 est,
1060 3733 1167 3806 quiebi
1181 3733 1296 3790 ellectus
1315 3734 1432 3792 morales
1453 3750 1507 3792 non
1528 3739 1683 3796 consistunt
1696 3739 1722 3794 in
1737 3739 1787 3796 ali·

150 3833 264 3874 versum
283 3818 317 3876 ab
330 3819 387 3888 bis,
399 3821 446 3892 qui
462 3820 543 3876 licent
554 3822 656 3892 parius
667 3835 832 3892 commune,
844 3820 954 3894 quiaad
988 3837 1043 3895 qua
1056 3822 1184 3894 entitate,
1196 3821 1239 3880 rel
1249 3823 1379 3895 qualitate
1393 3824 1524 3901 physica,
1537 3825 1620 3882 sedin
1633 3827 1727 3894 morali
1738 3826 1787 3885 ba·

149 3907 392 3966 habendumillum
406 3907 952 3982 oportetatiquldconcederecontraius,
987 3909 1126 3983 bitudine,
1141 3909 1185 3968 vel
1205 3910 1421 3970 denominatione
1441 3915 1615 3983 proveniente
1635 3930 1669 3974 ex
1690 3915 1787 3975 volun·

149 3998 227 4072 quod
235 3999 293 4054 sine
306 3996 431 4055 clausula
439 3999 610 4070 derogatoria
621 3999 710 4056 lacere
721 4015 774 4056 non
787 4006 887 4070 potest.
895 4001 953 4056 Nec
989 4005 1042 4057 tate
1056 3999 1219 4072 superioris,
1235 4007 1283 4058 aut
1295 4001 1397 4058 domini
1411 4000 1581 4060 sufficienter
1595 4003 1745 4079 declarata,
1759 4013 1787 4064 et

149 4089 205 4145 erit
222 4087 403 4157 conveniens,
419 4087 493 4161 quod
515 4094 581 4144 tunc
600 4087 736 4145 indultum
751 4087 954 4160 imperfectissl·
989 4096 1056 4146 tunc
1070 4105 1144 4163 vere,
1160 4097 1188 4147 et
1201 4090 1258 4146 sino
1270 4091 1376 4148 fictione
1388 4092 1470 4163 liunt,
1484 4092 1594 4164 quando
1607 4092 1650 4150 illa
1661 4095 1787 4152 voluntas

150 4192 226 4234 snam
247 4176 380 4234 rationem
399 4175 531 4248 privilegii
546 4178 675 4248 retineat,
691 4177 744 4234 lrno
758 4176 802 4233 vir
816 4177 900 4248 possit
914 4179 954 4232 sic
988 4186 1030 4236 nst
1042 4179 1140 4237 efficax
1155 4180 1188 4237 ad
1208 4180 1362 4238 laudandos
1380 4188 1524 4254 respectus
1537 4184 1670 4254 morales,
1687 4189 1714 4242 in
1728 4187 1788 4260 qui·

150 4265 299 4338 dandami,
309 4259 362 4321 'sed
373 4264 668 4336 recommendatia,rel
682 4264 774 4320 salvus
784 4263 956 4340 conductusa
987 4268 1040 4325 bus
1054 4267 1187 4340 dominia,
1202 4269 1363 4342 dignitates,
1378 4279 1407 4328 et
1421 4271 1471 4329 alia
1489 4272 1576 4330 multa
1593 4273 1711 4332 bumana
1726 4277 1787 4334 iura

153 4370 220 4412 nam
242 4354 295 4411 boc
315 4353 365 4410 sibi
385 4353 464 4410 debet
477 4355 613 4425 imputare
627 4354 791 4424 impetrans,
807 4353 855 4427 qui
870 4355 956 4411 maio·
989 4357 1157 4426 consistunt3
1180 4356 1226 4415 sed
1248 4357 1421 4432 privilegium
1436 4361 1557 4419 continet
1572 4361 1641 4420 hano
1658 4364 1787 4437 principis

153 4459 216 4500 rem
227 4441 439 4500 declarationem
451 4458 504 4499 non
517 4443 686 4514 procurarit3
699 4457 760 4500 nam
772 4442 795 4498 si
807 4441 880 4500 illam
891 4458 955 4514 pro·
987 4445 1178 4517 uoluntatem
1194 4461 1270 4519 ergo.

151 4533 279 4602 curarit,
295 4537 323 4589 ct
336 4531 458 4588 obtinere
474 4546 528 4587 non
541 4531 644 4604 potuit,
660 4532 770 4605 signum
782 4537 836 4602 est,
851 4532 955 4603 princi·
1028 4539 1053 4592 8.
1070 4532 1146 4590 solet
1164 4541 1253 4591 tamen
1271 4536 1416 4608 aliquando
1429 4537 1544 4596 effectus
1559 4540 1693 4615 privilegii
1711 4557 1788 4600 com·

152 4638 216 4695 pem
236 4620 358 4678 uoluisse
377 4620 440 4691 plus
460 4620 623 4678 concedere.
640 4624 674 4678 bt
695 4637 759 4678 vero
779 4622 855 4678 iusta
874 4621 954 4678 aliam
988 4624 1080 4696 parari
1092 4638 1159 4680 cunr
1172 4625 1264 4696 aliquo
1276 4626 1377 4683 ellectu
1393 4627 1511 4684 naturali
1526 4635 1554 4686 et
1564 4630 1690 4704 physico,
1703 4638 1732 4689 et
1744 4647 1787 4690 re·

153 4713 306 4784 opinionem
331 4709 527 4779 alllrmantem,
548 4711 718 4784 privilegium
742 4711 876 4783 derogare
899 4712 954 4768 iuri
988 4718 1087 4785 spectu
1106 4712 1179 4769 illius
1199 4713 1303 4770 dicitur
1317 4715 1455 4773 interdum
1469 4719 1526 4774 tisri
1541 4719 1651 4776 fictione
1664 4723 1744 4791 luris,
1759 4729 1788 4780 et

152 4802 311 4872 communi,
327 4799 408 4856 etiam
427 4800 484 4854 sina
502 4799 613 4870 speciali
628 4799 768 4870 clausula,
784 4800 954 4857 contrarium
988 4817 1042 4858 non
1058 4815 1138 4858 vero:
1159 4817 1229 4874 quae
1249 4805 1421 4876 comparatio
1435 4821 1487 4861 nnn
1503 4807 1527 4862 in
1544 4809 1672 4866 omnibus
1688 4809 1787 4867 ellecti-

152 4889 206 4946 crit
220 4887 367 4946 dicendum
381 4889 556 4958 inpraesenti
570 4904 657 4962 casu,
674 4905 727 4945 uon
741 4896 832 4946 tamen
842 4906 955 4964 genera·
988 4890 1040 4948 bus
1055 4889 1261 4964 privilegiorum
1274 4891 1358 4950 habet
1371 4892 1483 4965 locum,
1500 4901 1529 4952 et
1543 4895 1589 4952 ubi
1605 4897 1678 4953 lacta
1692 4893 1786 4971 luerit,

153 4979 232 5050 liter,
246 4993 298 5035 nec
313 4977 370 5033 sine
386 4992 482 5049 magua
496 4975 671 5048 limitatione,
687 4984 716 5034 et
728 4979 956 5050 circumspectio·
989 4994 1055 5036 sanc
1070 4979 1151 5036 modo
1170 4979 1344 5055 intelligenda
1357 4988 1400 5038 est
1415 4981 1529 5055 locutio,
1545 4984 1620 5040 turta
1636 4984 1787 5059 praedicta,

153 5083 190 5125 ne
205 5067 353 5126 verborum
363 5066 508 5140 privilegii:
522 5068 713 5138 oportetenim
725 5081 758 5122 ea
768 5069 807 5124 eis
818 5068 955 5125 coniecta·
990 5085 1015 5124 r.
1031 5085 1059 5142 g.
1076 5068 1244 5141 privilegium
1267 5070 1472 5143 legitimationis
1485 5071 1586 5140 dicitur
1599 5073 1690 5130 lacere
1703 5073 1788 5133 filium

154 5173 203 5226 rs,
218 5173 253 5215 an
267 5157 351 5214 tuerit
364 5171 441 5214 mens
453 5158 585 5229 principis
599 5155 741 5228 proprium
758 5161 786 5212 et
800 5157 954 5230 rigorosum
990 5157 1137 5230 legitimum
1157 5159 1266 5216 ficuone
1286 5160 1369 5231 turis,
1390 5161 1454 5233 quia
1474 5177 1505 5219 re
1523 5177 1587 5218 vera
1601 5177 1656 5220 nnn
1670 5163 1788 5239 conlert,

153 5245 325 5324 privilegium
345 5244 517 5319 concedere,
539 5245 580 5303 rel
596 5245 685 5303 solues
699 5244 819 5303 latorem
837 5245 955 5320 aliquem
989 5261 1040 5305 nec
1062 5246 1190 5305 conterre
1210 5255 1300 5321 potest
1320 5249 1450 5326 originem
1465 5266 1497 5310 es
1513 5252 1633 5328 legitimo
1647 5256 1789 5330 matrimo-
