4260 6222
858 377 1106 431 ειειιτιιιιιιιιι.
1684 362 1747 428 453

150 505 224 564 dunt
240 521 381 580 personas,
393 520 421 562 c.
432 502 638 578 Poiotlepium,
656 502 690 561 de
704 501 793 578 regul.
806 503 860 562 iur.
879 505 906 560 iu
921 507 948 562 li.
986 503 1252 578 aequiparationem,
1269 520 1410 578 nunquam
1426 501 1497 578 licet,
1513 502 1588 578 quod
1602 503 1688 578 magis
1703 504 1728 561 iu
1743 520 1786 562 ee·

147 597 225 654 Alias
240 613 293 654 non
309 595 398 654 solum
422 597 494 653 inter
507 603 613 668 patrem
632 600 662 651 et
676 594 760 652 tilium
777 595 803 651 id
816 601 890 651 esset
902 593 952 650 ad·
986 598 1081 677 quenti
1097 595 1192 669 regula
1206 595 1398 668 explicabitur.

147 688 325 760 mittendum,
337 687 384 744 sed
399 687 561 744 eliamiuler
571 700 763 760 quascumque
774 684 842 742 duas
853 699 948 757 perso-
1028 690 1070 743 lb.
1082 686 1184 754 Quarta
1199 685 1305 758 regula,
1320 701 1370 742 seu
1385 682 1507 742 secunda
1520 682 1553 740 de
1568 684 1725 742 extensione
1740 685 1783 740 ait:

146 794 199 834 nas
222 791 310 849 aeque
334 776 445 850 dignes,
469 777 494 832 in
518 775 619 849 quibus
639 773 733 832 eadem
747 775 816 832 ratio
831 775 948 846 pietatis,
984 775 1172 849 iuterpretatio
1183 774 1273 848 ampla
1287 774 1417 848 privilegii
1430 779 1594 846 semperest
1607 773 1677 830 intra
1691 772 1788 830 verbu·

147 875 199 924 aut
221 865 419 942 gratitudinis,
448 865 490 923 vel
515 865 742 923 remunerationis
767 866 948 936 inveniretur3
985 880 1046 922 rum
1059 867 1253 939 proprietatem
1264 865 1456 935 facienda,uisi
1468 865 1554 920 maior
1566 864 1676 920 omuino
1691 877 1787 920 ncces·

148 957 224 1030 quod
250 973 330 1014 nemo
354 953 498 1013 concedet.
514 955 593 1012 Ratio
606 954 724 1029 denique
738 971 754 1011 a
768 953 852 1026 priori
867 968 950 1026 supra
985 957 1056 1012 sario
1069 958 1116 1028 sit,
1129 961 1162 1014 ut
1176 955 1345 1029 privilegium
1359 952 1460 1028 aliquid
1476 951 1787 1025 operclumltegulasu-

149 1046 247 1104 tradita
262 1061 348 1120 aeque
362 1044 487 1118 procedit
496 1045 522 1101 in
536 1043 673 1117 privilegio
685 1043 744 1117 piae
757 1057 871 1114 cavasae,
885 1043 950 1116 quia
984 1046 1068 1102 mitur
1079 1061 1112 1103 ex
1126 1046 1222 1104 Glossa
1233 1047 1259 1101 in
1270 1045 1401 1103 Clamant.
1408 1046 1467 1101 Per
1476 1042 1601 1110 litteras,
1611 1043 1644 1099 do
1656 1041 1784 1115 praeben.

149 1138 231 1194 etiam
252 1135 319 1194 illud
340 1135 441 1208 pendet
459 1150 492 1191 ex
507 1133 647 1191 voluntate
662 1134 803 1205 principis,
816 1133 862 1206 qui
885 1131 951 1189 beet
984 1135 1068 1192 verbo
1083 1134 1224 1202 directos,
1240 1135 1286 1192 ubi
1298 1135 1412 1209 loquens
1423 1133 1456 1192 de
1469 1133 1608 1206 privilegio
1619 1132 1699 1189 etiam
1710 1137 1787 1188 motu

148 1227 217 1283 velit
238 1227 329 1284 facere
346 1241 436 1284 unum
451 1225 618 1299 piumopus,
630 1239 684 1280 non
699 1223 760 1281 ideo
778 1221 837 1280 vult
857 1221 948 1279 facere
985 1225 1096 1297 proprio
1111 1241 1262 1298 concesso,
1282 1227 1336 1298 ait,
1359 1241 1413 1283 nou
1433 1240 1494 1282 esse
1509 1222 1693 1295 ampliandum
1714 1221 1788 1280 ultra

148 1319 243 1375 omnia
260 1316 371 1389 similia,
396 1316 437 1373 vel
462 1313 603 1389 aequalia,
627 1329 677 1370 seu
696 1312 838 1386 inquibus
853 1309 947 1368 eadem
984 1316 1037 1371 virn
1050 1317 1189 1388 propriam
1204 1316 1360 1374 verborum.
1373 1315 1452 1374 idem.
1461 1315 1544 1372 sensit
1558 1313 1634 1370 Alex.
1647 1313 1681 1370 de
1699 1315 1787 1386 Neve,

147 1409 219 1468 ratio
234 1407 345 1478 militat,
360 1413 392 1464 ut
407 1422 457 1478 per
467 1421 496 1462 se
510 1410 620 1462 constat
631 1404 657 1460 in
671 1402 794 1476 quolibet
808 1409 946 1475 operante,
984 1403 1011 1460 in
1024 1419 1086 1474 cap.
1099 1407 1182 1480 Quia
1195 1407 1287 1472 eirca,
1302 1405 1335 1462 de
1349 1406 1549 1478 consanguinit.
1558 1409 1585 1460 et
1596 1402 1691 1460 allinit.
1699 1419 1726 1459 n.
1741 1407 1786 1476 tu,

146 1502 247 1570 estque
260 1495 356 1554 eadem
380 1496 449 1553 ratio
474 1495 500 1550 in
519 1493 651 1576 principe.
667 1493 865 1563 confirmatur,
885 1491 949 1565 quia
982 1499 1010 1549 et
1023 1495 1137 1552 δεεειεε
1151 1494 1197 1551 lib.
1208 1501 1234 1554 8.
1250 1493 1284 1552 de
1298 1498 1417 1552 matrim.
1428 1493 1500 1567 disp.
1517 1499 1543 1566 l,
1559 1509 1586 1549 n.
1599 1499 1624 1549 5.
1645 1495 1725 1550 Ratio
1739 1509 1788 1550 au·

147 1587 201 1642 uisi
221 1585 348 1644 eundum
366 1591 440 1642 esset
456 1584 545 1641 verbis
565 1583 715 1656 privilegii,
740 1582 832 1638 omnio
854 1587 947 1638 essent
984 1589 1038 1639 tero
1057 1589 1100 1640 est
1119 1583 1170 1639 iam
1184 1589 1243 1641 tola
1261 1587 1287 1640 in
1308 1584 1430 1642 secunda
1448 1593 1476 1642 ct
1495 1583 1573 1642 tertia
1592 1583 1702 1656 regula,
1721 1585 1788 1657 quia

143 1677 269 1746 incerta,
289 1682 317 1732 et
337 1675 406 1732 alius
420 1682 515 1747 posset
529 1671 642 1729 similem
656 1672 840 1728 extensionem
858 1671 947 1728 fecere
983 1671 1065 1728 verba
1082 1671 1285 1746 privilegiorum
1300 1682 1366 1733 sunt
1385 1675 1459 1732 sicut
1472 1674 1555 1732 verba
1570 1673 1655 1744 iuris,
1671 1688 1741 1746 quae
1759 1675 1787 1730 in

144 1766 173 1821 in
200 1764 339 1838 privilegio
364 1763 600 1832 remuneratorio,
626 1761 701 1836 quod
729 1761 948 1818 honestissimam
981 1763 1092 1834 proprio
1107 1777 1190 1819 sensu
1208 1769 1235 1821 et
1249 1764 1401 1822 seeundum
1412 1765 1455 1821 ius
1466 1766 1556 1837 ipsum
1568 1770 1632 1820 sunt
1648 1763 1786 1835 accipien-

145 1855 232 1912 habet
251 1855 403 1927 rationem,
418 1860 446 1912 ει
467 1855 492 1910 ιε
514 1852 657 1925 similibus,
672 1865 742 1924 quae
757 1850 831 1907 uuila
845 1841 949 1907 ratione
982 1851 1032 1924 da3
1048 1852 1114 1910 alios
1129 1853 1195 1910 nibil
1209 1861 1282 1910 esset
1295 1862 1414 1925 certum,
1428 1855 1449 1911 si
1464 1854 1497 1912 ad
1512 1855 1673 1927 improprias
1688 1854 1786 1926 signifi-

143 1941 314 2003 admittenda
329 1951 403 2002 sunt.
982 1943 1103 2000 cationes
1116 1943 1260 2001 extendere
1275 1943 1514 2018 liceretiixceptio
1527 1951 1618 2002 autern
1628 1941 1719 2000 addite
1731 1947 1784 2014 est,

191 2038 234 2094 tt.
248 2034 290 2092 bd
300 2049 363 2106 cap.
373 2050 440 2115 ergo
455 2038 532 2094 Cum
545 2030 657 2090 dilecto
671 2029 834 2104 respondeo,
849 2031 947 2104 princi·
983 2033 1047 2106 quia
1061 2031 1191 2091 fundetur
1205 2035 1230 2090 in
1245 2035 1303 2107 ipso
1319 2036 1389 2108 iure,
1407 2034 1482 2112 quod
1496 2033 1638 2106 praecipit,
1650 2033 1686 2090 ite
1702 2033 1785 2088 inter·

143 2139 209 2196 pern
223 2122 334 2196 quidem
349 2125 451 2195 optime
465 2123 556 2180 facere
569 2136 649 2194 posse
663 2120 736 2178 illam
754 2119 947 2194 extensionem,
983 2123 1084 2194 prelari
1098 2123 1185 2196 legem
1199 2130 1226 2181 et
1245 2123 1398 2198 privilegia,
1415 2131 1446 2182 ut
1459 2139 1510 2181 nee
1525 2125 1625 2180 iniusta
1640 2124 1709 2192 sint,
1732 2136 1784 2178 nec

143 2215 211 2286 quia
224 2216 277 2271 iam
295 2214 402 2271 accedit
413 2213 473 2270 eiua
492 2211 637 2284 voluntas,
652 2216 679 2267 ει
693 2225 746 2266 εοε
761 2209 827 2266 ιεειι
840 2216 948 2268 tautum
983 2211 1103 2282 inutilia,
1119 2213 1162 2270 vel
1175 2214 1278 2272 frustra
1291 2213 1373 2286 data,
1388 2221 1419 2272 ut
1431 2215 1458 2271 in
1473 2215 1524 2270 line
1539 2211 1728 2286 praecedentis
1742 2227 1785 2268 re-

143 2303 324 2375 declarando,
336 2302 384 2360 sed
398 2300 601 2374 constituendo,
614 2315 703 2373 neque
714 2298 785 2355 aliud
801 2297 899 2371 probat
909 2307 949 2357 te·
982 2301 1062 2376 gulae
1076 2301 1245 2374 explicatum
1257 2310 1309 2359 est.
1318 2307 1406 2377 litque
1421 2304 1457 2361 ita
1472 2321 1516 2361 res
1530 2311 1573 2360 est
1587 2302 1686 2359 facilis.

143 2403 211 2452 xtus
225 2393 279 2452 ille:
302 2410 352 2450 nos
373 2399 464 2450 autern
486 2391 624 2466 loquimur
641 2390 675 2448 de
696 2390 807 2462 privatis
826 2389 949 2461 personia
1026 2395 1071 2450 te.
1088 2393 1161 2450 llaec
1173 2400 1265 2451 autem
1276 2395 1429 2466 proprietas
1441 2394 1587 2452 verborum
1599 2394 1624 2448 in
1636 2391 1728 2464 primis
1739 2408 1785 2448 su·

144 2485 287 2542 utentibus
304 2483 462 2557 privilegiis.
477 2485 593 2554 Propter
606 2495 639 2537 ea
654 2494 735 2552 vero,
751 2495 822 2553 quae
836 2480 863 2535 in
882 2495 949 2538 con·
983 2481 1081 2540 menda
1090 2487 1131 2540 est
1143 2499 1175 2541 ex
1188 2484 1287 2540 usitata
1300 2485 1504 2558 significatione,
1516 2484 1557 2542 vel
1569 2484 1708 2540 communi
1720 2497 1784 2554 usu,

144 2574 344 2631 firmationibus
355 2579 556 2646 congeruntur,
568 2578 611 2629 cst
622 2568 863 2641 considerandum,
875 2566 948 2625 aliud
982 2572 1025 2629 vel
1041 2571 1126 2645 (quod
1146 2556 1262 2630 ma'xirno
1281 2573 1477 2632 attondendum
1491 2572 1546 2646 est)
1566 2572 1720 2630 secundum
1741 2573 1785 2628 ius

142 2680 206 2721 esse
223 2663 349 2722 derivare
371 2661 542 2736 privilegium
556 2661 591 2718 ob
607 2675 662 2716 uno
677 2657 711 2716 ad
726 2656 799 2716 eliud
815 2673 863 2730 per
876 2658 949 2715 aimi-
983 2662 1122 2736 privilegio
1143 2663 1396 2735 proportionatum:
1413 2663 1488 2737 quod
1506 2662 1565 2720 ideo
1584 2661 1669 2734 addo,
1684 2661 1748 2734 quia
1762 2663 1784 2720 si

142 2754 288 2812 litudiuem
303 2751 427 2823 rationis,
443 2750 517 2824 quod
532 2767 586 2806 nou
601 2749 681 2820 licet;
697 2748 770 2805 aliud
784 2763 849 2804 vero
864 2749 902 2804 ita
916 2748 948 2804 il·
982 2753 1155 2828 privilegium
1168 2759 1213 2810 est
1230 2756 1354 2826 regium,
1370 2755 1454 2827 magis
1468 2751 1665 2812 attendendum
1680 2756 1722 2807 est
1741 2750 1785 2806 ius

141 2844 193 2903 lud
205 2839 428 2916 interpretari,ut
439 2843 517 2914 plura
529 2837 756 2911 comprehendat,
769 2853 852 2912 quam
864 2840 890 2894 in
901 2854 947 2895 su·
982 2843 1072 2914 civile,
1090 2844 1193 2900 sivero
1208 2843 1292 2901 fuerit
1306 2844 1490 2915 pontificium,
1506 2844 1670 2900 canonicum
1685 2842 1727 2897 ius
1745 2848 1786 2897 at·

141 2935 255 3007 perficio
266 2933 412 2990 verborum
428 2937 569 3004 appareat,
583 2928 656 3002 qvvod
671 2929 744 2994 licet,
756 2927 865 3001 quando
879 2930 948 2985 ratio
983 2932 1149 2990 tendendum
1169 2939 1221 2989 est.
1234 2934 1343 2990 Notavit
1361 2933 1413 2990 boc
1433 2933 1549 3008 sylvest.
1563 2933 1647 2989 verbo
1665 2927 1785 3005 priuile-

141 3023 251 3096 sundpt.
266 3021 428 3093 Exemplum
450 3021 494 3092 sit,
509 3021 531 3075 si
552 3019 634 3076 alicui
647 3018 820 3075 concedatur
841 3017 948 3089 privile·
983 3027 1075 3095 piune,
1093 3039 1122 3095 q.
1138 3026 1166 3094 3,
1180 3030 1209 3080 ει
1224 3024 1344 3081 sumitur
1358 3039 1391 3081 ex
1406 3022 1480 3080 bald.
1494 3023 1511 3080 l.
1525 3019 1693 3096 siquando,
1713 3025 1737 3090 l,
1752 3021 1782 3076 c.

141 3111 219 3186 glum
231 3109 386 3168 celebrandi
402 3124 513 3166 sacrum
525 3109 550 3164 in
567 3108 629 3166 loco
643 3105 800 3177 interdicto,
815 3106 904 3164 licebit
917 3107 948 3164 il·
982 3111 1016 3168 do
1031 3112 1109 3168 bonis
1124 3111 1459 3182 vacantib.lib.10.Quod
1475 3128 1528 3170 uno
1539 3112 1580 3168 vel
1594 3111 1680 3168 altero
1694 3124 1785 3166 exem·

142 3203 192 3260 lud
211 3201 358 3258 extendero
371 3202 405 3258 ad
427 3199 590 3257 ministrum.
607 3198 677 3255 Etsi
699 3196 870 3254 concedatur
885 3213 947 3270 pet·
983 3200 1028 3272 plo
1042 3200 1211 3258 declaratur.
1227 3203 1293 3258 Nem
1310 3204 1332 3258 si
1347 3202 1516 3276 privilegium
1531 3200 1703 3259 concedatur
1718 3215 1782 3272 ang.

142 3307 228 3350 sonae
244 3292 326 3348 nobili
341 3291 428 3347 simile
442 3289 611 3362 privilegium
624 3287 750 3345 audiendi
764 3303 888 3357 sacrum,
901 3304 948 3345 ex·
982 3291 1110 3363 episcopo
1128 3307 1177 3363 pro
1192 3293 1249 3347 suis
1260 3291 1450 3362 familiaribus,
1463 3291 1606 3348 familiares
1623 3286 1786 3362 intelligendi

142 3382 265 3438 tenditur
275 3380 308 3438 ad
320 3382 422 3450 socios,
433 3380 475 3437 vel
487 3378 632 3437 familiares
643 3380 721 3434 iuxta
730 3376 881 3434 decentiam
894 3385 948 3434 sta·
982 3388 1058 3449 suut,
1072 3382 1119 3452 qui
1133 3386 1199 3437 actu
1215 3381 1315 3437 suntin
1331 3381 1461 3453 obsequio
1471 3387 1499 3437 et
1514 3378 1647 3436 famulatu
1661 3380 1733 3456 eius,
1744 3375 1786 3433 iu·
1846 3407 1848 3410 ·

142 3477 209 3542 tus,
224 3478 256 3528 ut
274 3485 358 3542 supra
375 3467 483 3528 dietum
496 3477 584 3525 estex
600 3465 746 3524 Panormit.
758 3468 785 3522 in
804 3481 830 3522 c.
846 3471 948 3542 Quom
982 3473 1029 3524 xta
1041 3467 1200 3540 oap.ultim.
1213 3467 1247 3525 de
1261 3469 1409 3526 verborum
1424 3469 1567 3541 siguificat.
1580 3469 1608 3523 in
1623 3471 1649 3525 6.
1661 3467 1695 3522 tta
1707 3472 1785 3522 uoto·

139 3563 190 3625 sit,
208 3558 241 3616 dc
255 3558 379 3627 ludaeis3
395 3559 459 3632 quia
474 3557 518 3614 illa
531 3573 584 3612 nou
599 3563 642 3612 εει
654 3555 776 3612 extensio
791 3570 838 3626 per
854 3554 948 3611 simili·
982 3558 1021 3615 vit
1035 3559 1124 3616 libbas
1140 3559 1166 3614 in
1177 3573 1239 3630 cap.
1253 3561 1331 3616 Cum
1346 3557 1480 3622 dilectus.
1497 3556 1530 3614 de
1550 3557 1656 3614 clericis
1670 3572 1724 3613 nou
1743 3569 1786 3612 re-

141 3648 283 3716 tudinem,
300 3647 347 3704 sed
367 3663 415 3719 per
429 3647 575 3704 virtualem
590 3643 784 3702 continentiam
801 3643 947 3702 verborum
979 3638 1106 3704 'sidentib
1121 3649 1188 3704 ltcm
1202 3648 1224 3703 si
1246 3648 1343 3720 aliquis
1364 3647 1520 3722 irregularis
1541 3663 1589 3719 per
1613 3645 1784 3721 privilegium

140 3739 218 3796 iuxta
235 3737 422 3794 rationabilem
438 3752 536 3794 eorum
551 3734 861 3807 interpretationem.lld
874 3735 948 3791 buno
982 3738 1029 3794 irat
1048 3737 1142 3794 babilis
1157 3737 1190 3795 ad
1211 3737 1359 3810 beneficia,
1375 3737 1532 3810 intelligitur
1546 3737 1579 3793 de
1602 3736 1783 3808 simplicibus,

140 3843 209 3901 ergo
221 3825 332 3884 modum
350 3827 431 3883 babet
446 3825 593 3898 aliquando
607 3824 699 3881 locum
713 3824 834 3880 extensio
845 3825 872 3881 in
887 3823 946 3897 lege
982 3829 1034 3884 nisi
1046 3827 1119 3884 aliud
1134 3827 1296 3899 explicetur,
1309 3829 1385 3884 iuxta
1399 3842 1426 3884 c.
1439 3825 1568 3885 ultimde
1582 3825 1785 3899 praebentem

139 3916 326 3987 exorbitante,
343 3931 396 3972 nou
414 3930 480 3972 vero
494 3921 606 3986 propter
621 3913 706 3970 solam
726 3913 838 3970 rationis
857 3913 950 3986 aequi·
983 3919 1005 3974 si
1019 3916 1176 3991 illegitimus
1193 3933 1241 3989 per
1260 3917 1430 3990 privilegium
1444 3917 1489 3973 liat
1511 3916 1608 3973 babilis
1624 3916 1658 3974 ad
1678 3913 1785 3973 ordines

140 4008 326 4080 parationem,
340 4013 372 4063 ut
386 4007 413 4061 in
428 4004 527 4062 tibvl.
539 4005 564 4061 in
579 4004 710 4076 principio
722 4003 786 4060 dixi.
800 4005 834 4060 Et
851 4002 948 4060 eodem
983 4007 1131 4078 indefinite,
1143 4006 1304 4080 intelligitur
1315 4007 1348 4063 de
1363 4006 1514 4064 minoribus
1530 4011 1647 4077 tantum,
1664 4006 1730 4079 quia
1743 4011 1787 4062 ast

140 4096 225 4156 modo
240 4095 355 4152 diximus
371 4095 396 4150 in
418 4094 530 4152 materia
543 4093 577 4151 de
591 4099 665 4162 voto,
680 4093 732 4150 sub
747 4093 877 4151 facultate
892 4093 947 4150 dis·
982 4099 1097 4154 materia
1113 4096 1220 4168 odiosa,
1232 4098 1295 4152 etin
1307 4095 1455 4152 maioribus
1467 4101 1596 4152 censetur
1607 4109 1668 4152 esee
1683 4095 1786 4168 specia-

140 4183 275 4260 peusaudi
299 4183 402 4242 includi
427 4183 585 4240 facultatem
602 4183 800 4241 commutandi.
816 4185 852 4241 Et
870 4182 948 4240 simili
984 4187 1015 4243 lis
1030 4187 1146 4258 ratio,el
1161 4183 1395 4257 consideratio,ul
1409 4183 1494 4241 voluit
1509 4184 1626 4260 sylvest.
1636 4184 1709 4241 dicta
1719 4188 1783 4256 q.3,

140 4274 225 4332 modo
247 4279 290 4331 est
309 4273 466 4346 probabile,
489 4272 542 4330 sub
562 4279 726 4330 testamento
755 4271 948 4345 comprobandi
982 4282 1010 4333 et
1020 4277 1045 4332 in
1062 4275 1144 4332 verbo
1159 4273 1293 4342 clericm,
1307 4277 1332 4346 l,
1345 4291 1372 4346 q.
1383 4278 1409 4332 l.
1423 4277 1568 4331 Praetereo
1581 4274 1737 4330 immunitas
1751 4274 1785 4330 ab

139 4363 298 4422 codicillum
315 4369 443 4436 unquam
458 4365 647 4420 accessorium
662 4362 714 4420 sub
731 4363 875 4436 principali
884 4405 891 4434 ,
907 4363 948 4420 vel
982 4366 1111 4423 oneribus
1126 4365 1285 4437 simpliciter
1295 4364 1605 4437 concessa,intelligitur
1616 4365 1649 4420 ab
1662 4369 1787 4420 extraor-

138 4455 206 4527 quia
232 4453 386 4512 extenditur
410 4453 455 4510 illa
475 4469 528 4510 vox
549 4451 584 4509 ad
610 4468 718 4510 ornnem
741 4453 947 4524 dispositionem
983 4453 1111 4526 dinariis,
1129 4470 1183 4512 non
1198 4454 1232 4511 ab
1250 4452 1409 4525 ordinariis,
1426 4453 1477 4508 nisi
1490 4453 1677 4524 exprimatur,
1693 4467 1727 4509 εε
1741 4451 1785 4508 alii

139 4559 229 4601 causa
243 4543 338 4601 mortis
352 4543 464 4614 factam,
478 4541 590 4616 quando
601 4558 654 4600 uon
670 4550 822 4614 usurpatur
833 4552 946 4615 propter
983 4545 1097 4601 nimium
1113 4549 1274 4619 graventur,
1288 4549 1319 4600 ut
1332 4542 1400 4600 dixit
1412 4541 1530 4618 sylvest.
1544 4558 1628 4614 supra
1639 4545 1703 4615 q.9.
1720 4557 1786 4598 curn

139 4632 285 4706 specialem
299 4632 411 4690 modum
425 4615 582 4704 disponendi
599 4649 646 4703 per
667 4632 779 4690 modum
801 4639 948 4691 testamen·
983 4635 1056 4690 bart.
1070 4635 1098 4689 in
1113 4632 1166 4706 leg.
1180 4637 1208 4704 2,
1226 4631 1253 4688 lt.
1266 4631 1299 4688 de
1314 4632 1373 4688 iure
1391 4631 1525 4689 immunit.
1539 4632 1583 4688 Sic
1599 4633 1680 4688 etiarn
1700 4629 1787 4688 facul·

140 4725 171 4792 ti,
184 4722 218 4778 de
232 4739 288 4795 quo
302 4722 383 4780 videri
397 4728 487 4794 potest
501 4720 641 4778 [lavanda
657 4721 736 4778 redit.
747 4725 842 4779 monii.
856 4727 904 4794 20,
919 4730 948 4781 et
984 4729 1025 4780 tas
1039 4721 1071 4779 ad
1088 4719 1265 4779 minuendum
1276 4736 1422 4778 numerum
1436 4721 1623 4778 ministrorum
1641 4719 1785 4790 ecclesiae,

140 4811 264 4869 blandos.
278 4813 304 4868 iu
318 4812 397 4869 Praxi
412 4812 514 4884 signat.
527 4813 641 4884 gratiae,
656 4811 741 4870 verbo
757 4811 890 4870 licentia.
907 4811 948 4869 nd
984 4811 1066 4868 cuius
1083 4809 1227 4868 facultates
1246 4808 1397 4866 diminutae
1418 4817 1493 4881 suut,
1509 4825 1562 4866 non
1582 4809 1736 4867 extenditur
1751 4807 1784 4866 ad

140 4901 216 4958 bunc
231 4916 298 4974 ergo
317 4902 429 4958 modum
449 4901 478 4958 tt
498 4903 621 4959 extensio
635 4903 661 4958 in
684 4901 878 4960 favorabilibus
892 4903 948 4975 pri·
983 4899 1141 4975 augendum
1155 4900 1266 4957 illorum
1281 4914 1446 4971 numerum,
1461 4898 1567 4956 etiamsi
1582 4905 1710 4956 crescant
1723 4897 1786 4955 red·

139 4989 244 5064 vilegiis
271 4989 361 5062 quoad
389 4990 614 5065 significationem
643 4990 802 5060 verborum,
833 4992 949 5048 maxime
982 4990 1072 5063 ditus,
1092 4997 1124 5047 ut
1137 4990 1240 5047 notavit
1255 4989 1400 5046 Panormit.
1416 5003 1448 5045 ειι
1463 4994 1540 5046 textu
1554 4989 1589 5045 ibi
1604 4989 1630 5044 in
1644 5003 1671 5044 c.
1688 4987 1784 5045 ultimo

139 5080 253 5156 quondo
266 5079 375 5137 iuvatur
385 5079 593 5152 consuetudine,
607 5080 649 5137 vel
663 5081 743 5152 iuris,
758 5079 798 5136 val
811 5079 944 5154 iudicum,
983 5079 1016 5137 de
1040 5079 1151 5138 verbor.
1162 5079 1304 5152 significat.
1317 5078 1383 5146 Quia
1398 5076 1530 5135 moderari
1549 5077 1657 5150 proprie
1676 5093 1729 5134 non
1748 5078 1785 5133 si·

138 5176 190 5228 aut
210 5169 378 5241 sapientum3
395 5171 529 5226 transiens
547 5184 642 5227 veroa
662 5184 746 5225 cansa
762 5167 794 5226 ad
820 5182 946 5242 causam,
983 5171 1094 5242 gnificat
1112 5184 1224 5243 augere.
1240 5167 1367 5226 Similiter
1387 5166 1557 5241 privilegium
1577 5169 1652 5225 circa
1672 5166 1785 5225 ruoduru

138 5259 215 5317 vela
237 5273 354 5332 persona
368 5258 401 5316 ad
426 5274 570 5332 personam
590 5265 704 5332 propter
722 5258 808 5317 solani
833 5259 946 5318 rationis
983 5258 1110 5317 servandi
1124 5257 1310 5332 interdictum,
1323 5273 1377 5314 nou
1391 5256 1548 5316 extenditur
1559 5255 1593 5314 ad
1604 5257 1783 5316 cessationem
