4260 6222
858 405 965 456 carun
978 406 1088 456 xxxv.
1683 389 1746 455 dati
1790 479 1793 487 Ι

144 545 192 596 ιι,
214 533 245 586 ut
265 530 434 604 privilegium
453 545 507 589 non
531 530 663 604 perdatur
676 547 725 606 per
738 547 825 590 unum
839 537 950 589 contra·
985 531 1097 588 lutaris.
1111 531 1183 590 llaec
1198 531 1254 589 duo
1270 547 1324 590 non
1339 531 1461 606 indigent
1475 549 1547 594 nova
1561 533 1727 608 probatione.
1738 533 1788 591 So·

143 619 218 676 rium
234 627 341 690 actum,
356 628 385 677 et
397 621 431 678 ad
446 620 498 678 boc
513 638 575 679 esse
589 623 775 680 necessmism
788 622 869 679 talem
885 637 949 694 prn·
984 620 1041 678 lum
1054 638 1121 696 ergo
1136 629 1263 696 superest
1275 621 1425 681 diilloultas
1438 624 1472 682 de
1485 626 1531 683 ilia
1545 625 1690 682 amissione
1706 625 1788 696 privi-

144 711 334 782 testationena3
350 719 377 768 et
392 710 443 767 boc
459 711 540 768 modo
552 712 622 770 idem
636 711 779 784 intellexit,
793 717 820 768 et
833 717 948 770 secutus
967 710 1057 784 legii,
1069 727 1141 785 quae
1155 713 1210 769 beri
1225 719 1367 782 censetur,
1384 729 1432 786 per
1445 714 1594 788 quemlibet
1608 722 1704 772 actum
1721 730 1789 770 onn-

140 805 187 854 est
200 799 284 856 Felin.
300 800 334 856 ibi
349 815 426 856 uuna.
445 805 494 872 30,
511 800 587 858 Ιιιιιιι.
606 807 635 872 5,
651 803 773 875 citatque
787 802 904 860 Reman.
920 806 949 857 ιι
983 803 1099 858 trarium
1114 803 1288 874 posmodum
1304 803 1402 860 tacitae
1423 804 1652 878 renunciationis,
1667 803 1710 860 vel
1725 805 1789 862 sim·

141 889 220 946 Rald.
245 890 272 944 in
292 889 416 947 eamdem
436 893 609 948 sententiam.
627 894 663 948 bt
675 906 740 948 vero
756 892 831 948 turta
845 888 950 948 doetri-
984 889 1104 962 pliciter,
1114 891 1136 946 si
1151 891 1321 965 privilegium
1334 894 1361 949 in
1374 908 1428 949 uuo
1444 899 1549 950 tanturn
1564 901 1632 952 actu
1642 895 1785 966 consistat,

140 996 206 1037 nam
230 979 322 1052 datam
343 980 404 1036 talis
426 981 586 1052 protestatio
603 982 757 1037 necessaria
773 995 827 1036 non
841 985 900 1046 est,
916 984 949 1034 ut
982 979 1027 1034 vel
1041 979 1267 1054 secundumquid
1278 982 1486 1054 tantumquoad
1498 991 1668 1055 praesentem
1679 990 1786 1054 actum,

141 1069 313 1141 privilegium
324 1084 377 1126 non
387 1069 520 1140 perdatur
532 1069 693 1142 simpliciter
701 1085 749 1141 per
759 1074 947 1126 unumsetum
983 1077 1012 1125 et
1029 1068 1158 1127 effectum
1177 1069 1247 1126 eius.
1263 1073 1292 1128 ln
1313 1087 1368 1144 quo
1388 1071 1508 1130 breviter
1527 1071 1606 1144 dico,
1624 1075 1788 1146 regulariter

141 1159 394 1227 contrarium;nam
405 1158 469 1216 licet
480 1174 532 1215 non
545 1161 592 1216 liat
603 1160 855 1231 protestatio,unus
865 1163 947 1214 actus
983 1145 1132 1230 loquendo.
1149 1159 1229 1216 talem
1243 1161 1476 1218 renunciationem
1487 1161 1672 1221 assevalidaln
1683 1163 1708 1220 in
1719 1177 1787 1219 con·

141 1253 296 1304 contrarius
317 1263 371 1304 non
391 1247 513 1304 sufficiet
534 1264 581 1320 per
599 1264 629 1305 se
649 1248 745 1305 tollere
761 1246 945 1320 privilegium,
983 1248 1107 1318 seientia,
1137 1265 1264 1322 suppono
1282 1250 1353 1307 enirn
1376 1252 1480 1307 versari
1499 1253 1574 1308 circs
1587 1251 1703 1309 alterum
1717 1292 1723 1319 ,
1739 1254 1787 1325 qui

141 1336 234 1410 quoad
253 1337 424 1394 iorumvero
443 1344 588 1394 externum
609 1339 706 1408 polerit
721 1351 782 1392 ese
798 1336 873 1394 utilis
887 1333 947 1392 talis
983 1337 1074 1392 statim
1096 1345 1222 1408 acceptat
1236 1338 1384 1410 iilam,vel
1397 1340 1539 1412 effectum,
1555 1344 1603 1414 qui
1618 1341 1650 1397 ab
1663 1339 1708 1396 iila
1722 1356 1788 1412 pen·
1853 1383 1865 1394 .

141 1427 322 1498 protestatio,
343 1433 376 1482 ut
395 1427 480 1500 magis
501 1433 610 1483 constet
631 1426 665 1483 de
684 1428 775 1482 animo
796 1424 945 1495 operantis.
981 1424 1038 1496 det,
1058 1424 1133 1497 quod
1147 1426 1257 1498 perinde
1272 1436 1328 1486 est:
1345 1445 1407 1486 narn
1422 1429 1455 1486 de
1469 1429 1527 1486 aliis
1550 1429 1694 1503 privilegiis
1708 1429 1788 1486 abso·

141 1519 255 1572 Praeter
274 1516 327 1572 hoc
343 1531 482 1572 vereesae
497 1518 598 1588 poterit
613 1516 688 1572 utilis
703 1515 769 1572 baec
784 1513 947 1586 protestatio
982 1513 1049 1570 lutis
1070 1515 1124 1571 ism
1143 1532 1198 1572 non
1214 1523 1375 1574 tractamus.
1390 1516 1507 1589 Deinde,
1523 1518 1588 1576 licet
1604 1518 1671 1575 baec
1686 1534 1788 1577 renun-

140 1623 174 1662 es
189 1607 263 1663 iusta
278 1620 364 1662 causa
378 1606 467 1676 lacta,
483 1613 515 1662 ut
528 1608 645 1678 ipsemet
659 1613 751 1676 actus,
766 1605 814 1677 qni
828 1603 852 1658 in
868 1617 947 1675 prae·
981 1603 1063 1660 ciatio
1092 1619 1145 1660 non
1169 1605 1203 1661 sit
1226 1621 1376 1679 expressa,
1399 1607 1446 1664 sed
1466 1608 1562 1680 tacita,
1583 1614 1721 1682 quatenus
1739 1624 1787 1681 psr

140 1699 210 1752 senti
228 1697 273 1766 bt,
294 1703 467 1776 nonlnocest
488 1696 514 1751 in
534 1696 625 1768 aliquo
645 1689 945 1765 contra'privilegium,
981 1698 1075 1749 actum
1095 1695 1264 1751 contrarium
1290 1697 1432 1770 privilegio
1451 1697 1588 1756 indicatur
1603 1699 1729 1756 voluntas
1743 1715 1786 1756 re·

138 1787 222 1842 etiam
237 1785 391 1844 secundum
406 1794 578 1858 praesentem
592 1785 732 1854 ellectum,
744 1799 826 1857 quem
843 1782 945 1840 babere
981 1782 1131 1840 nunciandi
1149 1784 1289 1857 privilegio
1308 1785 1405 1843 saltem
1419 1803 1469 1859 pro
1490 1787 1535 1846 ilio
1549 1792 1630 1856 actua
1651 1787 1785 1845 nibilomi-

140 1881 251 1946 posset3
278 1882 309 1932 nt
332 1877 354 1930 si
378 1890 426 1946 per
450 1875 530 1930 talem
545 1875 767 1947 protestationem
782 1871 943 1944 profiteatur
981 1877 1027 1928 tus
1040 1872 1183 1930 moraliter
1194 1873 1380 1948 loquendo,ac
1392 1891 1440 1949 per
1452 1891 1480 1932 ae
1493 1875 1662 1948 proceditex
1678 1877 1785 1934 interno

138 1979 273 2035 operans,
290 1964 331 2020 vel
347 1979 401 2020 non
417 1963 584 2032 voluntarie,
605 1962 653 2020 sed
667 1969 765 2019 coacte
780 1961 887 2034 operari
904 1969 944 2018 ta·
979 1959 1081 2018 ellectu
1098 1961 1272 2034 sufficiente,
1286 1965 1350 2036 quia
1361 1963 1404 2021 iile
1419 1971 1499 2022 actus
1513 1965 1632 2022 exterior
1647 1965 1785 2023 voluntate

140 2053 193 2109 lem
207 2060 312 2123 actum,
329 2052 369 2110 vel
384 2059 460 2109 certe
472 2055 610 2125 ignorare,
623 2068 657 2109 sn
672 2050 773 2124 aliquid
787 2051 943 2108 detrimenti
979 2051 1020 2122 iit,
1035 2059 1064 2109 et
1078 2067 1111 2108 eu
1126 2055 1217 2111 animo
1231 2053 1334 2123 valide,
1352 2061 1380 2110 et
1393 2070 1459 2111 cum
1473 2055 1574 2112 affectu
1589 2055 1729 2127 operandi,
1743 2061 1784 2112 ιι-

138 2147 237 2200 contra
255 2133 339 2198 suum
358 2141 529 2214 privilegium
547 2141 597 2197 sibi
612 2141 706 2198 afferre
722 2141 825 2213 possit,
839 2146 867 2196 et
882 2139 943 2196 ideo
979 2140 1055 2198 iamsi
1076 2141 1112 2199 sit
1131 2152 1229 2200 contra
1253 2144 1395 2216 proprium
1415 2145 1596 2220 privilegium.
1613 2147 1649 2202 Ut
1671 2145 1697 2200 in
1714 2159 1783 2202 casu

137 2247 193 2288 non
206 2247 267 2289 esre
285 2232 438 2290 intentionis
452 2246 518 2288 auae
532 2247 597 2289 cum
613 2246 663 2288 suo
679 2229 846 2303 praeiudicio
862 2227 939 2286 illum
978 2231 1146 2303 capitcarm
1157 2236 1358 2294 decessissent,
1370 2235 1394 2289 si
1408 2235 1533 2292 canonici
1547 2233 1583 2290 illi
1595 2241 1691 2290 contra
1703 2235 1781 2306 prius

138 2323 240 2379 lacere.
255 2323 323 2379 Nam
337 2337 402 2378 cum
417 2328 497 2379 actus
511 2323 651 2395 agentium
667 2336 720 2377 non
735 2326 886 2392 operantur
901 2319 942 2374 ul·
977 2326 1113 2378 statutum
1131 2338 1147 2379 a
1167 2337 1196 2380 se
1216 2323 1320 2380 lactum
1337 2320 1498 2397 dignitatem
1513 2324 1659 2396 primicerii
1686 2325 1711 2380 in
1731 2342 1781 2382 sua

137 2419 183 2470 tra
193 2414 417 2482 intentionem,et
428 2411 598 2467 renunciatio
611 2410 742 2483 privilegii
750 2409 831 2467 etiam
843 2423 943 2466 secun-
976 2409 1092 2467 ecclesis
1107 2419 1259 2483 creassent,
1275 2427 1338 2469 vere
1352 2419 1381 2470 et
1392 2429 1446 2470 non
1458 2419 1566 2471 mnium
1580 2415 1781 2485 praesumptive

136 2500 204 2558 dum
221 2501 335 2573 quid,et
347 2500 438 2575 quoad
450 2509 620 2572 praesentem
632 2499 762 2558 allectum
773 2513 789 2555 s
800 2498 942 2556 voluntate
977 2499 1148 2572 privilegium
1169 2501 1340 2573 amitterent,
1362 2502 1427 2574 quia
1445 2502 1506 2559 talis
1527 2510 1607 2560 actus
1622 2509 1650 2559 et
1663 2503 1780 2561 effectus

136 2590 313 2662 privilegiarii
332 2591 466 2662 pendeat,
485 2605 533 2661 per
550 2589 631 2646 talem
646 2589 870 2660 protestationem
885 2603 942 2644 me-
976 2589 1132 2654 necessario
1147 2605 1243 2646 seeum
1254 2590 1333 2648 silent
1346 2591 1550 2650 revocationem
1560 2591 1659 2664 prioris
1671 2593 1778 2660 statuti3

136 2681 192 2734 rito
209 2679 370 2751 impedietur
390 2680 450 2736 talis
468 2680 596 2736 allectus.
612 2678 731 2750 benique
751 2680 833 2734 etiam
849 2683 941 2750 potest
976 2683 1004 2732 ιι
1022 2677 1145 2734 similiter
1164 2680 1212 2750 qui
1230 2685 1358 2752 acceptat
1378 2695 1496 2749 munus,
1516 2696 1581 2737 cum
1602 2687 1676 2737 esset
1689 2696 1780 2738 erem-

136 2769 278 2842 prodesse,
293 2775 323 2825 ot
336 2785 352 2826 a
365 2769 411 2826 tali
425 2776 490 2826 actu
502 2785 554 2825 non
569 2769 659 2841 possit
671 2766 794 2825 inchoari
806 2767 941 2839 praescri·
975 2772 1056 2836 ptus,
1077 2766 1102 2822 in
1121 2769 1291 2824 conscientia
1309 2773 1417 2826 tenetur
1438 2768 1506 2826 illud
1528 2769 1734 2841 administrare,
1751 2778 1780 2827 et

135 2857 195 2929 prio
213 2867 311 2915 contra
325 2858 514 2931 privilegium,
536 2858 600 2930 quia
620 2872 669 2929 per
684 2857 756 2913 illam
770 2857 814 2926 iit,
836 2863 867 2912 ut
880 2856 942 2912 nul·
975 2855 1015 2910 sic
1038 2855 1073 2912 de
1095 2855 1164 2912 aliis.
1186 2859 1273 2914 &eus
1297 2873 1362 2915 vero
1386 2865 1474 2930 esset,
1497 2858 1518 2914 si
1531 2858 1631 2932 aliquis
1655 2859 1779 2918 involun-

134 2948 193 3004 lum
209 2948 251 3003 ius
266 2947 404 3004 tribuatur
418 2948 511 3018 alteri,
532 2962 582 3003 nec
602 2947 701 3020 aliquis
715 2945 815 3002 modus
830 2962 940 3019 posses·
976 2945 1044 3001 laris
1063 2952 1203 3004 exerceret
1222 2955 1334 3020 actum,
1351 2947 1392 3003 vel
1413 2955 1550 3019 coactus,
1572 2953 1600 3004 ιι
1613 2949 1726 3021 positive
1739 2951 1778 3006 in·

135 3037 229 3107 sionis,
245 3043 274 3092 et
288 3043 491 3110 consequenter
505 3039 586 3094 etiam
601 3037 672 3093 bons
686 3036 752 3094 tides
766 3035 839 3092 iilius
854 3035 942 3108 impe-
976 3036 1061 3091 terius
1076 3035 1216 3092 intendens
1231 3035 1280 3092 sliri
1294 3036 1321 3092 in
1335 3035 1410 3093 nullo
1426 3037 1627 3108 praeiudicare,
1645 3037 1686 3093 vel
1702 3037 1778 3113 ignc-

133 3125 218 3183 ditur.
235 3127 272 3183 iit
285 3127 312 3182 in
328 3127 380 3182 boc
394 3141 478 3184 sensu
493 3142 589 3183 verum
604 3131 657 3198 est,
670 3126 894 3198 protestationem
908 3125 941 3183 il·
974 3137 1038 3180 ranc
1055 3123 1184 3182 ellectum
1205 3124 1279 3184 illum
1298 3140 1451 3198 repugnare
1465 3141 1516 3182 suo
1530 3126 1685 3200 privilegio,
1708 3134 1775 3186 tunc

133 3215 189 3270 larn
203 3214 354 3284 deservire,
366 3230 400 3270 ne
413 3217 557 3272 amittatur
571 3201 754 3289 privilegium,
772 3230 826 3271 non
843 3216 940 3288 utique
974 3213 1046 3268 eninr
1063 3219 1244 3271 excusaretur
1266 3216 1294 3270 in
1317 3216 1487 3271 couscientia
1509 3221 1619 3287 propter
1638 3215 1776 3274 delectum

133 3321 184 3378 par
198 3309 283 3362 unnim
298 3306 388 3362 solum
403 3314 498 3363 actum
515 3307 629 3378 integre,
640 3305 687 3361 sed
701 3320 734 3360 ne
746 3317 794 3376 per
809 3304 886 3361 illum
899 3307 940 3360 in·
974 3316 1139 3374 consensus,
1154 3303 1211 3358 sine
1225 3318 1282 3376 quo
1296 3303 1409 3376 obligari
1424 3319 1477 3360 oon
1493 3304 1680 3377 potest.Unde
1694 3307 1775 3361 etiam

133 3394 274 3467 uboetur,
300 3401 328 3452 et
351 3403 555 3468 consequenter
576 3411 608 3451 ne
627 3396 815 3452 consummari
839 3395 938 3467 possit,
973 3392 1084 3448 iuristae
1103 3392 1220 3465 docent,
1236 3393 1464 3467 quotiescumque
1477 3409 1510 3450 ιι
1526 3395 1609 3467 signis
1627 3395 1668 3450 vel
1682 3393 1777 3450 conie-

134 3484 316 3556 pvaecedeote
337 3491 444 3541 tanturn
464 3485 509 3541 illo
524 3487 665 3542 contrario
682 3500 744 3541 usu.
758 3483 873 3552 Quando
889 3499 939 3541 au·
973 3482 1061 3540 clusis
1084 3489 1213 3540 constme
1231 3487 1337 3556 potest,
1353 3484 1550 3557 privilegiatum
1568 3498 1622 3539 non
1643 3481 1773 3541 babuisse

134 3581 189 3630 tem
216 3575 276 3632 talis
300 3576 462 3647 protestatio
486 3574 550 3631 nibil
575 3574 679 3646 prosit,
699 3575 785 3631 videri
806 3580 895 3646 potest
913 3574 940 3630 in
973 3571 1092 3628 animum
1107 3571 1360 3643 renunciandi,non
1373 3571 1606 3645 esseprivandum
1620 3573 1770 3646 privilegio.

133 3665 225 3723 Gloss.
243 3665 267 3721 in
282 3681 345 3736 cap.
362 3667 439 3722 Corn
451 3666 496 3722 M.
506 3664 539 3721 de
554 3667 667 3722 constit.
680 3664 764 3720 verbo
778 3667 939 3738 sineproe·
972 3662 1013 3718 lta
1025 3661 1122 3717 Glossa
1136 3661 1163 3716 in
1178 3676 1240 3732 cap.
1258 3664 1317 3720 Pro
1331 3660 1470 3733 illorum,
1485 3660 1568 3728 verbo
1582 3665 1772 3736 αιιιοιιιιιι,

133 3752 253 3810 iudicio.
745 3777 748 3784 ¹
972 3750 1005 3807 de
1021 3752 1147 3823 praeben.
1166 3767 1249 3824 quam
1263 3752 1363 3808 Bartol.
1380 3751 1448 3807 locis
1462 3751 1572 3823 citatis,
1582 3759 1611 3808 et
1624 3752 1666 3810 alii
1679 3753 1773 3810 docto·

173 3849 221 3902 at.
238 3843 337 3900 Ultimo
352 3841 498 3900 videndum
513 3851 650 3914 superest,
666 3859 700 3900 an
718 3841 798 3914 baec,
813 3857 883 3916 quae
897 3843 937 3900 di·
973 3855 1017 3896 ιιι
1032 3840 1139 3914 allegati
1154 3843 1362 3914 sequuntur.stt
1375 3855 1440 3896 vero
1454 3843 1477 3896 si
1492 3846 1558 3897 tuno
1574 3841 1773 3916 privilegiarius

133 3938 180 3989 cta
200 3940 266 3990 sunt
288 3932 322 3989 de
344 3934 488 3990 amissione
509 3933 638 4008 privilegii
660 3948 709 4005 per
731 3949 811 3990 usum
829 3939 938 3990 contra·
972 3931 1042 3986 iuste
1057 3930 1286 3986 condemnaretur
1299 3930 1327 3986 in
1342 3929 1401 3985 loro
1416 3931 1626 4002 exteriori,quia
1641 3947 1694 3988 non
1709 3948 1773 4003 pos-

133 4022 321 4094 riurn,locum
336 4021 454 4078 babeant
468 4023 492 4078 in
509 4023 569 4079 loro
583 4022 831 4093 conscientias,vel
847 4023 936 4079 solum
972 4027 1014 4078 set
1034 4020 1207 4078 intentionem
1227 4035 1305 4076 suam
1327 4019 1459 4092 probare,
1481 4027 1548 4076 tunc
1570 4021 1651 4076 etism
1671 4021 1696 4076 in
1710 4020 1772 4078 loro

132 4111 156 4166 in
171 4113 308 4182 exteriori,
328 4128 361 4169 es
374 4111 442 4168 iuris
457 4113 690 4185 praesumptione.
703 4113 732 4167 lu
746 4127 802 4185 quo
817 4112 936 4169 breviter
970 4109 1098 4167 exteriori
1117 4115 1255 4166 teneretur
1276 4124 1393 4180 parere,
1418 4109 1483 4166 licet
1501 4117 1594 4180 posset
1611 4109 1723 4167 occulte
1743 4127 1773 4168 se

132 4199 191 4257 duo
206 4208 272 4257 sunt
284 4201 359 4258 clara
373 4217 406 4258 ex
420 4199 499 4258 dictis
515 4203 539 4257 in
551 4201 724 4274 praecedenti
736 4201 935 4273 capite.Uaum
971 4199 1122 4256 indemnem
1144 4213 1271 4268 servare,
1292 4199 1315 4254 si
1337 4198 1442 4272 absque
1461 4198 1592 4256 scandalo
1606 4201 1701 4271 possit.
1718 4201 1773 4257 sli-

132 4295 190 4355 ιιι,
210 4289 316 4362 quoties
333 4305 400 4346 usus
415 4293 573 4348 contrarius
586 4291 719 4363 privilegii
736 4290 782 4348 dat
797 4289 875 4348 alteri
888 4307 935 4348 oc·
969 4289 1081 4362 quando
1096 4303 1159 4345 vero
1176 4294 1269 4360 posset
1283 4302 1331 4359 per
1346 4288 1507 4346 renuntiem
1519 4287 1603 4345 veluti
1616 4289 1773 4345 confirmari

132 4379 270 4434 curionem
280 4386 307 4436 et
316 4380 633 4452 tempuspraeseribendi
642 4388 738 4438 contra
751 4381 932 4455 privilegium,
970 4377 1031 4436 talis
1042 4376 1214 4434 renunciatio
1223 4377 1477 4450 privilegii,etiamsi
1489 4395 1543 4435 non
1553 4384 1627 4434 esset
1637 4394 1671 4434 an
1681 4379 1771 4436 animo

131 4475 323 4526 consummata
337 4471 661 4543 praescriptione,amitti
676 4471 847 4543 privilegium
863 4472 888 4527 in
903 4487 932 4529 re
969 4468 1057 4534 iacta,
1078 4467 1105 4522 in
1121 4481 1234 4538 poenam
1248 4465 1380 4536 iictlcnis,
1396 4467 1438 4523 vel
1451 4467 1646 4541 negligentiae;
1662 4475 1690 4523 et
1703 4473 1770 4523 tunc

130 4561 202 4630 ipsa,
210 4573 242 4614 ac
257 4558 373 4616 subinde
383 4561 465 4618 etiam
480 4559 507 4616 in
519 4560 866 4619 conscientia.Secundum
877 4568 932 4632 est,
968 4566 1032 4629 post
1052 4557 1215 4614 renuntiem
1239 4561 1378 4612 teneretur
1402 4557 1464 4629 quis
1488 4557 1513 4612 in
1533 4557 1700 4614 conscientia
1715 4573 1770 4613 nou

130 4645 266 4720 quamdiu
291 4647 369 4705 aliter
392 4664 445 4705 non
466 4651 629 4720 praescribit
648 4657 746 4708 contra
760 4651 932 4725 privilegium
970 4648 1009 4706 uti
1028 4646 1167 4720 privilegio
1191 4644 1283 4720 quoad
1298 4644 1379 4702 talem
1393 4646 1538 4717 ellectum,
1554 4661 1604 4702 seu
1619 4653 1708 4703 ratum
1724 4645 1772 4702 ha-

131 4735 235 4793 habens
248 4742 369 4794 tractum
384 4741 758 4812 successivum,pernullum
775 4757 933 4799 usumcon-
969 4739 1033 4794 bere
1052 4752 1133 4794 usum
1153 4735 1292 4809 privilegio
1313 4735 1504 4806 contrarium,
1529 4736 1634 4792 etiamsi
1654 4736 1772 4793 tortasse

131 4828 248 4883 tranium
262 4827 348 4884 amitti
368 4828 394 4883 in
412 4829 580 4886 conscientia
595 4831 647 4887 tale
663 4831 833 4904 privilegium
846 4833 933 4889 omni·
968 4833 1048 4884 antea
1067 4841 1120 4882 non
1135 4831 1290 4894 teneratur,
1311 4826 1376 4898 quis
1394 4824 1528 4881 sententia
1543 4825 1615 4880 iusta
1630 4831 1719 4897 potest
1731 4825 1770 4880 el-

130 4933 183 4988 no,
206 4923 235 4974 et
255 4916 345 4990 quoad
365 4918 525 4977 facultatem
544 4920 638 4977 utendi
657 4920 701 4978 illo
720 4922 746 4977 in
761 4922 932 4995 temporibus
967 4918 1071 4975 tectura
1083 4915 1155 4973 bunc
1170 4913 1314 4986 inducere,
1326 4921 1359 4990 ut
1371 4916 1398 4970 in
1410 4914 1598 4987 superioribus
1611 4915 1701 4972 visum
1713 4921 1767 4972 est.
