4278 6242
919 367 1025 420 assur
1039 369 1086 419 m.
1708 355 1771 421 l63

155 501 206 560 llla
221 507 313 560 tamen
327 498 503 558 communior
515 503 568 569 est,
585 511 656 570 quae
670 493 799 566 affirmat,
813 494 897 552 etism
911 493 964 552 boc
1005 495 1090 552 totius
1104 493 1181 568 legis3
1194 501 1222 553 et
1234 496 1273 554 ita
1286 502 1407 570 quatuor
1418 495 1555 554 resultant
1565 497 1745 572 mutationes,
1762 499 1816 556 sci·

155 591 243 650 modo
258 607 339 666 posse
356 589 427 648 banc
439 589 644 661 ¹restrictionem
664 586 731 656 lieri,
747 585 810 658 quia
831 584 965 659 generum
1005 584 1072 644 licet
1092 588 1209 644 cessatio
1223 586 1293 660 legis
1314 587 1447 659 partialis,
1463 603 1534 660 quae
1548 587 1601 644 dici
1621 594 1712 660 potest
1735 605 1817 646 exce·

154 680 203 738 illa
229 680 428 754 praesumptio,
449 678 525 751 quod
550 692 629 734 nemo
651 677 677 732 iu
701 675 819 750 generali
841 689 966 734 sermone
1004 677 1060 748 pilo
1074 692 1090 733 a
1103 677 1172 749 lege,
1189 677 1230 734 rel
1246 677 1350 748 totalis,
1366 689 1392 734 et
1405 678 1514 736 dicetur
1527 677 1649 736 absolute
1663 686 1692 735 et
1706 680 1810 751 simpli·

153 769 368 843 comprehendit
380 767 424 837 id,
441 766 516 842 quod
531 769 557 825 iu
579 766 669 839 specie
683 773 757 823 esset
770 765 925 831 valiturus,
940 767 968 820 in
1004 768 1075 824 citer
1088 767 1217 837 cessatio,
1234 767 1275 824 vel
1291 767 1390 824 ablatio
1405 766 1543 838 partialis,
1559 783 1629 840 quae
1646 770 1810 843 generaliter

153 861 216 916 iure
234 859 347 917 lundata
359 865 440 915 estet
455 858 481 913 in
497 859 601 915 ratione
611 855 744 926 naturali,
757 856 822 927 quia
835 854 879 911 illa
891 870 969 926 prae·
1003 855 1245 927 comprehenditur
1257 857 1366 913 nornine
1377 855 1598 928 dispensationis,
1609 865 1638 913 et
1647 857 1717 915 solet
1728 859 1812 918 etiem

154 951 282 1021 sumptio
297 948 467 1006 laudaturis
488 947 599 1004 delectu
613 945 781 1016 voluntatis,
796 960 867 1018 quae
891 961 968 1016 prae·
1003 943 1057 1000 dici
1078 945 1231 1017 derogatio,
1246 953 1274 1002 et
1294 946 1385 1004 totalis
1399 945 1508 1016 ablatio,
1523 961 1593 1018 quac
1614 946 1715 1005 dicitur
1729 963 1810 1004 revo-

155 1039 280 1095 sumitur
302 1053 337 1095 ex
362 1037 545 1111 incogitantia
565 1036 661 1093 talium
682 1036 966 1092 circumstantiarum.
1003 1035 1074 1090 catio
1088 1050 1138 1090 seu
1154 1035 1296 1108 abrogatio
1311 1035 1436 1110 legistis
1452 1035 1492 1092 bis
1506 1051 1572 1108 ergo
1585 1043 1705 1111 quatuor
1720 1045 1811 1096 muta·

155 1129 216 1186 Sub
232 1128 285 1184 bac
300 1135 392 1186 autem
406 1127 502 1202 regula
516 1127 573 1184 beri
596 1133 690 1200 potest
704 1125 849 1197 applicatio
864 1123 898 1182 ad
919 1139 965 1180 ca·
1007 1123 1111 1178 tionum
1127 1125 1272 1196 generibus
1287 1124 1442 1198 singillatim
1457 1125 1604 1184 dicendum
1618 1133 1670 1183 est:
1687 1133 1715 1184 et
1732 1130 1809 1200 prius

155 1235 222 1275 sum
241 1218 295 1276 sub
316 1218 375 1290 lege
390 1224 562 1285 conmntum,
579 1216 692 1274 arbitrio
712 1214 854 1288 prudentis
869 1215 902 1272 de
924 1214 968 1271 lllo
1005 1213 1038 1270 de
1053 1215 1207 1270 cessatione
1221 1215 1340 1286 partiali,
1356 1215 1452 1272 deiude
1469 1217 1501 1274 de
1520 1215 1615 1288 totali,
1632 1224 1727 1288 postea
1742 1234 1808 1276 vero

156 1307 319 1367 iudicando.
339 1311 435 1382 lisque
449 1315 539 1380 potest
552 1310 579 1364 in
601 1308 654 1363 boo
669 1305 772 1363 certior
786 1305 881 1378 regula
902 1320 977 1374 cons
1005 1303 1101 1360 eodem
1116 1303 1210 1360 ondins
1225 1305 1258 1360 de
1274 1311 1391 1378 utraque
1406 1305 1551 1363 ablatione.

156 1401 253 1470 stitui,
269 1401 335 1472 quia
355 1400 413 1454 sinc
436 1398 520 1455 dubio
542 1415 610 1455 usus
635 1397 716 1453 buius
739 1396 918 1452 restrictionis
940 1397 968 1451 in
1042 1398 1070 1451 2.
1087 1395 1209 1450 Primum
1224 1394 1304 1466 igilur
1319 1396 1441 1451 omnium
1459 1412 1638 1469 quaeremus,
1653 1413 1687 1453 au
1703 1398 1810 1456 contin·

156 1488 322 1562 particulari
332 1487 447 1545 diiircilis
455 1486 585 1546 estUnde
597 1487 721 1543 Socimiu
730 1485 965 1557 reguliurisitil.
1003 1489 1050 1558 get
1063 1485 1180 1538 cessatio
1199 1482 1266 1556 legis
1288 1485 1449 1542 universalis
1465 1489 1491 1540 iu
1512 1487 1670 1558 particulari
1692 1497 1805 1564 eventu,

159 1595 268 1652 pionem
284 1579 418 1652 regulam,
430 1577 504 1652 quod
516 1578 558 1635 lex
572 1575 734 1650 generaliter
745 1575 870 1648 loquens,
886 1589 968 1648 geue-
1002 1573 1108 1629 etiamsi
1128 1573 1161 1628 ab
1183 1573 1234 1630 alio
1255 1589 1309 1630 uon
1330 1575 1473 1631 auleratur
1492 1578 1552 1633 eius
1573 1576 1710 1650 obligatio.
1733 1581 1806 1638 Haec

159 1669 258 1726 naliter
270 1677 313 1726 est
327 1667 512 1741 intelligendu,
524 1667 723 1741 quinquaginta
737 1666 859 1738 quinque
870 1663 967 1720 limita·
1002 1665 1125 1737 quaestio
1138 1664 1266 1722 coincidlt
1277 1681 1342 1720 cum
1354 1664 1410 1736 illa,
1422 1683 1505 1739 quam
1517 1668 1568 1724 sub
1584 1667 1636 1724 alio
1649 1668 1726 1726 titulo
1742 1686 1805 1742 pro-

159 1761 253 1816 tioues
269 1761 360 1831 pouit,
375 1773 445 1830 quae
461 1757 493 1814 ad
515 1758 566 1814 boc
581 1771 669 1828 genus
690 1753 869 1812 restrictionis
884 1753 967 1824 perti·
1002 1754 1077 1824 ponit
1090 1753 1117 1809 d.
1130 1754 1226 1810 Tlrom.
1244 1759 1268 1811 l.
1281 1758 1310 1826 2,
1325 1769 1352 1826 q.
1368 1759 1414 1828 96,
1430 1763 1482 1812 art.
1497 1759 1525 1830 6,
1537 1756 1659 1828 scilicet,
1674 1774 1707 1814 an
1723 1759 1805 1818 licent

156 1856 238 1918 nent,
249 1849 277 1905 e't
289 1849 313 1904 in
324 1864 357 1904 eo
370 1847 452 1903 rideri
464 1853 590 1919 possunt,
603 1854 632 1902 et
642 1847 669 1900 in
681 1851 700 1901 l.
711 1841 867 1916 brugular.
881 1843 965 1898 verbo
1001 1843 1112 1900 subdito
1127 1842 1262 1901 interdum
1283 1851 1381 1900 contra
1395 1845 1476 1901 verba
1497 1845 1565 1921 legis
1579 1863 1676 1920 agere3
1693 1857 1806 1908 constat

154 1939 217 1997 lese.
237 1940 287 1996 llic
303 1954 368 1995 vero
386 1939 478 1995 statim
495 1935 661 1994 occurrebat
681 1935 829 1992 dicendum
843 1932 876 1989 ds
897 1948 965 1990 casu
1000 1935 1083 2004 euim,
1096 1933 1148 1990 boo
1160 1950 1214 1990 nou
1227 1950 1308 2006 posse
1320 1933 1404 1991 licere
1415 1935 1531 1993 durante
1542 1935 1706 2010 obligatione
1723 1940 1803 2014 legis,

155 2029 255 2102 dubio,
270 2027 304 2084 de
317 2043 374 2101 quo
388 2029 414 2084 iu
429 2027 518 2098 capite
533 2025 659 2099 sequenti
673 2023 863 2082 tractabimus.
1000 2023 1064 2095 qula
1078 2029 1144 2078 tirno
1164 2039 1218 2080 nou
1234 2029 1324 2095 potest
1336 2023 1462 2081 subditus
1477 2024 1510 2081 ab
1528 2041 1561 2082 ea
1575 2026 1733 2087 discordare
1751 2047 1803 2088 sun

1000 2115 1179 2185 auctoritate,
1195 2113 1280 2170 sedai
1295 2129 1392 2186 parcre
1407 2121 1532 2186 tenetur3
1549 2130 1615 2189 ergo
1630 2118 1652 2173 si
1667 2118 1803 2182 interdum

466 2199 605 2272 CAPUT
622 2201 679 2268 Vl,
1001 2203 1072 2274 lieet,
1089 2209 1142 2273 est,
1158 2205 1223 2275 quis
1238 2209 1329 2260 cessat
1342 2203 1469 2277 obligatio
1483 2207 1555 2278 eius,
1570 2213 1613 2263 est
1626 2223 1691 2280 argo
1708 2225 1762 2266 uua
1775 2217 1805 2268 et

1000 2291 1094 2348 eadem
1103 2291 1150 2376 illa
1161 2293 1293 2365 quaestio.
1304 2295 1339 2350 Et
1351 2294 1474 2352 similiter
1484 2296 1629 2354 estendam
1640 2313 1704 2355 cum
1720 2316 1805 2373 quae·

158 2391 272 2448 Utrum
291 2385 449 2442 interdum
469 2389 560 2441 cesset
573 2381 714 2456 obligatio
735 2381 808 2458 lepis
821 2385 853 2438 iu
867 2385 965 2457 purli-
999 2381 1087 2462 stione
1103 2387 1219 2438 tractata
1234 2398 1249 2438 a
1263 2382 1290 2439 d.
1306 2383 1408 2440 Tboma
1424 2389 1452 2442 2.
1469 2389 1497 2455 2,
1514 2402 1542 2458 q.
1564 2391 1631 2458 lto,
1648 2389 1757 2462 quaudo
1773 2391 1804 2452 li-

193 2475 306 2544 minxi,
324 2481 433 2532 contro
451 2474 542 2531 uerba
555 2472 629 2548 lepis
649 2475 769 2530 etiamsi
778 2487 835 2548 per
851 2474 964 2546 prinm-
999 2478 1061 2529 cest
1075 2472 1114 2529 uti
1127 2471 1221 2543 epiikin
1236 2471 1261 2528 in
1278 2489 1341 2542 usu,
1355 2488 1405 2530 seu
1419 2477 1581 2534 executione
1597 2477 1742 2550 legumilt
1754 2497 1803 2538 au·

196 2581 271 2641 pem
286 2581 345 2622 raon
358 2563 495 2624 tollatur.
998 2567 1054 2616 tem
1068 2559 1238 2632 intelligatur
1252 2577 1350 2618 sensus
1368 2565 1557 2639 quaestionis,
1572 2574 1599 2623 et
1618 2566 1804 2643 distinguatur

999 2649 1033 2708 ab
1047 2651 1118 2722 aliis,
1132 2666 1202 2724 quae
1214 2653 1240 2706 in
1253 2653 1441 2724 superioribus
1452 2655 1585 2726 capitibus
1598 2664 1716 2717 tractata
1726 2667 1801 2728 suut,

448 2754 676 2819 summarium
999 2745 1028 2794 et
1042 2754 1094 2796 aon
1116 2739 1303 2797 contundatur
1316 2741 1413 2814 epiilsia
1427 2758 1492 2799 cum
1506 2745 1626 2816 generali
1643 2747 1805 2820 iuterpreta-

902 2861 907 2870 .
999 2830 1072 2886 tione
1088 2829 1195 2902 legum,
1212 2830 1340 2903 adverto,
1355 2831 1429 2888 aliud
1444 2849 1504 2889 esse
1520 2834 1657 2908 inquirere
1672 2837 1704 2894 de
1720 2856 1804 2899 seusu

157 2937 179 2985 ιι.
192 2926 393 2998 buptexinolus
406 2929 555 2982 mutationis
566 2930 591 2979 in
605 2927 964 2993 legc.-llliadivisiobuius
998 2919 1202 2989 verborumne
1219 2919 1382 2977 universalia
1398 2921 1460 2994 slat,
1476 2929 1504 2979 et
1517 2923 1566 2980 bos
1581 2926 1623 2983 vel
1639 2927 1700 2984 illos
1719 2946 1804 2990 casus

189 3001 429 3054 mutationis-i.
442 3001 564 3065 aperitur
576 3012 668 3081 Silius
682 2999 824 3082 primitiis
836 2999 965 3080 (ιθθθξῑῑῦ-
998 3007 1243 3079 comprehendant,
1258 3027 1307 3066 seu
1324 3025 1357 3066 an
1373 3011 1399 3066 in
1421 3011 1471 3069 bac
1487 3013 1528 3069 vel
1550 3013 1593 3071 illa
1608 3017 1803 3090 significatione

187 3075 240 3154 ¹¹³⁵:
254 3101 284 3110 “
299 3073 324 3123 3.
340 3071 470 3154 interdum
488 3077 571 3120 ⁰⁰⁵⁸*st
584 3069 709 3150 ⁰b¹¹⁸³¹¹9
727 3070 829 3170 ΜΨ
849 3075 965 3152 pararen-
997 3097 1178 3169 accipiantur,
1190 3107 1217 3156 et
1230 3099 1284 3156 hoc
1303 3101 1420 3172 pertinet
1430 3100 1464 3159 ad
1478 3104 1633 3175 generalem
1649 3107 1803 3170 doctrinam

189 3143 326 3194 lanu-l·
338 3142 439 3206 Epulua
453 3141 535 3190 locum
548 3139 624 3190 babet
636 3146 686 3188 tana
699 3151 725 3188 m
739 3145 883 3203 praeceptis
895 3141 962 3190 alllr·
1157 3189 1162 3200 ,
1179 3191 1183 3198 ,
1414 3194 1419 3205 ,
1599 3198 1605 3210 ι

187 3213 306 3274 marinis,
321 3223 397 3275 quam
409 3212 435 3260 in
450 3210 585 3272 negativis.
997 3187 1089 3245 datam
1102 3189 1237 3260 capitibus
1248 3191 1485 3266 praecedentibus,
1497 3200 1525 3250 et
1536 3210 1621 3268 magis
1632 3211 1664 3253 cx
1679 3199 1802 3270 prolesso

943 3279 948 3286 '
998 3277 1033 3333 ad
1054 3278 1309 3352 iurisprudcntiam.
1324 3279 1385 3336 Non
1407 3297 1472 3337 vcro
1493 3290 1600 3354 spectat
1618 3285 1670 3342 boc
1684 3287 1717 3343 ad
1738 3293 1803 3362 epil·

194 3368 561 3440 l.llacleuusesplicuimus
572 3367 821 3438 interpretationem
833 3364 899 3438 legis
912 3367 963 3423 bu·
996 3366 1078 3440 lium,
1095 3369 1159 3441 quia
1173 3367 1282 3442 opillia,
1291 3376 1323 3426 ut
1336 3371 1417 3427 Arist.
1426 3370 1554 3440 dixil,est
1566 3376 1720 3433 emendatio
1735 3379 1801 3454 legis

151 3477 272 3530 manae,
288 3458 381 3533 quoad
395 3456 550 3532 generalem
565 3471 676 3513 sensum
690 3456 768 3520 eius,
785 3451 840 3529 qdo
862 3457 962 3528 obliga·
998 3464 1109 3532 propter
1121 3460 1291 3516 universale:
1304 3458 1340 3515 ibi
1353 3465 1446 3517 autem
1458 3477 1512 3518 uon
1524 3464 1615 3537 agitur
1626 3463 1659 3520 dc
1672 3468 1801 3526 emenda·

151 3553 256 3609 tionem
269 3549 386 3619 inducit3
401 3563 474 3604 nunc
487 3545 634 3603 dicendum
648 3545 733 3602 estde
748 3547 960 3622 mutationibus,
998 3548 1069 3605 tione
1090 3549 1165 3622 legis,
1182 3549 1231 3605 sed
1250 3548 1284 3605 de
1298 3549 1355 3606 eius
1376 3565 1469 3622 seusu,
1486 3567 1537 3608 nco
1557 3557 1721 3625 supponitur
1741 3563 1800 3618 unl-

150 3657 226 3716 quae
238 3641 264 3695 iu
277 3656 310 3695 ca
324 3639 496 3710 confingunt,
508 3643 620 3708 propter
634 3651 704 3708 quas
716 3633 814 3690 desinit
828 3634 958 3708 obligare.
999 3639 1144 3695 sersalltas
1158 3639 1242 3711 legis,
1259 3638 1307 3696 sed
1320 3640 1478 3712 inquiritur,
1497 3642 1583 3714 qualis
1597 3649 1625 3699 et
1637 3653 1740 3716 quauta
1755 3649 1798 3706 sil.

152 3731 261 3804 Duplex
275 3737 368 3786 autem
383 3727 481 3784 modus
496 3727 652 3782 mutationis
667 3731 760 3797 potest
771 3726 795 3779 in
812 3725 869 3797 lege
884 3726 961 3782 lutei·
999 3727 1079 3784 Aliud
1094 3743 1161 3801 ergo
1180 3735 1237 3792 est,
1254 3731 1397 3800 supposito
1413 3745 1496 3786 seusu
1512 3732 1577 3804 legis
1591 3735 1683 3806 quoad
1705 3739 1803 3796 verbo-

151 3823 210 3894 ligi,
226 3835 301 3876 uuus
325 3816 409 3874 veluti
427 3832 461 3872 ex
482 3830 522 3886 se,
536 3824 564 3872 et
584 3815 617 3871 ab
636 3815 783 3871 intrinseco
798 3829 840 3882 ex,
851 3814 960 3872 delectu
995 3833 1057 3874 rum
1073 3818 1353 3888 universalitatem,et
1368 3822 1442 3892 quod
1456 3835 1491 3877 cx
1504 3821 1531 3876 vi
1545 3838 1611 3879 suae
1625 3825 1800 3897 significatio·

151 3910 272 3968 alicruus
286 3922 386 3964 causae
401 3904 600 3976 conservantis,
615 3905 657 3960 vel
669 3904 785 3960 alicuius
797 3903 959 3960 conditionis
996 3909 1037 3964 nis
1048 3908 1221 3978 uniuersalis,
1234 3915 1317 3980 prout
1328 3911 1354 3965 iu
1369 3909 1426 3983 lege
1440 3919 1602 3984 usurpatur,
1614 3913 1689 3972 bunc
1703 3926 1797 3980 actum

150 3997 328 4056 necessariae
338 3995 371 4052 ad
386 3993 577 4067 obligationem
591 3993 660 4064 eius,
674 3993 744 4048 alius
760 3991 858 4050 modus
869 4001 912 4049 est
925 3993 958 4050 eb
997 3997 1222 4070 comprehendat:
1232 3999 1407 4055 nibilominus
1418 4001 1445 4054 in
1458 4001 1615 4071 particulari
1625 4013 1724 4063 euentu
1736 4025 1799 4080 pro·
1846 4065 1855 4080 ,

150 4089 311 4145 extrinseco
326 4100 375 4157 per
388 4083 524 4140 actionem
538 4083 686 4154 superioris
701 4082 822 4156 agentis,
837 4082 959 4140 incientis
996 4095 1056 4160 pter
1066 4091 1291 4145 circumstantias
1303 4098 1484 4146 occurrentes
1492 4099 1582 4148 cesset
1593 4093 1720 4168 obligatio
1731 4100 1797 4172 legis

151 4181 177 4236 in
195 4181 257 4251 lege
279 4178 472 4233 mutationem.
487 4175 556 4229 Nam
577 4175 649 4228 sicut
667 4170 710 4228 lex
732 4173 850 4229 bumana
866 4173 961 4230 voluu-
996 4180 1070 4234 circa
1085 4177 1167 4235 talem
1182 4184 1286 4250 actum,
1302 4179 1364 4251 quia
1380 4194 1430 4250 pro
1446 4185 1512 4236 tuno
1528 4197 1580 4237 non
1596 4186 1687 4254 potuit
1700 4189 1798 4247 cadere

150 4277 210 4326 inte
226 4265 386 4324 introducta
405 4270 458 4332 est,
473 4265 510 4319 ita
532 4278 579 4333 per
594 4262 708 4319 similem
723 4261 892 4320 volunlatem
911 4280 960 4336 po·
995 4267 1048 4324 sub
1058 4274 1231 4339 potestatem,
1244 4268 1286 4324 vel
1298 4284 1352 4323 non
1367 4268 1466 4326 cecidit
1476 4269 1528 4325 sub
1540 4270 1706 4330 voluntatem
1716 4277 1798 4352 legis·

150 4365 207 4417 test
229 4357 341 4414 mutari.
359 4353 436 4412 Unde
458 4353 532 4426 prior
554 4352 667 4409 mulatio
688 4354 832 4423 contingit,
848 4353 958 4424 quando
995 4356 1100 4428 latoris,
1121 4357 1168 4413 scd
1189 4357 1222 4412 ab
1243 4357 1288 4414 illa
1308 4358 1454 4429 excipitur,
1474 4366 1502 4416 et
1523 4359 1591 4417 baec
1611 4369 1737 4436 exceptio
1754 4376 1797 4427 est

149 4449 348 4521 perseverante
358 4443 453 4500 eadem
469 4442 602 4514 principis
616 4439 758 4498 voluntale
773 4447 884 4512 propter
898 4457 958 4497 mu·
993 4445 1144 4502 emendatio
1160 4446 1236 4518 legis,
1248 4461 1318 4519 quae
1334 4462 1381 4518 per
1396 4445 1520 4518 epiilriam
1534 4451 1591 4506 lieri
1609 4450 1720 4527 dicitur,
1730 4464 1757 4514 et
1770 4459 1811 4522 iu,

150 4539 283 4594 tationem
303 4534 417 4590 aliarum
433 4546 526 4588 rerum
541 4532 583 4588 lex
599 4530 698 4588 desinit
711 4546 787 4600 esse,
804 4529 844 4586 vel
859 4530 959 4602 obliga·
994 4535 1041 4592 illo
1058 4551 1140 4591 sensu
1155 4541 1289 4592 tractatur
1304 4551 1431 4607 praesens
1445 4540 1580 4610 quaestio:

148 4644 189 4684 re:
208 4626 348 4700 posterior
368 4637 462 4678 reroe
482 4623 619 4678 contrario
633 4621 679 4692 lit,
695 4621 805 4693 quando
820 4622 956 4678 stantibus
1031 4613 1143 4682 Videtur
1157 4641 1233 4697 ergo,
1249 4641 1389 4698 uunquam
1409 4643 1490 4698 posse
1514 4627 1565 4684 boc
1581 4629 1662 4688 modo
1685 4649 1795 4695 cessare

150 4717 280 4775 omnibus
291 4713 349 4769 aliis
364 4711 397 4768 ad
412 4710 602 4784 obligationem
614 4710 677 4784 legis
688 4711 836 4784 requisitis,
850 4727 898 4782 per
912 4728 958 4767 vo·
993 4713 1124 4787 obligatio
1136 4713 1205 4788 legis
1221 4715 1383 4771 universalis
1393 4717 1420 4771 iu
1435 4731 1503 4774 casu
1514 4719 1792 4800 particulariPrimo,

124 4808 286 4864 ·luntatem
301 4801 428 4875 principis
442 4801 483 4857 les
505 4806 645 4871 mutatur,
660 4807 688 4856 et
708 4802 784 4872 prior
798 4803 958 4878 generaliter
992 4807 1057 4877 quia
1073 4807 1096 4859 si
1118 4804 1142 4860 id
1158 4811 1253 4876 posset
1272 4803 1396 4864 accidere
1418 4807 1533 4864 maxime
1547 4818 1670 4868 cessante
1690 4816 1794 4874 ratione

150 4896 206 4953 dici
223 4899 315 4966 potest
328 4890 466 4960 cessatio,
483 4889 618 4962 posterior
632 4904 697 4946 vero
714 4889 812 4947 ablatio
827 4892 892 4965 legis
910 4911 958 4952 vo·
992 4893 1059 4968 legis
1080 4896 1106 4951 in
1128 4895 1220 4968 aliquo
1241 4895 1402 4967 particulari
1423 4905 1535 4968 eventu,
1559 4900 1606 4956 sed
1628 4908 1693 4960 lunc
1713 4907 1794 4966 eliam

151 4987 209 5042 eari
221 4989 323 5055 potest.
338 4981 373 5037 Et
387 4986 503 5052 utraque
518 4979 633 5035 mutatio
649 4985 738 5050 potest
751 4979 900 5052 dupliciter
911 4999 958 5040 nc·
992 4999 1046 5040 uon
1060 4983 1132 5056 licet3
1144 4999 1209 5056 ergo
1225 5000 1375 5057 nunquam.
1389 4985 1472 5042 blslor
1486 4993 1572 5058 patet,
1585 4993 1650 5063 quia
1664 4992 1719 5050 dato
1734 5003 1794 5053 tau·

150 5074 255 5144 cidere,
271 5069 380 5128 scilicet
393 5069 435 5124 vel
450 5068 597 5140 partialiter
613 5068 639 5123 iu
655 5067 746 5141 aliquo
760 5077 840 5144 actu,
852 5072 894 5128 rel
909 5089 956 5130 oc·
991 5082 1049 5132 tum
1064 5080 1129 5130 suut
1143 5074 1168 5128 iu
1184 5074 1254 5146 lege,
1270 5091 1303 5132 ex
1318 5074 1419 5147 quibus
1434 5079 1554 5146 tertium,
1571 5079 1653 5139 idest
1668 5084 1792 5145 volunta·

151 5166 271 5233 cesione,
283 5167 333 5219 aut
347 5167 479 5232 tempore,
492 5157 533 5216 sel
548 5173 664 5230 persona
678 5159 846 5232 particulari,
862 5177 955 5233 perse·
991 5171 1045 5220 tem
1065 5163 1244 5237 legislatoris,
1261 5169 1293 5221 ad
1315 5163 1428 5222 subinde
1443 5166 1633 5241 obligationem
1655 5172 1729 5246 legis,
1747 5179 1793 5235 vel

153 5259 262 5312 seranta
277 5251 338 5325 lege
351 5250 380 5306 iu
394 5248 522 5324 generali,
539 5248 582 5306 rel
595 5249 715 5306 totaliter
729 5263 778 5321 per
792 5249 955 5311 ablationem
989 5253 1241 5312 eiuseessatiouem
1252 5269 1420 5327 cognoscere
1431 5256 1696 5334 valeamus,scilicet
1707 5269 1790 5325 rerba
