4232 6220
884 407 990 458 corun
1003 408 1051 457 vr.
1676 392 1738 457 657

166 541 353 605 theologorum.
366 525 437 590 -‘8.
449 539 678 602 congruentlapro
691 536 826 588 hactcrtia
837 543 939 586 seuten-
977 541 1036 592 lore
1057 535 1207 604 concessi,
1222 533 1286 605 quia
1305 533 1415 590 interior
1433 549 1488 592 non
1510 540 1601 606 polest
1620 533 1777 605 dispensare

167 613 213 662 ¹5³·
224 639 259 649 ··
270 611 296 660 9·
311 611 385 662 ⁸³¹¹⁰
402 621 416 658 ³
435 610 524 673 ΡΓῙΟΓῙ·
536 635 571 646 ··
583 608 625 658 ¹⁰·
640 607 750 658 Velm
763 605 869 657 ¹¹⁰¹¹¹⁵⁰⁰
882 618 940 656 ⁵0¹¹·
974 625 1001 679 in
1017 623 1075 696 iege
1097 622 1263 694 superioris,
1280 624 1329 678 nisi
1345 639 1378 680 er
1392 623 1451 680 eius
1467 623 1607 681 voluntate
1621 631 1648 680 el
1662 639 1777 680 conces-

165 678 670 814 ffiffissffiefflffiuff{zunffissggffl
681 676 939 812 &Zffiffiffifgt
974 713 1058 768 sione.
1075 715 1162 784 Atque
1183 711 1245 768 irinc
1267 719 1375 769 certum
1396 721 1455 786 est,
1476 712 1582 769 nullum
1599 713 1776 785 temporalem

165 821 217 869 tiae
237 820 332 870 neritum
351 818 566 882 dispensationem
582 825 626 867 aut
643 816 882 880 interpretationem
895 814 938 864 ed·
974 803 1140 873 principem,
1153 817 1256 874 regem,
1269 802 1313 858 vel
1324 802 1514 874 imperatorem
1526 819 1606 874 posse
1619 804 1643 860 in
1656 803 1707 859 hec
1719 801 1778 876 lege

165 890 273 939 mittunt
290 901 336 952 lter
353 888 454 938 ffl⁰dl¹¹1¹
471 887 591 950 epillrloe.
603 914 638 924 -
652 885 694 935 lt.
717 885 844 938 Pr⁰b²¹ll
857 885 938 946 illisis
974 889 1147 962 dispensare,
1163 893 1228 963 quio
1242 898 1364 962 potestus
1379 907 1475 948 eorum
1489 892 1706 964 supernaturalis
1721 908 1775 949 nou

165 959 197 1008 de
215 959 359 1022 praeceptis
371 959 441 1008 circe
455 971 529 1007 usum
543 963 771 1007 sacramentorum.
783 982 818 991 —
832 954 874 1003 13.
888 954 938 1004 Ob-

166 1030 258 1078 lectio:
278 1028 397 1080 solvitur.
409 1054 441 1066 -
455 1027 496 1076 lt.
516 1027 567 1076 Ler
585 1026 680 1076 Christi
700 1039 752 1088 quo
766 1037 846 1074 ¹sensu
860 1024 939 1074 indis·
1109 1070 1114 1080 ,
1456 1073 1462 1085 ,

163 1098 303 1161 mmm„
314 1099 349 1147 ,b
361 1096 472 1146 homine.
484 1123 519 1132 ,,
532 1095 573 1146 ,5ν
588 1094 737 1146 0,,,,,,,,,,,
750 1094 891 1144 conclusio.
902 1119 936 1129 ..
973 1071 1128 1142 temporetis
1146 1078 1175 1127 ct
1194 1069 1331 1142 humana,
1348 1071 1382 1127 od
1401 1070 1527 1128 ordinem
1542 1078 1649 1129 tentum
1663 1079 1776 1129 ueturae

94 1159 97 1164 ’
168 1168 211 1218 ld.
227 1167 310 1216 Prima
324 1166 415 1217 illetio.
426 1167 511 1216 -ll.
524 1165 641 1216 &curedo
655 1165 747 1216 illatio.
758 1191 793 1200 -
806 1164 847 1213 l8.
862 1163 938 1214 Obie-
973 1167 1115 1233 spectans,
1133 1166 1164 1217 ut
1183 1176 1267 1231 supro
1288 1159 1336 1217 lib.
1356 1162 1402 1217 lll.
1422 1167 1451 1217 ει
1463 1161 1510 1218 lv.
1525 1169 1666 1218 ostensum
1680 1167 1730 1217 est.
1748 1161 1775 1218 Si

165 1238 231 1287 ⁰¹¹⁰²
249 1236 480 1318 “³s13121u'·‘¹9·
494 1235 599 1298 (ΜΟ
613 1235 695 1316 ¹⁰⁰¹!¹¹¹
709 1234 786 1283 habet
800 1234 885 1296 ³¹iq¹¹²
900 1233 938 1281 ¹¹¹·
972 1267 1039 1324 ergo
1059 1250 1120 1307 talis
1135 1256 1256 1321 potestas
1272 1257 1314 1306 est
1328 1250 1353 1306 in
1368 1249 1533 1320 horninibus,
1549 1250 1638 1308 solum
1653 1266 1714 1306 csse
1728 1265 1777 1322 po·

163 1305 413 1428 {ffiffiw‘w'
429 1304 543 1367 Quum
554 1317 732 1368 ¹⁰⁵¹¹⁰¹¹⁸¹⁰¹¹e⁵
742 1303 773 1352 ²⁶
785 1309 936 1366 mumma
973 1346 1026 1396 test
1039 1340 1063 1395 in
1079 1339 1234 1411 pastoribus
1249 1339 1407 1411 Ecclesiae,
1420 1355 1487 1413 ergo
1502 1339 1616 1396 maxime
1629 1340 1655 1396 in
1667 1355 1775 1396 summo

297 1413 303 1425 ¹
971 1430 1101 1486 Pontifice
1111 1449 1118 1485 ε
1130 1445 1194 1484 uam
1208 1431 1235 1484 in
1249 1428 1295 1485 iiio
1308 1435 1351 1485 εει
1363 1444 1492 1502 suprema
1505 1430 1652 1502 spiritualis
1666 1428 1776 1486 iurisdi-

176 1527 201 1580 1.
218 1520 365 1592 Explicatis
385 1518 479 1576 causis
497 1525 525 1576 et
541 1518 684 1575 effectibus
699 1517 781 1574 huius
796 1515 879 1589 legis,
895 1513 936 1572 di·
971 1520 1027 1574 etio
1039 1561 1045 1588 ,
1057 1525 1084 1574 ει
1098 1518 1132 1574 ab
1145 1533 1178 1573 eo
1190 1514 1224 1574 ud
1236 1524 1343 1574 ceteros
1353 1519 1510 1591 episcopos,
1522 1526 1571 1576 aut
1582 1519 1717 1591 praelatos
1729 1518 1775 1576 de·

128 1609 249 1667 cendum
273 1609 398 1682 sequitur
418 1608 452 1665 de
473 1608 685 1680 proprietatibus
705 1609 781 1678 eius,
797 1606 844 1662 sed
866 1607 937 1661 inter
971 1607 1091 1678 rivatur,
1107 1613 1239 1679 quantum
1259 1605 1367 1679 expedit
1383 1608 1541 1680 Ecclesioe,
1557 1614 1584 1664 ει
1601 1610 1777 1674 uniuscuius-

128 1714 176 1754 ees
191 1698 280 1754 solum
295 1698 367 1769 iliae,
383 1713 453 1770 quae
469 1697 503 1754 ad
518 1695 765 1754 immutabilitatem
781 1697 840 1751 eius
854 1693 939 1765 perti:
971 1711 1025 1769 quc
1040 1696 1147 1754 muneri
1161 1703 1190 1752 ct
1204 1695 1296 1752 officio
1311 1697 1476 1753 conveniens
1489 1704 1541 1754 est.
1558 1697 1636 1757 Unde
1653 1697 1687 1753 de
1702 1705 1776 1755 cete-

128 1789 310 1862 nent,alique
327 1787 508 1858 explicatione
519 1785 642 1858 indigent
653 1800 736 1841 :nam
747 1783 882 1856 reliquae,
896 1784 938 1838 ni·
971 1787 1009 1841 ris
1024 1786 1162 1858 episeopis
1185 1786 1252 1842 inire
1274 1787 1433 1843 Pontificem
1448 1788 1601 1844 eommunis
1616 1803 1715 1845 sensus
1728 1787 1777 1845 do-

129 1879 249 1948 mirum,
268 1876 341 1950 quod
354 1878 389 1932 sit
403 1882 499 1934 suncta
509 1917 516 1949 ,
528 1874 689 1948 spiritualis,
705 1880 821 1947 poleos,
836 1888 886 1929 seu
898 1871 937 1928 el·
971 1883 1081 1934 ciorum
1094 1891 1155 1932 esse
1170 1875 1293 1948 ridetur,
1310 1875 1415 1932 nullum
1429 1892 1525 1934 corum
1539 1893 1621 1948 posse
1635 1877 1777 1950 dispense-

131 1967 228 2024 fuctlit
243 1966 551 2029 mullorumbooorum,
564 1960 890 2036 ticonsequeutcrquod
902 1963 937 2019 ειι
971 1981 1002 2023 re
1015 1966 1042 2022 in
1061 1966 1120 2022 iure
1139 1965 1230 2044 diutino
1249 1966 1422 2041 evangelico,
1444 1968 1586 2024 utstatim
1612 1967 1773 2027 uidebimus.

130 2057 239 2124 suauis,
253 2063 281 2113 ει
293 2055 410 2126 similes,
423 2070 455 2110 cx
466 2053 546 2111 dictis
556 2053 648 2110 causis
658 2059 688 2108 et
697 2050 841 2108 effectibus
853 2049 935 2107 huius
970 2056 1007 2112 Et
1019 2057 1088 2112 retio
1109 2054 1186 2111 reddi
1199 2060 1307 2128 potest,
1323 2056 1387 2129 quio
1406 2055 1472 2112 iicet
1485 2064 1605 2127 potestas
1620 2055 1687 2114 haec
1701 2066 1776 2115 esset

131 2145 199 2219 legis
218 2146 284 2202 satis
303 2152 383 2202 εειεε
397 2151 477 2216 εεει,
493 2149 521 2200 ει
533 2143 559 2198 iu
574 2158 637 2214 cap.
652 2142 720 2199 llll.
739 2139 839 2213 aliquid
854 2138 936 2196 addc·
970 2145 1126 2202 necessaria
1139 2145 1298 2216 Ecclesiae,
1315 2161 1370 2201 uon
1383 2152 1457 2201 esset
1470 2148 1624 2203 necessaria
1646 2147 1776 2204 interiori-

130 2253 202 2293 mus.
221 2237 301 2292 Nunc
315 2251 382 2308 ergo
396 2233 600 2291 immutubiiitas
614 2231 775 2304 explicanda
789 2236 848 2302 εει,
864 2245 935 2302 quae
970 2234 1022 2290 bus
1036 2236 1189 2307 episcopis,
1202 2234 1267 2308 quia
1280 2234 1396 2291 existens
1407 2234 1434 2291 in
1450 2237 1701 2294 summouendum
1717 2237 1773 2295 sui·

130 2326 275 2384 mutationi
290 2325 453 2398 opponitur,
466 2323 565 2380 etideo
577 2321 679 2394 duplex
693 2336 754 2378 esse
768 2325 871 2392 potest,
882 2321 934 2376 sic·
970 2325 1080 2396 liceret,
1095 2338 1159 2380 cunr
1178 2339 1247 2380 usus
1262 2323 1324 2380 tuiis
1338 2325 1479 2396 potestatis
1492 2327 1581 2397 possit
1595 2340 1656 2381 esse
1670 2327 1776 2382 uerissi-

132 2415 274 2489 utduplex
286 2421 328 2472 esi
338 2415 453 2471 multatio
465 2412 660 2485 legis,scilieet
672 2410 836 2482 dispensatio
849 2411 934 2467 etab·
970 2429 1049 2485 mus3
1069 2419 1098 2469 et
1116 2412 1176 2470 ideo
1196 2429 1336 2484 nunquam
1360 2413 1494 2484 legimus,
1517 2421 1681 2485 potestatem
1704 2415 1775 2472 hunc

130 2506 253 2579 rogatio,
266 2505 366 2578 quibus
380 2509 559 2576 opponuntur
572 2500 817 2575 indispensabiiilas
831 2507 860 2556 ει
873 2515 935 2572 per·
969 2506 1220 2560 esse-commissum
1235 2501 1319 2558 uiicui
1333 2501 1454 2559 interiori
1473 2505 1618 2575 episcopo,
1632 2505 1712 2560 etiem
1727 2519 1776 2577 pe·

131 2596 268 2668 potuitas3
283 2600 311 2651 et
328 2593 361 2650 de
376 2593 427 2649 hec
442 2594 585 2665 posteriori
599 2591 724 2649 dicemus
742 2591 767 2646 iu
784 2592 873 2662 cupite
892 2606 935 2647 se·
971 2592 1117 2650 triarchee.
1133 2592 1252 2665 Denique
1264 2591 1360 2664 regula
1373 2593 1440 2650 iuris
1450 2592 1585 2664 generalis
1596 2598 1648 2664 cst,
1664 2595 1775 2650 maioris

129 2685 240 2758 quenti,
256 2699 330 2740 nunc
345 2683 419 2754 prior
434 2681 573 2740 tractando
589 2688 641 2738 est.
657 2683 751 2742 Potest
771 2688 862 2738 autern
877 2697 935 2738 ser·
969 2682 1109 2741 Ecclesiae
1129 2699 1229 2740 causas
1253 2681 1288 2738 ad
1308 2683 1382 2738 Petri
1406 2681 1499 2738 sedern
1522 2698 1582 2739 ease
1606 2683 1773 2756 referendas,

130 2790 176 2830 nro
190 2789 251 2830 εεεε
266 2772 299 2830 de
313 2770 514 2844 dispensatione
528 2771 675 2828 obtinenda
685 2772 727 2827 vel
743 2773 836 2843 alico,
848 2771 890 2828 vel
902 2772 935 2828 eb
970 2788 1032 2844 cap.
1055 2773 1207 2839 Maiores,
1232 2770 1265 2827 de
1285 2772 1434 2843 baptismo:
1451 2772 1617 2844 dispensatio
1639 2780 1731 2830 autern
1745 2775 1773 2829 in

132 2862 253 2921 homine.
271 2865 308 2922 lte
329 2865 384 2920 Deo
405 2862 481 2920 nulla
500 2869 543 2919 εει
555 2862 758 2935 controversie,
774 2862 879 2919 clarum
893 2868 936 2919 εει
969 2864 1029 2920 iure
1043 2861 1281 2935 euangelicoioter
1292 2861 1466 2933 gravissimus
1478 2876 1577 2946 causas
1589 2862 1686 2918 merito
1698 2877 1774 2920 com·

129 2953 220 3025 enim,
236 2953 359 3024 possein
375 2951 432 3024 iege
448 2967 497 3008 sua
510 2950 669 3024 dispensare
683 2965 733 3022 pro
748 2967 798 3008 suo
812 2952 933 3019 arbitrio,
969 2959 1099 3024 putatur,
1115 2961 1144 3009 et
1163 2949 1225 3009 idco
1246 2958 1303 3008 tota
1324 2951 1391 3008 haee
1405 2951 1532 3024 quaestio
1545 2951 1580 3008 ad
1595 2953 1664 3009 Petri
1680 2952 1773 3010 sedem

127 3044 212 3100 etiem
231 3041 288 3100 aine
312 3057 415 3114 cause,
431 3056 494 3098 nanr
513 3041 534 3096 si
551 3040 603 3096 hoc
619 3046 711 3110 potest
729 3040 866 3114 legisletor
884 3041 935 3096 hu·
970 3049 1126 3100 revocatur.
1328 3041 1332 3048 '

132 3147 232 3188 manus
247 3133 274 3186 in
290 3146 342 3188 aua
355 3130 430 3202 iege,
443 3129 531 3187 multo
545 3131 632 3202 mugio
643 3131 725 3187 Deus.
741 3130 799 3186 lmo
815 3129 937 3187 licetho·
1011 3137 1038 3191 3.
1059 3135 1088 3189 ln
1109 3132 1162 3190 hoc
1180 3147 1247 3204 ergo
1266 3138 1372 3204 puncto
1391 3132 1482 3204 prime
1500 3133 1635 3188 sententia
1652 3129 1775 3189 absolute
1836 3169 1840 3178 ·

131 3237 179 3278 nro
196 3235 250 3277 uon
266 3227 342 3277 recte
358 3226 409 3276 aut
423 3219 496 3276 licite
510 3217 535 3274 id
550 3218 630 3274 sociat
643 3219 702 3273 eine
716 3231 811 3287 eausa,
828 3218 849 3272 si
863 3219 935 3274 Deua
970 3228 1000 3278 et
1019 3221 1182 3278 indistincte·
1194 3220 1328 3293 efflrmet,
1350 3224 1450 3292 Papam
1469 3236 1551 3292 posse
1569 3218 1725 3292 dispersere
1749 3224 1776 3278 iu

131 3309 159 3366 id
178 3307 296 3379 iaceret,
320 3307 508 3364 honestissime
528 3312 556 3363 ει
576 3306 728 3363 rectissime
746 3305 935 3373 inserentem
972 3311 1117 3380 omuibus,
1133 3325 1204 3382 qliae
1218 3315 1284 3366 sunl
1297 3308 1474 3380 iurisdivini,
1487 3315 1679 3382 praeterquam
1690 3312 1716 3365 in
1730 3325 1775 3366 ar·

131 3400 198 3470 quia
218 3404 261 3454 est
280 3411 428 3468 supremus
448 3395 597 3466 Dominus,
619 3402 677 3452 tum
698 3396 780 3452 etiam
800 3396 863 3468 quia
876 3397 936 3452 eius
971 3399 1066 3457 ticuiis
1087 3398 1157 3455 fidei.
1178 3401 1218 3455 lta
1239 3397 1527 3470 loquiturPanormit.
1544 3399 1570 3454 in
1584 3414 1646 3470 cop.
1662 3401 1776 3472 Propo·

133 3488 261 3544 voluutas
276 3492 319 3542 est
334 3501 462 3558 suprema
476 3484 571 3558 regulo
585 3485 723 3543 bonitatis.
737 3489 831 3558 Neque
845 3487 937 3544 obsta·
971 3493 1040 3556 cett,
1058 3490 1093 3548 de
1107 3504 1233 3546 concess.
1255 3487 1349 3560 praeb.
1366 3504 1394 3543 n.
1410 3493 1463 3556 20,
1479 3488 1567 3544 citans
1582 3487 1772 3545 Innocentium

132 3578 186 3648 bit,
200 3576 274 3650 quod
289 3576 418 3633 roiuntes
430 3577 465 3632 sit
474 3575 664 3646 immutabilis,
676 3575 740 3648 quia
750 3575 806 3632 sine
821 3578 865 3633 sui
877 3591 936 3633 mu·
971 3581 998 3636 in
1013 3594 1076 3650 cap.
1095 3581 1172 3636 Cum
1186 3575 1228 3635 od
1241 3580 1469 3642 monasteriem,
1481 3575 1515 3632 de
1529 3582 1603 3633 statu
1614 3575 1775 3634 monachori

132 3668 235 3724 tatione
256 3672 347 3737 potest
366 3668 438 3721 Deus
461 3672 579 3733 mutere,
594 3680 665 3737 queo
679 3666 790 3736 stituit,
806 3671 834 3722 et
852 3666 889 3722 ita
904 3681 936 3722 er
972 3669 1018 3727 ubi
1032 3668 1116 3740 dicit,
1129 3684 1184 3724 non
1198 3683 1278 3739 posse
1292 3669 1392 3739 Papam
1406 3669 1465 3723 siue
1479 3681 1565 3723 cause
1578 3665 1736 3738 dispensare
1747 3667 1772 3723 io

133 3757 296 3814 aeternitate
314 3755 404 3826 potuit
422 3753 522 3810 habore
543 3751 686 3810 decretum
707 3750 818 3811 tollendi
837 3753 937 3827 obliga·
971 3759 1019 3832 iis,
1034 3773 1106 3831 queue
1119 3762 1186 3814 sunt
1200 3757 1267 3813 iuris
1283 3755 1379 3827 divini,
1394 3756 1524 3828 sentiens,
1535 3771 1568 3811 ex
1581 3770 1668 3810 causa
1681 3770 1772 3827 posse:

133 3848 237 3901 tionem
251 3859 317 3900 surae
332 3843 399 3916 legis
413 3842 447 3899 ab
461 3839 550 3914 aliquo
562 3843 588 3897 io
601 3841 646 3898 tull
660 3849 791 3914 temporo,
805 3858 851 3914 per
862 3841 938 3916 quud
972 3847 1084 3905 elidem
1096 3845 1296 3904 sentitFeiious
1307 3847 1336 3902 in
1348 3861 1409 3917 cap.
1426 3849 1510 3920 Quoe
1523 3847 1556 3901 ile
1566 3843 1770 3913 ecclesiarum,

131 3936 191 3991 sine
206 3933 249 3990 sui
264 3934 419 3990 mutatione
434 3947 498 3988 cunr
512 3929 559 3987 iiio
578 3929 759 4003 dispensaret.
775 3931 937 3989 Huiusmodi
973 3937 1006 3994 de
1025 3943 1116 3994 const.
1134 3951 1212 3992 oum.
1230 3937 1288 4006 ιιι,
1304 3942 1332 3991 ει
1345 3939 1397 4006 ιιι,
1412 3934 1459 3990 ubi
1473 3933 1544 3991 iuter
1558 3933 1610 3990 alia
1624 3934 1678 4002 uit,
1694 3948 1774 4005 posse

71 4024 75 4033 “
132 4039 200 4098 crgo
218 4022 382 4095 dispensatio
404 4019 540 4094 possibilis
559 4027 603 4077 εει
620 4020 654 4077 de
667 4021 786 4093 potentia
800 4022 936 4096 absolute3
972 4027 1128 4084 Pontificem
1140 4039 1270 4082 excausa
1281 4030 1388 4081 mutare
1400 4023 1516 4080 sormam
1528 4022 1772 4096 baptismiinhanc:

133 4130 198 4171 narn
213 4112 247 4171 de
267 4111 326 4186 iege
345 4111 482 4169 ordinaria
500 4116 607 4167 cerium
627 4117 685 4184 est,
700 4111 866 4184 regulariter
884 4127 937 4168 non
972 4123 1037 4191 Epo
1052 4122 1079 4174 te
1093 4116 1210 4191 baptizo
1222 4118 1256 4172 io
1270 4117 1387 4172 nuntiae
1410 4115 1582 4175 Trinitatis,
1599 4111 1674 4187 quod
1690 4112 1774 4169 refert

133 4201 265 4269 concedi,
281 4204 347 4274 quia
364 4204 437 4258 Deus
456 4199 518 4257 vult
538 4199 659 4256 homines
681 4215 730 4272 per
750 4199 874 4258 homines
888 4217 939 4274 gu·
973 4221 1005 4266 ex
1018 4208 1115 4264 lonoo.
1128 4207 1155 4262 in
1171 4221 1234 4277 cap.
1251 4209 1275 4263 l.
1288 4204 1322 4260 de
1334 4204 1485 4277 baptismo,
1497 4203 1523 4260 io
1534 4204 1602 4275 fine,
1614 4219 1642 4259 n.
1659 4207 1702 4260 tl.
1716 4204 1773 4259 imo

133 4294 259 4350 beruare.
275 4293 369 4365 Neque
383 4289 550 4348 admittenda
564 4295 606 4347 εει
620 4289 682 4346 ιειιε
696 4289 873 4366 dispensatio,
888 4293 939 4350 nisi
971 4296 1043 4354 idern
1059 4295 1143 4353 llelln.
1160 4294 1186 4350 io
1200 4309 1262 4366 cap.
1284 4297 1307 4352 t.
1323 4291 1357 4350 de
1372 4295 1484 4349 constit.
1500 4309 1528 4348 n.
1543 4297 1590 4363 23,
1603 4291 1686 4348 eudel
1700 4291 1775 4348 offir-

132 4381 273 4441 Ecclesiae
286 4381 320 4439 de
333 4380 380 4438 ilia
392 4387 517 4438 coorlere
529 4379 631 4452 possit,
647 4386 675 4437 et
689 4395 738 4451 per
752 4382 826 4438 iiiam
840 4397 939 4455 appro·
973 4399 1062 4454 mare,
1078 4399 1159 4456 posse
1173 4386 1273 4455 Papam
1288 4383 1370 4439 unico
1384 4381 1468 4454 uerbo
1483 4396 1578 4439 creere
1589 4378 1772 4454 sacerdotem,

131 4471 232 4544 betur,
247 4473 323 4528 iuxta
337 4468 459 4542 reguiam
473 4468 622 4527 innocentii
632 4468 679 4524 lll.
692 4471 719 4525 in
732 4485 794 4541 cap.
811 4472 887 4528 Com
902 4487 940 4528 ecc
973 4472 1103 4531 diceudo:
1114 4474 1164 4530 Sis
1171 4471 1341 4546 presbyter,
1360 4472 1418 4528 siue
1432 4471 1483 4528 alia
1498 4470 1680 4544 solemnitate,
1698 4463 1774 4552 quod

131 4563 260 4628 iniusto,
281 4559 316 4618 de
335 4559 438 4618 haeret.
459 4566 488 4616 ει
505 4559 530 4615 in
549 4573 611 4631 cup.
631 4561 699 4617 Mei
717 4575 787 4617 cum
804 4558 938 4635 pridem·
973 4564 1058 4621 reiert
1076 4578 1109 4619 er
1132 4563 1271 4618 lundein
1292 4577 1355 4634 erp.
1374 4566 1399 4620 l.
1415 4559 1449 4617 de
1463 4575 1543 4617 sacra
1556 4566 1634 4617 unct.
1650 4559 1697 4616 ubi
1710 4559 1775 4616 nihil

132 4651 168 4707 de
182 4651 336 4709 renunciat.
966 4653 1088 4725 reperio.
1104 4649 1186 4709 adult
1200 4658 1340 4722 praetereo
1353 4649 1424 4707 idem
1437 4650 1564 4722 Feiinus,
1579 4651 1678 4722 Papam
1693 4665 1773 4723 posse

176 4747 204 4799 2.
220 4741 328 4799 Omissa
342 4755 407 4813 ergo
421 4738 622 4812 dispenselione
636 4737 727 4796 diuina
737 4779 745 4811 ,
757 4741 883 4812 quaestio
897 4746 939 4796 εει
973 4741 1032 4800 solo
1048 4742 1134 4810 ¹uerlm
1156 4743 1314 4813 episcopum
1339 4740 1445 4811 tresue,
1463 4746 1491 4796 et
1510 4741 1578 4797 citat
1599 4739 1734 4812 Angelum
1748 4741 1774 4796 in

133 4831 169 4888 da
186 4830 414 4903 dispensabiiitate
429 4829 509 4886 huius
524 4827 589 4901 legis
604 4843 653 4900 per
672 4828 826 4898 hominem,
840 4835 868 4885 et
882 4834 939 4886 tota
973 4829 1033 4904 lege
1049 4836 1077 4903 ι,
1092 4832 1122 4887 G.
1135 4830 1169 4888 de
1184 4831 1292 4887 crimin.
1306 4827 1443 4901 sacrilegii
1453 4868 1461 4899 ,
1473 4835 1500 4884 ει
1510 4829 1536 4884 in
1552 4827 1569 4884 l.
1588 4831 1613 4900 t,
1626 4830 1656 4884 C-
1669 4829 1701 4885 de
1713 4843 1774 4885 sao·

132 4922 281 4980 reducitur
301 4920 335 4978 ad
356 4935 493 4977 summum
515 4919 690 4988 Pontificem,
706 4934 768 4976 uam
789 4918 823 4976 de
837 4921 937 4976 ceteris
973 4921 1085 4979 tentiam
1111 4920 1209 4993 pessis.
1229 4917 1357 4976 Eemdem
1382 4919 1544 4974 senteutiam
1566 4920 1655 4975 tenuit
1674 4918 1774 4974 Decius

132 5027 189 5068 non
205 5015 295 5082 potest
316 5023 377 5066 esse
395 5009 598 5065 controversia.
613 5009 681 5064 Nam
697 5023 762 5064 curn
776 5013 875 5066 auctor
888 5007 940 5065 iru-
973 5026 1052 5068 cons.
1073 5015 1139 5083 tlt,
1156 5025 1232 5067 num.
1250 5013 1286 5081 3,
1302 5007 1328 5063 in
1347 5006 1414 5080 fine,
1430 5005 1536 5066 volum.
1558 5012 1588 5080 l,
1608 5013 1637 5064 et
1655 5007 1680 5064 in
1699 5007 1775 5064 dieto

131 5103 177 5159 ius
191 5100 258 5174 legis
273 5101 308 5157 sit
321 5099 448 5170 superior
462 5099 537 5154 omni
551 5097 677 5168 homine,
690 5103 798 5154 certum
810 5104 864 5171 εει,
879 5098 940 5155 nui-
972 5115 1035 5172 cop.
1055 5104 1140 5175 Quae
1153 5102 1184 5157 ιε
1197 5096 1408 5164 ecclesiarum,
1424 5112 1503 5154 uum.
1521 5102 1568 5156 25.
1585 5105 1615 5155 ει
1629 5113 1689 5172 seq.
1707 5097 1773 5154 alies

132 5192 192 5249 ium
206 5191 340 5248 hominem
355 5203 436 5262 posse
449 5189 477 5244 in
491 5187 542 5244 huc
558 5186 617 5260 iege
631 5185 804 5260 dispensare,
819 5189 871 5244 nisi
887 5204 938 5261 per
971 5204 1047 5245 num.
1066 5192 1113 5261 lt,
1128 5195 1155 5246 ει
1169 5192 1205 5247 ⁴5
1217 5228 1225 5259 ,
1239 5188 1266 5242 in
1282 5187 1369 5243 novis.
1390 5185 1550 5258 Aiicgentur
1565 5189 1649 5244 etiarn
1669 5187 1715 5243 alii
1730 5189 1771 5243 iu·

132 5286 297 5357 potestatem
312 5276 549 5351 sirpcroatnralem
567 5283 596 5334 et
618 5275 786 5347 spiritualem
800 5292 816 5336 ε
830 5275 937 5354 legisla-
972 5279 1056 5338 ristae
1070 5279 1096 5336 in
1112 5293 1138 5338 c.
1156 5282 1183 5336 ².
1199 5276 1233 5334 de
1247 5274 1370 5333 treoslut.
1386 5275 1524 5350 episcopi,
1539 5283 1566 5333 ct
1580 5278 1605 5334 io
1622 5275 1640 5333 l.
1658 5277 1771 5336 Moero·

216 5381 603 5440 Surera.lteleoilor-Porsll.
1508 5389 1536 5437 Β,

973 988 1031 1050 εει,
1049 996 1097 1036 nec
1113 980 1260 1052 spiritualis
1277 997 1291 1037 a
1305 981 1413 1039 Christo
1428 996 1577 1052 concessu,
1592 981 1640 1038 sed
1651 990 1694 1040 est
1704 998 1778 1039 mere
1879 1043 1884 1048 ,
