4278 6242
828 381 1033 492 carurNxxv.
1645 370 1707 436 tus

98 512 325 584 matrimonium,
348 519 494 586 quatenus
514 519 675 572 contractus
696 510 834 571 humanus
855 515 908 579 aar,
945 519 1032 582 nunt,
1053 516 1082 568 at
1101 525 1134 569 er
1155 511 1283 572 omnihus
1298 511 1425 571 adductis
1438 512 1565 572 convinci
1579 512 1703 586 ridetur,
1720 509 1753 572 ot'

98 609 191 674 potest
210 603 317 661 irritari
340 618 395 675 per
420 604 508 677 legem
532 603 690 676 Ecclesiae,
707 609 739 659 ut
752 607 863 659 constat
876 615 909 656 cr
946 601 1155 658 confirmabitur
1178 603 1295 676 amplius
1318 619 1352 661 ex
1376 603 1497 662 dicendis
1517 605 1746 678 insequentibus.

96 691 266 765 Tridentino,
285 709 355 768 ergo
370 694 393 750 si
408 693 535 752 obuoluta
549 693 695 766 prohibitio
710 692 814 750 scilicit
826 690 861 748 ad
874 690 910 745 ir·
944 691 1023 748 Retio
1045 680 1110 749 'vcro
1132 693 1190 750 eius
1212 694 1250 751 ita
1265 700 1358 766 potest
1371 694 1513 767 explicari,
1526 695 1589 767 quia
1603 695 1749 767 prohibere

97 784 240 842 rilandum
255 789 448 858 contractum,
465 799 517 840 cur
531 789 612 841 antea
624 799 680 842 non
696 782 762 840 lecit
775 781 801 838 in
815 777 911 838 muri·
944 787 1049 854 actum,
1060 789 1089 839 et
1103 782 1212 841 irritare
1224 783 1314 855 illum,
1328 789 1394 840 sunt
1407 785 1524 841 edoctus
1538 782 1618 841 valde
1632 784 1744 860 diversi3

98 876 191 932 monio
204 872 405 933 clandestino?
944 885 1023 945 ergo,
1038 881 1070 930 ut
1083 888 1131 943 per
1145 873 1232 946 legem
1247 875 1321 946 fiant,
1336 873 1437 932 debent
1450 889 1498 946 per
1512 875 1573 933 eius
1587 876 1670 932 verbe
1686 878 1745 935 sul·

135 963 317 1038 ilespondent
341 963 460 1036 amplius
486 962 560 1020 iuxta
579 962 703 1020 ultimam
717 960 907 1018 limitationem
944 961 1068 1020 ficientes
1080 963 1222 1038 explicari;
1234 965 1282 1022 sad
1294 981 1343 1037 per
1354 965 1443 1024 solum
1454 968 1570 1025 verbum
1582 967 1745 1048 probibendi

98 1055 232 1126 positam,
249 1054 311 1112 ideo
327 1070 383 1110 non
397 1053 535 1124 irritasse,
550 1053 615 1126 quia
628 1067 678 1127 per
691 1051 759 1109 alias
773 1050 847 1124 leges
862 1065 908 1108 cn·
943 1067 998 1108 non
1011 1054 1165 1125 explicatur
1179 1055 1295 1113 euectus
1311 1055 1446 1129 irritandi,
1458 1073 1525 1131 ergo
1538 1075 1590 1115 non
1605 1060 1635 1115 lit
1647 1075 1679 1116 er
1695 1074 1744 1117 na·

99 1149 214 1206 nonicas
230 1145 436 1205 sustinebatur.
449 1142 502 1202 Sed
517 1149 624 1214 contra,
640 1144 704 1216 quia
719 1142 762 1199 lex
776 1141 910 1199 canonica
945 1149 1008 1200 turn
1023 1145 1062 1199 rei
1077 1159 1126 1215 per
1139 1144 1228 1218 legem
1240 1152 1361 1203 utentem
1373 1162 1441 1218 pure
1453 1155 1481 1205 ct
1491 1149 1649 1222 simpliciter
1661 1151 1745 1208 verbo

100 1252 241 1310 nunquam
257 1236 337 1308 lecit,
347 1242 380 1292 ut
394 1234 456 1292 talis
471 1239 551 1291 actus
562 1232 767 1304 essetvnlidus,
780 1218 828 1289 se'd
841 1247 906 1304 aup-
943 1232 1122 1308 prohibendi,
1146 1237 1324 1308 quantumvis
1344 1237 1448 1294 directe
1467 1244 1496 1296 et
1509 1240 1636 1312 specifice
1650 1248 1745 1298 actum

99 1330 192 1402 posuit
206 1325 346 1395 validum,
360 1333 390 1382 et
402 1325 437 1382 od
452 1339 592 1382 summum
606 1321 775 1392 declaravit,
792 1321 909 1380 validum
943 1321 1096 1395 prohibeat.
1114 1324 1283 1382 antecedens
1303 1325 1409 1383 clarum
1423 1333 1476 1384 est.
1492 1329 1561 1386 Tum
1576 1331 1642 1402 quia
1655 1330 1748 1402 prohi-

14 1477 15 1480 ,
99 1434 172 1490 asse,
190 1417 328 1492 quamdiu
353 1431 401 1488 per
416 1415 505 1488 legem
523 1413 672 1471 humanum
696 1428 750 1469 non
773 1413 906 1469 irritetur.
944 1414 1009 1470 bere
1024 1413 1114 1471 solum
1128 1421 1173 1471 est
1186 1415 1357 1486 praecipere,
1368 1421 1396 1472 et
1409 1416 1541 1490 obligare,
1554 1425 1585 1475 ut
1599 1426 1678 1476 nctus
1692 1437 1745 1477 non

99 1510 194 1569 Solum
208 1524 283 1580 ergo
298 1505 496 1563 declarabatur
511 1502 629 1560 validum
643 1518 676 1559 so
691 1509 824 1575 tempore,
841 1501 907 1574 quie
943 1506 1006 1572 tints
1028 1505 1138 1562 irritare
1156 1512 1248 1562 autem
1264 1522 1317 1562 non
1333 1513 1375 1564 est
1389 1509 1564 1580 praecipere,
1580 1508 1626 1565 sed
1641 1508 1744 1582 lucere,

99 1616 145 1672 per
161 1600 250 1672 legem
270 1596 466 1670 prohibentem
481 1610 536 1652 non
551 1588 720 1659 irritabatur,
735 1601 763 1650 ct
777 1608 829 1648 non
841 1593 907 1664 quia
944 1591 1048 1650 scilicet
1063 1594 1235 1651 inellioacem
1248 1594 1364 1652 reddere
1379 1596 1562 1669 voluntatem,
1576 1597 1617 1654 vel
1628 1615 1745 1656 consen-

98 1706 146 1763 per
159 1689 240 1746 aliam
254 1687 348 1762 legem
363 1691 585 1754 sustentaretur,
601 1683 644 1741 vel
664 1684 766 1756 potius,
782 1683 846 1754 quiin
860 1697 908 1754 per
944 1698 1006 1738 sum
1028 1686 1108 1751 aius,
1130 1691 1178 1741 aut
1196 1684 1367 1742 inhabilitate
1386 1702 1540 1758 personam.
1558 1689 1627 1745 Tum
1647 1689 1740 1764 etiam,

99 1779 252 1836 naturalem
277 1779 371 1852 legem
395 1775 617 1845 sustentabatur,
642 1778 675 1829 ut
692 1776 733 1829 sic
752 1771 859 1843 dicam,
882 1777 910 1828 et
943 1773 1008 1846 quia
1023 1773 1059 1830 illi
1073 1774 1129 1830 duo
1142 1773 1257 1831 ollactus
1272 1783 1339 1832 sunt
1354 1775 1470 1834 invicem
1484 1778 1658 1852 separabiles,
1674 1795 1737 1837 nam

98 1871 151 1929 boc
166 1870 258 1927 solum
274 1867 413 1926 declarari
429 1871 537 1940 potarat
550 1879 598 1938 per
613 1864 699 1938 legem
715 1861 910 1930 humaner'nmt
943 1878 1024 1935 saepe
1042 1863 1205 1935 prohibetur
1221 1869 1316 1937 actus,
1336 1873 1364 1923 at
1377 1880 1431 1922 non
1449 1868 1589 1938 irritatur,
1605 1873 1636 1924 ut
1651 1865 1700 1940 p'er
1714 1884 1743 1924 sa

99 1961 273 2020 declaratum
293 1958 348 2014 luit
365 1972 416 2029 par
432 1955 633 2026 Tridentinum3
660 1968 730 2027 quoae
755 1952 907 2010 declaratio
941 1959 969 2008 et
987 1969 1020 2010 er
1041 1952 1122 2011 dictis
1143 1961 1269 2026 constat3
1292 1957 1345 2012 imo
1367 1971 1448 2028 saepe
1468 1957 1631 2028 prohibetur
1648 1966 1740 2030 nctus,

97 2067 151 2108 non
165 2049 286 2108 addebat
299 2048 423 2106 valorem
437 2047 527 2119 actui,
542 2044 589 2102 ead
604 2045 682 2101 illum
696 2043 880 2116 supponebat.
943 2043 991 2115 qui
1005 2043 1106 2100 irritari
1120 2058 1175 2100 non
1192 2051 1292 2116 potest,
1301 2051 1333 2102 ut
1346 2061 1411 2102 cum
1422 2047 1505 2104 alicui
1516 2047 1653 2106 sacerdoti
1665 2065 1745 2121 prae·

943 2133 1062 2206 cipitur,
1085 2149 1119 2191 ne
1138 2135 1291 2207 sacrificet,
1313 2145 1361 2192 aut
1374 2135 1526 2210 {episcopm
1543 2139 1707 2196 reordinat.
1724 2141 1747 2197 Ε

348 2223 499 2286 Resolutic
512 2227 658 2284 auctoris.
943 2225 1084 2280 contrario
1101 2224 1182 2280 eliam
1198 2223 1337 2281 interdum
1352 2226 1474 2282 irritatur
1488 2234 1584 2297 nctus,
1600 2227 1621 2282 si
1638 2227 1700 2297 fiat,
1717 2229 1748 2286 li·

943 2319 989 2372 cet
1001 2329 1059 2370 non
1075 2313 1304 2386 prohibeatur,ne
1317 2314 1375 2386 tint,
1390 2315 1463 2372 uide
1474 2317 1534 2389 lege
1546 2332 1614 2388 pure
1625 2316 1747 2375 irritante

138 2417 181 2470 tr.
197 2413 236 2470 lit
256 2424 343 2484 etgo,
364 2405 440 2482 quod
461 2421 559 2463 varum
573 2420 634 2462 esse
649 2419 767 2476 censeo,
784 2403 905 2460 breviter
943 2401 1115 2461 dictumest.
1131 2405 1202 2461 Sunt
1215 2419 1280 2477 ergo
1296 2404 1334 2461 illi
1347 2405 1403 2462 duo
1417 2406 1531 2463 ellectus
1546 2405 1656 2465 diversi.

99 2500 254 2570 declarem,
281 2497 414 2567 adverto,
441 2511 523 2569 posse
542 2511 592 2552 nos
612 2496 758 2568 loquiano
774 2492 857 2550 modo
874 2492 908 2550 da
980 2493 1073 2550 Prima
1087 2509 1152 2551 vero
1166 2495 1382 2566 consequentia,
1399 2496 1540 2566 nimirum,
1556 2497 1745 2556 necessarium

99 2591 156 2665 lege
175 2607 247 2664 pure
267 2588 435 2662 prohibente
448 2601 483 2644 ex
498 2586 556 2643 sola
571 2587 610 2644 rei
625 2592 735 2652 nature,
753 2599 815 2654 seu,
832 2581 907 2656 quod
942 2598 1003 2641 ease
1018 2591 1168 2657 utrumque
1183 2573 1331 2656 'significari
1346 2599 1394 2656 per
1409 2587 1492 2642 verbs
1507 2585 1586 2660 legis,
1606 2593 1637 2644 ut
1650 2604 1698 2659 per
1714 2589 1747 2646 il·

99 2680 166 2739 idem
180 2687 235 2752 est,
252 2684 361 2736 attenta
376 2677 436 2734 sola
448 2677 597 2734 verborum
611 2675 649 2748 vi,
664 2675 810 2748 supposita
825 2673 906 2746 signi·
943 2672 997 2730 lam
1011 2673 1087 2745 dant,
1100 2679 1258 2730 constater
1274 2679 1415 2730 naturaei
1429 2681 1563 2747 potestate
1577 2677 1644 2750 legis
1657 2684 1686 2735 et
1700 2692 1748 2733 vo-

99 2773 222 2830 licatione
239 2771 372 2842 propria,
388 2772 417 2824 et
430 2770 553 2841 rigorose
567 2767 643 2823 verbi
658 2761 829 2838 prohibendi,
845 2763 902 2818 sine
943 2761 1055 2820 luntntis
1076 2762 1222 2819 humanae.
1240 2763 1309 2819 Nam
1333 2763 1400 2820 licet
1425 2765 1498 2836 apud
1522 2767 1608 2822 licum
1621 2766 1747 2822 voluntas

100 2861 245 2932 somnone,
263 2861 439 2928 extensione,
455 2864 505 2913 aut
519 2855 742 2928 interpretatione
755 2853 847 2926 aliquo
860 2855 903 2908 iu·
944 2851 1064 2909 sufficiat
1078 2853 1111 2909 ad
1128 2851 1317 2925 operandum,
1333 2855 1410 2927 ,inter
1424 2855 1547 2912 homines
1563 2873 1616 2912 non
1630 2856 1747 2928 sullicit,

100 2953 136 3008 ris
148 2948 341 3024 positivihlio
353 2963 419 3004 voro
432 2946 513 3003 modo
525 2946 600 3019 loqui
613 2959 764 3017 possumus
775 2942 809 2999 de
821 2944 904 3000 verbo
943 2941 993 2999 niai
1007 2942 1130 3000 exterius
1150 2943 1320 3000 suiliclentsr
1333 2946 1515 3016 exprimatur,
1528 2952 1560 3002 ut
1573 2947 1599 3002 in
1613 2946 1747 3018 principio

100 3039 262 3114 pmbibendi
283 3045 318 3096 ut
336 3037 484 3108 nmpliato,
501 3051 550 3093 seu
564 3044 679 3093 extenso
695 3050 744 3106 per
761 3034 848 3108 legem
863 3034 909 3089 ali·
944 3031 1026 3089 huius
1044 3035 1185 3102 materiae,
1201 3040 1230 3089 et
1244 3035 1272 3089 in
1286 3035 1402 3090 materia
1416 3033 1449 3091 ds
1464 3037 1588 3092 censuris
1603 3043 1747 3093 ostensum

101 3148 184 3206 quam
203 3131 358 3188 humanam
376 3127 590 3185 constituentem
611 3125 735 3198 regulam
755 3123 908 3197 generalem
945 3127 1003 3195 est,
1026 3132 1055 3178 et
1073 3129 1117 3179 est
1137 3122 1250 3195 vulgare
1274 3121 1300 3177 in
1324 3124 1397 3180 ornni
1418 3126 1530 3182 materia
1549 3126 1581 3182 de
1602 3125 1708 3182 iudiciis
1721 3131 1749 3182 et

100 3225 138 3278 sic
156 3224 394 3293 interpretantem
415 3215 532 3273 iuridioe
550 3231 662 3272 sensum
677 3214 744 3286 legis
759 3212 907 3286 probiben·
945 3212 1146 3268 contractibus.
1164 3213 1199 3269 Et
1219 3213 1278 3270 ideo
1299 3214 1382 3271 verbo
1397 3214 1517 3271 bumont
1538 3231 1591 3271 nnn
1607 3215 1669 3288 plus
1683 3230 1748 3288 ope·

102 3313 143 3380 tis,
159 3317 192 3367 ut
204 3310 262 3365 vim
278 3307 383 3364 habeat
397 3305 540 3376 irritantis,
555 3305 661 3362 etiamsi
674 3318 723 3376 per
736 3303 825 3359 solum
842 3318 904 3358 ver·
944 3307 1053 3370 rantur,
1067 3316 1151 3376 quam
1166 3302 1329 3374 significent.
1344 3305 1370 3361 Si
1386 3319 1453 3376 ergo
1467 3306 1550 3361 verba
1564 3305 1630 3377 legis
1644 3321 1699 3362 non
1713 3305 1749 3361 si·

100 3401 162 3458 bum
188 3397 357 3473 prohibendi
381 3397 439 3452 sine
458 3393 598 3452 additione
617 3393 760 3450 clausulna
774 3392 909 3450 irritantis
943 3391 1075 3463 guilicant
1103 3391 1179 3449 illum
1208 3391 1346 3464 duplicem
1367 3394 1520 3468 ellectum,
1547 3411 1602 3451 non
1629 3403 1748 3467 possunt

100 3492 213 3549 teratur.
230 3489 331 3562 Opinio
345 3503 414 3561 ergo
428 3485 584 3542 communis
600 3499 685 3557 supra
699 3483 784 3540 relato
799 3483 908 3539 videtur
945 3487 1092 3554 utrumque
1107 3482 1228 3539 ellicsra.
1239 3483 1317 3550 Quod
1332 3491 1425 3541 autem
1438 3484 1552 3541 verbum
1564 3486 1653 3541 solum
1668 3501 1747 3556 praa·

100 3581 147 3638 hoc
162 3579 316 3654 posteriori
333 3576 418 3634 modo
432 3574 596 3647 procedere,
611 3580 639 3631 et
653 3579 744 3644 potest
758 3571 866 3628 lundari
881 3573 909 3628 in
944 3571 1100 3642 captivum,
1122 3579 1169 3628 aut
1191 3572 1387 3643 prohibitivum
1403 3590 1455 3630 non
1471 3574 1605 3645 significet
1618 3573 1747 3631 ellectum

99 3670 171 3728 diota
184 3670 246 3743 lege
261 3684 326 3724 nore
341 3665 474 3732 dublum,
485 3664 528 3725 vel
540 3663 565 3719 in
578 3664 638 3720 aliis
650 3664 758 3720 iuribus
768 3661 905 3732 civilibus,
944 3659 1079 3732 irritandi,
1088 3661 1265 3717 manilestum
1277 3663 1359 3719 etiam
1368 3663 1552 3735 videtur,tum
1563 3680 1596 3720 ex
1609 3657 1747 3734 primaeva

99 3770 143 3817 aul
162 3759 333 3825 canonicis,
354 3757 387 3813 de
406 3757 507 3829 qulbus
522 3759 630 3827 oportet
643 3753 802 3828 singillatim
817 3751 908 3810 dicere
942 3751 1116 3824 impositione
1139 3751 1199 3806 talis
1220 3752 1309 3823 verbi,
1333 3769 1386 3808 non
1400 3760 1442 3808 est
1455 3753 1526 3809 enim
1541 3753 1697 3824 impositum
1713 3752 1748 3810 ad

98 3852 122 3905 in
134 3849 280 3922 capitibus
297 3846 490 3920 sequentibus,
501 3861 577 3902 nunc
589 3843 679 3902 solunt
692 3844 717 3899 in
729 3843 813 3914 priori
825 3858 909 3900 sensu
944 3841 1152 3916 significandum
1167 3841 1309 3907 ellectum,
1320 3858 1404 3916 quem
1416 3843 1458 3899 les
1470 3857 1518 3915 per
1530 3858 1559 3898 se
1574 3842 1685 3914 efficiat,
1699 3842 1747 3900 sed

97 3939 253 4013 quaestioni
274 3935 500 3994 satisfaciendum
515 3940 567 3992 eat.
944 3931 1074 3988 moralem
1088 3930 1387 4006 obligationem,qunm
1401 3933 1517 4005 imponit
1528 3931 1650 4004 subdito,
1662 3949 1747 4006 quem

136 4033 183 4088 13.
196 4028 265 4085 ilico
283 4041 362 4098 ergo,
375 4041 409 4081 ex
423 4025 480 4081 aoln
495 4026 534 4081 rei
548 4029 647 4080 natura
661 4022 748 4095 legem
763 4037 831 4095 pure
846 4037 910 4094 pro·
945 4037 1055 4079 morere
1075 4021 1208 4092 intendit,
1224 4029 1255 4078 ut
1268 4021 1371 4094 aliquid
1384 4023 1479 4095 iaciat,
1495 4022 1537 4079 vel
1552 4022 1692 4094 cohibere,
1709 4039 1743 4080 ne

97 4119 237 4176 bibentem
255 4133 312 4172 non
327 4116 434 4172 irritare
448 4120 554 4187 actum,
565 4113 617 4170 nisi
632 4113 686 4171 alio
696 4112 778 4169 modo
794 4112 855 4170 talis
869 4111 908 4168 el·
943 4113 1041 4170 iaciat:
1058 4117 1117 4170 turn
1132 4100 1214 4168 etiam
1226 4128 1259 4169 ex
1271 4113 1409 4169 communi
1422 4129 1473 4169 usu
1484 4113 1556 4170 illius
1570 4113 1653 4184 verbi,
1663 4130 1747 4186 quarn
1814 4117 1818 4124 '

96 4212 202 4278 iectus,
220 4223 275 4264 sen
294 4207 408 4264 intentio
424 4205 587 4279 legislatoris
601 4203 772 4261 sufficienter
786 4203 909 4261 declare·
945 4218 1028 4260 usum
1044 4203 1111 4258 satis
1126 4203 1243 4272 probant
1258 4203 1360 4276 omnia,
1372 4219 1443 4276 quae
1459 4210 1555 4260 contra
1570 4219 1747 4262 communem

96 4306 149 4356 tur.
171 4301 252 4355 llaec
279 4298 397 4352 assertio
421 4293 531 4352 videtur
556 4309 616 4353 essa
635 4293 792 4366 specialiter
813 4299 910 4350 contra
944 4292 1108 4350 sententiam
1127 4289 1302 4349 adduximus.
1319 4294 1405 4350 Recte
1418 4308 1485 4366 ergo
1499 4293 1693 4366 concluditur,
1710 4296 1748 4352 le-

96 4388 212 4446 ltnldum
228 4389 257 4442 in
272 4399 337 4457 cap.
353 4388 435 4442 Num
448 4385 731 4458 concupiscentium,
745 4381 779 4439 de
793 4385 907 4440 constit.
943 4399 1005 4456 gem
1021 4382 1102 4438 latam
1114 4396 1162 4453 per
1177 4382 1265 4438 solum
1278 4380 1346 4438 illud
1360 4382 1474 4439 verbum
1484 4399 1517 4440 ex
1529 4390 1629 4441 natura
1639 4384 1679 4440 rei
1691 4399 1746 4441 non
1828 4444 1832 4450 ,

97 4479 119 4533 in
133 4481 232 4550 princ.
251 4475 301 4533 ubi
323 4474 476 4531 nullitatem
497 4479 578 4531 nctus
598 4473 725 4546 prohibiti
745 4479 827 4529 vocat
846 4488 910 4545 pne·
943 4473 1050 4530 irritare
1065 4477 1170 4544 actum,
1188 4487 1271 4544 quem
1287 4473 1420 4544 prohibet.

96 4583 155 4624 nam
178 4564 342 4624 naturalem
361 4564 442 4636 eius,
460 4567 535 4636 quia
548 4579 644 4625 omne,
661 4562 763 4636 inquit,
779 4560 856 4636 qnod
868 4566 912 4618 est
986 4567 1031 4622 lt.
1046 4563 1082 4618 Et
1103 4562 1258 4618 confirmari
1274 4569 1365 4634 potest
1378 4564 1444 4620 haec
1460 4566 1527 4621 ratio
1540 4579 1573 4620 er
1588 4563 1633 4621 illo
1646 4565 1748 4637 princi·

95 4656 298 4731 prohibitum,
325 4651 511 4711 causaliter
526 4658 570 4709 est
583 4649 762 4708 inualidum.
778 4651 857 4719 Quod
871 4651 911 4709 di·
944 4653 988 4725 pio
1002 4650 1080 4708 vulda
1095 4657 1280 4709 consentaneo
1294 4653 1411 4710 naturali
1428 4654 1539 4724 lumini,
1559 4654 1634 4727 quod
1647 4657 1675 4711 in
1690 4671 1746 4712 ma·

97 4753 170 4805 ctum
185 4747 290 4820 prohat
306 4747 374 4801 Dec.
389 4744 415 4799 in
430 4757 492 4815 cap.
505 4747 534 4799 2.
547 4742 581 4798 de
591 4743 704 4799 constit.
719 4742 782 4799 lect.
800 4746 866 4814 lm.
882 4747 908 4799 5.
945 4743 1013 4800 teria
1024 4742 1119 4799 odiosa
1130 4742 1213 4798 verba
1225 4749 1290 4799 sunt
1303 4743 1502 4816 restringenda,
1512 4743 1604 4817 quoad
1616 4747 1673 4802 deri
1685 4761 1749 4817 pos·

97 4838 145 4895 Sed
158 4837 338 4894 contrarium
357 4839 435 4890 recte
448 4831 544 4890 docuit
558 4833 642 4890 Felin.
657 4831 693 4888 ibi
708 4847 784 4912 num.
799 4840 827 4902 5,
843 4847 909 4888 cum
946 4834 983 4892 ait
998 4833 1068 4889 intra
1083 4847 1180 4890 eorum
1195 4832 1389 4904 proprietates,
1402 4836 1493 4904 potius
1505 4850 1589 4906 quam
1603 4835 1749 4893 extenden-

97 4928 186 4984 innoc¹
205 4927 232 4982 in
246 4941 312 4996 cap.
330 4925 368 4980 Si
381 4937 463 4988 vere,
485 4921 518 4979 de
538 4927 653 4978 sentent.
670 4937 780 4978 excom.
795 4927 824 4979 et
839 4921 909 4992 aliis,
945 4922 996 4994 da,
1022 4921 1069 4978 sed
1083 4921 1198 4978 irritatio
1215 4928 1296 4978 actus
1310 4929 1354 4979 est
1367 4921 1445 4978 valde
1460 4923 1552 4980 odiosa
1570 4930 1597 4980 et
1611 4925 1689 4982 valde
1705 4941 1747 4982 re·

97 5033 162 5090 quos
184 5016 279 5075 refert.
303 5013 385 5074 Unde
405 5012 477 5070 banc
498 5015 677 5070 assertionem
698 5013 824 5070 existimo
847 5026 911 5070 essa
947 5028 1072 5086 pugnans
1094 5019 1223 5083 neturus,
1245 5013 1310 5084 quie
1330 5012 1533 5085 quodammodo
1553 5014 1644 5082 aulert
1661 5014 1749 5088 qund-

98 5109 277 5165 communiter
301 5107 465 5176 receptam,
490 5102 555 5176 quia
580 5102 706 5174 iuristae,
723 5112 756 5158 ua
780 5102 845 5173 dini,
863 5101 909 5175 qui
944 5103 1007 5160 dam
1031 5103 1162 5160 naturale
1180 5101 1240 5175 ius,
1262 5101 1344 5160 modo
1358 5104 1385 5158 io
1400 5103 1586 5175 superioribus
1600 5104 1745 5178 explicato,

99 5199 246 5270 oppositum
270 5195 380 5254 sentire
397 5190 537 5262 videntur,
552 5190 703 5249 fundantur
718 5192 744 5247 in
759 5193 819 5248 iure
834 5191 909 5264 posi·
944 5208 1012 5266 ergo
1031 5209 1085 5250 non
1104 5191 1186 5249 debet
1199 5190 1308 5249 extendi
1322 5191 1436 5248 verbum
1451 5192 1609 5263 prohibendi
1623 5194 1658 5251 ad
1672 5195 1747 5254 bunc

99 5289 164 5360 tivu;
184 5289 228 5347 alii
250 5302 320 5346 vero
348 5284 422 5342 hanc
443 5282 621 5338 assertionem
638 5289 669 5338 ut
682 5286 789 5338 certam
804 5297 910 5353 suppo·
945 5281 1086 5354 allectum,
1097 5295 1179 5356 quem
1192 5281 1225 5337 de
1240 5297 1269 5337 se
1284 5297 1338 5338 non
1354 5282 1499 5354 significat,
1514 5284 1566 5340 nial
1581 5283 1633 5340 alio
1646 5285 1738 5357 rerba,
