<?xml version="1.0" encoding="UTF-8"?>
<!DOCTYPE html PUBLIC "-//W3C//DTD XHTML 1.0 Transitional//EN"
    "http://www.w3.org/TR/xhtml1/DTD/xhtml1-transitional.dtd">
<html xmlns="http://www.w3.org/1999/xhtml" xml:lang="en" lang="en">
 <head>
  <title>
</title>
<meta http-equiv="Content-Type" content="text/html;charset=utf-8" />
  <meta name='ocr-system' content='tesseract 3.04.00' />
  <meta name='ocr-capabilities' content='ocr_page ocr_carea ocr_par ocr_line ocrx_word'/>
</head>
<body>
  <div class='ocr_page' id='page_1' title='image "./tractatusdelegi00sugoog_0384.png"; bbox 0 0 4290 6222; ppageno 0'>
   <div class='ocr_carea' id='block_1_1' title="bbox 878 317 1745 435">
    <p class='ocr_par' dir='ltr' id='par_1_1' title="bbox 878 317 1745 435">
     <span class='ocr_line' id='line_1_1' title="bbox 878 317 1745 435; baseline -0.002 -2"><span class='ocrx_word' id='word_1_1' title='bbox 878 381 986 435; x_wconf 78' lang='lat' dir='ltr'><strong>curun</strong></span> <span class='ocrx_word' id='word_1_2' title='bbox 998 381 1074 433; x_wconf 85' lang='lat' dir='ltr'><strong>vna.</strong></span> <span class='ocrx_word' id='word_1_3' title='bbox 1599 317 1603 324; x_wconf 21' lang='grc' dir='ltr'>ι</span> <span class='ocrx_word' id='word_1_4' title='bbox 1685 353 1745 420; x_wconf 80' lang='grc'><strong>371</strong></span> 
     </span>
    </p>
   </div>
   <div class='ocr_carea' id='block_1_2' title="bbox 141 499 1810 1934">
    <p class='ocr_par' dir='ltr' id='par_1_2' title="bbox 141 499 1790 1126">
     <span class='ocr_line' id='line_1_2' title="bbox 142 499 1785 586; baseline -0.01 -16"><span class='ocrx_word' id='word_1_5' title='bbox 142 512 240 585; x_wconf 90' lang='lat' dir='ltr'><strong>potins</strong></span> <span class='ocrx_word' id='word_1_6' title='bbox 259 511 390 585; x_wconf 74' lang='lat' dir='ltr'><strong>supponit</strong></span> <span class='ocrx_word' id='word_1_7' title='bbox 406 509 571 586; x_wconf 76' lang='lat' dir='ltr'><strong>Gregorius,</strong></span> <span class='ocrx_word' id='word_1_8' title='bbox 590 525 646 568; x_wconf 92' lang='lat' dir='ltr'><strong>non</strong></span> <span class='ocrx_word' id='word_1_9' title='bbox 666 507 751 570; x_wconf 88' lang='lat' dir='ltr'><strong>tuisse</strong></span> <span class='ocrx_word' id='word_1_10' title='bbox 766 508 953 570; x_wconf 87' lang='lat' dir='ltr'><strong>introductam</strong></span> <span class='ocrx_word' id='word_1_11' title='bbox 989 507 1113 583; x_wconf 74' lang='lat' dir='ltr'><strong>privileg.</strong></span> <span class='ocrx_word' id='word_1_12' title='bbox 1126 510 1138 582; x_wconf 71' lang='lat' dir='ltr'><strong>g</strong></span> <span class='ocrx_word' id='word_1_13' title='bbox 1151 507 1218 582; x_wconf 81' lang='lat' dir='ltr'><strong>quta</strong></span> <span class='ocrx_word' id='word_1_14' title='bbox 1229 505 1332 582; x_wconf 85' lang='lat' dir='ltr'><strong>possit,</strong></span> <span class='ocrx_word' id='word_1_15' title='bbox 1349 509 1405 562; x_wconf 87' lang='lat' dir='ltr'><strong>etc.</strong></span> <span class='ocrx_word' id='word_1_16' title='bbox 1420 503 1499 562; x_wconf 87' lang='lat' dir='ltr'><strong>ltatio</strong></span> <span class='ocrx_word' id='word_1_17' title='bbox 1511 517 1578 576; x_wconf 88' lang='lat' dir='ltr'><strong>ergo</strong></span> <span class='ocrx_word' id='word_1_18' title='bbox 1591 499 1688 574; x_wconf 88' lang='lat' dir='ltr'><strong>prioris</strong></span> <span class='ocrx_word' id='word_1_19' title='bbox 1703 513 1785 572; x_wconf 91' lang='lat' dir='ltr'><strong>regu·</strong></span> 
     </span>
     <span class='ocr_line' id='line_1_3' title="bbox 142 589 1787 676; baseline -0.009 -15"><span class='ocrx_word' id='word_1_20' title='bbox 142 617 197 674; x_wconf 84' lang='lat' dir='ltr'><strong>per</strong></span> <span class='ocrx_word' id='word_1_21' title='bbox 211 618 242 660; x_wconf 88' lang='lat' dir='ltr'><strong>se</strong></span> <span class='ocrx_word' id='word_1_22' title='bbox 255 601 502 674; x_wconf 89' lang='lat' dir='ltr'><strong>consuetudinem,</strong></span> <span class='ocrx_word' id='word_1_23' title='bbox 515 600 564 659; x_wconf 87' lang='lat' dir='ltr'><strong>sed</strong></span> <span class='ocrx_word' id='word_1_24' title='bbox 578 617 661 660; x_wconf 89' lang='lat' dir='ltr'><strong>usuvn</strong></span> <span class='ocrx_word' id='word_1_25' title='bbox 670 601 764 675; x_wconf 88' lang='lat' dir='ltr'><strong>illurn,</strong></span> <span class='ocrx_word' id='word_1_26' title='bbox 776 601 823 676; x_wconf 90' lang='lat' dir='ltr'><strong>qui</strong></span> <span class='ocrx_word' id='word_1_27' title='bbox 835 609 905 672; x_wconf 89' lang='lat' dir='ltr'><strong>erat,</strong></span> <span class='ocrx_word' id='word_1_28' title='bbox 919 602 952 659; x_wconf 92' lang='lat' dir='ltr'><strong>ti·</strong></span> <span class='ocrx_word' id='word_1_29' title='bbox 988 599 1029 657; x_wconf 89' lang='lat' dir='ltr'><strong>lae</strong></span> <span class='ocrx_word' id='word_1_30' title='bbox 1043 604 1095 656; x_wconf 91' lang='lat' dir='ltr'><strong>est.</strong></span> <span class='ocrx_word' id='word_1_31' title='bbox 1111 600 1201 656; x_wconf 85' lang='lat' dir='ltr'><strong>Primo</strong></span> <span class='ocrx_word' id='word_1_32' title='bbox 1216 599 1280 672; x_wconf 91' lang='lat' dir='ltr'><strong>quia</strong></span> <span class='ocrx_word' id='word_1_33' title='bbox 1294 596 1520 669; x_wconf 88' lang='lat' dir='ltr'><strong>privilegium-est</strong></span> <span class='ocrx_word' id='word_1_34' title='bbox 1531 591 1573 649; x_wconf 83' lang='lat' dir='ltr'><strong>lex</strong></span> <span class='ocrx_word' id='word_1_35' title='bbox 1587 589 1722 666; x_wconf 75' lang='lat' dir='ltr'><strong>quaedam</strong></span> <span class='ocrx_word' id='word_1_36' title='bbox 1732 590 1787 662; x_wconf 91' lang='lat' dir='ltr'><strong>pri·</strong></span> 
     </span>
     <span class='ocr_line' id='line_1_4' title="bbox 141 678 1785 765; baseline -0.009 -15"><span class='ocrx_word' id='word_1_37' title='bbox 141 691 208 750; x_wconf 89' lang='lat' dir='ltr'><strong>tulo</strong></span> <span class='ocrx_word' id='word_1_38' title='bbox 218 692 350 765; x_wconf 89' lang='lat' dir='ltr'><strong>privilegii</strong></span> <span class='ocrx_word' id='word_1_39' title='bbox 360 691 443 749; x_wconf 85' lang='lat' dir='ltr'><strong>tuisse</strong></span> <span class='ocrx_word' id='word_1_40' title='bbox 455 697 630 765; x_wconf 79' lang='lat' dir='ltr'><strong>usurpatum3</strong></span> <span class='ocrx_word' id='word_1_41' title='bbox 642 707 705 750; x_wconf 89' lang='lat' dir='ltr'><strong>nam</strong></span> <span class='ocrx_word' id='word_1_42' title='bbox 717 692 770 749; x_wconf 91' lang='lat' dir='ltr'><strong>boc</strong></span> <span class='ocrx_word' id='word_1_43' title='bbox 782 691 871 750; x_wconf 87' lang='lat' dir='ltr'><strong>iuerat</strong></span> <span class='ocrx_word' id='word_1_44' title='bbox 882 708 954 750; x_wconf 91' lang='lat' dir='ltr'><strong>con·</strong></span> <span class='ocrx_word' id='word_1_45' title='bbox 989 696 1066 763; x_wconf 79' lang='lat' dir='ltr'><strong>vata3</strong></span> <span class='ocrx_word' id='word_1_46' title='bbox 1082 704 1149 764; x_wconf 89' lang='lat' dir='ltr'><strong>erga</strong></span> <span class='ocrx_word' id='word_1_47' title='bbox 1164 690 1198 745; x_wconf 90' lang='lat' dir='ltr'><strong>ab</strong></span> <span class='ocrx_word' id='word_1_48' title='bbox 1215 703 1249 745; x_wconf 87' lang='lat' dir='ltr'><strong>eo</strong></span> <span class='ocrx_word' id='word_1_49' title='bbox 1263 687 1378 743; x_wconf 88' lang='lat' dir='ltr'><strong>maxime</strong></span> <span class='ocrx_word' id='word_1_50' title='bbox 1391 685 1449 742; x_wconf 88' lang='lat' dir='ltr'><strong>dari</strong></span> <span class='ocrx_word' id='word_1_51' title='bbox 1463 689 1569 756; x_wconf 87' lang='lat' dir='ltr'><strong>potest,</strong></span> <span class='ocrx_word' id='word_1_52' title='bbox 1582 682 1629 754; x_wconf 92' lang='lat' dir='ltr'><strong>qui</strong></span> <span class='ocrx_word' id='word_1_53' title='bbox 1643 685 1733 752; x_wconf 91' lang='lat' dir='ltr'><strong>potest</strong></span> <span class='ocrx_word' id='word_1_54' title='bbox 1748 678 1785 736; x_wconf 91' lang='lat' dir='ltr'><strong>le·</strong></span> 
     </span>
     <span class='ocr_line' id='line_1_5' title="bbox 143 769 1787 856; baseline -0.008 -18"><span class='ocrx_word' id='word_1_55' title='bbox 143 781 241 839; x_wconf 85' lang='lat' dir='ltr'><strong>lessus</strong></span> <span class='ocrx_word' id='word_1_56' title='bbox 261 784 378 856; x_wconf 85' lang='lat' dir='ltr'><strong>ipsemet</strong></span> <span class='ocrx_word' id='word_1_57' title='bbox 395 781 622 854; x_wconf 74' lang='lat' dir='ltr'><strong>archiepiscopus</strong></span> <span class='ocrx_word' id='word_1_58' title='bbox 636 784 804 840; x_wconf 82' lang='lat' dir='ltr'><strong>ravennatis.</strong></span> <span class='ocrx_word' id='word_1_59' title='bbox 820 783 907 856; x_wconf 80' lang='lat' dir='ltr'><strong>Igitur</strong></span> <span class='ocrx_word' id='word_1_60' title='bbox 919 798 954 842; x_wconf 88' lang='lat' dir='ltr'><strong>ex</strong></span> <span class='ocrx_word' id='word_1_61' title='bbox 988 796 1050 855; x_wconf 90' lang='lat' dir='ltr'><strong>gem</strong></span> <span class='ocrx_word' id='word_1_62' title='bbox 1064 779 1245 838; x_wconf 82' lang='lat' dir='ltr'><strong>anniversalem</strong></span> <span class='ocrx_word' id='word_1_63' title='bbox 1259 777 1389 835; x_wconf 88' lang='lat' dir='ltr'><strong>condere.</strong></span> <span class='ocrx_word' id='word_1_64' title='bbox 1405 773 1547 844; x_wconf 87' lang='lat' dir='ltr'><strong>Secunda,</strong></span> <span class='ocrx_word' id='word_1_65' title='bbox 1563 771 1662 845; x_wconf 84' lang='lat' dir='ltr'><strong>quiesi</strong></span> <span class='ocrx_word' id='word_1_66' title='bbox 1678 769 1787 843; x_wconf 90' lang='lat' dir='ltr'><strong>privile·</strong></span> 
     </span>
     <span class='ocr_line' id='line_1_6' title="bbox 144 858 1787 948; baseline -0.009 -20"><span class='ocrx_word' id='word_1_67' title='bbox 144 871 203 928; x_wconf 89' lang='lat' dir='ltr'><strong>bac</strong></span> <span class='ocrx_word' id='word_1_68' title='bbox 218 872 420 944; x_wconf 79' lang='lat' dir='ltr'><strong>suppositione,</strong></span> <span class='ocrx_word' id='word_1_69' title='bbox 434 876 464 928; x_wconf 91' lang='lat' dir='ltr'><strong>et</strong></span> <span class='ocrx_word' id='word_1_70' title='bbox 475 871 553 945; x_wconf 88' lang='lat' dir='ltr'><strong>quasi</strong></span> <span class='ocrx_word' id='word_1_71' title='bbox 566 887 600 929; x_wconf 83' lang='lat' dir='ltr'><strong>ea</strong></span> <span class='ocrx_word' id='word_1_72' title='bbox 616 874 759 930; x_wconf 88' lang='lat' dir='ltr'><strong>concessis</strong></span> <span class='ocrx_word' id='word_1_73' title='bbox 778 878 854 930; x_wconf 91' lang='lat' dir='ltr'><strong>recta</strong></span> <span class='ocrx_word' id='word_1_74' title='bbox 868 887 953 948; x_wconf 88' lang='lat' dir='ltr'><strong>argu·</strong></span> <span class='ocrx_word' id='word_1_75' title='bbox 988 873 1064 944; x_wconf 65' lang='lat' dir='ltr'><strong>gum</strong></span> <span class='ocrx_word' id='word_1_76' title='bbox 1085 872 1209 942; x_wconf 88' lang='lat' dir='ltr'><strong>rigorose</strong></span> <span class='ocrx_word' id='word_1_77' title='bbox 1231 873 1373 939; x_wconf 88' lang='lat' dir='ltr'><strong>sumatur,</strong></span> <span class='ocrx_word' id='word_1_78' title='bbox 1392 872 1424 922; x_wconf 94' lang='lat' dir='ltr'><strong>ut</strong></span> <span class='ocrx_word' id='word_1_79' title='bbox 1441 870 1483 922; x_wconf 93' lang='lat' dir='ltr'><strong>est</strong></span> <span class='ocrx_word' id='word_1_80' title='bbox 1501 864 1645 920; x_wconf 88' lang='lat' dir='ltr'><strong>concessio</strong></span> <span class='ocrx_word' id='word_1_81' title='bbox 1662 858 1787 932; x_wconf 89' lang='lat' dir='ltr'><strong>specialis</strong></span> 
     </span>
     <span class='ocr_line' id='line_1_7' title="bbox 145 950 1790 1038; baseline -0.008 -20"><span class='ocrx_word' id='word_1_82' title='bbox 145 961 493 1036; x_wconf 83' lang='lat' dir='ltr'><strong>mentaturGregorius,et</strong></span> <span class='ocrx_word' id='word_1_83' title='bbox 504 961 539 1018; x_wconf 90' lang='lat' dir='ltr'><strong>ita</strong></span> <span class='ocrx_word' id='word_1_84' title='bbox 549 960 628 1020; x_wconf 87' lang='lat' dir='ltr'><strong>iacile</strong></span> <span class='ocrx_word' id='word_1_85' title='bbox 638 961 744 1038; x_wconf 82' lang='lat' dir='ltr'><strong>reliqua</strong></span> <span class='ocrx_word' id='word_1_86' title='bbox 755 961 951 1036; x_wconf 83' lang='lat' dir='ltr'><strong>expediuntur.</strong></span> <span class='ocrx_word' id='word_1_87' title='bbox 989 967 1086 1020; x_wconf 80' lang='lat' dir='ltr'><strong>eontm</strong></span> <span class='ocrx_word' id='word_1_88' title='bbox 1103 958 1286 1017; x_wconf 89' lang='lat' dir='ltr'><strong>universalem</strong></span> <span class='ocrx_word' id='word_1_89' title='bbox 1305 958 1412 1031; x_wconf 87' lang='lat' dir='ltr'><strong>legem,</strong></span> <span class='ocrx_word' id='word_1_90' title='bbox 1427 955 1462 1012; x_wconf 88' lang='lat' dir='ltr'><strong>ab</strong></span> <span class='ocrx_word' id='word_1_91' title='bbox 1480 953 1526 1012; x_wconf 90' lang='lat' dir='ltr'><strong>illo</strong></span> <span class='ocrx_word' id='word_1_92' title='bbox 1541 953 1657 1009; x_wconf 88' lang='lat' dir='ltr'><strong>maxime</strong></span> <span class='ocrx_word' id='word_1_93' title='bbox 1671 950 1727 1006; x_wconf 87' lang='lat' dir='ltr'><strong>lieri</strong></span> <span class='ocrx_word' id='word_1_94' title='bbox 1740 964 1790 1021; x_wconf 89' lang='lat' dir='ltr'><strong>pc·</strong></span> 
     </span>
     <span class='ocr_line' id='line_1_8' title="bbox 446 1039 1790 1126; baseline -0.021 -3"><span class='ocrx_word' id='word_1_95' title='bbox 446 1083 450 1090; x_wconf 94' lang='lat'>·</span> <span class='ocrx_word' id='word_1_96' title='bbox 971 1042 1058 1122; x_wconf 77' lang='lat' dir='ltr'><strong>&#39;test,</strong></span> <span class='ocrx_word' id='word_1_97' title='bbox 1073 1052 1196 1126; x_wconf 89' lang='lat' dir='ltr'><strong>quiesse</strong></span> <span class='ocrx_word' id='word_1_98' title='bbox 1210 1055 1302 1122; x_wconf 88' lang='lat' dir='ltr'><strong>potest</strong></span> <span class='ocrx_word' id='word_1_99' title='bbox 1316 1053 1414 1106; x_wconf 83' lang='lat' dir='ltr'><strong>auctor</strong></span> <span class='ocrx_word' id='word_1_100' title='bbox 1428 1045 1494 1120; x_wconf 88' lang='lat' dir='ltr'><strong>legis</strong></span> <span class='ocrx_word' id='word_1_101' title='bbox 1504 1065 1512 1116; x_wconf 78' lang='lat' dir='ltr'><strong>l</strong></span> <span class='ocrx_word' id='word_1_102' title='bbox 1524 1059 1586 1100; x_wconf 90' lang='lat' dir='ltr'><strong>nam</strong></span> <span class='ocrx_word' id='word_1_103' title='bbox 1602 1041 1634 1097; x_wconf 89' lang='lat' dir='ltr'><strong>ad</strong></span> <span class='ocrx_word' id='word_1_104' title='bbox 1649 1040 1725 1098; x_wconf 89' lang='lat' dir='ltr'><strong>illum</strong></span> <span class='ocrx_word' id='word_1_105' title='bbox 1736 1039 1790 1110; x_wconf 89' lang='lat' dir='ltr'><strong>pri·</strong></span> 
     </span>
    </p>

    <p class='ocr_par' dir='ltr' id='par_1_3' title="bbox 328 1127 1788 1237">
     <span class='ocr_line' id='line_1_9' title="bbox 328 1127 1788 1237; baseline -0.018 -25"><span class='ocrx_word' id='word_1_106' title='bbox 328 1163 331 1174; x_wconf 89' lang='grc'><strong><em>·</em></strong></span> <span class='ocrx_word' id='word_1_107' title='bbox 360 1140 363 1148; x_wconf 64' lang='grc'><em>’</em></span> <span class='ocrx_word' id='word_1_108' title='bbox 427 1163 568 1237; x_wconf 68' lang='lat' dir='ltr'>CAPUT</span> <span class='ocrx_word' id='word_1_109' title='bbox 583 1165 659 1235; x_wconf 78' lang='lat' dir='ltr'><strong>vffl</strong></span> <span class='ocrx_word' id='word_1_110' title='bbox 989 1143 1076 1200; x_wconf 90' lang='lat' dir='ltr'><strong>marin</strong></span> <span class='ocrx_word' id='word_1_111' title='bbox 1097 1146 1203 1213; x_wconf 87' lang='lat' dir='ltr'><strong>spectat</strong></span> <span class='ocrx_word' id='word_1_112' title='bbox 1223 1139 1384 1210; x_wconf 88' lang='lat' dir='ltr'><strong>dispensare</strong></span> <span class='ocrx_word' id='word_1_113' title='bbox 1403 1139 1431 1192; x_wconf 91' lang='lat' dir='ltr'><strong>in</strong></span> <span class='ocrx_word' id='word_1_114' title='bbox 1451 1149 1502 1192; x_wconf 86' lang='lat' dir='ltr'><strong>sua</strong></span> <span class='ocrx_word' id='word_1_115' title='bbox 1520 1132 1596 1205; x_wconf 88' lang='lat' dir='ltr'><strong>lege,</strong></span> <span class='ocrx_word' id='word_1_116' title='bbox 1611 1137 1639 1187; x_wconf 86' lang='lat' dir='ltr'><strong>at</strong></span> <span class='ocrx_word' id='word_1_117' title='bbox 1652 1145 1668 1185; x_wconf 87' lang='lat' dir='ltr'><strong>a</strong></span> <span class='ocrx_word' id='word_1_118' title='bbox 1681 1127 1788 1185; x_wconf 87' lang='lat' dir='ltr'><strong>lurtinri</strong></span> 
     </span>
    </p>

    <p class='ocr_par' dir='ltr' id='par_1_4' title="bbox 578 1218 1788 1305">
     <span class='ocr_line' id='line_1_10' title="bbox 578 1218 1788 1305; baseline -0.021 -4"><span class='ocrx_word' id='word_1_119' title='bbox 578 1293 583 1301; x_wconf 92' lang='lat'><strong>.</strong></span> <span class='ocrx_word' id='word_1_120' title='bbox 663 1218 671 1234; x_wconf 73' lang='grc'><strong>’</strong></span> <span class='ocrx_word' id='word_1_121' title='bbox 990 1230 1141 1305; x_wconf 84' lang='lat' dir='ltr'><strong>quamlibet</strong></span> <span class='ocrx_word' id='word_1_122' title='bbox 1153 1231 1342 1300; x_wconf 75' lang='lat' dir='ltr'><strong>exceptionem</strong></span> <span class='ocrx_word' id='word_1_123' title='bbox 1353 1226 1444 1284; x_wconf 88' lang='lat' dir='ltr'><strong>iacere</strong></span> <span class='ocrx_word' id='word_1_124' title='bbox 1454 1223 1542 1298; x_wconf 89' lang='lat' dir='ltr'><strong>qualis</strong></span> <span class='ocrx_word' id='word_1_125' title='bbox 1554 1236 1602 1294; x_wconf 91' lang='lat' dir='ltr'><strong>per</strong></span> <span class='ocrx_word' id='word_1_126' title='bbox 1612 1218 1788 1293; x_wconf 87' lang='lat' dir='ltr'><strong>privilegium</strong></span> 
     </span>
    </p>

    <p class='ocr_par' dir='ltr' id='par_1_5' title="bbox 439 1311 1810 1662">
     <span class='ocr_line' id='line_1_11' title="bbox 989 1311 1793 1388; baseline -0.016 -10"><span class='ocrx_word' id='word_1_127' title='bbox 989 1323 1028 1379; x_wconf 91' lang='lat' dir='ltr'><strong>iil.</strong></span> <span class='ocrx_word' id='word_1_128' title='bbox 1045 1321 1072 1378; x_wconf 90' lang='lat' dir='ltr'><strong>Si</strong></span> <span class='ocrx_word' id='word_1_129' title='bbox 1087 1335 1153 1376; x_wconf 89' lang='lat' dir='ltr'><strong>vero</strong></span> <span class='ocrx_word' id='word_1_130' title='bbox 1172 1320 1254 1377; x_wconf 89' lang='lat' dir='ltr'><strong>latius</strong></span> <span class='ocrx_word' id='word_1_131' title='bbox 1274 1323 1401 1374; x_wconf 89' lang='lat' dir='ltr'><strong>sumatur</strong></span> <span class='ocrx_word' id='word_1_132' title='bbox 1414 1315 1587 1388; x_wconf 89' lang='lat' dir='ltr'><strong>privilegium</strong></span> <span class='ocrx_word' id='word_1_133' title='bbox 1601 1326 1650 1383; x_wconf 90' lang='lat' dir='ltr'><strong>pro</strong></span> <span class='ocrx_word' id='word_1_134' title='bbox 1663 1311 1750 1385; x_wconf 58' lang='lat' dir='ltr'><strong>matie</strong></span> <span class='ocrx_word' id='word_1_135' title='bbox 1763 1313 1793 1366; x_wconf 90' lang='lat' dir='ltr'><strong>et</strong></span> 
     </span>
     <span class='ocr_line' id='line_1_12' title="bbox 989 1400 1791 1483; baseline -0.017 -14"><span class='ocrx_word' id='word_1_136' title='bbox 989 1411 1121 1469; x_wconf 88' lang='lat' dir='ltr'><strong>beneficio</strong></span> <span class='ocrx_word' id='word_1_137' title='bbox 1135 1411 1209 1468; x_wconf 91' lang='lat' dir='ltr'><strong>ultra</strong></span> <span class='ocrx_word' id='word_1_138' title='bbox 1222 1411 1284 1483; x_wconf 91' lang='lat' dir='ltr'><strong>ius,</strong></span> <span class='ocrx_word' id='word_1_139' title='bbox 1299 1413 1408 1465; x_wconf 90' lang='lat' dir='ltr'><strong>constat</strong></span> <span class='ocrx_word' id='word_1_140' title='bbox 1421 1407 1538 1464; x_wconf 89' lang='lat' dir='ltr'><strong>maxime</strong></span> <span class='ocrx_word' id='word_1_141' title='bbox 1551 1400 1666 1460; x_wconf 84' lang='lat' dir='ltr'><strong>concedi</strong></span> <span class='ocrx_word' id='word_1_142' title='bbox 1679 1415 1759 1471; x_wconf 87' lang='lat' dir='ltr'><strong>posse</strong></span> <span class='ocrx_word' id='word_1_143' title='bbox 1773 1414 1791 1456; x_wconf 90' lang='lat' dir='ltr'><strong>a</strong></span> 
     </span>
     <span class='ocr_line' id='line_1_13' title="bbox 599 1491 1790 1583; baseline -0.016 -19"><span class='ocrx_word' id='word_1_144' title='bbox 599 1566 607 1583; x_wconf 60' lang='grc'><em>,</em></span> <span class='ocrx_word' id='word_1_145' title='bbox 990 1501 1129 1574; x_wconf 78' lang='lat' dir='ltr'><strong>principe,</strong></span> <span class='ocrx_word' id='word_1_146' title='bbox 1148 1501 1195 1573; x_wconf 91' lang='lat' dir='ltr'><strong>qui</strong></span> <span class='ocrx_word' id='word_1_147' title='bbox 1209 1505 1252 1556; x_wconf 88' lang='lat' dir='ltr'><strong>est</strong></span> <span class='ocrx_word' id='word_1_148' title='bbox 1266 1513 1350 1570; x_wconf 88' lang='lat' dir='ltr'><strong>supra</strong></span> <span class='ocrx_word' id='word_1_149' title='bbox 1364 1499 1453 1569; x_wconf 88' lang='lat' dir='ltr'><strong>ipsum</strong></span> <span class='ocrx_word' id='word_1_150' title='bbox 1466 1497 1526 1566; x_wconf 90' lang='lat' dir='ltr'><strong>ius,</strong></span> <span class='ocrx_word' id='word_1_151' title='bbox 1541 1499 1569 1550; x_wconf 92' lang='lat' dir='ltr'><strong>et</strong></span> <span class='ocrx_word' id='word_1_152' title='bbox 1583 1491 1616 1549; x_wconf 91' lang='lat' dir='ltr'><strong>ad</strong></span> <span class='ocrx_word' id='word_1_153' title='bbox 1631 1507 1714 1566; x_wconf 91' lang='lat' dir='ltr'><strong>quem</strong></span> <span class='ocrx_word' id='word_1_154' title='bbox 1729 1504 1790 1563; x_wconf 89' lang='lat' dir='ltr'><strong>spe·</strong></span> 
     </span>
     <span class='ocr_line' id='line_1_14' title="bbox 439 1563 1810 1662; baseline -0.015 -5"><span class='ocrx_word' id='word_1_155' title='bbox 439 1566 668 1632; x_wconf 60' lang='lat' dir='ltr'><strong>summum</strong></span> <span class='ocrx_word' id='word_1_156' title='bbox 989 1596 1048 1648; x_wconf 88' lang='lat' dir='ltr'><strong>ctat</strong></span> <span class='ocrx_word' id='word_1_157' title='bbox 1058 1590 1156 1648; x_wconf 82' lang='lat' dir='ltr'><strong>limites</strong></span> <span class='ocrx_word' id='word_1_158' title='bbox 1166 1603 1267 1662; x_wconf 89' lang='lat' dir='ltr'><strong>ponere</strong></span> <span class='ocrx_word' id='word_1_159' title='bbox 1279 1589 1304 1646; x_wconf 92' lang='lat' dir='ltr'><strong>in</strong></span> <span class='ocrx_word' id='word_1_160' title='bbox 1315 1591 1375 1659; x_wconf 91' lang='lat' dir='ltr'><strong>ipso</strong></span> <span class='ocrx_word' id='word_1_161' title='bbox 1386 1588 1460 1659; x_wconf 92' lang='lat' dir='ltr'><strong>iure,</strong></span> <span class='ocrx_word' id='word_1_162' title='bbox 1474 1585 1515 1651; x_wconf 82' lang='lat' dir='ltr'><strong>vel</strong></span> <span class='ocrx_word' id='word_1_163' title='bbox 1527 1589 1635 1658; x_wconf 89' lang='lat' dir='ltr'><strong>praeter</strong></span> <span class='ocrx_word' id='word_1_164' title='bbox 1645 1581 1710 1639; x_wconf 86' lang='lat' dir='ltr'><strong>illud</strong></span> <span class='ocrx_word' id='word_1_165' title='bbox 1722 1597 1787 1654; x_wconf 89' lang='lat' dir='ltr'><strong>ope·</strong></span> <span class='ocrx_word' id='word_1_166' title='bbox 1803 1563 1810 1572; x_wconf 51' lang='lat'><strong><em>⁹</em></strong></span> 
     </span>
    </p>

    <p class='ocr_par' dir='ltr' id='par_1_6' title="bbox 989 1674 1642 1754">
     <span class='ocr_line' id='line_1_15' title="bbox 989 1674 1642 1754; baseline -0.012 -18"><span class='ocrx_word' id='word_1_167' title='bbox 989 1681 1059 1754; x_wconf 88' lang='lat' dir='ltr'><strong>rari,</strong></span> <span class='ocrx_word' id='word_1_168' title='bbox 1074 1686 1123 1738; x_wconf 88' lang='lat' dir='ltr'><strong>aut</strong></span> <span class='ocrx_word' id='word_1_169' title='bbox 1136 1686 1288 1754; x_wconf 84' lang='lat' dir='ltr'><strong>potestates</strong></span> <span class='ocrx_word' id='word_1_170' title='bbox 1303 1678 1391 1734; x_wconf 89' lang='lat' dir='ltr'><strong>varias</strong></span> <span class='ocrx_word' id='word_1_171' title='bbox 1404 1674 1573 1743; x_wconf 87' lang='lat' dir='ltr'><strong>concedere,</strong></span> <span class='ocrx_word' id='word_1_172' title='bbox 1587 1679 1642 1732; x_wconf 90' lang='lat' dir='ltr'><strong>etc.</strong></span> 
     </span>
    </p>

    <p class='ocr_par' dir='ltr' id='par_1_7' title="bbox 151 1759 1793 1934">
     <span class='ocr_line' id='line_1_16' title="bbox 151 1759 1793 1840; baseline -0.013 -3"><span class='ocrx_word' id='word_1_173' title='bbox 151 1769 178 1820; x_wconf 82' lang='lat'><strong>¹·</strong></span> <span class='ocrx_word' id='word_1_174' title='bbox 193 1769 230 1820; x_wconf 74' lang='lat'><strong>⁰0</strong></span> <span class='ocrx_word' id='word_1_175' title='bbox 247 1769 332 1820; x_wconf 63' lang='lat' dir='ltr'><strong>⁰³⁰⁵ss</strong></span> <span class='ocrx_word' id='word_1_176' title='bbox 347 1767 551 1833; x_wconf 65' lang='lat' dir='ltr'><strong>llilllttliffluffl·</strong></span> <span class='ocrx_word' id='word_1_177' title='bbox 564 1796 599 1806; x_wconf 91' lang='lat'>-</span> <span class='ocrx_word' id='word_1_178' title='bbox 608 1767 634 1820; x_wconf 74' lang='lat'><strong>2·</strong></span> <span class='ocrx_word' id='word_1_179' title='bbox 648 1769 718 1820; x_wconf 74' lang='lat'><strong>⁰⁰²0</strong></span> <span class='ocrx_word' id='word_1_180' title='bbox 730 1770 836 1834; x_wconf 58' lang='lat' dir='ltr'><strong>rebellat</strong></span> <span class='ocrx_word' id='word_1_181' title='bbox 848 1781 956 1834; x_wconf 66' lang='lat' dir='ltr'><strong>itenere·</strong></span> <span class='ocrx_word' id='word_1_182' title='bbox 1028 1774 1055 1828; x_wconf 82' lang='lat' dir='ltr'><strong>e.</strong></span> <span class='ocrx_word' id='word_1_183' title='bbox 1072 1771 1150 1828; x_wconf 84' lang='lat' dir='ltr'><strong>Ratio</strong></span> <span class='ocrx_word' id='word_1_184' title='bbox 1161 1784 1228 1826; x_wconf 89' lang='lat' dir='ltr'><strong>vero</strong></span> <span class='ocrx_word' id='word_1_185' title='bbox 1239 1767 1398 1840; x_wconf 84' lang='lat' dir='ltr'><strong>posterioris</strong></span> <span class='ocrx_word' id='word_1_186' title='bbox 1413 1763 1525 1840; x_wconf 89' lang='lat' dir='ltr'><strong>regulae</strong></span> <span class='ocrx_word' id='word_1_187' title='bbox 1539 1770 1592 1836; x_wconf 89' lang='lat' dir='ltr'><strong>est,</strong></span> <span class='ocrx_word' id='word_1_188' title='bbox 1604 1762 1669 1837; x_wconf 87' lang='lat' dir='ltr'><strong>quia</strong></span> <span class='ocrx_word' id='word_1_189' title='bbox 1683 1759 1793 1834; x_wconf 89' lang='lat' dir='ltr'><strong>privile·</strong></span> 
     </span>
     <span class='ocr_line' id='line_1_17' title="bbox 187 1839 1792 1934; baseline -0.009 -44"><span class='ocrx_word' id='word_1_190' title='bbox 187 1840 308 1890; x_wconf 84' lang='lat' dir='ltr'><strong>lcs.—3.</strong></span> <span class='ocrx_word' id='word_1_191' title='bbox 320 1839 394 1891; x_wconf 83' lang='lat' dir='ltr'><strong>Ralla</strong></span> <span class='ocrx_word' id='word_1_192' title='bbox 406 1839 534 1890; x_wconf 88' lang='lat' dir='ltr'><strong>secundae</strong></span> <span class='ocrx_word' id='word_1_193' title='bbox 545 1840 834 1904; x_wconf 88' lang='lat' dir='ltr'><strong>regulae.-0biectio,</strong></span> <span class='ocrx_word' id='word_1_194' title='bbox 847 1842 956 1905; x_wconf 87' lang='lat' dir='ltr'><strong>eiusque</strong></span> <span class='ocrx_word' id='word_1_195' title='bbox 991 1861 1066 1934; x_wconf 61' lang='lat' dir='ltr'><strong>sium</strong></span> <span class='ocrx_word' id='word_1_196' title='bbox 1081 1867 1123 1917; x_wconf 56' lang='lat' dir='ltr'><strong>es,</strong></span> <span class='ocrx_word' id='word_1_197' title='bbox 1136 1859 1270 1933; x_wconf 54' lang='lat' dir='ltr'><strong>quaedam</strong></span> <span class='ocrx_word' id='word_1_198' title='bbox 1285 1858 1326 1916; x_wconf 50' lang='lat'><strong>¹3¹</strong></span> <span class='ocrx_word' id='word_1_199' title='bbox 1341 1859 1463 1930; x_wconf 48' lang='lat' dir='ltr'>privam</span> <span class='ocrx_word' id='word_1_200' title='bbox 1479 1861 1512 1913; x_wconf 65' lang='lat' dir='ltr'><strong>u,</strong></span> <span class='ocrx_word' id='word_1_201' title='bbox 1522 1855 1653 1926; x_wconf 73' lang='lat' dir='ltr'><strong>diximus,</strong></span> <span class='ocrx_word' id='word_1_202' title='bbox 1669 1868 1734 1926; x_wconf 53' lang='lat' dir='ltr'>ergo</span> <span class='ocrx_word' id='word_1_203' title='bbox 1749 1868 1792 1909; x_wconf 52' lang='lat' dir='ltr'><strong>re·</strong></span> 
     </span>
    </p>
   </div>
   <div class='ocr_carea' id='block_1_3' title="bbox 186 1907 1789 2042">
    <p class='ocr_par' dir='ltr' id='par_1_8' title="bbox 186 1907 1789 2042">
     <span class='ocr_line' id='line_1_18' title="bbox 186 1907 1731 1973; baseline -0.004 -15"><span class='ocrx_word' id='word_1_204' title='bbox 186 1907 437 1962; x_wconf 80' lang='lat' dir='ltr'><strong>confirmatio-t.</strong></span> <span class='ocrx_word' id='word_1_205' title='bbox 452 1909 591 1973; x_wconf 85' lang='lat' dir='ltr'><strong>Responsio</strong></span> <span class='ocrx_word' id='word_1_206' title='bbox 603 1908 634 1958; x_wconf 87' lang='lat' dir='ltr'><strong>cd</strong></span> <span class='ocrx_word' id='word_1_207' title='bbox 647 1911 904 1962; x_wconf 79' lang='lat' dir='ltr'><strong>obtectionem-5.</strong></span> <span class='ocrx_word' id='word_1_208' title='bbox 918 1909 955 1961; x_wconf 78' lang='lat' dir='ltr'><strong>ad</strong></span> <span class='ocrx_word' id='word_1_209' title='bbox 1031 1949 1060 1962; x_wconf 90' lang='lat'><strong>..</strong></span> <span class='ocrx_word' id='word_1_210' title='bbox 1317 1949 1322 1960; x_wconf 92' lang='lat'><strong>.</strong></span> <span class='ocrx_word' id='word_1_211' title='bbox 1378 1949 1384 1962; x_wconf 86' lang='lat'><strong>.</strong></span> <span class='ocrx_word' id='word_1_212' title='bbox 1463 1946 1468 1956; x_wconf 92' lang='lat'><strong>.</strong></span> <span class='ocrx_word' id='word_1_213' title='bbox 1575 1937 1584 1954; x_wconf 90' lang='lat'><strong>.</strong></span> <span class='ocrx_word' id='word_1_214' title='bbox 1726 1942 1731 1952; x_wconf 94' lang='lat'><strong>.</strong></span> 
     </span>
     <span class='ocr_line' id='line_1_19' title="bbox 187 1943 1789 2042; baseline -0.007 -32"><span class='ocrx_word' id='word_1_215' title='bbox 187 1977 405 2030; x_wconf 61' lang='lat' dir='ltr'><strong>conflmffloqem</strong></span> <span class='ocrx_word' id='word_1_216' title='bbox 423 1979 485 2029; x_wconf 58' lang='lat' dir='ltr'><strong>„em</strong></span> <span class='ocrx_word' id='word_1_217' title='bbox 499 1979 712 2042; x_wconf 41' lang='lat' dir='ltr'><strong>,emmim-3·</strong></span> <span class='ocrx_word' id='word_1_218' title='bbox 727 1980 810 2031; x_wconf 58' lang='lat' dir='ltr'><strong>pm„</strong></span> <span class='ocrx_word' id='word_1_219' title='bbox 823 1981 956 2032; x_wconf 42' lang='lat' dir='ltr'><strong>mmo·-</strong></span> <span class='ocrx_word' id='word_1_220' title='bbox 989 1957 1074 2022; x_wconf 79' lang='lat' dir='ltr'><strong>quirat</strong></span> <span class='ocrx_word' id='word_1_221' title='bbox 1086 1955 1254 2021; x_wconf 85' lang='lat' dir='ltr'><strong>potestatem</strong></span> <span class='ocrx_word' id='word_1_222' title='bbox 1270 1947 1447 2022; x_wconf 79' lang='lat' dir='ltr'><strong>legislabvam</strong></span> <span class='ocrx_word' id='word_1_223' title='bbox 1460 1961 1487 2002; x_wconf 89' lang='grc' dir='ltr'><strong>ιιι</strong></span> <span class='ocrx_word' id='word_1_224' title='bbox 1502 1943 1684 2003; x_wconf 87' lang='lat' dir='ltr'><strong>concedente.</strong></span> <span class='ocrx_word' id='word_1_225' title='bbox 1701 1945 1789 2000; x_wconf 80' lang='lat' dir='ltr'><strong>Dices:</strong></span> 
     </span>
    </p>
   </div>
   <div class='ocr_carea' id='block_1_4' title="bbox 148 2033 1794 2470">
    <p class='ocr_par' dir='ltr' id='par_1_9' title="bbox 177 2033 1793 2204">
     <span class='ocr_line' id='line_1_20' title="bbox 188 2033 1793 2130; baseline -0.004 -34"><span class='ocrx_word' id='word_1_226' title='bbox 188 2049 214 2130; x_wconf 37' lang='grc' dir='ltr'><strong>ι..</strong></span> <span class='ocrx_word' id='word_1_227' title='bbox 229 2047 343 2099; x_wconf 58' lang='lat' dir='ltr'><strong>wanda</strong></span> <span class='ocrx_word' id='word_1_228' title='bbox 362 2049 453 2130; x_wconf 78' lang='lat' dir='ltr'><strong>illatio.</strong></span> <span class='ocrx_word' id='word_1_229' title='bbox 464 2047 626 2130; x_wconf 41' lang='lat' dir='ltr'><strong>jobiectio</strong></span> <span class='ocrx_word' id='word_1_230' title='bbox 643 2049 767 2113; x_wconf 86' lang='lat' dir='ltr'><strong>quaedam</strong></span> <span class='ocrx_word' id='word_1_231' title='bbox 780 2063 839 2102; x_wconf 86' lang='lat' dir='ltr'><strong>cuna</strong></span> <span class='ocrx_word' id='word_1_232' title='bbox 852 2063 957 2116; x_wconf 84' lang='lat' dir='ltr'><strong>respon·</strong></span> <span class='ocrx_word' id='word_1_233' title='bbox 990 2039 1113 2097; x_wconf 83' lang='lat' dir='ltr'><strong>sufficiet</strong></span> <span class='ocrx_word' id='word_1_234' title='bbox 1124 2045 1244 2112; x_wconf 88' lang='lat' dir='ltr'><strong>potestas</strong></span> <span class='ocrx_word' id='word_1_235' title='bbox 1255 2036 1404 2112; x_wconf 85' lang='lat' dir='ltr'><strong>legislativa</strong></span> <span class='ocrx_word' id='word_1_236' title='bbox 1414 2034 1568 2094; x_wconf 89' lang='lat' dir='ltr'><strong>secundum</strong></span> <span class='ocrx_word' id='word_1_237' title='bbox 1579 2033 1727 2108; x_wconf 67' lang='lat' dir='ltr'><strong>quidquia</strong></span> <span class='ocrx_word' id='word_1_238' title='bbox 1738 2034 1793 2105; x_wconf 92' lang='lat' dir='ltr'><strong>pri-</strong></span> 
     </span>
     <span class='ocr_line' id='line_1_21' title="bbox 177 2117 1791 2204; baseline -0.007 -12"><span class='ocrx_word' id='word_1_239' title='bbox 177 2131 270 2170; x_wconf 74' lang='lat'><strong>‘⁸¹⁰¹¹⁰·</strong></span> <span class='ocrx_word' id='word_1_240' title='bbox 279 2145 314 2156; x_wconf 84' lang='grc'><strong>··</strong></span> <span class='ocrx_word' id='word_1_241' title='bbox 329 2117 356 2168; x_wconf 75' lang='lat'><strong>⁸·</strong></span> <span class='ocrx_word' id='word_1_242' title='bbox 370 2119 456 2178; x_wconf 67' lang='lat' dir='ltr'><strong>T⁰l⁸¹²</strong></span> <span class='ocrx_word' id='word_1_243' title='bbox 469 2118 562 2170; x_wconf 72' lang='lat'><strong>¹¹¹³⁸¹⁰·</strong></span> <span class='ocrx_word' id='word_1_244' title='bbox 989 2129 1119 2203; x_wconf 78' lang='lat' dir='ltr'><strong>vilegium</strong></span> <span class='ocrx_word' id='word_1_245' title='bbox 1133 2135 1238 2186; x_wconf 88' lang='lat' dir='ltr'><strong>tantum</strong></span> <span class='ocrx_word' id='word_1_246' title='bbox 1251 2135 1295 2187; x_wconf 91' lang='lat' dir='ltr'><strong>est</strong></span> <span class='ocrx_word' id='word_1_247' title='bbox 1308 2129 1353 2186; x_wconf 86' lang='lat' dir='ltr'><strong>lex</strong></span> <span class='ocrx_word' id='word_1_248' title='bbox 1366 2126 1520 2194; x_wconf 70' lang='lat' dir='ltr'><strong>secundum</strong></span> <span class='ocrx_word' id='word_1_249' title='bbox 1533 2124 1617 2199; x_wconf 88' lang='lat' dir='ltr'><strong>quid,</strong></span> <span class='ocrx_word' id='word_1_250' title='bbox 1633 2124 1738 2204; x_wconf 79' lang='lat' dir='ltr'><strong>scilicet</strong></span> <span class='ocrx_word' id='word_1_251' title='bbox 1747 2123 1791 2181; x_wconf 86' lang='lat' dir='ltr'><strong>lex</strong></span> 
     </span>
    </p>

    <p class='ocr_par' dir='ltr' id='par_1_10' title="bbox 647 2212 1794 2302">
     <span class='ocr_line' id='line_1_22' title="bbox 647 2212 1794 2302; baseline -0.008 -23"><span class='ocrx_word' id='word_1_252' title='bbox 647 2288 654 2302; x_wconf 45' lang='lat'><strong>·</strong></span> <span class='ocrx_word' id='word_1_253' title='bbox 990 2222 1106 2294; x_wconf 89' lang='lat' dir='ltr'><strong>privata,</strong></span> <span class='ocrx_word' id='word_1_254' title='bbox 1116 2219 1150 2278; x_wconf 85' lang='lat' dir='ltr'><strong>ad</strong></span> <span class='ocrx_word' id='word_1_255' title='bbox 1162 2235 1246 2293; x_wconf 88' lang='lat' dir='ltr'><strong>quam</strong></span> <span class='ocrx_word' id='word_1_256' title='bbox 1256 2234 1309 2275; x_wconf 94' lang='lat' dir='ltr'><strong>non</strong></span> <span class='ocrx_word' id='word_1_257' title='bbox 1320 2217 1429 2275; x_wconf 88' lang='lat' dir='ltr'><strong>videtur</strong></span> <span class='ocrx_word' id='word_1_258' title='bbox 1439 2217 1543 2289; x_wconf 85' lang='lat' dir='ltr'><strong>requiri</strong></span> <span class='ocrx_word' id='word_1_259' title='bbox 1555 2220 1676 2288; x_wconf 87' lang='lat' dir='ltr'><strong>potestas</strong></span> <span class='ocrx_word' id='word_1_260' title='bbox 1692 2212 1794 2284; x_wconf 87' lang='lat' dir='ltr'><strong>simpli·</strong></span> 
     </span>
    </p>

    <p class='ocr_par' dir='ltr' id='par_1_11' title="bbox 148 2302 1794 2470">
     <span class='ocr_line' id='line_1_23' title="bbox 197 2302 1791 2384; baseline -0.004 -18"><span class='ocrx_word' id='word_1_261' title='bbox 197 2309 221 2366; x_wconf 93' lang='lat' dir='ltr'><strong>l.</strong></span> <span class='ocrx_word' id='word_1_262' title='bbox 234 2306 373 2363; x_wconf 82' lang='lat' dir='ltr'><strong>Hactenus</strong></span> <span class='ocrx_word' id='word_1_263' title='bbox 383 2304 549 2377; x_wconf 86' lang='lat' dir='ltr'><strong>explicatum</strong></span> <span class='ocrx_word' id='word_1_264' title='bbox 559 2311 618 2378; x_wconf 90' lang='lat' dir='ltr'><strong>est,</strong></span> <span class='ocrx_word' id='word_1_265' title='bbox 631 2321 664 2363; x_wconf 90' lang='lat' dir='ltr'><strong>aa</strong></span> <span class='ocrx_word' id='word_1_266' title='bbox 677 2307 726 2378; x_wconf 90' lang='lat' dir='ltr'><strong>sit,</strong></span> <span class='ocrx_word' id='word_1_267' title='bbox 739 2306 843 2382; x_wconf 91' lang='lat' dir='ltr'><strong>etquid</strong></span> <span class='ocrx_word' id='word_1_268' title='bbox 854 2307 890 2364; x_wconf 91' lang='lat' dir='ltr'><strong>sit</strong></span> <span class='ocrx_word' id='word_1_269' title='bbox 900 2307 956 2381; x_wconf 91' lang='lat' dir='ltr'><strong>pri·</strong></span> <span class='ocrx_word' id='word_1_270' title='bbox 989 2311 1057 2368; x_wconf 86' lang='lat' dir='ltr'><strong>citer</strong></span> <span class='ocrx_word' id='word_1_271' title='bbox 1071 2309 1235 2384; x_wconf 85' lang='lat' dir='ltr'><strong>legislatira,</strong></span> <span class='ocrx_word' id='word_1_272' title='bbox 1257 2308 1346 2384; x_wconf 91' lang='lat' dir='ltr'><strong>qualis</strong></span> <span class='ocrx_word' id='word_1_273' title='bbox 1359 2313 1400 2365; x_wconf 87' lang='lat' dir='ltr'><strong>est</strong></span> <span class='ocrx_word' id='word_1_274' title='bbox 1414 2311 1532 2380; x_wconf 78' lang='lat' dir='ltr'><strong>potestas</strong></span> <span class='ocrx_word' id='word_1_275' title='bbox 1547 2318 1675 2377; x_wconf 87' lang='lat' dir='ltr'><strong>suprema</strong></span> <span class='ocrx_word' id='word_1_276' title='bbox 1689 2302 1791 2377; x_wconf 89' lang='lat' dir='ltr'><strong>guber·</strong></span> 
     </span>
     <span class='ocr_line' id='line_1_24' title="bbox 148 2393 1794 2470; baseline -0.001 -18"><span class='ocrx_word' id='word_1_277' title='bbox 148 2395 295 2470; x_wconf 78' lang='lat' dir='ltr'><strong>vilegium,</strong></span> <span class='ocrx_word' id='word_1_278' title='bbox 324 2410 378 2451; x_wconf 91' lang='lat' dir='ltr'><strong>non</strong></span> <span class='ocrx_word' id='word_1_279' title='bbox 403 2393 492 2452; x_wconf 92' lang='lat' dir='ltr'><strong>solum</strong></span> <span class='ocrx_word' id='word_1_280' title='bbox 516 2393 671 2452; x_wconf 90' lang='lat' dir='ltr'><strong>secundum</strong></span> <span class='ocrx_word' id='word_1_281' title='bbox 694 2396 848 2469; x_wconf 79' lang='lat' dir='ltr'><strong>generalem</strong></span> <span class='ocrx_word' id='word_1_282' title='bbox 869 2397 956 2454; x_wconf 89' lang='lat' dir='ltr'><strong>ratio·</strong></span> <span class='ocrx_word' id='word_1_283' title='bbox 990 2400 1091 2457; x_wconf 88' lang='lat' dir='ltr'><strong>nativa.</strong></span> <span class='ocrx_word' id='word_1_284' title='bbox 1113 2400 1149 2457; x_wconf 83' lang='lat' dir='ltr'><strong>lit</strong></span> <span class='ocrx_word' id='word_1_285' title='bbox 1167 2399 1365 2468; x_wconf 72' lang='lat' dir='ltr'><strong>confirmatur,</strong></span> <span class='ocrx_word' id='word_1_286' title='bbox 1381 2411 1444 2453; x_wconf 92' lang='lat' dir='ltr'><strong>nam</strong></span> <span class='ocrx_word' id='word_1_287' title='bbox 1464 2396 1486 2451; x_wconf 89' lang='lat' dir='ltr'><strong>si</strong></span> <span class='ocrx_word' id='word_1_288' title='bbox 1507 2393 1696 2452; x_wconf 88' lang='lat' dir='ltr'><strong>consideretur</strong></span> <span class='ocrx_word' id='word_1_289' title='bbox 1710 2393 1794 2465; x_wconf 86' lang='lat' dir='ltr'><strong>privi-</strong></span> 
     </span>
    </p>
   </div>
   <div class='ocr_carea' id='block_1_5' title="bbox 273 1357 839 1462">
    <p class='ocr_par' dir='ltr' id='par_1_12' title="bbox 273 1357 839 1462">
     <span class='ocr_line' id='line_1_25' title="bbox 273 1357 839 1462; baseline 0.005 -31"><span class='ocrx_word' id='word_1_290' title='bbox 273 1375 349 1451; x_wconf 73' lang='lat' dir='ltr'><strong>(lcls</strong></span> <span class='ocrx_word' id='word_1_291' title='bbox 361 1376 455 1450; x_wconf 80' lang='lat' dir='ltr'><strong>possit</strong></span> <span class='ocrx_word' id='word_1_292' title='bbox 464 1357 656 1462; x_wconf 55' lang='lat' dir='ltr'><strong>previlegium</strong></span> <span class='ocrx_word' id='word_1_293' title='bbox 670 1373 839 1434; x_wconf 79' lang='lat' dir='ltr'><strong>concedere.</strong></span> 
     </span>
    </p>
   </div>
   <div class='ocr_carea' id='block_1_6' title="bbox 148 2481 1910 2563">
    <p class='ocr_par' dir='ltr' id='par_1_13' title="bbox 148 2481 1910 2563">
     <span class='ocr_line' id='line_1_26' title="bbox 148 2481 1910 2563; baseline -0.002 -21"><span class='ocrx_word' id='word_1_294' title='bbox 148 2501 227 2556; x_wconf 91' lang='lat' dir='ltr'><strong>nem,</strong></span> <span class='ocrx_word' id='word_1_295' title='bbox 246 2483 293 2542; x_wconf 91' lang='lat' dir='ltr'><strong>sed</strong></span> <span class='ocrx_word' id='word_1_296' title='bbox 307 2485 389 2542; x_wconf 89' lang='lat' dir='ltr'><strong>etiem</strong></span> <span class='ocrx_word' id='word_1_297' title='bbox 403 2484 478 2542; x_wconf 89' lang='lat' dir='ltr'><strong>iuxta</strong></span> <span class='ocrx_word' id='word_1_298' title='bbox 492 2485 580 2542; x_wconf 89' lang='lat' dir='ltr'><strong>varias</strong></span> <span class='ocrx_word' id='word_1_299' title='bbox 595 2487 675 2560; x_wconf 89' lang='lat' dir='ltr'><strong>quasi</strong></span> <span class='ocrx_word' id='word_1_300' title='bbox 690 2487 795 2558; x_wconf 89' lang='lat' dir='ltr'><strong>species</strong></span> <span class='ocrx_word' id='word_1_301' title='bbox 814 2503 896 2560; x_wconf 89' lang='lat' dir='ltr'><strong>suas;</strong></span> <span class='ocrx_word' id='word_1_302' title='bbox 913 2502 954 2544; x_wconf 89' lang='lat' dir='ltr'><strong>se·</strong></span> <span class='ocrx_word' id='word_1_303' title='bbox 992 2488 1110 2563; x_wconf 87' lang='lat' dir='ltr'><strong>legium,</strong></span> <span class='ocrx_word' id='word_1_304' title='bbox 1131 2495 1162 2547; x_wconf 90' lang='grc' dir='ltr'><strong>υι</strong></span> <span class='ocrx_word' id='word_1_305' title='bbox 1185 2487 1315 2546; x_wconf 86' lang='lat' dir='ltr'><strong>concedit</strong></span> <span class='ocrx_word' id='word_1_306' title='bbox 1327 2485 1429 2560; x_wconf 88' lang='lat' dir='ltr'><strong>aliquid</strong></span> <span class='ocrx_word' id='word_1_307' title='bbox 1444 2484 1560 2557; x_wconf 88' lang='lat' dir='ltr'><strong>speciale</strong></span> <span class='ocrx_word' id='word_1_308' title='bbox 1579 2489 1676 2540; x_wconf 88' lang='lat' dir='ltr'><strong>contra</strong></span> <span class='ocrx_word' id='word_1_309' title='bbox 1695 2481 1794 2555; x_wconf 89' lang='lat' dir='ltr'><strong>legem,</strong></span> <span class='ocrx_word' id='word_1_310' title='bbox 1907 2557 1910 2563; x_wconf 24' lang='grc' dir='ltr'>Ι</span> 
     </span>
    </p>
   </div>
   <div class='ocr_carea' id='block_1_7' title="bbox 147 2565 1795 2921">
    <p class='ocr_par' dir='ltr' id='par_1_14' title="bbox 147 2565 1795 2921">
     <span class='ocr_line' id='line_1_27' title="bbox 148 2565 1794 2651; baseline -0.001 -20"><span class='ocrx_word' id='word_1_311' title='bbox 148 2576 248 2648; x_wconf 92' lang='lat' dir='ltr'><strong>quitur</strong></span> <span class='ocrx_word' id='word_1_312' title='bbox 265 2580 478 2647; x_wconf 89' lang='lat' dir='ltr'><strong>consequenter,</strong></span> <span class='ocrx_word' id='word_1_313' title='bbox 493 2581 526 2631; x_wconf 91' lang='lat' dir='ltr'><strong>ut</strong></span> <span class='ocrx_word' id='word_1_314' title='bbox 540 2573 574 2631; x_wconf 88' lang='lat' dir='ltr'><strong>de</strong></span> <span class='ocrx_word' id='word_1_315' title='bbox 588 2575 681 2631; x_wconf 91' lang='lat' dir='ltr'><strong>causis</strong></span> <span class='ocrx_word' id='word_1_316' title='bbox 694 2575 753 2633; x_wconf 91' lang='lat' dir='ltr'><strong>eius</strong></span> <span class='ocrx_word' id='word_1_317' title='bbox 763 2575 900 2645; x_wconf 88' lang='lat' dir='ltr'><strong>dicamus,</strong></span> <span class='ocrx_word' id='word_1_318' title='bbox 914 2577 955 2634; x_wconf 92' lang='lat' dir='ltr'><strong>in-</strong></span> <span class='ocrx_word' id='word_1_319' title='bbox 989 2580 1185 2651; x_wconf 91' lang='lat' dir='ltr'><strong>aequiparatur</strong></span> <span class='ocrx_word' id='word_1_320' title='bbox 1201 2576 1409 2650; x_wconf 69' lang='lat' dir='ltr'><strong>disponsationis</strong></span> <span class='ocrx_word' id='word_1_321' title='bbox 1433 2590 1500 2648; x_wconf 90' lang='lat' dir='ltr'><strong>ergo</strong></span> <span class='ocrx_word' id='word_1_322' title='bbox 1515 2565 1687 2647; x_wconf 84' lang='lat' dir='ltr'><strong>quicumque</strong></span> <span class='ocrx_word' id='word_1_323' title='bbox 1701 2578 1794 2644; x_wconf 88' lang='lat' dir='ltr'><strong>potest</strong></span> 
     </span>
     <span class='ocr_line' id='line_1_28' title="bbox 148 2661 1794 2741; baseline -0.003 -19"><span class='ocrx_word' id='word_1_324' title='bbox 148 2669 193 2722; x_wconf 89' lang='lat' dir='ltr'><strong>ter</strong></span> <span class='ocrx_word' id='word_1_325' title='bbox 206 2679 277 2738; x_wconf 88' lang='lat' dir='ltr'><strong>quas</strong></span> <span class='ocrx_word' id='word_1_326' title='bbox 293 2665 411 2736; x_wconf 91' lang='lat' dir='ltr'><strong>primum</strong></span> <span class='ocrx_word' id='word_1_327' title='bbox 426 2663 550 2720; x_wconf 89' lang='lat' dir='ltr'><strong>occurrit</strong></span> <span class='ocrx_word' id='word_1_328' title='bbox 564 2678 648 2720; x_wconf 82' lang='lat' dir='ltr'><strong>causa</strong></span> <span class='ocrx_word' id='word_1_329' title='bbox 662 2663 796 2736; x_wconf 71' lang='lat' dir='ltr'><strong>efficiens,</strong></span> <span class='ocrx_word' id='word_1_330' title='bbox 812 2665 877 2738; x_wconf 91' lang='lat' dir='ltr'><strong>quia</strong></span> <span class='ocrx_word' id='word_1_331' title='bbox 892 2663 956 2722; x_wconf 88' lang='lat' dir='ltr'><strong>iicet</strong></span> <span class='ocrx_word' id='word_1_332' title='bbox 991 2668 1149 2741; x_wconf 91' lang='lat' dir='ltr'><strong>dispensare</strong></span> <span class='ocrx_word' id='word_1_333' title='bbox 1160 2668 1187 2724; x_wconf 94' lang='lat' dir='ltr'><strong>in</strong></span> <span class='ocrx_word' id='word_1_334' title='bbox 1198 2667 1268 2740; x_wconf 88' lang='lat' dir='ltr'><strong>lege,</strong></span> <span class='ocrx_word' id='word_1_335' title='bbox 1281 2665 1464 2740; x_wconf 86' lang='lat' dir='ltr'><strong>patasteliam</strong></span> <span class='ocrx_word' id='word_1_336' title='bbox 1477 2663 1647 2735; x_wconf 88' lang='lat' dir='ltr'><strong>privilegium</strong></span> <span class='ocrx_word' id='word_1_337' title='bbox 1658 2661 1711 2718; x_wconf 92' lang='lat' dir='ltr'><strong>tale</strong></span> <span class='ocrx_word' id='word_1_338' title='bbox 1726 2676 1794 2718; x_wconf 88' lang='lat' dir='ltr'><strong>con-</strong></span> 
     </span>
     <span class='ocr_line' id='line_1_29' title="bbox 149 2752 1795 2828; baseline -0.001 -19"><span class='ocrx_word' id='word_1_339' title='bbox 149 2755 189 2810; x_wconf 91' lang='lat' dir='ltr'><strong>sit</strong></span> <span class='ocrx_word' id='word_1_340' title='bbox 202 2755 357 2810; x_wconf 87' lang='lat' dir='ltr'><strong>extrinseca</strong></span> <span class='ocrx_word' id='word_1_341' title='bbox 368 2753 402 2809; x_wconf 92' lang='lat' dir='ltr'><strong>ab</strong></span> <span class='ocrx_word' id='word_1_342' title='bbox 413 2752 458 2809; x_wconf 94' lang='lat' dir='ltr'><strong>illa</strong></span> <span class='ocrx_word' id='word_1_343' title='bbox 468 2753 600 2826; x_wconf 76' lang='lat' dir='ltr'><strong>unanime,</strong></span> <span class='ocrx_word' id='word_1_344' title='bbox 612 2759 641 2810; x_wconf 92' lang='lat' dir='ltr'><strong>et</strong></span> <span class='ocrx_word' id='word_1_345' title='bbox 653 2754 732 2826; x_wconf 90' lang='lat' dir='ltr'><strong>quasi</strong></span> <span class='ocrx_word' id='word_1_346' title='bbox 747 2754 874 2826; x_wconf 88' lang='lat' dir='ltr'><strong>primario</strong></span> <span class='ocrx_word' id='word_1_347' title='bbox 889 2769 955 2826; x_wconf 90' lang='lat' dir='ltr'><strong>pen·</strong></span> <span class='ocrx_word' id='word_1_348' title='bbox 989 2757 1105 2815; x_wconf 89' lang='lat' dir='ltr'><strong>cedere:</strong></span> <span class='ocrx_word' id='word_1_349' title='bbox 1122 2762 1150 2814; x_wconf 94' lang='lat' dir='ltr'><strong>at</strong></span> <span class='ocrx_word' id='word_1_350' title='bbox 1169 2756 1248 2813; x_wconf 90' lang='lat' dir='ltr'><strong>multi</strong></span> <span class='ocrx_word' id='word_1_351' title='bbox 1266 2761 1384 2828; x_wconf 88' lang='lat' dir='ltr'><strong>possunt</strong></span> <span class='ocrx_word' id='word_1_352' title='bbox 1402 2753 1580 2825; x_wconf 88' lang='lat' dir='ltr'><strong>dispensare,</strong></span> <span class='ocrx_word' id='word_1_353' title='bbox 1595 2753 1644 2825; x_wconf 92' lang='lat' dir='ltr'><strong>qui</strong></span> <span class='ocrx_word' id='word_1_354' title='bbox 1663 2767 1717 2808; x_wconf 92' lang='lat' dir='ltr'><strong>non</strong></span> <span class='ocrx_word' id='word_1_355' title='bbox 1732 2767 1795 2823; x_wconf 90' lang='lat' dir='ltr'><strong>pos·</strong></span> 
     </span>
     <span class='ocr_line' id='line_1_30' title="bbox 147 2840 1794 2921; baseline -0.001 -22"><span class='ocrx_word' id='word_1_356' title='bbox 147 2842 196 2899; x_wconf 90' lang='lat' dir='ltr'><strong>dat</strong></span> <span class='ocrx_word' id='word_1_357' title='bbox 209 2842 396 2915; x_wconf 85' lang='lat' dir='ltr'><strong>privilegium,</strong></span> <span class='ocrx_word' id='word_1_358' title='bbox 418 2843 482 2916; x_wconf 86' lang='lat' dir='ltr'><strong>qnia</strong></span> <span class='ocrx_word' id='word_1_359' title='bbox 502 2844 590 2899; x_wconf 88' lang='lat' dir='ltr'><strong>omnis</strong></span> <span class='ocrx_word' id='word_1_360' title='bbox 603 2843 691 2916; x_wconf 87' lang='lat' dir='ltr'><strong>gratia</strong></span> <span class='ocrx_word' id='word_1_361' title='bbox 704 2843 852 2916; x_wconf 90' lang='lat' dir='ltr'><strong>praecipue</strong></span> <span class='ocrx_word' id='word_1_362' title='bbox 866 2843 956 2900; x_wconf 87' lang='lat' dir='ltr'><strong>oritur</strong></span> <span class='ocrx_word' id='word_1_363' title='bbox 990 2853 1055 2904; x_wconf 91' lang='lat' dir='ltr'><strong>sunt</strong></span> <span class='ocrx_word' id='word_1_364' title='bbox 1074 2847 1161 2921; x_wconf 89' lang='lat' dir='ltr'><strong>legem</strong></span> <span class='ocrx_word' id='word_1_365' title='bbox 1180 2846 1268 2920; x_wconf 71' lang='lat' dir='ltr'><strong>serre,</strong></span> <span class='ocrx_word' id='word_1_366' title='bbox 1284 2845 1306 2902; x_wconf 88' lang='lat' dir='ltr'><strong>si</strong></span> <span class='ocrx_word' id='word_1_367' title='bbox 1320 2860 1386 2902; x_wconf 92' lang='lat' dir='ltr'><strong>vero</strong></span> <span class='ocrx_word' id='word_1_368' title='bbox 1400 2841 1597 2900; x_wconf 89' lang='lat' dir='ltr'><strong>consideretur</strong></span> <span class='ocrx_word' id='word_1_369' title='bbox 1612 2840 1794 2914; x_wconf 84' lang='lat' dir='ltr'><strong>privilegium,</strong></span> 
     </span>
    </p>
   </div>
   <div class='ocr_carea' id='block_1_8' title="bbox 147 2931 1913 3009">
    <p class='ocr_par' dir='ltr' id='par_1_15' title="bbox 147 2931 1913 3009">
     <span class='ocr_line' id='line_1_31' title="bbox 147 2931 1913 3009; baseline -0.001 -20"><span class='ocrx_word' id='word_1_370' title='bbox 147 2947 183 2989; x_wconf 87' lang='lat' dir='ltr'><strong>ex</strong></span> <span class='ocrx_word' id='word_1_371' title='bbox 198 2938 333 3004; x_wconf 89' lang='lat' dir='ltr'><strong>potestate</strong></span> <span class='ocrx_word' id='word_1_372' title='bbox 349 2931 956 3007; x_wconf 80' lang='lat' dir='ltr'><strong>etliberalitatedonantis3privilegiumau·</strong></span> <span class='ocrx_word' id='word_1_373' title='bbox 989 2943 1020 2992; x_wconf 91' lang='lat' dir='ltr'><strong>ut</strong></span> <span class='ocrx_word' id='word_1_374' title='bbox 1033 2934 1189 2993; x_wconf 89' lang='lat' dir='ltr'><strong>concedens</strong></span> <span class='ocrx_word' id='word_1_375' title='bbox 1210 2933 1314 3009; x_wconf 89' lang='lat' dir='ltr'><strong>aliquid</strong></span> <span class='ocrx_word' id='word_1_376' title='bbox 1328 2940 1437 3007; x_wconf 88' lang='lat' dir='ltr'><strong>praeter</strong></span> <span class='ocrx_word' id='word_1_377' title='bbox 1451 2932 1555 3006; x_wconf 69' lang='lat' dir='ltr'><strong>legem,</strong></span> <span class='ocrx_word' id='word_1_378' title='bbox 1571 2933 1611 2988; x_wconf 89' lang='lat' dir='ltr'><strong>sic</strong></span> <span class='ocrx_word' id='word_1_379' title='bbox 1631 2932 1718 2988; x_wconf 91' lang='lat' dir='ltr'><strong>multo</strong></span> <span class='ocrx_word' id='word_1_380' title='bbox 1731 2932 1797 2988; x_wconf 89' lang='lat' dir='ltr'><strong>iaci·</strong></span> <span class='ocrx_word' id='word_1_381' title='bbox 1911 2975 1913 2980; x_wconf 91' lang='lat'><strong>.</strong></span> 
     </span>
    </p>
   </div>
   <div class='ocr_carea' id='block_1_9' title="bbox 143 3021 1799 5339">
    <p class='ocr_par' dir='ltr' id='par_1_16' title="bbox 143 3021 1799 5339">
     <span class='ocr_line' id='line_1_32' title="bbox 149 3021 1798 3098; baseline -0.001 -19"><span class='ocrx_word' id='word_1_382' title='bbox 149 3030 206 3079; x_wconf 91' lang='lat' dir='ltr'><strong>tem</strong></span> <span class='ocrx_word' id='word_1_383' title='bbox 225 3021 361 3094; x_wconf 90' lang='lat' dir='ltr'><strong>quaedam</strong></span> <span class='ocrx_word' id='word_1_384' title='bbox 373 3023 464 3097; x_wconf 90' lang='lat' dir='ltr'><strong>gratia</strong></span> <span class='ocrx_word' id='word_1_385' title='bbox 477 3030 537 3093; x_wconf 89' lang='lat' dir='ltr'><strong>sat,</strong></span> <span class='ocrx_word' id='word_1_386' title='bbox 552 3030 584 3079; x_wconf 91' lang='lat' dir='ltr'><strong>ut</strong></span> <span class='ocrx_word' id='word_1_387' title='bbox 599 3037 683 3095; x_wconf 88' lang='lat' dir='ltr'><strong>supra</strong></span> <span class='ocrx_word' id='word_1_388' title='bbox 696 3021 824 3079; x_wconf 87' lang='lat' dir='ltr'><strong>vidimus.</strong></span> <span class='ocrx_word' id='word_1_389' title='bbox 841 3022 955 3080; x_wconf 83' lang='lat' dir='ltr'><strong>accedit</strong></span> <span class='ocrx_word' id='word_1_390' title='bbox 989 3025 1042 3083; x_wconf 89' lang='lat' dir='ltr'><strong>lius</strong></span> <span class='ocrx_word' id='word_1_391' title='bbox 1057 3032 1145 3098; x_wconf 88' lang='lat' dir='ltr'><strong>potest</strong></span> <span class='ocrx_word' id='word_1_392' title='bbox 1166 3025 1281 3082; x_wconf 91' lang='lat' dir='ltr'><strong>concedi</strong></span> <span class='ocrx_word' id='word_1_393' title='bbox 1296 3025 1378 3082; x_wconf 87' lang='lat' dir='ltr'><strong>etiam</strong></span> <span class='ocrx_word' id='word_1_394' title='bbox 1392 3024 1426 3081; x_wconf 93' lang='lat' dir='ltr'><strong>ab</strong></span> <span class='ocrx_word' id='word_1_395' title='bbox 1440 3038 1489 3095; x_wconf 88' lang='lat' dir='ltr'><strong>en,</strong></span> <span class='ocrx_word' id='word_1_396' title='bbox 1507 3021 1554 3095; x_wconf 91' lang='lat' dir='ltr'><strong>qui</strong></span> <span class='ocrx_word' id='word_1_397' title='bbox 1567 3036 1620 3078; x_wconf 87' lang='lat' dir='ltr'><strong>nec</strong></span> <span class='ocrx_word' id='word_1_398' title='bbox 1637 3025 1798 3093; x_wconf 84' lang='lat' dir='ltr'><strong>potestatem</strong></span> 
     </span>
     <span class='ocr_line' id='line_1_33' title="bbox 147 3109 1799 3188; baseline -0.004 -17"><span class='ocrx_word' id='word_1_399' title='bbox 147 3111 224 3184; x_wconf 89' lang='lat' dir='ltr'><strong>quod</strong></span> <span class='ocrx_word' id='word_1_400' title='bbox 250 3112 340 3184; x_wconf 91' lang='lat' dir='ltr'><strong>capite</strong></span> <span class='ocrx_word' id='word_1_401' title='bbox 363 3112 485 3185; x_wconf 80' lang='lat' dir='ltr'><strong>proxime</strong></span> <span class='ocrx_word' id='word_1_402' title='bbox 508 3112 689 3185; x_wconf 89' lang='lat' dir='ltr'><strong>praecedente</strong></span> <span class='ocrx_word' id='word_1_403' title='bbox 711 3113 745 3169; x_wconf 88' lang='lat' dir='ltr'><strong>ad</strong></span> <span class='ocrx_word' id='word_1_404' title='bbox 764 3113 953 3185; x_wconf 83' lang='lat' dir='ltr'><strong>explicandam</strong></span> <span class='ocrx_word' id='word_1_405' title='bbox 988 3115 1162 3188; x_wconf 87' lang='lat' dir='ltr'><strong>dispensandi</strong></span> <span class='ocrx_word' id='word_1_406' title='bbox 1173 3119 1176 3126; x_wconf 88' lang='grc'><strong><em>’</em></strong></span> <span class='ocrx_word' id='word_1_407' title='bbox 1188 3118 1215 3173; x_wconf 92' lang='lat' dir='ltr'><strong>in</strong></span> <span class='ocrx_word' id='word_1_408' title='bbox 1237 3115 1295 3188; x_wconf 88' lang='lat' dir='ltr'><strong>lege</strong></span> <span class='ocrx_word' id='word_1_409' title='bbox 1308 3114 1407 3184; x_wconf 88' lang='lat' dir='ltr'><strong>babet;</strong></span> <span class='ocrx_word' id='word_1_410' title='bbox 1423 3113 1487 3187; x_wconf 86' lang='lat' dir='ltr'><strong>quia</strong></span> <span class='ocrx_word' id='word_1_411' title='bbox 1505 3111 1697 3185; x_wconf 89' lang='lat' dir='ltr'><strong>unnsquisque</strong></span> <span class='ocrx_word' id='word_1_412' title='bbox 1712 3109 1799 3166; x_wconf 88' lang='lat' dir='ltr'><strong>domi-</strong></span> 
     </span>
     <span class='ocr_line' id='line_1_34' title="bbox 149 3197 1795 3280; baseline 0 -24"><span class='ocrx_word' id='word_1_413' title='bbox 149 3202 269 3274; x_wconf 89' lang='lat' dir='ltr'><strong>speciem</strong></span> <span class='ocrx_word' id='word_1_414' title='bbox 291 3201 438 3273; x_wconf 89' lang='lat' dir='ltr'><strong>qnamdam</strong></span> <span class='ocrx_word' id='word_1_415' title='bbox 451 3203 601 3276; x_wconf 88' lang='lat' dir='ltr'><strong>privilegii,</strong></span> <span class='ocrx_word' id='word_1_416' title='bbox 617 3203 800 3261; x_wconf 87' lang='lat' dir='ltr'><strong>necessarium</strong></span> <span class='ocrx_word' id='word_1_417' title='bbox 820 3203 871 3260; x_wconf 86' lang='lat' dir='ltr'><strong>luit</strong></span> <span class='ocrx_word' id='word_1_418' title='bbox 884 3204 954 3261; x_wconf 88' lang='lat' dir='ltr'><strong>duas</strong></span> <span class='ocrx_word' id='word_1_419' title='bbox 989 3221 1057 3276; x_wconf 91' lang='lat' dir='ltr'><strong>nus,</strong></span> <span class='ocrx_word' id='word_1_420' title='bbox 1075 3207 1119 3263; x_wconf 89' lang='lat' dir='ltr'><strong>vel</strong></span> <span class='ocrx_word' id='word_1_421' title='bbox 1141 3207 1264 3280; x_wconf 86' lang='lat' dir='ltr'><strong>privatus</strong></span> <span class='ocrx_word' id='word_1_422' title='bbox 1284 3197 1525 3278; x_wconf 79' lang='lat' dir='ltr'><strong>princeps&#39;potest</strong></span> <span class='ocrx_word' id='word_1_423' title='bbox 1543 3201 1625 3259; x_wconf 90' lang='lat' dir='ltr'><strong>alicui</strong></span> <span class='ocrx_word' id='word_1_424' title='bbox 1641 3198 1795 3257; x_wconf 88' lang='lat' dir='ltr'><strong>concedere</strong></span> 
     </span>
     <span class='ocr_line' id='line_1_35' title="bbox 147 3289 1794 3369; baseline 0 -23"><span class='ocrx_word' id='word_1_425' title='bbox 147 3305 249 3346; x_wconf 88' lang='lat' dir='ltr'><strong>causas</strong></span> <span class='ocrx_word' id='word_1_426' title='bbox 273 3289 424 3348; x_wconf 84' lang='lat' dir='ltr'><strong>efficientes</strong></span> <span class='ocrx_word' id='word_1_427' title='bbox 444 3291 648 3364; x_wconf 86' lang='lat' dir='ltr'><strong>privilegiorum</strong></span> <span class='ocrx_word' id='word_1_428' title='bbox 669 3294 819 3365; x_wconf 83' lang='lat' dir='ltr'><strong>atungere,</strong></span> <span class='ocrx_word' id='word_1_429' title='bbox 847 3293 955 3352; x_wconf 88' lang='lat' dir='ltr'><strong>scilicet</strong></span> <span class='ocrx_word' id='word_1_430' title='bbox 988 3295 1159 3369; x_wconf 89' lang='lat' dir='ltr'><strong>privilegium</strong></span> <span class='ocrx_word' id='word_1_431' title='bbox 1181 3294 1308 3366; x_wconf 88' lang='lat' dir='ltr'><strong>honoris,</strong></span> <span class='ocrx_word' id='word_1_432' title='bbox 1326 3293 1370 3351; x_wconf 89' lang='lat' dir='ltr'><strong>vel</strong></span> <span class='ocrx_word' id='word_1_433' title='bbox 1391 3292 1504 3350; x_wconf 87' lang='lat' dir='ltr'><strong>citerius</strong></span> <span class='ocrx_word' id='word_1_434' title='bbox 1528 3291 1750 3364; x_wconf 90' lang='lat' dir='ltr'><strong>praerogativae,</strong></span> <span class='ocrx_word' id='word_1_435' title='bbox 1767 3289 1794 3346; x_wconf 90' lang='lat' dir='ltr'><strong>in</strong></span> 
     </span>
     <span class='ocr_line' id='line_1_36' title="bbox 148 3375 1793 3464; baseline 0.001 -29"><span class='ocrx_word' id='word_1_436' title='bbox 148 3379 303 3464; x_wconf 87' lang='lat' dir='ltr'><strong>hominem,</strong></span> <span class='ocrx_word' id='word_1_437' title='bbox 326 3386 355 3437; x_wconf 91' lang='lat' dir='ltr'><strong>et</strong></span> <span class='ocrx_word' id='word_1_438' title='bbox 374 3375 619 3454; x_wconf 57' lang='lat' dir='ltr'><strong>consuetudinem</strong></span> <span class='ocrx_word' id='word_1_439' title='bbox 641 3381 693 3439; x_wconf 88' lang='lat' dir='ltr'><strong>sub</strong></span> <span class='ocrx_word' id='word_1_440' title='bbox 718 3382 820 3454; x_wconf 90' lang='lat' dir='ltr'><strong>quibus</strong></span> <span class='ocrx_word' id='word_1_441' title='bbox 841 3381 951 3440; x_wconf 87' lang='lat' dir='ltr'><strong>duobus</strong></span> <span class='ocrx_word' id='word_1_442' title='bbox 989 3384 1072 3443; x_wconf 89' lang='lat' dir='ltr'><strong>domo</strong></span> <span class='ocrx_word' id='word_1_443' title='bbox 1088 3401 1155 3452; x_wconf 88' lang='lat' dir='ltr'><strong>sua,</strong></span> <span class='ocrx_word' id='word_1_444' title='bbox 1168 3383 1210 3442; x_wconf 90' lang='lat' dir='ltr'><strong>vel</strong></span> <span class='ocrx_word' id='word_1_445' title='bbox 1225 3385 1251 3440; x_wconf 91' lang='lat' dir='ltr'><strong>in</strong></span> <span class='ocrx_word' id='word_1_446' title='bbox 1268 3384 1346 3441; x_wconf 90' lang='lat' dir='ltr'><strong>bonis</strong></span> <span class='ocrx_word' id='word_1_447' title='bbox 1357 3384 1432 3454; x_wconf 90' lang='lat' dir='ltr'><strong>suis,</strong></span> <span class='ocrx_word' id='word_1_448' title='bbox 1446 3383 1550 3439; x_wconf 89' lang='lat' dir='ltr'><strong>etiamsi</strong></span> <span class='ocrx_word' id='word_1_449' title='bbox 1563 3395 1614 3437; x_wconf 91' lang='lat' dir='ltr'><strong>nec</strong></span> <span class='ocrx_word' id='word_1_450' title='bbox 1627 3380 1713 3452; x_wconf 88' lang='lat' dir='ltr'><strong>legem</strong></span> <span class='ocrx_word' id='word_1_451' title='bbox 1727 3395 1793 3436; x_wconf 91' lang='lat' dir='ltr'><strong>con-</strong></span> 
     </span>
     <span class='ocr_line' id='line_1_37' title="bbox 146 3460 1791 3548; baseline -0.002 -22"><span class='ocrx_word' id='word_1_452' title='bbox 146 3468 278 3534; x_wconf 88' lang='lat' dir='ltr'><strong>pnembris</strong></span> <span class='ocrx_word' id='word_1_453' title='bbox 300 3470 387 3526; x_wconf 88' lang='lat' dir='ltr'><strong>omnis</strong></span> <span class='ocrx_word' id='word_1_454' title='bbox 407 3486 493 3527; x_wconf 87' lang='lat' dir='ltr'><strong>causa</strong></span> <span class='ocrx_word' id='word_1_455' title='bbox 513 3469 634 3527; x_wconf 80' lang='lat' dir='ltr'><strong>effectrix</strong></span> <span class='ocrx_word' id='word_1_456' title='bbox 655 3469 861 3544; x_wconf 86' lang='lat' dir='ltr'><strong>privilegiorum</strong></span> <span class='ocrx_word' id='word_1_457' title='bbox 875 3488 950 3529; x_wconf 90' lang='lat' dir='ltr'><strong>cam·</strong></span> <span class='ocrx_word' id='word_1_458' title='bbox 990 3473 1072 3546; x_wconf 90' lang='lat' dir='ltr'><strong>dere,</strong></span> <span class='ocrx_word' id='word_1_459' title='bbox 1095 3490 1146 3531; x_wconf 91' lang='lat' dir='ltr'><strong>nec</strong></span> <span class='ocrx_word' id='word_1_460' title='bbox 1168 3476 1212 3531; x_wconf 84' lang='lat' dir='ltr'><strong>ius</strong></span> <span class='ocrx_word' id='word_1_461' title='bbox 1232 3473 1324 3531; x_wconf 88' lang='lat' dir='ltr'><strong>dicere</strong></span> <span class='ocrx_word' id='word_1_462' title='bbox 1344 3473 1440 3545; x_wconf 89' lang='lat' dir='ltr'><strong>possit.</strong></span> <span class='ocrx_word' id='word_1_463' title='bbox 1455 3469 1533 3548; x_wconf 82' lang='lat' dir='ltr'><strong>Quod</strong></span> <span class='ocrx_word' id='word_1_464' title='bbox 1554 3460 1629 3542; x_wconf 80' lang='lat' dir='ltr'><strong>patet</strong></span> <span class='ocrx_word' id='word_1_465' title='bbox 1649 3469 1791 3541; x_wconf 80' lang='lat' dir='ltr'><strong>examplis3</strong></span> 
     </span>
     <span class='ocr_line' id='line_1_38' title="bbox 148 3556 1793 3636; baseline -0.001 -21"><span class='ocrx_word' id='word_1_466' title='bbox 148 3559 328 3630; x_wconf 87' lang='lat' dir='ltr'><strong>prehenditur</strong></span> <span class='ocrx_word' id='word_1_467' title='bbox 342 3563 350 3634; x_wconf 79' lang='lat' dir='ltr'><strong>l</strong></span> <span class='ocrx_word' id='word_1_468' title='bbox 362 3559 514 3617; x_wconf 88' lang='lat' dir='ltr'><strong>omittimus</strong></span> <span class='ocrx_word' id='word_1_469' title='bbox 528 3561 600 3616; x_wconf 88' lang='lat' dir='ltr'><strong>enim</strong></span> <span class='ocrx_word' id='word_1_470' title='bbox 615 3563 713 3634; x_wconf 75' lang='grc' dir='ltr'>ιιοιιιιι,</span> <span class='ocrx_word' id='word_1_471' title='bbox 725 3563 790 3635; x_wconf 90' lang='lat' dir='ltr'><strong>quia</strong></span> <span class='ocrx_word' id='word_1_472' title='bbox 801 3577 854 3618; x_wconf 92' lang='lat' dir='ltr'><strong>non</strong></span> <span class='ocrx_word' id='word_1_473' title='bbox 865 3560 899 3619; x_wconf 87' lang='lat' dir='ltr'><strong>de</strong></span> <span class='ocrx_word' id='word_1_474' title='bbox 913 3562 954 3619; x_wconf 91' lang='lat' dir='ltr'><strong>di·</strong></span> <span class='ocrx_word' id='word_1_475' title='bbox 989 3580 1051 3620; x_wconf 92' lang='lat' dir='ltr'><strong>nam</strong></span> <span class='ocrx_word' id='word_1_476' title='bbox 1072 3564 1169 3620; x_wconf 88' lang='lat' dir='ltr'><strong>civitas</strong></span> <span class='ocrx_word' id='word_1_477' title='bbox 1190 3579 1243 3620; x_wconf 89' lang='lat' dir='ltr'><strong>non</strong></span> <span class='ocrx_word' id='word_1_478' title='bbox 1266 3577 1409 3636; x_wconf 88' lang='lat' dir='ltr'><strong>supreme,</strong></span> <span class='ocrx_word' id='word_1_479' title='bbox 1430 3576 1481 3617; x_wconf 92' lang='lat' dir='ltr'><strong>nec</strong></span> <span class='ocrx_word' id='word_1_480' title='bbox 1502 3557 1727 3630; x_wconf 89' lang='lat' dir='ltr'><strong>metropolitana,</strong></span> <span class='ocrx_word' id='word_1_481' title='bbox 1743 3556 1793 3614; x_wconf 87' lang='lat' dir='ltr'><strong>sed</strong></span> 
     </span>
     <span class='ocr_line' id='line_1_39' title="bbox 149 3645 1794 3725; baseline -0.002 -19"><span class='ocrx_word' id='word_1_482' title='bbox 149 3649 220 3706; x_wconf 87' lang='lat' dir='ltr'><strong>vinis</strong></span> <span class='ocrx_word' id='word_1_483' title='bbox 236 3649 391 3721; x_wconf 87' lang='lat' dir='ltr'><strong>privilegiis,</strong></span> <span class='ocrx_word' id='word_1_484' title='bbox 407 3649 454 3706; x_wconf 90' lang='lat' dir='ltr'><strong>sed</strong></span> <span class='ocrx_word' id='word_1_485' title='bbox 466 3650 499 3707; x_wconf 90' lang='lat' dir='ltr'><strong>de</strong></span> <span class='ocrx_word' id='word_1_486' title='bbox 515 3650 641 3707; x_wconf 90' lang='lat' dir='ltr'><strong>humanis</strong></span> <span class='ocrx_word' id='word_1_487' title='bbox 653 3657 816 3721; x_wconf 87' lang='lat' dir='ltr'><strong>tractamus,</strong></span> <span class='ocrx_word' id='word_1_488' title='bbox 827 3658 857 3709; x_wconf 93' lang='lat' dir='ltr'><strong>ut</strong></span> <span class='ocrx_word' id='word_1_489' title='bbox 868 3669 953 3723; x_wconf 88' lang='lat' dir='ltr'><strong>supra</strong></span> <span class='ocrx_word' id='word_1_490' title='bbox 989 3653 1127 3710; x_wconf 88' lang='lat' dir='ltr'><strong>ordinaria</strong></span> <span class='ocrx_word' id='word_1_491' title='bbox 1138 3659 1230 3725; x_wconf 83' lang='lat' dir='ltr'><strong>potest</strong></span> <span class='ocrx_word' id='word_1_492' title='bbox 1242 3653 1360 3711; x_wconf 85' lang='lat' dir='ltr'><strong>eximere</strong></span> <span class='ocrx_word' id='word_1_493' title='bbox 1371 3651 1459 3708; x_wconf 87' lang='lat' dir='ltr'><strong>civem</strong></span> <span class='ocrx_word' id='word_1_494' title='bbox 1472 3667 1486 3706; x_wconf 91' lang='lat' dir='ltr'><strong>a</strong></span> <span class='ocrx_word' id='word_1_495' title='bbox 1499 3649 1621 3718; x_wconf 89' lang='lat' dir='ltr'><strong>tributis,</strong></span> <span class='ocrx_word' id='word_1_496' title='bbox 1637 3645 1679 3702; x_wconf 91' lang='lat' dir='ltr'><strong>vel</strong></span> <span class='ocrx_word' id='word_1_497' title='bbox 1691 3645 1725 3702; x_wconf 90' lang='lat' dir='ltr'><strong>ab</strong></span> <span class='ocrx_word' id='word_1_498' title='bbox 1735 3645 1794 3702; x_wconf 87' lang='lat' dir='ltr'><strong>aliie</strong></span> 
     </span>
     <span class='ocr_line' id='line_1_40' title="bbox 147 3735 1794 3816; baseline -0.004 -20"><span class='ocrx_word' id='word_1_499' title='bbox 147 3739 232 3796; x_wconf 89' lang='lat' dir='ltr'><strong>etiarn</strong></span> <span class='ocrx_word' id='word_1_500' title='bbox 250 3739 356 3796; x_wconf 87' lang='lat' dir='ltr'><strong>dictum</strong></span> <span class='ocrx_word' id='word_1_501' title='bbox 371 3742 438 3812; x_wconf 77' lang='lat' dir='ltr'><strong>esti.</strong></span> <span class='ocrx_word' id='word_1_502' title='bbox 455 3741 493 3796; x_wconf 84' lang='lat' dir='ltr'><strong>Ex</strong></span> <span class='ocrx_word' id='word_1_503' title='bbox 509 3740 559 3796; x_wconf 90' lang='lat' dir='ltr'><strong>illis</strong></span> <span class='ocrx_word' id='word_1_504' title='bbox 574 3745 665 3797; x_wconf 90' lang='lat' dir='ltr'><strong>autem</strong></span> <span class='ocrx_word' id='word_1_505' title='bbox 680 3741 789 3800; x_wconf 87' lang='lat' dir='ltr'><strong>duabus</strong></span> <span class='ocrx_word' id='word_1_506' title='bbox 803 3742 951 3816; x_wconf 88' lang='lat' dir='ltr'><strong>generibus</strong></span> <span class='ocrx_word' id='word_1_507' title='bbox 987 3743 1149 3801; x_wconf 90' lang='lat' dir='ltr'><strong>muneribus</strong></span> <span class='ocrx_word' id='word_1_508' title='bbox 1168 3758 1217 3815; x_wconf 92' lang='lat' dir='ltr'><strong>per</strong></span> <span class='ocrx_word' id='word_1_509' title='bbox 1235 3742 1347 3798; x_wconf 85' lang='lat' dir='ltr'><strong>rnoalnm</strong></span> <span class='ocrx_word' id='word_1_510' title='bbox 1364 3742 1455 3812; x_wconf 90' lang='lat' dir='ltr'><strong>pacti,</strong></span> <span class='ocrx_word' id='word_1_511' title='bbox 1471 3740 1504 3797; x_wconf 90' lang='lat' dir='ltr'><strong>ad</strong></span> <span class='ocrx_word' id='word_1_512' title='bbox 1518 3736 1593 3811; x_wconf 90' lang='lat' dir='ltr'><strong>quod</strong></span> <span class='ocrx_word' id='word_1_513' title='bbox 1610 3753 1663 3793; x_wconf 92' lang='lat' dir='ltr'><strong>non</strong></span> <span class='ocrx_word' id='word_1_514' title='bbox 1678 3735 1794 3809; x_wconf 89' lang='lat' dir='ltr'><strong>requiri·</strong></span> 
     </span>
     <span class='ocr_line' id='line_1_41' title="bbox 148 3824 1791 3906; baseline -0.004 -20"><span class='ocrx_word' id='word_1_515' title='bbox 148 3843 298 3886; x_wconf 88' lang='lat' dir='ltr'><strong>cauearum</strong></span> <span class='ocrx_word' id='word_1_516' title='bbox 322 3827 405 3896; x_wconf 89' lang='lat' dir='ltr'><strong>illud,</strong></span> <span class='ocrx_word' id='word_1_517' title='bbox 432 3829 507 3902; x_wconf 90' lang='lat' dir='ltr'><strong>quod</strong></span> <span class='ocrx_word' id='word_1_518' title='bbox 529 3829 562 3886; x_wconf 91' lang='lat' dir='ltr'><strong>ad</strong></span> <span class='ocrx_word' id='word_1_519' title='bbox 582 3831 810 3888; x_wconf 86' lang='lat' dir='ltr'><strong>consuetudinem</strong></span> <span class='ocrx_word' id='word_1_520' title='bbox 831 3839 952 3905; x_wconf 86' lang='lat' dir='ltr'><strong>spectat,</strong></span> <span class='ocrx_word' id='word_1_521' title='bbox 987 3839 1033 3889; x_wconf 91' lang='lat' dir='ltr'><strong>tur</strong></span> <span class='ocrx_word' id='word_1_522' title='bbox 1047 3832 1095 3904; x_wconf 64' lang='lat' dir='ltr'><strong>{vis</strong></span> <span class='ocrx_word' id='word_1_523' title='bbox 1114 3831 1280 3906; x_wconf 82' lang='lat' dir='ltr'><strong>legislativa3</strong></span> <span class='ocrx_word' id='word_1_524' title='bbox 1300 3836 1328 3887; x_wconf 89' lang='lat' dir='ltr'><strong>et</strong></span> <span class='ocrx_word' id='word_1_525' title='bbox 1348 3829 1476 3886; x_wconf 80' lang='lat' dir='ltr'><strong>illudent</strong></span> <span class='ocrx_word' id='word_1_526' title='bbox 1496 3843 1593 3883; x_wconf 84' lang='lat' dir='ltr'><strong>uerum</strong></span> <span class='ocrx_word' id='word_1_527' title='bbox 1608 3824 1791 3899; x_wconf 82' lang='lat' dir='ltr'><strong>privilegium,</strong></span> 
     </span>
     <span class='ocr_line' id='line_1_42' title="bbox 147 3913 1789 3993; baseline -0.004 -19"><span class='ocrx_word' id='word_1_528' title='bbox 147 3924 283 3991; x_wconf 90' lang='lat' dir='ltr'><strong>quantum</strong></span> <span class='ocrx_word' id='word_1_529' title='bbox 307 3915 341 3974; x_wconf 89' lang='lat' dir='ltr'><strong>ad</strong></span> <span class='ocrx_word' id='word_1_530' title='bbox 362 3932 492 3990; x_wconf 88' lang='lat' dir='ltr'><strong>praesens</strong></span> <span class='ocrx_word' id='word_1_531' title='bbox 512 3924 634 3991; x_wconf 89' lang='lat' dir='ltr'><strong>spectat,</strong></span> <span class='ocrx_word' id='word_1_532' title='bbox 651 3919 676 3974; x_wconf 92' lang='lat' dir='ltr'><strong>in</strong></span> <span class='ocrx_word' id='word_1_533' title='bbox 697 3919 794 3976; x_wconf 87' lang='lat' dir='ltr'><strong>endem</strong></span> <span class='ocrx_word' id='word_1_534' title='bbox 815 3922 949 3993; x_wconf 88' lang='lat' dir='ltr'><strong>superiori</strong></span> <span class='ocrx_word' id='word_1_535' title='bbox 987 3924 1068 3978; x_wconf 90' lang='lat' dir='ltr'><strong>etiam</strong></span> <span class='ocrx_word' id='word_1_536' title='bbox 1082 3919 1275 3992; x_wconf 84' lang='lat' dir='ltr'><strong>irrevocabile,</strong></span> <span class='ocrx_word' id='word_1_537' title='bbox 1296 3925 1328 3976; x_wconf 89' lang='lat' dir='ltr'><strong>ut</strong></span> <span class='ocrx_word' id='word_1_538' title='bbox 1342 3916 1670 3975; x_wconf 85' lang='lat' dir='ltr'><strong>notavitPancrmitanus</strong></span> <span class='ocrx_word' id='word_1_539' title='bbox 1684 3913 1710 3968; x_wconf 90' lang='lat' dir='ltr'><strong>in</strong></span> <span class='ocrx_word' id='word_1_540' title='bbox 1726 3928 1789 3983; x_wconf 90' lang='lat' dir='ltr'><strong>cap.</strong></span> 
     </span>
     <span class='ocr_line' id='line_1_43' title="bbox 147 3992 1791 4093; baseline -0.004 -29"><span class='ocrx_word' id='word_1_541' title='bbox 147 4007 237 4079; x_wconf 87' lang='lat' dir='ltr'><strong>capite</strong></span> <span class='ocrx_word' id='word_1_542' title='bbox 258 4007 322 4064; x_wconf 88' lang='lat' dir='ltr'><strong>satis</strong></span> <span class='ocrx_word' id='word_1_543' title='bbox 341 4013 491 4093; x_wconf 86' lang='lat' dir='ltr'><strong>tractatum</strong></span> <span class='ocrx_word' id='word_1_544' title='bbox 511 4014 574 4081; x_wconf 69' lang='lat' dir='ltr'><strong>estq</strong></span> <span class='ocrx_word' id='word_1_545' title='bbox 597 4008 749 4067; x_wconf 88' lang='lat' dir='ltr'><strong>seeundum</strong></span> <span class='ocrx_word' id='word_1_546' title='bbox 764 4025 830 4083; x_wconf 90' lang='lat' dir='ltr'><strong>ergo</strong></span> <span class='ocrx_word' id='word_1_547' title='bbox 847 4010 889 4068; x_wconf 89' lang='lat' dir='ltr'><strong>bic</strong></span> <span class='ocrx_word' id='word_1_548' title='bbox 905 4029 952 4069; x_wconf 91' lang='lat' dir='ltr'><strong>su·</strong></span> <span class='ocrx_word' id='word_1_549' title='bbox 988 4014 1142 4078; x_wconf 82' lang='lat' dir='ltr'><strong>Pervenit,</strong></span> <span class='ocrx_word' id='word_1_550' title='bbox 1160 4011 1194 4067; x_wconf 91' lang='lat' dir='ltr'><strong>de</strong></span> <span class='ocrx_word' id='word_1_551' title='bbox 1208 4011 1380 4067; x_wconf 86' lang='lat' dir='ltr'><strong>immunitate</strong></span> <span class='ocrx_word' id='word_1_552' title='bbox 1392 3992 1597 4076; x_wconf 80' lang='lat' dir='ltr'><strong>ecclesiastica,</strong></span> <span class='ocrx_word' id='word_1_553' title='bbox 1613 4019 1680 4063; x_wconf 91' lang='lat' dir='ltr'><strong>cum</strong></span> <span class='ocrx_word' id='word_1_554' title='bbox 1694 4004 1791 4059; x_wconf 88' lang='lat' dir='ltr'><strong>Barla-</strong></span> 
     </span>
     <span class='ocr_line' id='line_1_44' title="bbox 148 4090 1789 4175; baseline -0.004 -21"><span class='ocrx_word' id='word_1_555' title='bbox 148 4103 242 4168; x_wconf 88' lang='lat' dir='ltr'><strong>perest</strong></span> <span class='ocrx_word' id='word_1_556' title='bbox 254 4097 459 4169; x_wconf 84' lang='lat' dir='ltr'><strong>explicandum.</strong></span> <span class='ocrx_word' id='word_1_557' title='bbox 830 4163 834 4172; x_wconf 32' lang='lat'>¹</span> <span class='ocrx_word' id='word_1_558' title='bbox 986 4101 1031 4173; x_wconf 89' lang='lat' dir='ltr'><strong>lo,</strong></span> <span class='ocrx_word' id='word_1_559' title='bbox 1047 4103 1074 4158; x_wconf 90' lang='lat' dir='ltr'><strong>in</strong></span> <span class='ocrx_word' id='word_1_560' title='bbox 1089 4100 1147 4174; x_wconf 87' lang='lat' dir='ltr'><strong>lege</strong></span> <span class='ocrx_word' id='word_1_561' title='bbox 1162 4097 1239 4175; x_wconf 81' lang='lat' dir='ltr'><strong>quod</strong></span> <span class='ocrx_word' id='word_1_562' title='bbox 1252 4097 1351 4162; x_wconf 86' lang='lat' dir='ltr'><strong>semel,</strong></span> <span class='ocrx_word' id='word_1_563' title='bbox 1366 4099 1396 4154; x_wconf 92' lang='lat' dir='ltr'><strong>ll.</strong></span> <span class='ocrx_word' id='word_1_564' title='bbox 1410 4097 1443 4155; x_wconf 91' lang='lat' dir='ltr'><strong>de</strong></span> <span class='ocrx_word' id='word_1_565' title='bbox 1456 4097 1576 4154; x_wconf 84' lang='lat' dir='ltr'><strong>decretis</strong></span> <span class='ocrx_word' id='word_1_566' title='bbox 1591 4095 1625 4151; x_wconf 93' lang='lat' dir='ltr'><strong>ab</strong></span> <span class='ocrx_word' id='word_1_567' title='bbox 1639 4092 1732 4151; x_wconf 89' lang='lat' dir='ltr'><strong>ordine</strong></span> <span class='ocrx_word' id='word_1_568' title='bbox 1749 4090 1789 4148; x_wconf 89' lang='lat' dir='ltr'><strong>la-</strong></span> 
     </span>
     <span class='ocr_line' id='line_1_45' title="bbox 187 4182 1791 4263; baseline -0.004 -20"><span class='ocrx_word' id='word_1_569' title='bbox 187 4190 216 4243; x_wconf 79' lang='lat'><strong>2.</strong></span> <span class='ocrx_word' id='word_1_570' title='bbox 231 4189 268 4244; x_wconf 85' lang='lat' dir='ltr'><strong>be</strong></span> <span class='ocrx_word' id='word_1_571' title='bbox 289 4185 332 4243; x_wconf 92' lang='lat' dir='ltr'><strong>illa</strong></span> <span class='ocrx_word' id='word_1_572' title='bbox 352 4202 419 4260; x_wconf 92' lang='lat' dir='ltr'><strong>ergo</strong></span> <span class='ocrx_word' id='word_1_573' title='bbox 439 4187 509 4244; x_wconf 89' lang='lat' dir='ltr'><strong>duae</strong></span> <span class='ocrx_word' id='word_1_574' title='bbox 530 4187 642 4262; x_wconf 90' lang='lat' dir='ltr'><strong>regulae</strong></span> <span class='ocrx_word' id='word_1_575' title='bbox 663 4187 802 4260; x_wconf 89' lang='lat' dir='ltr'><strong>generales</strong></span> <span class='ocrx_word' id='word_1_576' title='bbox 817 4189 952 4261; x_wconf 87' lang='lat' dir='ltr'><strong>assignari</strong></span> <span class='ocrx_word' id='word_1_577' title='bbox 985 4190 1098 4248; x_wconf 90' lang='lat' dir='ltr'><strong>ciendis.</strong></span> <span class='ocrx_word' id='word_1_578' title='bbox 1115 4191 1149 4248; x_wconf 81' lang='lat' dir='ltr'><strong>Et</strong></span> <span class='ocrx_word' id='word_1_579' title='bbox 1170 4189 1196 4246; x_wconf 91' lang='lat' dir='ltr'><strong>in</strong></span> <span class='ocrx_word' id='word_1_580' title='bbox 1217 4189 1276 4263; x_wconf 89' lang='lat' dir='ltr'><strong>lege</strong></span> <span class='ocrx_word' id='word_1_581' title='bbox 1296 4203 1396 4246; x_wconf 85' lang='lat' dir='ltr'><strong>omnes</strong></span> <span class='ocrx_word' id='word_1_582' title='bbox 1413 4186 1533 4262; x_wconf 72' lang='lat' dir='ltr'><strong>populi,</strong></span> <span class='ocrx_word' id='word_1_583' title='bbox 1552 4186 1579 4243; x_wconf 85' lang='lat' dir='ltr'><strong>tl.</strong></span> <span class='ocrx_word' id='word_1_584' title='bbox 1596 4183 1630 4241; x_wconf 91' lang='lat' dir='ltr'><strong>de</strong></span> <span class='ocrx_word' id='word_1_585' title='bbox 1645 4182 1747 4240; x_wconf 89' lang='lat' dir='ltr'><strong>iustitia</strong></span> <span class='ocrx_word' id='word_1_586' title='bbox 1763 4185 1791 4238; x_wconf 87' lang='lat' dir='ltr'><strong>et</strong></span> 
     </span>
     <span class='ocr_line' id='line_1_46' title="bbox 143 4275 1792 4352; baseline 0 -23"><span class='ocrx_word' id='word_1_587' title='bbox 143 4283 274 4346; x_wconf 86' lang='lat' dir='ltr'><strong>pessunt.</strong></span> <span class='ocrx_word' id='word_1_588' title='bbox 290 4276 367 4332; x_wconf 88' lang='lat' dir='ltr'><strong>Prior</strong></span> <span class='ocrx_word' id='word_1_589' title='bbox 382 4283 437 4332; x_wconf 86' lang='lat' dir='ltr'><strong>est:</strong></span> <span class='ocrx_word' id='word_1_590' title='bbox 454 4277 627 4349; x_wconf 82' lang='lat' dir='ltr'><strong>Quicumque</strong></span> <span class='ocrx_word' id='word_1_591' title='bbox 642 4282 731 4347; x_wconf 87' lang='lat' dir='ltr'><strong>potest</strong></span> <span class='ocrx_word' id='word_1_592' title='bbox 745 4275 832 4349; x_wconf 88' lang='lat' dir='ltr'><strong>legem</strong></span> <span class='ocrx_word' id='word_1_593' title='bbox 850 4277 950 4334; x_wconf 91' lang='lat' dir='ltr'><strong>conde·</strong></span> <span class='ocrx_word' id='word_1_594' title='bbox 985 4279 1044 4337; x_wconf 90' lang='lat' dir='ltr'><strong>iure</strong></span> <span class='ocrx_word' id='word_1_595' title='bbox 1055 4323 1062 4352; x_wconf 89' lang='lat'><strong>,</strong></span> <span class='ocrx_word' id='word_1_596' title='bbox 1074 4288 1102 4338; x_wconf 89' lang='lat' dir='ltr'><strong>et</strong></span> <span class='ocrx_word' id='word_1_597' title='bbox 1116 4279 1158 4338; x_wconf 90' lang='lat' dir='ltr'><strong>alii</strong></span> <span class='ocrx_word' id='word_1_598' title='bbox 1174 4280 1253 4337; x_wconf 90' lang='lat' dir='ltr'><strong>multi</strong></span> <span class='ocrx_word' id='word_1_599' title='bbox 1263 4322 1270 4350; x_wconf 92' lang='lat'><strong>,</strong></span> <span class='ocrx_word' id='word_1_600' title='bbox 1282 4281 1330 4352; x_wconf 94' lang='lat' dir='ltr'><strong>qui</strong></span> <span class='ocrx_word' id='word_1_601' title='bbox 1345 4279 1381 4334; x_wconf 90' lang='lat' dir='ltr'><strong>ibi</strong></span> <span class='ocrx_word' id='word_1_602' title='bbox 1395 4277 1554 4335; x_wconf 76' lang='lat' dir='ltr'><strong>referuntur</strong></span> <span class='ocrx_word' id='word_1_603' title='bbox 1565 4317 1572 4344; x_wconf 97' lang='lat'><strong>,</strong></span> <span class='ocrx_word' id='word_1_604' title='bbox 1584 4282 1612 4331; x_wconf 90' lang='lat' dir='ltr'><strong>et</strong></span> <span class='ocrx_word' id='word_1_605' title='bbox 1623 4275 1743 4331; x_wconf 88' lang='lat' dir='ltr'><strong>sumitur</strong></span> <span class='ocrx_word' id='word_1_606' title='bbox 1757 4287 1792 4329; x_wconf 89' lang='lat' dir='ltr'><strong>ex</strong></span> 
     </span>
     <span class='ocr_line' id='line_1_47' title="bbox 144 4359 1776 4443; baseline 0 -24"><span class='ocrx_word' id='word_1_607' title='bbox 144 4378 193 4435; x_wconf 89' lang='lat' dir='ltr'><strong>re,</strong></span> <span class='ocrx_word' id='word_1_608' title='bbox 210 4369 302 4434; x_wconf 86' lang='lat' dir='ltr'><strong>potest</strong></span> <span class='ocrx_word' id='word_1_609' title='bbox 316 4365 397 4422; x_wconf 86' lang='lat' dir='ltr'><strong>eliam</strong></span> <span class='ocrx_word' id='word_1_610' title='bbox 414 4365 583 4440; x_wconf 86' lang='lat' dir='ltr'><strong>privilegium</strong></span> <span class='ocrx_word' id='word_1_611' title='bbox 600 4359 764 4422; x_wconf 71' lang='lat' dir='ltr'><strong>concedere.</strong></span> <span class='ocrx_word' id='word_1_612' title='bbox 781 4367 875 4424; x_wconf 79' lang='lat' dir='ltr'><strong>Altera</strong></span> <span class='ocrx_word' id='word_1_613' title='bbox 895 4373 947 4424; x_wconf 90' lang='lat' dir='ltr'><strong>est:</strong></span> <span class='ocrx_word' id='word_1_614' title='bbox 985 4370 1044 4443; x_wconf 84' lang='lat' dir='ltr'><strong>lege</strong></span> <span class='ocrx_word' id='word_1_615' title='bbox 1061 4374 1087 4441; x_wconf 90' lang='lat' dir='ltr'><strong>l,</strong></span> <span class='ocrx_word' id='word_1_616' title='bbox 1102 4370 1132 4425; x_wconf 86' lang='lat' dir='ltr'><strong>G.</strong></span> <span class='ocrx_word' id='word_1_617' title='bbox 1150 4367 1183 4426; x_wconf 89' lang='lat' dir='ltr'><strong>de</strong></span> <span class='ocrx_word' id='word_1_618' title='bbox 1198 4367 1252 4440; x_wconf 84' lang='lat' dir='ltr'><strong>bis,</strong></span> <span class='ocrx_word' id='word_1_619' title='bbox 1267 4383 1338 4440; x_wconf 90' lang='lat' dir='ltr'><strong>quaa</strong></span> <span class='ocrx_word' id='word_1_620' title='bbox 1353 4372 1468 4437; x_wconf 87' lang='lat' dir='ltr'><strong>sponte,</strong></span> <span class='ocrx_word' id='word_1_621' title='bbox 1484 4371 1538 4422; x_wconf 88' lang='lat' dir='ltr'><strong>etc.</strong></span> <span class='ocrx_word' id='word_1_622' title='bbox 1556 4363 1602 4421; x_wconf 92' lang='lat' dir='ltr'><strong>lib.</strong></span> <span class='ocrx_word' id='word_1_623' title='bbox 1623 4367 1666 4422; x_wconf 86' lang='lat' dir='ltr'><strong>lc.</strong></span> <span class='ocrx_word' id='word_1_624' title='bbox 1773 4397 1776 4404; x_wconf 89' lang='lat'>·</span> 
     </span>
     <span class='ocr_line' id='line_1_48' title="bbox 144 4448 1784 4534; baseline -0.005 -22"><span class='ocrx_word' id='word_1_625' title='bbox 144 4453 244 4512; x_wconf 87' lang='lat' dir='ltr'><strong>Nullus</strong></span> <span class='ocrx_word' id='word_1_626' title='bbox 258 4461 350 4526; x_wconf 89' lang='lat' dir='ltr'><strong>potest</strong></span> <span class='ocrx_word' id='word_1_627' title='bbox 363 4455 534 4528; x_wconf 89' lang='lat' dir='ltr'><strong>privilegium</strong></span> <span class='ocrx_word' id='word_1_628' title='bbox 546 4455 710 4528; x_wconf 88' lang='lat' dir='ltr'><strong>concedere,</strong></span> <span class='ocrx_word' id='word_1_629' title='bbox 723 4457 770 4529; x_wconf 91' lang='lat' dir='ltr'><strong>qui</strong></span> <span class='ocrx_word' id='word_1_630' title='bbox 784 4455 871 4530; x_wconf 89' lang='lat' dir='ltr'><strong>legem</strong></span> <span class='ocrx_word' id='word_1_631' title='bbox 882 4473 949 4534; x_wconf 79' lang='lat' dir='ltr'><strong>con·</strong></span> <span class='ocrx_word' id='word_1_632' title='bbox 1022 4463 1050 4517; x_wconf 85' lang='lat' dir='ltr'><strong>l.</strong></span> <span class='ocrx_word' id='word_1_633' title='bbox 1067 4456 1243 4528; x_wconf 85' lang='lat' dir='ltr'><strong>Respondeo,</strong></span> <span class='ocrx_word' id='word_1_634' title='bbox 1259 4455 1335 4530; x_wconf 91' lang='lat' dir='ltr'><strong>quod</strong></span> <span class='ocrx_word' id='word_1_635' title='bbox 1355 4455 1418 4512; x_wconf 91' lang='lat' dir='ltr'><strong>licet</strong></span> <span class='ocrx_word' id='word_1_636' title='bbox 1438 4453 1608 4527; x_wconf 85' lang='lat' dir='ltr'><strong>privilegium</strong></span> <span class='ocrx_word' id='word_1_637' title='bbox 1623 4453 1658 4507; x_wconf 86' lang='lat' dir='ltr'><strong>sit</strong></span> <span class='ocrx_word' id='word_1_638' title='bbox 1672 4450 1713 4506; x_wconf 89' lang='lat' dir='ltr'><strong>lex</strong></span> <span class='ocrx_word' id='word_1_639' title='bbox 1730 4448 1784 4520; x_wconf 89' lang='lat' dir='ltr'><strong>pri·</strong></span> 
     </span>
     <span class='ocr_line' id='line_1_49' title="bbox 144 4531 1784 4621; baseline -0.006 -18"><span class='ocrx_word' id='word_1_640' title='bbox 144 4545 212 4603; x_wconf 87' lang='lat' dir='ltr'><strong>dere</strong></span> <span class='ocrx_word' id='word_1_641' title='bbox 230 4560 286 4601; x_wconf 88' lang='lat' dir='ltr'><strong>non</strong></span> <span class='ocrx_word' id='word_1_642' title='bbox 305 4550 403 4616; x_wconf 85' lang='lat' dir='ltr'><strong>potest.</strong></span> <span class='ocrx_word' id='word_1_643' title='bbox 420 4547 455 4602; x_wconf 85' lang='lat' dir='ltr'><strong>Et</strong></span> <span class='ocrx_word' id='word_1_644' title='bbox 469 4545 562 4603; x_wconf 90' lang='lat' dir='ltr'><strong>ambae</strong></span> <span class='ocrx_word' id='word_1_645' title='bbox 577 4545 629 4602; x_wconf 92' lang='lat' dir='ltr'><strong>sub</strong></span> <span class='ocrx_word' id='word_1_646' title='bbox 643 4562 698 4602; x_wconf 88' lang='lat' dir='ltr'><strong>una</strong></span> <span class='ocrx_word' id='word_1_647' title='bbox 712 4544 852 4604; x_wconf 87' lang='lat' dir='ltr'><strong>exclusiva</strong></span> <span class='ocrx_word' id='word_1_648' title='bbox 872 4561 949 4603; x_wconf 90' lang='lat' dir='ltr'><strong>cnm·</strong></span> <span class='ocrx_word' id='word_1_649' title='bbox 985 4547 1243 4621; x_wconf 64' lang='lat' dir='ltr'><strong>conmilitonibus</strong></span> <span class='ocrx_word' id='word_1_650' title='bbox 1257 4561 1291 4602; x_wconf 84' lang='lat' dir='ltr'><strong>ex</strong></span> <span class='ocrx_word' id='word_1_651' title='bbox 1303 4531 1442 4617; x_wconf 51' lang='lat' dir='ltr'><strong>ea&#39;psrte,</strong></span> <span class='ocrx_word' id='word_1_652' title='bbox 1454 4559 1509 4616; x_wconf 90' lang='lat' dir='ltr'><strong>qua</strong></span> <span class='ocrx_word' id='word_1_653' title='bbox 1519 4542 1633 4614; x_wconf 85' lang='lat' dir='ltr'><strong>derogat</strong></span> <span class='ocrx_word' id='word_1_654' title='bbox 1643 4539 1694 4596; x_wconf 90' lang='lat' dir='ltr'><strong>iuri</strong></span> <span class='ocrx_word' id='word_1_655' title='bbox 1706 4553 1784 4594; x_wconf 89' lang='lat' dir='ltr'><strong>ccm-</strong></span> 
     </span>
     <span class='ocr_line' id='line_1_50' title="bbox 145 4621 1789 4712; baseline -0.005 -20"><span class='ocrx_word' id='word_1_656' title='bbox 145 4634 355 4709; x_wconf 87' lang='lat' dir='ltr'><strong>prehenduntur</strong></span> <span class='ocrx_word' id='word_1_657' title='bbox 366 4679 373 4707; x_wconf 93' lang='lat'><strong>,</strong></span> <span class='ocrx_word' id='word_1_658' title='bbox 385 4635 461 4693; x_wconf 89' lang='lat' dir='ltr'><strong>solus</strong></span> <span class='ocrx_word' id='word_1_659' title='bbox 473 4637 516 4692; x_wconf 88' lang='lat' dir='ltr'><strong>ille</strong></span> <span class='ocrx_word' id='word_1_660' title='bbox 527 4643 616 4708; x_wconf 89' lang='lat' dir='ltr'><strong>potest</strong></span> <span class='ocrx_word' id='word_1_661' title='bbox 627 4637 797 4711; x_wconf 82' lang='lat' dir='ltr'><strong>privilegium</strong></span> <span class='ocrx_word' id='word_1_662' title='bbox 810 4637 886 4710; x_wconf 89' lang='lat' dir='ltr'><strong>dare,</strong></span> <span class='ocrx_word' id='word_1_663' title='bbox 901 4637 949 4712; x_wconf 92' lang='lat' dir='ltr'><strong>qui</strong></span> <span class='ocrx_word' id='word_1_664' title='bbox 985 4639 1079 4708; x_wconf 87' lang='lat' dir='ltr'><strong>muni,</strong></span> <span class='ocrx_word' id='word_1_665' title='bbox 1100 4635 1215 4709; x_wconf 88' lang='lat' dir='ltr'><strong>requirit</strong></span> <span class='ocrx_word' id='word_1_666' title='bbox 1234 4641 1399 4707; x_wconf 86' lang='lat' dir='ltr'><strong>potestatem</strong></span> <span class='ocrx_word' id='word_1_667' title='bbox 1421 4633 1558 4707; x_wconf 86' lang='lat' dir='ltr'><strong>publicana</strong></span> <span class='ocrx_word' id='word_1_668' title='bbox 1576 4637 1604 4687; x_wconf 91' lang='lat' dir='ltr'><strong>et</strong></span> <span class='ocrx_word' id='word_1_669' title='bbox 1618 4630 1652 4686; x_wconf 89' lang='lat' dir='ltr'><strong>de</strong></span> <span class='ocrx_word' id='word_1_670' title='bbox 1666 4621 1695 4686; x_wconf 82' lang='lat' dir='ltr'><strong>se</strong></span> <span class='ocrx_word' id='word_1_671' title='bbox 1710 4626 1789 4684; x_wconf 87' lang='lat' dir='ltr'><strong>suffl-</strong></span> 
     </span>
     <span class='ocr_line' id='line_1_51' title="bbox 145 4725 1786 4799; baseline -0.006 -16"><span class='ocrx_word' id='word_1_672' title='bbox 145 4733 239 4799; x_wconf 88' lang='lat' dir='ltr'><strong>pctest</strong></span> <span class='ocrx_word' id='word_1_673' title='bbox 249 4725 336 4798; x_wconf 89' lang='lat' dir='ltr'><strong>legem</strong></span> <span class='ocrx_word' id='word_1_674' title='bbox 353 4725 433 4782; x_wconf 84' lang='lat' dir='ltr'><strong>terra.</strong></span> <span class='ocrx_word' id='word_1_675' title='bbox 450 4727 489 4783; x_wconf 91' lang='lat' dir='ltr'><strong>lta</strong></span> <span class='ocrx_word' id='word_1_676' title='bbox 510 4727 592 4783; x_wconf 89' lang='lat' dir='ltr'><strong>sentit</strong></span> <span class='ocrx_word' id='word_1_677' title='bbox 602 4725 632 4783; x_wconf 92' lang='lat' dir='ltr'><strong>d.</strong></span> <span class='ocrx_word' id='word_1_678' title='bbox 647 4727 800 4784; x_wconf 81' lang='lat' dir='ltr'><strong>dntnninus</strong></span> <span class='ocrx_word' id='word_1_679' title='bbox 820 4733 844 4786; x_wconf 94' lang='lat' dir='ltr'><strong>l.</strong></span> <span class='ocrx_word' id='word_1_680' title='bbox 858 4733 947 4799; x_wconf 91' lang='lat' dir='ltr'><strong>parte,</strong></span> <span class='ocrx_word' id='word_1_681' title='bbox 984 4730 1101 4786; x_wconf 89' lang='lat' dir='ltr'><strong>cientem</strong></span> <span class='ocrx_word' id='word_1_682' title='bbox 1116 4725 1149 4783; x_wconf 90' lang='lat' dir='ltr'><strong>ad</strong></span> <span class='ocrx_word' id='word_1_683' title='bbox 1156 4725 1386 4784; x_wconf 84' lang='lat' dir='ltr'><strong>constituendum</strong></span> <span class='ocrx_word' id='word_1_684' title='bbox 1398 4727 1441 4781; x_wconf 90' lang='lat' dir='ltr'><strong>ius</strong></span> <span class='ocrx_word' id='word_1_685' title='bbox 1453 4737 1617 4780; x_wconf 87' lang='lat' dir='ltr'><strong>commune:</strong></span> <span class='ocrx_word' id='word_1_686' title='bbox 1630 4736 1663 4776; x_wconf 90' lang='lat' dir='ltr'><strong>ex</strong></span> <span class='ocrx_word' id='word_1_687' title='bbox 1678 4734 1710 4775; x_wconf 92' lang='lat' dir='ltr'><strong>ea</strong></span> <span class='ocrx_word' id='word_1_688' title='bbox 1720 4732 1786 4774; x_wconf 86' lang='lat' dir='ltr'><strong>vero</strong></span> 
     </span>
     <span class='ocr_line' id='line_1_52' title="bbox 146 4805 1788 4890; baseline -0.006 -18"><span class='ocrx_word' id='word_1_689' title='bbox 146 4817 188 4872; x_wconf 90' lang='lat' dir='ltr'><strong>tit.</strong></span> <span class='ocrx_word' id='word_1_690' title='bbox 209 4817 257 4886; x_wconf 82' lang='lat' dir='ltr'><strong>ta,</strong></span> <span class='ocrx_word' id='word_1_691' title='bbox 273 4830 335 4887; x_wconf 93' lang='lat' dir='ltr'><strong>cap.</strong></span> <span class='ocrx_word' id='word_1_692' title='bbox 355 4817 384 4884; x_wconf 94' lang='lat' dir='ltr'><strong>l,</strong></span> <span class='ocrx_word' id='word_1_693' title='bbox 400 4816 426 4870; x_wconf 93' lang='lat' dir='ltr'><strong>in</strong></span> <span class='ocrx_word' id='word_1_694' title='bbox 441 4815 528 4887; x_wconf 89' lang='lat' dir='ltr'><strong>princ.</strong></span> <span class='ocrx_word' id='word_1_695' title='bbox 545 4816 613 4872; x_wconf 86' lang='lat' dir='ltr'><strong>Nam</strong></span> <span class='ocrx_word' id='word_1_696' title='bbox 633 4815 697 4873; x_wconf 90' lang='lat' dir='ltr'><strong>licet</strong></span> <span class='ocrx_word' id='word_1_697' title='bbox 710 4817 878 4874; x_wconf 80' lang='lat' dir='ltr'><strong>exclusivum</strong></span> <span class='ocrx_word' id='word_1_698' title='bbox 893 4831 948 4874; x_wconf 90' lang='lat' dir='ltr'><strong>non</strong></span> <span class='ocrx_word' id='word_1_699' title='bbox 984 4824 1079 4889; x_wconf 89' lang='lat' dir='ltr'><strong>parte,</strong></span> <span class='ocrx_word' id='word_1_700' title='bbox 1095 4831 1150 4890; x_wconf 89' lang='lat' dir='ltr'><strong>qua</strong></span> <span class='ocrx_word' id='word_1_701' title='bbox 1165 4816 1337 4888; x_wconf 86' lang='lat' dir='ltr'><strong>privilegium</strong></span> <span class='ocrx_word' id='word_1_702' title='bbox 1357 4814 1440 4871; x_wconf 88' lang='lat' dir='ltr'><strong>babet</strong></span> <span class='ocrx_word' id='word_1_703' title='bbox 1452 4814 1505 4870; x_wconf 90' lang='lat' dir='ltr'><strong>vim</strong></span> <span class='ocrx_word' id='word_1_704' title='bbox 1521 4808 1656 4884; x_wconf 91' lang='lat' dir='ltr'><strong>obligandi</strong></span> <span class='ocrx_word' id='word_1_705' title='bbox 1671 4808 1738 4864; x_wconf 91' lang='lat' dir='ltr'><strong>alios</strong></span> <span class='ocrx_word' id='word_1_706' title='bbox 1753 4805 1788 4864; x_wconf 87' lang='lat' dir='ltr'><strong>ad</strong></span> 
     </span>
     <span class='ocr_line' id='line_1_53' title="bbox 145 4897 1788 4978; baseline -0.005 -18"><span class='ocrx_word' id='word_1_707' title='bbox 145 4903 243 4975; x_wconf 89' lang='lat' dir='ltr'><strong>addat,</strong></span> <span class='ocrx_word' id='word_1_708' title='bbox 258 4920 309 4961; x_wconf 90' lang='lat' dir='ltr'><strong>nec</strong></span> <span class='ocrx_word' id='word_1_709' title='bbox 329 4919 457 4977; x_wconf 81' lang='lat' dir='ltr'><strong>expresse</strong></span> <span class='ocrx_word' id='word_1_710' title='bbox 478 4911 576 4978; x_wconf 88' lang='lat' dir='ltr'><strong>ponat,</strong></span> <span class='ocrx_word' id='word_1_711' title='bbox 590 4905 740 4962; x_wconf 87' lang='lat' dir='ltr'><strong>secundam</strong></span> <span class='ocrx_word' id='word_1_712' title='bbox 755 4907 879 4978; x_wconf 89' lang='lat' dir='ltr'><strong>regulam</strong></span> <span class='ocrx_word' id='word_1_713' title='bbox 899 4921 947 4962; x_wconf 91' lang='lat' dir='ltr'><strong>ne·</strong></span> <span class='ocrx_word' id='word_1_714' title='bbox 985 4904 1150 4963; x_wconf 86' lang='lat' dir='ltr'><strong>servandum</strong></span> <span class='ocrx_word' id='word_1_715' title='bbox 1164 4905 1334 4977; x_wconf 88' lang='lat' dir='ltr'><strong>privilegium</strong></span> <span class='ocrx_word' id='word_1_716' title='bbox 1348 4904 1398 4974; x_wconf 88' lang='lat' dir='ltr'><strong>ipsi</strong></span> <span class='ocrx_word' id='word_1_717' title='bbox 1411 4902 1604 4976; x_wconf 81' lang='lat' dir='ltr'><strong>privilegiatis,</strong></span> <span class='ocrx_word' id='word_1_718' title='bbox 1617 4904 1660 4955; x_wconf 87' lang='lat' dir='ltr'><strong>est</strong></span> <span class='ocrx_word' id='word_1_719' title='bbox 1670 4911 1734 4954; x_wconf 90' lang='lat' dir='ltr'><strong>vera</strong></span> <span class='ocrx_word' id='word_1_720' title='bbox 1744 4897 1788 4953; x_wconf 85' lang='lat' dir='ltr'><strong>lex</strong></span> 
     </span>
     <span class='ocr_line' id='line_1_54' title="bbox 144 4990 1788 5070; baseline -0.005 -20"><span class='ocrx_word' id='word_1_721' title='bbox 144 4995 264 5068; x_wconf 82' lang='lat' dir='ltr'><strong>gativasn</strong></span> <span class='ocrx_word' id='word_1_722' title='bbox 279 4999 372 5066; x_wconf 89' lang='lat' dir='ltr'><strong>aperte</strong></span> <span class='ocrx_word' id='word_1_723' title='bbox 383 4993 469 5066; x_wconf 87' lang='lat' dir='ltr'><strong>ponit,</strong></span> <span class='ocrx_word' id='word_1_724' title='bbox 480 4993 835 5066; x_wconf 87' lang='lat' dir='ltr'><strong>etexplicataiilrmativam</strong></span> <span class='ocrx_word' id='word_1_725' title='bbox 847 4996 873 5052; x_wconf 89' lang='lat' dir='ltr'><strong>in</strong></span> <span class='ocrx_word' id='word_1_726' title='bbox 886 5011 948 5052; x_wconf 88' lang='lat' dir='ltr'><strong>sen·</strong></span> <span class='ocrx_word' id='word_1_727' title='bbox 984 4997 1134 5070; x_wconf 89' lang='lat' dir='ltr'><strong>respiciens</strong></span> <span class='ocrx_word' id='word_1_728' title='bbox 1153 4996 1394 5063; x_wconf 72' lang='lat' dir='ltr'><strong>communitatem,</strong></span> <span class='ocrx_word' id='word_1_729' title='bbox 1410 5000 1439 5050; x_wconf 91' lang='lat' dir='ltr'><strong>et</strong></span> <span class='ocrx_word' id='word_1_730' title='bbox 1459 4992 1519 5048; x_wconf 91' lang='lat' dir='ltr'><strong>ideo</strong></span> <span class='ocrx_word' id='word_1_731' title='bbox 1540 5007 1572 5047; x_wconf 91' lang='lat' dir='ltr'><strong>ex</strong></span> <span class='ocrx_word' id='word_1_732' title='bbox 1587 4990 1638 5046; x_wconf 89' lang='lat' dir='ltr'><strong>hac</strong></span> <span class='ocrx_word' id='word_1_733' title='bbox 1653 4993 1728 5060; x_wconf 93' lang='lat' dir='ltr'><strong>parte</strong></span> <span class='ocrx_word' id='word_1_734' title='bbox 1744 5001 1788 5042; x_wconf 85' lang='lat' dir='ltr'><strong>re-</strong></span> 
     </span>
     <span class='ocr_line' id='line_1_55' title="bbox 144 5077 1783 5161; baseline -0.004 -19"><span class='ocrx_word' id='word_1_735' title='bbox 144 5101 180 5142; x_wconf 94' lang='lat' dir='ltr'><strong>su</strong></span> <span class='ocrx_word' id='word_1_736' title='bbox 195 5084 348 5142; x_wconf 84' lang='lat' dir='ltr'><strong>exclusiva:</strong></span> <span class='ocrx_word' id='word_1_737' title='bbox 366 5088 394 5140; x_wconf 92' lang='lat' dir='ltr'><strong>et</strong></span> <span class='ocrx_word' id='word_1_738' title='bbox 406 5082 501 5140; x_wconf 88' lang='lat' dir='ltr'><strong>eodem</strong></span> <span class='ocrx_word' id='word_1_739' title='bbox 517 5083 599 5141; x_wconf 90' lang='lat' dir='ltr'><strong>mado</strong></span> <span class='ocrx_word' id='word_1_740' title='bbox 613 5084 734 5157; x_wconf 89' lang='lat' dir='ltr'><strong>loquitur</strong></span> <span class='ocrx_word' id='word_1_741' title='bbox 745 5085 862 5161; x_wconf 80' lang='lat' dir='ltr'><strong>sylvest.</strong></span> <span class='ocrx_word' id='word_1_742' title='bbox 876 5101 904 5158; x_wconf 94' lang='lat' dir='ltr'><strong>q.</strong></span> <span class='ocrx_word' id='word_1_743' title='bbox 918 5090 947 5158; x_wconf 79' lang='lat'><strong>2,</strong></span> <span class='ocrx_word' id='word_1_744' title='bbox 983 5086 1067 5161; x_wconf 89' lang='lat' dir='ltr'><strong>quirit</strong></span> <span class='ocrx_word' id='word_1_745' title='bbox 1080 5085 1219 5158; x_wconf 88' lang='lat' dir='ltr'><strong>publicam</strong></span> <span class='ocrx_word' id='word_1_746' title='bbox 1238 5089 1401 5156; x_wconf 87' lang='lat' dir='ltr'><strong>potestatem</strong></span> <span class='ocrx_word' id='word_1_747' title='bbox 1421 5081 1579 5153; x_wconf 88' lang='lat' dir='ltr'><strong>simpliciter</strong></span> <span class='ocrx_word' id='word_1_748' title='bbox 1595 5077 1783 5152; x_wconf 83' lang='lat' dir='ltr'><strong>legislativum.</strong></span> 
     </span>
     <span class='ocr_line' id='line_1_56' title="bbox 144 5166 1787 5249; baseline -0.005 -19"><span class='ocrx_word' id='word_1_749' title='bbox 144 5173 279 5247; x_wconf 78' lang='lat' dir='ltr'><strong>etdngel.</strong></span> <span class='ocrx_word' id='word_1_750' title='bbox 293 5190 321 5246; x_wconf 91' lang='lat' dir='ltr'><strong>q.</strong></span> <span class='ocrx_word' id='word_1_751' title='bbox 336 5177 363 5240; x_wconf 87' lang='grc'><strong>3,</strong></span> <span class='ocrx_word' id='word_1_752' title='bbox 375 5173 485 5232; x_wconf 86' lang='lat' dir='ltr'><strong>Tabien.</strong></span> <span class='ocrx_word' id='word_1_753' title='bbox 497 5190 525 5249; x_wconf 92' lang='lat' dir='ltr'><strong>q.</strong></span> <span class='ocrx_word' id='word_1_754' title='bbox 540 5179 568 5246; x_wconf 80' lang='lat'><strong>2,</strong></span> <span class='ocrx_word' id='word_1_755' title='bbox 580 5173 672 5232; x_wconf 85' lang='lat' dir='ltr'><strong>Rosci.</strong></span> <span class='ocrx_word' id='word_1_756' title='bbox 682 5190 710 5247; x_wconf 92' lang='lat' dir='ltr'><strong>q.</strong></span> <span class='ocrx_word' id='word_1_757' title='bbox 722 5179 752 5246; x_wconf 78' lang='lat'><strong>2,</strong></span> <span class='ocrx_word' id='word_1_758' title='bbox 765 5175 861 5231; x_wconf 82' lang='lat' dir='ltr'><strong>Armil.</strong></span> <span class='ocrx_word' id='word_1_759' title='bbox 875 5191 901 5232; x_wconf 92' lang='lat' dir='ltr'><strong>n.</strong></span> <span class='ocrx_word' id='word_1_760' title='bbox 918 5181 946 5234; x_wconf 81' lang='lat'><strong>3.</strong></span> <span class='ocrx_word' id='word_1_761' title='bbox 983 5175 1096 5244; x_wconf 87' lang='lat' dir='ltr'><strong>Quande</strong></span> <span class='ocrx_word' id='word_1_762' title='bbox 1110 5188 1174 5232; x_wconf 88' lang='lat' dir='ltr'><strong>vero</strong></span> <span class='ocrx_word' id='word_1_763' title='bbox 1194 5173 1364 5247; x_wconf 85' lang='lat' dir='ltr'><strong>privilegium</strong></span> <span class='ocrx_word' id='word_1_764' title='bbox 1379 5187 1434 5228; x_wconf 88' lang='lat' dir='ltr'><strong>nun</strong></span> <span class='ocrx_word' id='word_1_765' title='bbox 1448 5171 1531 5248; x_wconf 81' lang='lat' dir='ltr'><strong>tuerit</strong></span> <span class='ocrx_word' id='word_1_766' title='bbox 1545 5169 1715 5226; x_wconf 87' lang='lat' dir='ltr'><strong>contrarium</strong></span> <span class='ocrx_word' id='word_1_767' title='bbox 1730 5166 1787 5223; x_wconf 90' lang='lat' dir='ltr'><strong>iuri</strong></span> 
     </span>
     <span class='ocr_line' id='line_1_57' title="bbox 144 5261 1786 5339; baseline -0.004 -19"><span class='ocrx_word' id='word_1_768' title='bbox 144 5263 198 5333; x_wconf 87' lang='lat' dir='ltr'><strong>Qui</strong></span> <span class='ocrx_word' id='word_1_769' title='bbox 216 5279 311 5323; x_wconf 80' lang='lat' dir='ltr'><strong>onnes</strong></span> <span class='ocrx_word' id='word_1_770' title='bbox 330 5263 503 5338; x_wconf 86' lang='lat' dir='ltr'><strong>scripserunt</strong></span> <span class='ocrx_word' id='word_1_771' title='bbox 517 5281 551 5323; x_wconf 85' lang='lat' dir='ltr'><strong>ea</strong></span> <span class='ocrx_word' id='word_1_772' title='bbox 568 5265 704 5324; x_wconf 87' lang='lat' dir='ltr'><strong>llostiens.</strong></span> <span class='ocrx_word' id='word_1_773' title='bbox 719 5267 749 5323; x_wconf 91' lang='lat' dir='ltr'><strong>in</strong></span> <span class='ocrx_word' id='word_1_774' title='bbox 762 5265 840 5323; x_wconf 74' lang='lat' dir='ltr'><strong>sirm.</strong></span> <span class='ocrx_word' id='word_1_775' title='bbox 856 5263 897 5322; x_wconf 83' lang='lat' dir='ltr'><strong>tit.</strong></span> <span class='ocrx_word' id='word_1_776' title='bbox 914 5264 947 5324; x_wconf 86' lang='lat' dir='ltr'><strong>de</strong></span> <span class='ocrx_word' id='word_1_777' title='bbox 984 5265 1141 5339; x_wconf 87' lang='lat' dir='ltr'><strong>communi,</strong></span> <span class='ocrx_word' id='word_1_778' title='bbox 1155 5263 1204 5323; x_wconf 89' lang='lat' dir='ltr'><strong>sed</strong></span> <span class='ocrx_word' id='word_1_779' title='bbox 1215 5268 1318 5322; x_wconf 82' lang='lat' dir='ltr'><strong>statuto</strong></span> <span class='ocrx_word' id='word_1_780' title='bbox 1329 5261 1501 5336; x_wconf 88' lang='lat' dir='ltr'><strong>municipali,</strong></span> <span class='ocrx_word' id='word_1_781' title='bbox 1514 5267 1581 5318; x_wconf 91' lang='lat' dir='ltr'><strong>tunc</strong></span> <span class='ocrx_word' id='word_1_782' title='bbox 1592 5273 1658 5316; x_wconf 91' lang='lat' dir='ltr'><strong>cum</strong></span> <span class='ocrx_word' id='word_1_783' title='bbox 1670 5271 1786 5331; x_wconf 86' lang='lat' dir='ltr'><strong>prnpnr·</strong></span> 
     </span>
    </p>
   </div>
   <div class='ocr_carea' id='block_1_10' title="bbox 0 0 2151 6212">
    <p class='ocr_par' dir='ltr' id='par_1_17' title="bbox 0 0 2151 6212">
     <span class='ocr_line' id='line_1_58' title="bbox 0 0 2151 6212; baseline 0 0"><span class='ocrx_word' id='word_1_784' title='bbox 0 0 2151 6212; x_wconf 95' lang='lat' dir='ltr'><strong> </strong></span> 
     </span>
    </p>
   </div>
  </div>
 </body>
</html>
