4284 6246
856 339 963 390 esaan
977 339 1079 388 xvan.
1140 289 1143 296 ²
1328 407 1329 410 Ἴ
1678 321 1741 387 sle

139 473 167 524 ιι
181 463 388 537 dispensatores
400 467 458 535 llei3
467 479 532 538 ergo
542 465 601 537 ipsa
611 463 743 537 legislatio
753 457 942 538 est'quaedam
980 479 1034 522 ιιι
1052 471 1141 521 tamen
1155 476 1271 536 peecare
1285 468 1383 520 contra
1396 461 1497 537 legem,
1518 463 1542 520 in
1562 479 1618 536 qua
1631 463 1782 536 dispensat,

141 554 225 610 tidelis
238 553 669 626 administratio,seudlstributie
680 536 942 628 obligationis,quae
981 553 1029 611 sed
1045 560 1143 611 contre
1158 554 1210 610 elia
1225 553 1358 626 principia
1373 551 1524 625 naturalia,
1540 555 1699 625 praesertim
1717 569 1785 610 con·

140 659 188 716 per
202 643 292 717 legem
307 643 468 716 imponitur.
485 644 574 700 Prima
588 658 654 700 vero
668 643 863 715 consequentia
880 658 943 714 pro·
981 650 1025 701 tra
1040 642 1121 700 illud:
1141 645 1247 717 Turpis
1261 646 1489 715 superaquam
1502 658 1561 698 noa
1574 646 1718 699 consonet
1732 659 1784 698 suo

140 733 307 806 batur,quia
318 731 441 789 eiusdem
453 733 595 805 potestatis
607 738 648 788 est
660 733 685 788 ia
698 731 852 804 legislatore
863 739 945 790 ectus
983 736 1047 789 toti.
1065 731 1132 801 Quia
1153 749 1219 790 aero
1240 731 1308 789 baec
1329 731 1472 803 turpitudo
1493 731 1601 789 ridetur
1616 731 1698 804 levis,
1722 733 1783 790 ideo

141 822 317 895 dispensandi
338 823 363 878 in
384 823 462 895 lege,
478 824 560 878 cuiue
574 826 616 878 est
630 828 711 879 actare
725 820 827 878 serendi
843 823 941 894 legem,
983 825 1082 880 Narar.
1101 821 1228 893 ridetur,
1249 821 1409 879 Caletanum
1430 820 1563 893 allegasse
1582 836 1632 894 pro
1655 821 1705 878 bac
1723 837 1785 878 seu-

141 919 174 970 ιι
186 917 317 986 constet,
333 927 400 985 ergo
417 919 458 968 est
472 918 552 968 actus
567 927 620 967 ιιι
635 910 746 969 dominii
761 910 888 982 absoluti,
898 909 946 966 sed
982 913 1076 970 tentia:
1089 920 1118 969 et
1133 914 1159 968 ιι
1174 909 1296 968 eamdem
1312 911 1427 968 inclinet
1442 913 1507 968 Solo
1521 910 1569 968 lib.
1586 914 1610 967 ι.
1624 909 1658 968 de
1673 912 1783 983 iustitia,

142 1001 398 1073 administrationis,
415 1008 453 1072 et,
469 1006 501 1057 ut
514 1001 604 1071 ipsum
619 1015 717 1056 nomen
732 1000 893 1076 praesefert,
904 1005 947 1056 est
983 1009 1091 1075 quaest.
1110 1001 1199 1058 ultim.
1216 1003 1297 1057 artic.
1315 1001 1402 1057 ultim.
1419 1000 1481 1057 licet
1501 1017 1555 1057 non
1569 1000 1694 1059 declaret
1707 1016 1786 1073 eper-

141 1098 222 1148 sctus
237 1090 448 1163 dispensatoris,
464 1097 495 1147 ut
508 1091 560 1162 sic,
575 1105 642 1162 ergo
655 1090 736 1147 etiem
749 1088 831 1146 debet
845 1103 905 1146 esse
917 1089 947 1144 li·
983 1097 1019 1148 te.
1041 1090 1228 1163 Eandemque
1249 1090 1338 1147 secuti
1359 1097 1424 1147 sunt
1444 1089 1527 1164 aliqui
1547 1089 1687 1161 moderni,
1713 1106 1786 1163 quoe

143 1181 210 1240 delie
224 1187 254 1238 et
267 1179 399 1253 prudens.
411 1177 488 1248 Quod
502 1185 595 1236 autern
608 1177 775 1251 dispensatio
788 1179 844 1234 siae
859 1193 944 1235 cauea
983 1181 1078 1251 refert,
1091 1185 1118 1237 at
1129 1182 1253 1252 sequitur
1267 1179 1382 1236 Saucius
1395 1177 1469 1237 dicta
1483 1180 1586 1251 disput.
1607 1185 1651 1252 lu,
1664 1196 1742 1236 num.
1757 1182 1784 1239 i.

144 1269 216 1328 lacta
238 1285 295 1326 non
321 1270 355 1326 sit
378 1268 515 1341 prudens,
529 1283 621 1340 perse
632 1275 729 1325 notum
745 1267 864 1338 ridetur,
879 1268 944 1341 qula
982 1272 1048 1328 Non·
1062 1270 1201 1342 explicant
1221 1277 1312 1327 autem
1332 1269 1358 1326 hi
1370 1275 1518 1350 auctores,
1533 1271 1615 1326 cuius
1630 1270 1731 1342 speciei
1750 1271 1787 1326 sit

144 1376 197 1416 non
211 1367 257 1416 est
270 1366 455 1416 consentanea
468 1365 562 1416 rectae
576 1358 686 1429 rationi,
700 1372 751 1413 nec
766 1357 809 1412 lini
824 1363 943 1429 potesta-
985 1358 1187 1432 malitie,quam
1202 1357 1284 1415 babet
1298 1363 1376 1416 ectus
1389 1357 1461 1414 male
1475 1357 1649 1430 dispensandi
1661 1374 1694 1416 ea
1715 1358 1787 1415 obie-

144 1451 193 1520 tis,
208 1466 225 1506 ι
240 1465 297 1523 qus
315 1447 453 1521 procedit:
474 1463 537 1504 nam
552 1446 596 1503 ille
610 1463 658 1520 per
673 1463 702 1504 se
716 1456 758 1503 est
772 1453 885 1519 propter
899 1446 947 1502 bo·
984 1456 1030 1505 cto
1056 1463 1124 1519 suo,
1151 1446 1199 1504 sed
1218 1447 1330 1518 dicunt,
1351 1463 1384 1505 ex
1406 1448 1612 1505 circumstantis
1631 1449 1787 1504 extrinseca

145 1554 211 1594 num
232 1553 400 1608 commune,
421 1536 464 1594 illa
487 1542 577 1593 autem
598 1536 764 1609 dispensatio
783 1542 827 1592 est
841 1540 947 1592 tantum
986 1553 1068 1611 posse
1087 1551 1150 1595 esse
1168 1535 1311 1596 mortalem
1325 1538 1429 1594 ratione
1444 1536 1581 1608 scandali,
1605 1537 1645 1592 rel
1661 1537 1787 1594 notabilis

144 1634 258 1700 propter
279 1629 417 1700 privatum
439 1625 632 1698 commodum,
654 1626 694 1682 rel
710 1625 853 1695 allectum,
868 1627 949 1682 etita
987 1627 1165 1706 nocumenti,
1187 1625 1230 1682 rel
1249 1627 1340 1683 iniusti
1356 1627 1521 1698 gravaminis
1535 1626 1666 1694 aliorum,
1687 1628 1788 1683 extrin-

145 1725 186 1774 est
205 1717 314 1774 abusus
336 1716 498 1789 potestatis,
518 1717 583 1774 item
601 1716 667 1789 quia
685 1714 728 1772 lea
742 1723 784 1772 est
797 1729 945 1773 commune
963 1743 968 1754 ·
988 1731 1053 1773 seco
1067 1722 1158 1772 autem
1174 1714 1440 1787 obiecto,quatenus
1456 1716 1581 1788 praecise
1592 1723 1635 1772 est
1651 1715 1787 1788 exemptio

144 1807 269 1873 bonurn,
290 1813 318 1865 et
330 1805 374 1862 ills
390 1806 554 1864 vulneratur
568 1806 625 1862 sine
636 1821 734 1862 causa.
750 1807 871 1878 benique
884 1805 949 1879 quia
975 1823 1003 1868 ¹a
1017 1806 1076 1880 lege
1091 1808 1150 1862 sine
1164 1820 1259 1877 causa,
1275 1821 1329 1862 non
1344 1806 1427 1863 videri
1441 1821 1498 1862 rem
1515 1807 1582 1862 tanti
1597 1807 1742 1878 momenti,
1759 1810 1789 1863 ut

146 1895 321 1953 uniformitas
350 1911 383 1952 ae
411 1895 551 1968 proportio
574 1897 647 1952 inter
674 1895 798 1952 membra
823 1897 951 1968 corporis
986 1897 1020 1955 ad
1034 1903 1184 1968 peccatum
1200 1895 1313 1952 mortale
1327 1911 1359 1952 ss
1373 1910 1474 1969 genere
1489 1896 1622 1952 sufficiet.

146 2000 195 2059 per
212 2001 242 2042 se
259 1984 950 2059 spectatadtotiusccrporisbonum,quodetiam
1027 1993 1053 2044 5.
1076 1988 1134 2059 Ego
1156 2001 1222 2043 vero
1241 2001 1357 2057 censeo,
1379 1987 1405 2042 in
1420 1986 1541 2058 principe
1564 2001 1624 2042 esse
1643 1991 1789 2057 peecatum

146 2083 197 2148 per
214 2075 286 2134 tales
300 2074 515 2149 dispensationes
529 2074 657 2145 laeditur,
672 2082 701 2132 et
713 2074 897 2133 deformatur.
912 2076 949 2134 Et
987 2076 1102 2135 mortale
1120 2091 1156 2134 ea
1173 2091 1273 2149 genere
1293 2091 1361 2148 suo,
1376 2075 1534 2147 dispensare
1549 2077 1575 2132 in
1591 2075 1715 2148 legssua
1732 2075 1789 2132 sine

146 2163 199 2223 bae
223 2168 347 2224 rationes
367 2167 485 2238 probant
504 2165 603 2235 etiam,
618 2164 697 2222 illurn
712 2171 806 2223 actum
821 2181 874 2222 ιιι
888 2179 951 2222 ιιιι
987 2182 1082 2246 causa.
1099 2168 1139 2222 lta
1155 2167 1235 2222 sentit
1249 2165 1395 2222 Caietanus
1406 2167 1433 2221 in
1450 2167 1556 2223 Summ.
1573 2167 1656 2222 verbu
1674 2163 1790 2239 dispen-

147 2255 289 2313 bdelitatis
309 2254 416 2313 debitae
431 2271 447 2312 ι
461 2255 659 2328 dispensatore,
676 2257 739 2329 quia
755 2261 864 2312 tenetur
878 2271 911 2312 ea
925 2257 951 2312 ai
987 2259 1073 2325 satio,
1092 2257 1158 2313 dum
1174 2259 1228 2324 eit,
1247 2272 1309 2313 essa
1330 2255 1383 2312 boc
1397 2262 1546 2328 peccatum
1560 2255 1665 2314 reniale
1685 2257 1711 2313 in
1728 2270 1790 2326 par·
1812 2298 1818 2308 .

147 2345 287 2402 lidelitstis
309 2345 415 2402 debitae
433 2347 537 2402 ratione
555 2345 598 2400 sui
618 2346 740 2402 muneris
754 2345 951 2402 convenienter
988 2350 1043 2421 aie,
1060 2346 1133 2403 unde
1147 2345 1255 2404 ridetur
1269 2360 1434 2418 supponere,
1450 2345 1475 2400 ia
1492 2348 1597 2418 magnis
1611 2361 1671 2401 esse
1688 2351 1791 2401 murts·

148 2437 189 2492 uti
209 2451 262 2492 sua
284 2441 418 2508 potestate
437 2434 470 2491 ad
490 2436 570 2492 tinem
584 2437 659 2507 eius,
680 2441 708 2492 et
721 2449 906 2508 conservare,
921 2449 952 2491 sc
988 2438 1029 2508 le,
1048 2451 1081 2492 ac
1101 2434 1216 2492 subinde
1237 2451 1270 2490 es
1290 2449 1390 2507 genere
1404 2449 1465 2491 esse
1479 2435 1542 2490 tale.
1560 2438 1658 2492 Postea
1673 2450 1739 2492 aero
1753 2435 1791 2492 ita
1875 2465 1878 2470 ·

147 2539 314 2596 promerere
331 2540 479 2582 commune
493 2525 606 2581 bonum.
622 2527 693 2581 Naar
709 2531 742 2582 ut
756 2524 857 2582 Paulus
872 2527 909 2581 eit
921 2528 950 2582 2.
988 2526 1015 2582 id
1028 2524 1164 2596 explicat,
1179 2529 1210 2580 ut
1225 2524 1316 2596 potius
1331 2524 1475 2595 significet,
1491 2531 1596 2582 tantum
1611 2540 1672 2582 esse
1689 2531 1790 2582 morta·

149 2613 278 2670 Corintb.
295 2619 339 2683 10,
358 2620 480 2686 potestas
495 2629 548 2670 non
559 2620 603 2670 est
613 2612 675 2671 date
686 2615 711 2668 in
723 2613 954 2684 destructionem,
990 2612 1149 2688 le,quund0
1163 2613 1332 2686 dispensatio
1343 2611 1585 2670 redundatcontra
1598 2614 1641 2670 ius
1653 2612 1788 2686 divinum,

150 2702 199 2759 sed
220 2705 249 2758 in
272 2704 498 2761 aedificationem.
512 2703 547 2760 Et
565 2705 603 2760 ite
622 2705 713 2761 soluta
728 2711 820 2762 manet
834 2703 956 2761 secunda
990 2704 1033 2760 rel
1049 2703 1188 2776 naturale,
1204 2710 1232 2760 et
1246 2707 1448 2776 consequenter
1461 2713 1505 2760 est
1518 2703 1649 2773 inualide3
1670 2710 1697 2759 et
1711 2704 1789 2762 illurn

149 2795 223 2850 ratio
238 2791 393 2865 dubitandi,
410 2809 479 2866 quae
494 2793 610 2850 sortasse
625 2793 735 2866 probat,
751 2793 832 2850 telem
846 2793 956 2866 dispeu-
992 2794 1114 2852 imitatur
1128 2792 1222 2849 Armil.
1240 2791 1277 2848 ibi
1298 2807 1375 2848 num.
1396 2794 1438 2850 13.
1456 2793 1560 2851 Clarius
1574 2792 1628 2850 boo
1643 2793 1723 2849 sentit
1739 2793 1792 2849 Va-

150 2884 289 2940 sationem
304 2898 366 2940 esse
382 2881 569 2954 validam,non
581 2889 671 2940 tamen
685 2884 796 2955 iustam,
806 2885 871 2957 quia
882 2884 956 2955 prin·
991 2883 1057 2941 lent.
1076 2888 1103 2942 2.
1120 2898 1148 2955 p.
1166 2881 1194 2937 d.
1213 2885 1239 2955 i,
1255 2897 1283 2954 q.
1302 2886 1329 2952 5,
1345 2888 1440 2952 punct.
1457 2886 1492 2951 9,
1509 2883 1557 2953 qui
1577 2882 1659 2939 etiarn
1683 2881 1716 2939 ad
1735 2881 1790 2938 hoc

150 2987 220 3045 ceps
242 2987 297 3028 non
320 2979 364 3029 est
384 2973 421 3030 ita
440 2972 571 3028 dominus
593 2987 659 3030 suae
672 2971 840 3044 voluntatis,
856 2978 889 3029 ut
902 2988 954 3029 aon
991 2972 1096 3029 inducit
1110 2973 1231 3030 Caietaa.
1252 2975 1276 3030 l.
1293 2975 1322 3044 i,
1337 2986 1366 3044 q.
1383 2974 1431 3043 96,
1447 2977 1500 3029 ιιι.
1519 2978 1545 3030 5.
1561 2971 1692 3043 apertius
1709 2971 1794 3030 tradit

151 3061 292 3118 subdatur
308 3061 361 3134 legi
373 3061 493 3118 naturali
506 3068 535 3118 et
551 3062 685 3133 propriae.
696 3049 742 3119 ιι
754 3078 819 3120 aero
833 3061 906 3119 idem
919 3062 955 3117 sit
992 3063 1091 3118 corar.
1108 3063 1137 3117 in
1152 3064 1180 3131 ι,
1193 3064 1221 3118 2.
1235 3065 1305 3131 pert.
1319 3073 1380 3132 cap.
1393 3064 1421 3133 6,
1436 3057 1449 3126 l
1464 3063 1492 3131 9,
1505 3077 1582 3116 aum.
1598 3065 1627 3132 ι,
1640 3067 1669 3117 ιι
1681 3060 1794 3119 ιιιιιιιι

150 3149 186 3206 de
200 3149 341 3206 ablatione
357 3151 442 3206 totius
457 3149 535 3222 legis,
550 3149 621 3206 inira
635 3149 754 3208 dicetur.
992 3155 1059 3210 Soto
1080 3151 1106 3207 in
1122 3154 1150 3221 t,
1165 3149 1194 3206 d.
1212 3154 1260 3218 99,
1275 3150 1354 3207 ιιιιι.
1371 3154 1399 3222 2,
1416 3151 1443 3206 in
1462 3151 1513 3206 liae
1527 3153 1653 3222 corporis
1670 3149 1721 3224 ibi,
1734 3150 1793 3224 sos

192 3239 246 3296 Sed
261 3241 343 3296 obiici
357 3245 448 3310 potest
461 3246 558 3296 contra
574 3238 647 3296 buno
659 3240 827 3310 discursum,
837 3255 898 3296 nam
911 3253 954 3296 se·
978 3258 1053 3306 ,ιιι
1067 3246 1119 3307 ιιι,
1137 3245 1166 3296 ιι
1179 3246 1335 3312 sequuntur
1347 3239 1459 3312 qnidam
1474 3240 1518 3296 alii
1532 3243 1705 3314 summistae,
1722 3258 1793 3315 quos

152 3331 269 3403 quitur,
281 3329 413 3387 maiitiam
428 3329 510 3386 buius
524 3339 605 3387 actus
618 3328 794 3402 dispensandi
805 3331 861 3386 sine
872 3344 957 3386 causa
992 3330 1076 3390 relert
1092 3332 1174 3388 Sanc.
1191 3337 1219 3387 et
1240 3328 1362 3386 eamdem
1376 3327 1532 3401 supponer'e
1546 3329 1671 3388 rideatur
1684 3346 1792 3404 ornnes,

153 3421 180 3476 in
195 3419 277 3494 lege,
296 3425 403 3478 tantuna
419 3433 479 3478 essa
493 3425 591 3477 contra
604 3418 776 3495 fidelitatem,
793 3436 826 3478 ac
842 3417 957 3477 subinde
992 3421 1039 3494 qui
1059 3425 1169 3493 tenent,
1195 3418 1277 3475 talem
1295 3416 1524 3488 dispensationem
1549 3433 1608 3475 esse
1633 3418 1790 3493 invalidam,

154 3514 265 3567 tantum
286 3525 348 3566 esse
369 3523 421 3566 suo
442 3522 541 3582 genere
562 3509 709 3566 venialem:
724 3525 897 3583 consequens
916 3515 958 3566 est
993 3525 1063 3583 quos
1078 3509 1167 3581 capite
1182 3507 1308 3580 sequenti
1322 3507 1496 3565 referamne
1510 3507 1626 3565 subinde
1637 3508 1690 3566 hoc
1705 3509 1793 3567 laten·

152 3599 264 3656 creditu
286 3597 412 3669 difficile,
433 3612 508 3670 ergo.
524 3586 641 3671 sequela
661 3598 829 3670 declaratur,
846 3599 910 3671 quia
924 3613 957 3655 ιι
994 3606 1039 3657 ιιι
1060 3598 1095 3656 ds
1113 3597 1235 3655 inferiori
1256 3596 1425 3670 dispensante
1445 3597 1473 3652 in
1492 3597 1551 3671 lege
1571 3599 1720 3670 superioris
1735 3600 1793 3656 sine

153 3687 226 3758 boe,
252 3685 329 3761 quod
350 3693 432 3744 actus
446 3687 482 3743 sit
495 3694 593 3743 contra
607 3686 791 3758 prudentiam,
806 3703 859 3744 ιιι
875 3685 957 3743 babet
978 3671 1090 3759 ¹causa,
1108 3695 1141 3745 ut
1154 3687 1276 3744 sumitur
1289 3701 1321 3742 ex
1336 3687 1480 3743 bavararu
1492 3688 1698 3759 Sum.c.25,n.
1708 3692 1735 3758 5,
1748 3687 1794 3746 ubi

153 3783 240 3834 setus
259 3775 414 3848 specificam
434 3774 580 3836 malitium:
602 3791 665 3834 nem
680 3775 724 3832 ille
737 3775 863 3833 delectus
877 3789 958 3848 genc-
993 3777 1125 3834 rationem
1137 3774 1237 3846 reddit,
1247 3775 1312 3848 quia
1322 3772 1390 3831 baec
1405 3781 1448 3833 est
1458 3777 1590 3834 iniustitia
1601 3779 1704 3850 gravis,
1723 3791 1793 3850 quaa

153 3866 221 3925 ralis
248 3873 291 3923 est
314 3866 387 3922 omni
412 3871 548 3938 peccato,
569 3867 689 3938 speciem
710 3873 804 3924 autern
822 3867 908 3924 sumit
926 3881 961 3923 ea
994 3872 1198 3939 estpeccntum
1213 3863 1421 3922 mortale.Haec
1436 3865 1665 3922 aeroratiocum
1680 3881 1795 3939 propor-

153 3957 275 4013 materia
297 3954 421 4026 virtutis,
437 3955 479 4011 rel
494 3955 549 4012 vitii
564 3955 688 4027 moralis,
704 3957 732 4011 in
745 3971 802 4029 qua
815 3963 954 4013 vereatur.
994 3957 1079 4030 tione,
1089 3957 1154 4013 licet
1166 3971 1219 4012 non
1233 3970 1298 4036 cum
1310 3954 1487 4029 aequalitate,
1498 3953 1531 4011 ad
1544 3971 1794 4027 praesensaccom·

155 4045 205 4102 llis
222 4059 292 4117 ergo
310 4042 412 4099 malitie
432 4044 611 4115 imprudentis
629 4042 838 4117 dispensationis
854 4051 960 4104 tantum
995 4046 1102 4103 modnri
1117 4051 1224 4118 potest,
1241 4050 1271 4101 ιι
1284 4045 1366 4100 sentit
1378 4045 1477 4102 Gerar.
1494 4051 1638 4118 supremi
1652 4046 1732 4104 simul
1747 4062 1795 4119 per

155 4141 199 4192 est
213 4134 355 4190 ιιιιιιιιι
369 4132 488 4189 fidelitati
501 4132 608 4203 morali,
625 4133 740 4192 fidelitas
754 4140 845 4192 autem
860 4150 893 4192 er
908 4150 960 4192 suo
996 4134 1066 4192 banc
1080 4136 1214 4192 rationem
1229 4135 1384 4206 explicatur
1398 4129 1518 4207 primula
1532 4135 1701 4209 quaesitum,
1720 4136 1795 4193 scili·

154 4239 261 4298 genere
281 4228 388 4280 tantum
407 4221 508 4296 obligat
522 4222 573 4280 sub
589 4222 703 4296 veniali,
718 4223 791 4281 sicut
803 4230 832 4281 et
846 4225 958 4296 veritam
996 4233 1060 4298 cet,
1077 4223 1110 4283 ad
1124 4225 1351 4297 quamvirtutem
1366 4225 1512 4296 pertineat,
1529 4223 1599 4282 banc
1613 4225 1795 4284 circumstrin-

155 4329 226 4386 ergo
248 4311 294 4368 illa
315 4310 416 4369 malitia
433 4327 466 4368 ea
481 4328 533 4369 suo
546 4327 646 4386 genere
663 4319 768 4370 tanturn
782 4323 825 4371 est
838 4314 974 4398 venialis..
996 4315 1062 4371 tiam
1083 4315 1109 4371 in
1130 4312 1331 4386 dispensatione
1354 4313 1517 4386 observare,
1533 4314 1676 4389 nimirum,
1693 4323 1726 4373 ut
1740 4330 1794 4374 nou

156 4405 234 4460 lisec
248 4401 368 4460 obiectio
382 4399 437 4458 duc
448 4402 515 4473 petit
527 4403 598 4459 inter
612 4405 641 4460 se
656 4417 789 4460 connexa:
805 4419 891 4461 unum
905 4411 959 4478 est,
996 4404 1047 4460 nisi
1067 4420 1100 4462 ex
1119 4405 1191 4460 iusta
1211 4419 1297 4462 causa
1316 4405 1377 4478 fiet,
1398 4419 1449 4462 seu
1463 4405 1543 4462 cuiue
1558 4404 1656 4478 speciei
1670 4405 1705 4464 sit
1718 4406 1794 4465 mali·

157 4493 192 4550 ad
214 4507 301 4566 quem
320 4492 450 4548 virtutem
464 4493 601 4564 pertineat
614 4490 742 4565 obligatio
757 4491 825 4550 baec
841 4509 894 4550 non
909 4493 962 4551 dis·
995 4494 1034 4551 tia
1054 4492 1207 4550 contraria.

157 4581 293 4655 pensandi
314 4581 340 4638 in
362 4581 436 4654 lege,
463 4582 515 4638 nisi
538 4596 571 4638 ex
591 4597 676 4641 causa
695 4582 788 4656 iusta5
815 4583 888 4639 aliud
908 4591 961 4657 est,
1034 4583 1116 4639 Ratio
1137 4597 1205 4657 ergo
1219 4589 1272 4654 est,
1288 4584 1352 4656 quia
1366 4582 1504 4656 legislator
1519 4599 1553 4642 ex
1566 4585 1669 4643 iustitia
1684 4591 1793 4644 tenetur

157 4676 244 4746 quern
259 4687 344 4745 grase
364 4672 401 4728 sit
418 4687 452 4730 ex
465 4686 565 4746 genere
578 4688 629 4730 suo
644 4671 797 4746 transgredi
813 4673 882 4730 hanc
898 4673 963 4731 obli·
997 4686 1052 4729 ιιι
1076 4670 1236 4744 ιιιριιιιιι
1260 4672 1286 4728 ιι
1305 4687 1356 4729 ιιι
1373 4670 1432 4744 lege
1451 4673 1508 4728 sine
1527 4674 1598 4731 iusta
1611 4690 1711 4747 causa,
1727 4691 1793 4748 ergo

154 4764 311 4834 gationem.
997 4767 1095 4836 peccat
1110 4768 1207 4819 coatm
1221 4762 1352 4820 iustitiam
1364 4763 1441 4820 aliter
1452 4761 1716 4838 dispensandoqergo
1730 4779 1794 4836 pec·

95 4922 100 4929 Ι
197 4852 234 4909 Et
252 4849 407 4923 incipiendo
421 4850 454 4908 ab
468 4850 522 4909 boc
537 4850 683 4924 posteriori
696 4858 811 4924 puncto,
825 4853 964 4910 Navarrus
998 4858 1091 4908 catum
1108 4857 1151 4908 est
1171 4851 1287 4910 mortale
1301 4867 1448 4926 exgenere
1463 4868 1528 4909 suo:
1546 4869 1607 4911 nam
1623 4853 1729 4911 violatio
1744 4868 1795 4910 cu·

159 4943 186 4996 ιι
202 4943 282 4998 Sum.
300 4939 424 5012 praelud.
443 4944 471 5012 9,
488 4956 517 4998 ι.
534 4943 578 5001 lt.
594 4940 700 5014 docuit,
713 4941 765 4998 boc
782 4946 887 4998 tantum
902 4958 963 5000 esse
996 4943 1162 5014 luscumque
1175 4942 1337 5000 iustitiaeex
1348 4958 1399 4999 suo
1410 4957 1511 5015 genere
1522 4942 1637 5002 mortale
1648 4950 1795 5016 peccatum

159 5040 309 5103 peccatum
326 5029 442 5103 reniale,
457 5031 579 5104 citatque
590 5032 675 5090 Gaiet.
692 5039 715 5089 ι.
729 5035 758 5106 2,
771 5047 798 5104 q.
813 5034 860 5105 96,
872 5037 962 5106 arti,
997 5038 1056 5104 est,
1071 5033 1147 5089 iusta
1161 5031 1314 5090 doctrinam
1329 5033 1468 5104 omnium,
1489 5047 1565 5104 ergo.
1581 5033 1796 5106 Consequentiae

160 5121 207 5177 ubi
221 5121 345 5178 Caiaten.
363 5119 453 5176 solum
466 5119 548 5192 dicit,
564 5120 633 5177 male
648 5119 740 5177 lacere
755 5121 919 5194 prinoipem,
934 5137 964 5180 ee
998 5121 1087 5179 clarae
1103 5126 1178 5179 sunt.
1187 5123 1309 5179 Primum
1321 5136 1386 5178 vero
1401 5121 1564 5178 antecedens
1580 5121 1797 5196 probatur,quia

160 5211 205 5268 sel
224 5210 311 5270 alium
328 5207 472 5269 eximendo
487 5207 521 5267 ad
539 5208 700 5284 obligatione
713 5209 781 5284 legis
795 5210 852 5268 sine
867 5225 962 5286 causa,
999 5211 1112 5286 triplicis
1127 5210 1245 5270 institiae
1263 5209 1389 5284 obligatio
1404 5211 1430 5270 ia
1450 5212 1585 5284 praesenti
1604 5211 1713 5272 ridetur
1729 5226 1798 5272 eon·
