4260 6222
345 314 408 377 492
1027 331 1219 384 tranavm.

336 457 460 509 obtectio.
480 483 514 496 ··
532 457 629 528 Duplex
651 457 791 523 responsio.
811 483 845 494 ··
865 455 907 508 18.
928 457 1047 508 bublum.
1067 485 1101 493 -
1134 458 1275 534 privilagio
1297 461 1463 534 contrarius,
1478 477 1544 520 cum
1565 465 1704 521 contraria
1722 461 1842 521 debeant
1861 463 1939 519 circa

337 529 380 646 {l}
395 529 455 578 ⁹⁰⁵⁸
472 541 551 610 ”mim
568 535 653 610 ‘imum
671 528 807 592 minem
824 529 981 608 ⁰⁰⁰²F³si¹¹¹¹¹
994 541 1043 576 '¹⁰¹¹
1056 527 1100 576 ‘¹⁰‘
1134 547 1205 604 idem
1220 551 1333 622 versari,
1347 551 1428 608 euius
1443 554 1482 608 rei
1497 553 1622 626 exempla
1635 553 1716 625 paulo
1730 561 1795 626 post
1811 551 1943 609 subiicie-

372 606 380 646 t
394 605 531 648 retractari
544 612 615 662 prior
625 606 708 648 ectus.
723 626 757 634 —
769 599 813 649 20.
825 597 934 647 Dubium
944 597 975 647 de
986 604 1100 661 ternpore

336 667 478 718 amissionis
493 669 632 730 privilegii.
651 695 686 705 -
702 668 792 718 Decem
807 679 929 717 asinorum
949 674 1049 730 tempus
1063 667 1101 716 in·
1134 652 1207 694 mus·
1225 639 1324 696 D⁰if¹d⁰
1338 639 1422 710 ³dd⁰a
1438 647 1532 699 icium
1545 643 1644 699 debssfe
1659 659 1721 700 ⁰⁸⁵⁰
1739 648 1943 716 feliussmieffl

337 743 377 785 ter
395 744 558 800 praesentes,
576 738 669 800 viginti
687 739 754 787 inter
771 738 890 786 absentes
908 738 1051 800 requiritur
1069 736 1100 786 ad
1134 742 1187 784 non
1202 736 1306 786 matum
1319 731 1449 788 materiali
1469 733 1611 790 emissioni
1624 733 1683 789 talis
1699 739 1788 803 actas,
1805 739 1838 789 ut
1850 732 1890 788 sio
1905 731 1946 786 di·

336 807 574 890 praescriptionem,
587 833 621 843 ··
634 807 678 857 ²¹·
692 807 775 857 Prima
793 807 885 888 illatio.
900 834 934 842 -
947 805 990 856 22.
1006 806 1101 888 secun
1133 833 1210 888 cent,
1232 833 1281 875 seu
1295 821 1429 877 carentiae
1448 822 1525 889 eius,
1548 822 1594 879 sed
1613 824 1695 878 etiam
1714 821 1814 878 debere
1840 823 1945 892 opponi

335 875 608 1007 {ssgffiaffflrigffi
621 903 655 913 ”“
673 876 717 926 ²⁴·
737 877 847 926 ⁰¹¹h¹¹¹¹¹¹
865 883 892 926 ‘³‘
908 887 1051 940 s⁰⁵p⁰¹¹⁵¹⁰·
1067 903 1100 913 “
1134 909 1306 979 exemptioni,
1322 926 1402 982 quam
1417 912 1588 984 privilegium
1602 911 1787 984 concedebat3
1806 913 1843 968 ita
1858 921 1892 968 ut
1906 913 1946 968 in·

1134 997 1274 1070 telligatur
1289 1006 1369 1055 actus
1383 1000 1439 1055 fieri
1453 1017 1486 1057 ex
1500 1000 1673 1074 obligatione,
1691 1001 1732 1057 vel
1752 1001 1900 1058 subdendo
1916 1018 1946 1057 se

345 1091 368 1144 l.
386 1089 433 1144 llic
448 1089 546 1146 modus
561 1089 702 1147 amittendi
716 1089 886 1164 privilegium
901 1090 1006 1160 proprie
1019 1089 1101 1145 babet
1136 1085 1308 1158 obligationi,
1330 1102 1412 1159 quam
1434 1088 1601 1161 privilegium
1622 1089 1775 1146 auferebat.
1794 1092 1854 1146 lloc
1874 1107 1948 1146 con·

301 1176 394 1234 locum
412 1180 438 1232 in
453 1180 600 1250 privilegiis
615 1180 763 1252 negativis,
779 1193 849 1252 quae
864 1179 928 1236 dant
943 1179 1099 1235 facultatem
1136 1182 1206 1244 stat,
1222 1178 1287 1249 quia
1302 1177 1367 1234 alias
1383 1186 1463 1235 actus
1478 1187 1589 1237 nonest
1609 1183 1767 1238 contrarius
1786 1181 1946 1253 privilegio,

300 1283 355 1323 non
377 1267 490 1324 iaciendi
512 1267 630 1340 aliquid,
653 1272 712 1326 iure
734 1269 870 1326 ordinario
885 1267 951 1324 alias
965 1268 1098 1340 debitum,
1136 1272 1168 1320 ut
1184 1281 1210 1320 v.
1223 1283 1250 1339 g.
1267 1267 1365 1339 siquis
1381 1266 1479 1324 babeat
1495 1269 1664 1344 privilegium
1677 1287 1730 1326 non
1750 1270 1905 1340 ieiunandi,
1917 1277 1947 1326 et

299 1361 331 1412 ut
346 1373 399 1414 non
410 1356 532 1414 solvendi
545 1358 646 1414 tributa
657 1357 759 1424 debita,
772 1359 813 1414 vel
827 1373 880 1413 non
891 1355 1025 1413 subeundi
1037 1372 1102 1412 one·
1136 1361 1229 1424 postea
1245 1356 1344 1412 ieiunet
1358 1357 1452 1413 diebus
1467 1373 1520 1413 nan
1536 1359 1703 1430 praeceptis,
1719 1366 1801 1418 actus
1823 1358 1868 1415 ille
1889 1375 1946 1414 non

300 1461 343 1516 ra,
356 1453 383 1502 et
394 1445 502 1518 similia,
514 1453 544 1502 at
556 1453 631 1502 recte
642 1447 773 1519 explicuit
783 1463 829 1504 rea
842 1446 970 1502 Alionsus
983 1445 1009 1501 in
1020 1445 1038 1500 Ι.
1052 1450 1100 1514 tt,
1135 1444 1291 1500 censebitur
1312 1447 1469 1502 contrarius
1494 1447 1652 1520 privilegio,
1673 1448 1739 1520 quia
1766 1449 1945 1520 privilegium

300 1536 344 1591 tit.
366 1538 414 1606 18,
436 1542 507 1607 part.
525 1541 547 1594 3.
569 1538 642 1592 Usus
662 1545 754 1594 aulem
768 1537 926 1594 contrarius
940 1535 980 1591 bis
995 1533 1101 1605 privile·
1135 1548 1189 1588 non
1202 1548 1251 1603 pro
1266 1533 1316 1588 illis
1328 1534 1424 1590 diebus
1434 1534 1527 1592 datum
1537 1543 1588 1604 εει,
1602 1537 1649 1593 sed
1660 1552 1710 1608 pro
1728 1537 1872 1604 diebus,in
1885 1538 1947 1609 qui·

300 1625 351 1697 giis
370 1629 412 1679 ast
431 1627 505 1682 actio
519 1628 660 1684 contraria
674 1627 822 1700 negationi,
838 1643 886 1683 seu
901 1625 1037 1682 amissioni
1053 1639 1102 1696 per
1136 1620 1189 1676 bns
1210 1621 1339 1678 ieiunium
1360 1625 1536 1695 praecipitur.
1553 1627 1620 1682 llinc
1640 1625 1708 1682 divit
1726 1627 1800 1683 Bart.
1816 1627 1845 1681 in
1866 1625 1946 1682 dicta

300 1715 475 1790 privilegium
495 1731 659 1788 concessae,
675 1723 707 1774 ut
720 1716 826 1774 solvere
840 1717 992 1786 tributum,
1010 1713 1102 1770 subire
1136 1709 1155 1767 Ι.
1173 1715 1197 1780 i,
1213 1727 1296 1784 quem
1311 1713 1464 1768 Panormit.
1486 1720 1513 1770 et
1533 1713 1575 1769 alil
1590 1721 1744 1787 sequuntur
1763 1715 1791 1771 in
1806 1715 1835 1771 d.
1852 1715 1945 1786 capite

301 1821 392 1875 onus,
416 1821 430 1860 a
451 1821 507 1879 quo
527 1805 697 1879 privilegium
717 1807 876 1864 excusabat.
892 1807 996 1863 Dicitur
1010 1811 1102 1862 sutem
1139 1802 1218 1857 Cum
1231 1803 1433 1868 accessissent,
1447 1817 1522 1872 eum,
1535 1803 1580 1875 qui
1592 1803 1691 1876 aliquid
1706 1811 1851 1875 operatur,
1864 1805 1944 1876 quod

301 1893 371 1952 baec
387 1896 521 1967 oppositio
541 1898 699 1968 contraria,
715 1899 780 1970 qula
795 1897 857 1953 licet
871 1897 940 1952 inter
955 1897 1102 1967 positivum
1136 1889 1245 1948 videtur
1258 1893 1427 1948 contrarium
1446 1893 1603 1965 privilegio,
1619 1897 1642 1948 si
1660 1900 1847 1966 protestetur,
1864 1896 1903 1951 ita
1918 1895 1944 1950 id

302 1993 407 2057 actum,
422 1993 451 2042 et
466 1986 636 2058 negationem
650 1989 709 2042 eius
724 1993 830 2042 tantum
848 1985 969 2042 videatur
980 1999 1040 2040 esse
1056 2001 1103 2055 op·
1138 1995 1235 2052 agere,
1251 1986 1281 2037 at
1294 1997 1347 2038 non
1363 1981 1530 2054 praeiudicet
1544 1983 1595 2038 iuri
1610 1984 1653 2038 sui
1669 1982 1816 2056 privilegii,
1834 2001 1891 2041 uon
1906 1985 1945 2039 ei·

300 2077 402 2148 positio
418 2075 653 2148 contradictoria,
671 2075 848 2132 nibilominus
862 2081 941 2131 actus
955 2073 998 2130 ille
1010 2075 1103 2146 positi·
1137 2071 1219 2126 licere
1238 2087 1318 2126 usum
1331 2057 1470 2144 privilegio
1482 2073 1664 2142 contrarium,
1673 2072 1790 2145 ideoque
1804 2089 1855 2145 per
1868 2075 1945 2129 simi·

302 2181 354 2222 vas
371 2179 437 2220 cuna
452 2164 510 2235 ipso
525 2164 676 2236 privilegio,
694 2180 743 2220 seu
759 2167 817 2222 eius
832 2165 1009 2220 concessione
1024 2163 1104 2220 babet
1138 2158 1176 2216 les
1190 2167 1271 2217 actus
1285 2177 1338 2217 noa
1354 2164 1479 2218 amittere
1494 2162 1680 2237 privilegium3
1700 2163 1764 2235 quia
1778 2179 1811 2219 ea
1828 2165 1854 2218 ri
1868 2165 1944 2220 illius

301 2255 446 2326 positivam
465 2255 681 2325 oppositionem,
697 2259 725 2309 et
739 2252 798 2310 ideo
813 2254 910 2310 merito
924 2252 1103 2308 contrarietas
1138 2251 1343 2322 protestationis
1358 2252 1513 2324 profitetur,
1527 2269 1579 2308 non
1592 2252 1618 2307 id
1631 2252 1721 2309 lacere
1731 2269 1764 2309 ex
1779 2252 1944 2325 obligatione

302 2341 473 2412 appellatur,
489 2343 563 2398 sicut
583 2355 713 2398 assensus
736 2341 951 2414 propositionum
966 2338 1103 2396 contradi·
1138 2343 1278 2397 contraria
1290 2341 1455 2413 exemptioni
1469 2342 1611 2414 privilegii,
1627 2357 1716 2415 neque
1732 2343 1823 2398 animo
1842 2357 1947 2400 renua-

305 2430 457 2488 ctoriaram
474 2429 544 2486 inter
559 2445 587 2486 se
604 2433 738 2486 contrarii
749 2440 825 2488 sunt.
837 2432 872 2487 Et
882 2433 919 2486 lta
930 2430 955 2484 in
968 2429 1020 2486 boc
1033 2427 1104 2486 mul·
1139 2431 1226 2487 claudi
1242 2429 1428 2503 privilegium,
1443 2429 1490 2488 sed
1503 2447 1536 2488 es
1557 2446 1632 2488 mera
1647 2433 1801 2503 voluntate,
1821 2432 1863 2489 vel
1878 2431 1945 2489 libe·

302 2529 362 2578 tum
377 2519 465 2576 dillert
477 2535 544 2575 usus
555 2522 714 2575 contrarias
726 2520 857 2594 privilegii
868 2536 884 2576 a
894 2535 946 2575 non
961 2535 1024 2590 usu,
1040 2518 1103 2591 quia
1137 2520 1252 2575 ralitate.

302 2625 356 2666 uon
377 2625 445 2666 usus
464 2623 494 2664 re
514 2624 577 2664 vera
591 2624 644 2664 noa
659 2607 740 2666 habet
753 2611 891 2681 propriam
907 2609 1103 2680 oppositionem
1178 2613 1205 2666 3.
1221 2608 1351 2681 idemque
1364 2615 1407 2665 est
1420 2611 1449 2666 in
1465 2608 1588 2680 exemplo
1601 2607 1647 2664 illo
1667 2624 1721 2664 non
1745 2608 1901 2678 ieiunandi,
1924 2613 1945 2666 si

303 2715 368 2756 cum
386 2698 542 2771 privilegio,
559 2697 605 2754 sed
620 2705 726 2755 tantum
741 2714 805 2758 curn
820 2701 948 2756 exercitio
962 2700 1038 2766 eius,
1054 2713 1102 2755 seu
1138 2700 1200 2772 quis
1215 2715 1246 2754 ex
1261 2697 1405 2756 devotione
1420 2705 1526 2754 tantum
1542 2699 1643 2755 ieiunet
1656 2699 1682 2753 in
1702 2699 1747 2756 die
1766 2699 1859 2771 aliquo
1873 2701 1947 2766 Qua-

304 2805 370 2844 cum
386 2795 451 2843 actu
467 2787 555 2857 illius,
571 2786 617 2844 cui
631 2787 842 2845 contradictorie
856 2788 1012 2860 opponitur.
1030 2788 1103 2845 Usus
1137 2788 1318 2861 dragesimae,
1332 2795 1388 2846 etc.
1405 2789 1469 2844 item
1483 2788 1509 2843 in
1523 2789 1665 2860 privilegio
1680 2804 1734 2844 noa
1757 2789 1906 2859 recitandi,
1923 2792 1945 2845 si

307 2885 399 2953 antem
413 2879 569 2934 contrarius
584 2877 722 2949 privilegio
733 2880 856 2950 negativo
868 2894 921 2934 aon
934 2885 1040 2935 tantum
1053 2895 1122 2951 op·,
1138 2880 1199 2951 quis
1212 2892 1246 2933 ex
1259 2877 1403 2935 devotione
1416 2878 1523 2948 recitet,
1536 2885 1564 2934 ει
1577 2877 1724 2934 similibus.
1733 2879 1766 2934 lit
1780 2878 1945 2936 declaratur

304 2969 417 3039 ponitur
440 2968 501 3021 usui
520 2965 666 3038 privilegii,
683 2967 826 3024 sedetiam
841 2968 953 3038 positive
969 2976 1105 3039 repugnat
1138 2967 1190 3023 hoc
1206 2967 1337 3039 amplius,
1353 2968 1516 3040 quinetiam
1532 2967 1565 3024 ad
1585 2969 1659 3024 bunc
1675 2968 1787 3025 modum
1804 2970 1943 3026 amittendi

304 3057 355 3128 ipsi
371 3055 525 3127 privilegio,
538 3056 603 3128 quio
621 3056 666 3128 qui
681 3057 719 3112 sie
735 3063 878 3128 operatur,
890 3064 954 3112 actu
969 3058 1027 3127 ipso
1043 3072 1104 3126 pro·
1138 3057 1326 3130 privilegium,
1348 3058 1535 3114 necessarium
1549 3065 1606 3127 est,
1629 3066 1661 3114 ut
1674 3058 1771 3130 aliquis
1786 3059 1894 3126 sciens,
1917 3069 1944 3115 et

304 3147 413 3217 litetur,
436 3160 465 3202 se
489 3161 543 3201 non
569 3144 668 3202 babere
692 3146 773 3203 talem
792 3146 930 3218 savorem,
953 3145 993 3202 vel
1014 3162 1103 3204 exem·
1138 3141 1232 3201 videns
1243 3153 1339 3203 eontra
1350 3147 1519 3218 privilegium
1531 3153 1669 3217 operetur.
1681 3150 1748 3204 Nam
1770 3165 1825 3222 qua
1837 3151 1945 3207 ratione

304 3237 435 3308 ptioncm.
1139 3235 1469 3292 conditionesbaiusmodi
1479 3240 1649 3294 necessariae
1660 3236 1765 3294 suntad
1784 3255 1838 3294 non
1850 3255 1944 3306 asum,

342 3329 412 3384 ilinc
431 3341 497 3401 ergo
517 3325 682 3400 magistralis
700 3326 796 3400 regula
815 3326 841 3382 ia
860 3325 913 3382 boc
933 3335 1035 3397 puncto
1049 3333 1102 3396 est,
1138 3324 1250 3381 eaedem
1265 3331 1331 3380 srrnt
1344 3326 1513 3381 necessariae
1527 3325 1560 3381 ad
1581 3341 1662 3384 urum
1680 3328 1866 3398 eontrarium,
1882 3329 1944 3400 quia

304 3415 476 3489 privilegium
492 3416 577 3473 amitti
592 3431 640 3488 per
655 3417 823 3474 contrarium
838 3433 932 3487 usum,
948 3417 969 3471 si
983 3418 1104 3473 circum·
1138 3415 1219 3470 etiam
1233 3413 1275 3469 bic
1291 3429 1359 3469 usus
1374 3413 1453 3469 debet
1466 3430 1527 3469 essa
1549 3415 1728 3488 voluntarius,
1748 3423 1778 3472 ut
1794 3415 1836 3473 rel
1858 3419 1943 3473 eonti-

307 3503 421 3562 slentieo
436 3507 606 3562 necessariae
617 3514 800 3563 concurrant.
811 3508 852 3562 lta
864 3507 943 3562 sentit
954 3505 1042 3562 Gloss.
1056 3523 1105 3576 per
1140 3510 1203 3559 neat
1218 3504 1359 3560 virtualem
1377 3503 1609 3560 renunciationem
1624 3504 1766 3578 privilegii,
1780 3507 1821 3562 vel
1837 3507 1889 3564 alla
1904 3524 1943 3562 ra·

306 3603 411 3653 textum
427 3597 453 3650 in
468 3611 494 3652 c.
510 3601 652 3658 Gratum,
669 3597 702 3652 de
717 3596 791 3652 ollio.
809 3595 899 3668 deleg.
915 3597 997 3652 verbo
1012 3611 1105 3652 reces-
1140 3591 1211 3650 tione
1227 3593 1394 3664 praeiudicet
1413 3593 1548 3664 operanti,
1564 3610 1630 3668 ergo
1650 3595 1837 3652 necessarium
1859 3597 1942 3652 etiam

304 3703 385 3751 sont,
404 3685 491 3742 Gloss.
508 3685 533 3741 in
548 3702 574 3742 c.
592 3690 641 3742 Ex
655 3703 713 3751 ore,
732 3686 765 3742 de
780 3687 838 3758 bis,
854 3703 923 3759 quae
939 3688 1006 3743 liunt
1020 3704 1035 3742 a
1051 3702 1106 3743 ma·
1126 3689 1193 3754 est,
1206 3689 1236 3738 ut
1250 3681 1293 3738 ille
1307 3698 1375 3738 usus
1386 3683 1420 3739 sit
1434 3682 1615 3753 voluntarius,
1628 3699 1681 3739 non
1697 3691 1803 3741 tanturn
1813 3685 1943 3745 ,ntateria

304 3775 354 3831 iori
375 3789 432 3845 par.
455 3781 508 3831 etc.
530 3775 614 3832 verbo
631 3781 838 3844 reortucr'ame,
863 3777 943 3833 etiam
966 3792 1013 3848 par
1028 3778 1104 3836 iilum
1140 3771 1214 3842 liter,
1231 3780 1262 3829 ut
1275 3775 1314 3828 sic
1334 3771 1433 3840 dicam,
1447 3781 1583 3844 quatenus
1598 3774 1657 3830 talis
1672 3782 1751 3832 actus
1766 3781 1821 3846 est,
1843 3776 1891 3832 sed
1905 3784 1944 3832 et-

304 3871 420 3921 tcxtum.
437 3865 504 3920 ltem
518 3865 613 3921 Glossa
628 3880 675 3937 per
691 3871 795 3923 textum
810 3869 836 3921 in
852 3883 879 3922 c.
898 3868 948 3923 ult.
965 3866 997 3922 do
1013 3868 1059 3924 vit.
1076 3875 1104 3924 et
1142 3861 1192 3918 iam
1215 3861 1381 3933 formaliter,
1398 3866 1429 3917 ui
1443 3867 1485 3918 cst
1499 3863 1653 3918 contrarius
1671 3864 1821 3938 privilegio.
1839 3867 1908 3921 Nam
1924 3869 1946 3922 si

306 3953 413 4010 honest.
431 3952 527 4008 cleric.
543 3953 627 4010 verba
643 3970 710 4010 cum
724 3953 824 4027 secto.
840 3955 914 4022 Quae
934 3955 1044 4013 Glossae
1058 3957 1107 4013 alla
1142 3953 1204 4024 quis
1219 3953 1256 4006 ite
1273 3958 1404 4022 operetur
1419 3967 1474 4006 non
1489 3956 1599 4024 putans,
1617 3953 1658 4008 vel
1672 3969 1726 4008 non
1742 3953 1901 4021 advertens,
1918 3955 1945 4009 il·

307 4046 379 4112 iura,
396 4050 449 4097 tam
464 4043 613 4114 canonica,
631 4059 713 4115 quam
729 4044 817 4101 civilia
831 4043 982 4112 adducunt,
997 4061 1068 4117 quae
1082 4045 1107 4101 ia
1145 4039 1190 4096 lud
1202 4055 1262 4096 esse
1277 4048 1372 4097 contra
1388 4039 1571 4112 privilegium,
1583 4055 1635 4095 non
1647 4042 1699 4096 erit
1712 4048 1791 4097 actas
1807 4041 1946 4099 sufficieu-

305 4133 436 4189 diacursu
462 4131 638 4203 attingemus.
662 4133 696 4188 Et
717 4131 785 4188 idem
807 4135 931 4190 sentiunt
946 4133 1107 4204 interpretes
1143 4137 1185 4186 ter
1199 4130 1373 4186 voluntarius
1387 4127 1420 4185 ad
1439 4128 1609 4199 praedictum
1623 4131 1768 4201 ellectum3
1793 4130 1866 4187 idem
1880 4147 1945 4204 ergo

304 4220 406 4276 eisdem
424 4218 507 4290 locis,
527 4227 553 4274 et
567 4221 594 4276 in
608 4235 634 4276 c.
655 4223 730 4278 Cam
745 4225 948 4286 accessissent,
965 4222 998 4278 de
1013 4230 1105 4280 const.
1143 4227 1195 4292 est,
1210 4223 1318 4292 quoties
1332 4219 1428 4292 aliquis
1442 4219 1545 4277 directe
1560 4227 1717 4290 praecavet,
1731 4237 1765 4278 ne
1779 4228 1879 4278 eontra
1893 4225 1947 4294 pri·

304 4329 332 4367 c.
353 4311 387 4366 St
406 4307 442 4364 de
460 4314 552 4369 terro,
569 4315 597 4364 el
609 4325 634 4364 ε.
656 4311 876 4378 ,accedentibus
901 4311 935 4367 de
947 4313 1106 4385 privilegiis,
1143 4310 1271 4382 vilegium
1288 4311 1395 4380 operari
1411 4309 1544 4367 videatur.

303 4401 381 4456 Bart.
399 4399 424 4454 in
440 4399 457 4453 l.
477 4399 554 4470 t,c.
571 4398 603 4454 de
619 4398 678 4468 bis,
693 4401 741 4472 qui
757 4409 866 4472 sponte,
882 4408 936 4456 etc.
953 4401 998 4456 lib.
1022 4407 1065 4458 to.
1081 4409 1108 4458 et
1181 4403 1208 4456 l.
1225 4397 1352 4456 Secundo
1367 4399 1550 4471 principaliter
1567 4401 1754 4455 necessarium
1768 4407 1863 4470 est,ut
1879 4417 1944 4458 usus

303 4489 329 4544 ia
344 4487 362 4542 l.
381 4487 432 4544 ult.
450 4486 478 4542 ll.
496 4487 528 4544 de
543 4495 632 4544 const.
650 4489 738 4559 princ.
758 4491 801 4545 abi
815 4491 898 4546 etiam
915 4492 991 4546 lason
1008 4497 1035 4548 et
1053 4492 1106 4548 alii.
1143 4489 1186 4544 ille
1200 4490 1357 4546 contrarius
1372 4491 1409 4544 sit
1421 4491 1448 4544 in
1468 4487 1514 4544 tali
1529 4504 1645 4559 persona
1658 4489 1757 4546 ellicsn
1771 4497 1872 4547 eontra
1891 4493 1945 4560 pri·

303 4579 344 4633 ad
358 4575 550 4648 explicandam
565 4583 669 4646 autem,
686 4585 712 4635 et
726 4577 891 4636 lundandam
906 4579 1009 4636 dictam
1026 4597 1107 4652 regu·
1142 4580 1288 4654 vilegium,
1305 4578 1330 4635 id
1350 4585 1408 4648 est,
1424 4587 1455 4634 ut
1469 4579 1543 4635 tiata
1558 4595 1689 4650 persona,
1712 4595 1784 4652 quae
1799 4581 1887 4649 possit
1905 4595 1946 4634 re·

303 4667 369 4736 lam,
383 4673 491 4737 oportet
506 4673 625 4723 tractare
638 4667 694 4722 lere
705 4667 799 4723 eadem
812 4675 928 4740 puncta,
941 4684 1010 4741 qnae
1023 4669 1048 4724 in
1060 4686 1107 4725 su·
1142 4671 1274 4725 nunciare
1289 4667 1442 4740 privilegio.
1455 4667 1522 4734 Quia
1537 4669 1559 4723 si
1573 4669 1636 4741 quis
1650 4675 1692 4724 est
1707 4669 1841 4740 impotens
1852 4670 1887 4726 ad
1905 4685 1946 4724 re·

303 4747 409 4828 periore
432 4755 519 4827 capite
535 4760 653 4811 tractata
666 4763 740 4811 sunt.
1143 4757 1327 4816 nunciandum
1340 4757 1491 4830 privilegio,
1504 4757 1589 4813 multo
1601 4757 1686 4830 magis
1696 4759 1749 4813 erit
1762 4759 1897 4830 impotens
1911 4759 1944 4814 ad

341 4849 369 4902 2.
388 4845 476 4901 Primo
491 4861 557 4917 ergo
567 4844 763 4902 declarandum
776 4853 827 4918 est,
840 4862 901 4920 qurs
917 4863 983 4902 usus
996 4846 1105 4904 dicatur
1144 4847 1340 4904 destruendam
1361 4844 1427 4902 illud
1444 4861 1491 4917 per
1512 4862 1578 4902 suos
1596 4849 1750 4918 contrarios
1765 4858 1861 4915 actum
1883 4849 1945 4920 quia

304 4935 330 4990 iu
352 4936 487 5003 praesenti
508 4936 666 4990 contrarias
687 4935 848 5007 privilegio,
879 4934 994 4992 utillud
1018 4937 1105 5006 possit
1144 4953 1193 4994 nec
1211 4936 1277 4993 tales
1291 4944 1371 4992 actus
1388 4936 1519 5008 recipient
1532 4935 1710 4992 efficaciama
1731 4937 1870 4994 voluntate
1884 4953 1946 5008 npe-

304 5023 470 5094 extinguere.
484 5025 513 5079 ln
528 5040 583 5097 quo
598 5027 624 5080 iu
645 5025 739 5098 primis
754 5042 896 5097 suppono,
918 5027 1103 5083 necessarium
1142 5028 1281 5096 rantis,ut
1295 5041 1341 5096 per
1356 5042 1385 5081 se
1399 5031 1581 5095 constat,nec
1596 5025 1731 5099 abaliquo
1747 5027 1889 5099 iure‚quia
1902 5043 1946 5097 po-

303 5129 383 5183 esse,
400 5119 430 5168 ut
444 5119 523 5170 actus
540 5115 575 5169 sit
594 5115 737 5186 ipsiusmet
752 5113 941 5188 privilegiari,
958 5131 1019 5172 nam
1034 5116 1058 5172 si
1072 5115 1105 5172 sit
1142 5117 1196 5172 tius
1211 5117 1252 5172 ias
1265 5115 1391 5188 prohibet
1405 5115 1472 5172 tales
1488 5122 1567 5172 actus
1582 5116 1627 5172 tali
1642 5129 1790 5186 personae,
1810 5131 1879 5189 ergo
1894 5131 1945 5172 non

306 5203 340 5259 ab
354 5201 419 5277 alio,
431 5219 481 5276 pro
494 5220 550 5278 qua
565 5220 618 5261 non
631 5213 673 5262 est
686 5205 779 5264 datum
792 5205 974 5280 privilegium,
988 5223 1041 5263 non
1055 5205 1108 5262 erit
1143 5212 1232 5278 pauet
1244 5205 1310 5262 dare
1323 5205 1361 5262 illi
1375 5205 1527 5262 efficaciam
1542 5204 1575 5262 ad
1591 5203 1742 5263 tollendam
1766 5205 1945 5280 privilegium.
