4290 6222
854 390 1077 442 osnnsaxrrr.
1674 377 1737 442 425

133 516 258 590 toralia,
271 515 313 574 vel
328 515 449 592 pendens
464 535 497 575 ex
513 517 605 591 aliqua
619 514 790 588 conditione,
806 532 888 589 qnam
903 516 945 574 lex
980 527 1027 592 gat
1046 519 1123 577 illum
1142 519 1176 578 ad
1197 518 1363 577 servandum
1378 517 1455 576 alteri
1476 519 1518 576 ius
1532 535 1632 590 suum3
1650 521 1672 575 si
1686 525 1777 576 autem

134 606 273 679 bumana,
283 607 325 664 vel
341 609 468 665 noluntas
482 610 614 681 principis
629 625 683 664 non
698 614 792 681 potest
804 607 943 680 supplere,
980 625 1033 666 non
1047 609 1121 666 valet
1134 616 1232 665 oontra
1247 607 1334 680 illum,
1351 607 1426 664 ilium
1441 623 1494 664 non
1512 607 1649 680 obligabit.
1661 608 1697 665 Ut
1709 623 1777 680 ergo

133 703 168 752 nt
186 706 234 754 est
253 698 386 755 naturalis
406 701 493 771 origo,
508 706 564 755 ete.
581 713 663 755 soous
679 713 744 755 vero
757 703 814 768 est,
834 695 943 770 quando
979 705 1129 771 utrumque
1149 698 1268 755 breviter
1281 697 1461 767 resolvamus,
1477 696 1657 766 advertimus,
1669 695 1778 754 duobus

133 788 262 844 sumitur
280 787 464 844 denominatio
484 787 518 844 ab
532 787 650 858 ellectu,
665 802 748 860 quem
764 803 825 843 vere
839 791 867 844 ot
881 801 945 858 pro·
979 787 1066 844 modis
1077 804 1158 859 posse
1168 787 1239 845 duos
1251 788 1303 844 diei
1315 789 1417 858 pariter
1427 787 1617 861 privilegiatos:
1629 803 1683 844 uno
1695 788 1776 844 modo

133 879 199 948 prio
214 885 306 948 potest
319 877 362 934 lea
377 877 496 934 bumana
509 877 636 949 edicere,
655 891 719 932 nam
734 883 802 933 tuno
818 876 882 933 lieet
895 890 944 948 per
979 883 1089 949 proptor
1108 868 1193 934 solam
1209 875 1410 933 similitudinem
1424 881 1453 934 et
1465 877 1657 950 aequalitatem
1671 875 1778 949 privile-

133 966 311 1039 privilogium
326 966 487 1024 oonieratnr
501 967 590 1037 aliter,
604 982 687 1040 quam
702 967 758 1023 lieri
772 965 859 1023 soleat
872 965 945 1022 ordi·
977 965 1096 1038 giorum,
1109 972 1140 1022 ut
1154 967 1176 1022 si
1192 965 1285 1038 religio
1298 966 1431 1022 llinorum
1445 965 1555 1023 dicatur
1569 981 1655 1039 aeque
1670 965 1777 1037 privile·

132 1057 214 1112 nario
233 1055 331 1126 modo,
354 1062 423 1114 tuno
442 1055 615 1128 privilegium
635 1056 746 1113 ooniert
759 1053 942 1112 omnimodam
977 1055 1050 1128 giata
1070 1071 1103 1112 no
1125 1054 1219 1128 religio
1240 1054 1480 1126 medicatorum,
1496 1059 1523 1111 et
1535 1069 1550 1112 o
1564 1068 1715 1112 oonrerso:
1733 1053 1776 1110 vel

132 1146 388 1218 aequiparationem
401 1144 454 1202 sub
468 1144 564 1202 eodem
576 1145 746 1202 nomine.sio
759 1146 830 1201 eninr
842 1143 943 1202 dootor
977 1143 1034 1201 duo
1058 1131 1161 1202 nobiles
1185 1143 1276 1218 quoad
1301 1143 1500 1214 immunitates,
1521 1159 1593 1217 quae
1607 1143 1657 1200 illis
1672 1143 1778 1200 ratione

133 1231 230 1289 iaetus
244 1249 260 1290 a
273 1234 362 1305 Papa,
377 1233 418 1290 vel
433 1248 498 1306 rege
512 1249 562 1305 per
580 1233 763 1306 privilegium,
780 1248 828 1290 seu
844 1231 943 1289 reseri-
978 1233 1127 1291 nobilitatis
1146 1233 1353 1299 conceduntur,
1378 1239 1405 1289 et
1424 1233 1463 1289 sio
1482 1232 1516 1289 da
1536 1233 1605 1290 aliis.
1623 1233 1679 1289 Alio
1694 1231 1776 1288 modo

133 1329 229 1395 ptum,
241 1329 296 1378 tarn
310 1337 374 1379 vere
389 1329 432 1379 ert
445 1322 554 1393 doctor,
570 1323 685 1380 eivenit
700 1323 751 1379 sub
763 1321 809 1379 illa
824 1321 941 1394 appelle·
976 1322 1030 1379 diei
1044 1330 1163 1395 possunt
1176 1323 1259 1396 aliqui
1275 1325 1375 1395 pariter
1390 1321 1553 1395 privilegiati
1567 1322 1730 1395 respective,
1746 1327 1776 1384 ei

133 1414 230 1484 tione,
251 1412 325 1468 siout
343 1418 455 1469 eventus
469 1413 512 1468 via
526 1411 680 1483 ordinaria,
695 1414 760 1484 quia
774 1413 887 1468 edesius
900 1417 943 1470 esi
976 1427 1041 1469 oum
1056 1413 1228 1485 oppositione
1243 1419 1341 1470 mutua
1355 1413 1382 1468 in
1396 1412 1490 1469 ordine
1505 1411 1539 1469 ad
1554 1427 1636 1470 usum
1652 1411 1775 1468 eiusdem

131 1499 210 1557 idem
230 1503 257 1556 io
278 1501 352 1559 isoio
371 1516 451 1574 assa,
472 1507 503 1558 ut
517 1502 556 1558 sio
571 1501 673 1573 diuam,
689 1501 835 1574 solumque
852 1500 943 1557 ditiori
975 1500 1127 1574 privilegii,
1153 1510 1184 1559 nt
1204 1502 1226 1557 si
1250 1517 1322 1558 unua
1341 1501 1422 1558 babet
1435 1501 1605 1574 privilegium
1619 1501 1652 1560 ad
1667 1503 1775 1574 exigen-

133 1589 162 1644 in
179 1589 275 1660 modo,
287 1591 352 1662 quia
365 1605 380 1646 a
392 1590 515 1662 principe
529 1590 559 1646 tit
571 1591 628 1646 sine
639 1590 811 1646 solemnitate
823 1589 882 1646 iure
896 1605 940 1646 or·
976 1591 1058 1663 dum,
1078 1597 1106 1648 et
1120 1591 1187 1649 alius
1201 1592 1236 1649 ad
1250 1607 1304 1647 non
1319 1589 1496 1661 solvendum,
1513 1590 1556 1647 rel
1570 1591 1593 1646 si
1607 1607 1679 1648 unns
1695 1590 1776 1647 babet

132 1673 243 1736 dinario
256 1680 400 1751 requisita,
416 1694 500 1752 quam
513 1681 571 1751 ipse
585 1685 677 1751 potest
691 1678 869 1753 supplere‚et
883 1677 940 1736 sino
975 1679 1163 1754 privilegium,
1188 1687 1220 1737 ut
1243 1687 1353 1754 propter
1377 1679 1509 1737 delictum
1528 1680 1711 1750 inoaroersri,
1728 1685 1778 1736 aut

132 1766 180 1824 illa
193 1767 323 1826 eumdem
334 1769 463 1827 ellectum
476 1768 599 1827 effloero.
976 1772 1099 1842 torqueri
1113 1785 1166 1827 noo
1182 1771 1284 1842 possit,
1302 1776 1331 1827 et
1345 1769 1414 1827 alius
1428 1769 1521 1842 babet,
1537 1775 1569 1826 ut
1584 1769 1696 1842 quilibet
1710 1784 1777 1826 oon·

886 1905 888 1908 .
975 1865 1018 1916 tra
1029 1875 1058 1916 ae
1069 1859 1230 1934 delinquens
1241 1861 1475 1934 incarceretur‚et
1485 1859 1696 1932 torqueaturlli
1706 1858 1774 1916 baeo

400 1957 540 2030 CAPUT
556 1959 678 2030 xxm,
974 1949 1108 2020 posterior
1126 1955 1170 2006 est
1187 1951 1313 2025 proprie,
1334 1955 1363 2007 et
1380 1964 1429 2024 per
1443 1965 1473 2006 so
1486 1950 1657 2024 comparatio
1672 1949 1775 2024 pariter

976 2039 1222 2114 privilegiatorum.

198 2154 293 2228 (Μ
307 2149 446 2227 effectum
455 2155 551 2228 pomp
562 2153 672 2212 gagen
683 2151 881 2230 privileffium,
1012 2133 1040 2186 2.
1050 2130 1117 2188 ilico
1126 2144 1193 2203 ergo
1204 2128 1302 2202 primo:
1315 2129 1501 2204 AEquiparstio
1513 2131 1542 2186 in
1552 2127 1700 2203 privilegiis
1711 2142 1775 2200 pro·

456 2246 489 2300 αι
502 2239 553 2300 23ae
565 2248 619 2302 επ,
973 2224 1035 2290 pter
1049 2218 1136 2276 solam
1151 2217 1364 2292 similitudinem,
1380 2227 1428 2276 ant
1443 2219 1646 2294 aequalitatem,
1658 2233 1711 2275 non
1727 2217 1776 2274 ob·

974 2313 1046 2378 atat,
1062 2308 1209 2382 quominus
1224 2315 1254 2366 et
1265 2309 1454 2384 privilegiatus
1470 2309 1509 2366 uti
1524 2311 1612 2383 possit
1624 2324 1675 2366 auo
1691 2307 1774 2382 privi-

417 2419 662 2486 smmfflum
973 2394 1045 2469 legio
1065 2404 1162 2454 eontra
1182 2399 1285 2471 pariter
1305 2398 1521 2472 privilegiatum,
1541 2404 1569 2455 et
1587 2397 1632 2456 bio
1647 2402 1774 2454 teneatur

973 2482 1039 2542 illud
1053 2501 1175 2543 serrare.
1184 2487 1223 2544 lta
1238 2487 1358 2544 sumitur
1371 2503 1403 2544 aa
1415 2486 1434 2543 i.
1444 2485 1493 2543 ult.
1503 2486 1531 2544 11.
1539 2502 1571 2544 ex
1584 2486 1771 2560 quibusoaus.

132 2605 160 2657 1·
175 2605 217 2656 A„
235 2607 294 2670 quis
310 2605 449 2670 privilegio
465 2619 512 2658 suo
523 2606 633 2670 gaudeat
645 2614 735 2658 comm
748 2608 847 2673 pariter
859 2611 940 2673 privi-
974 2574 1177 2676 mai'or.eto.uut
1188 2574 1222 2632 vbi
1237 2581 1334 2632 notant
1347 2577 1422 2633 liert.
1438 2575 1630 2676 et'Baldltem
1645 2577 1772 2632 Panorm.

168 2675 346 2738 legistam-
357 2675 421 2726 itote
433 2689 480 2740 pro
492 2677 658 2728 resolutione,
671 2704 704 2715 -
714 2675 740 2729 ο,
752 2677 889 2730 &uetusto
901 2679 938 2730 as.
973 2662 1093 2721 relinet
1105 2664 1158 2735 altr,
1171 2681 1242 2738 quos
1257 2664 1386 2737 relert,et
1400 2670 1525 2738 sequitur
1538 2667 1638 2722 Govar.
1648 2665 1675 2720 in
1691 2678 1773 2736 regu-

167 2743 305 2797 nemesim.
319 2747 425 2796 -Cttm
446 2745 588 2797 similitudo
609 2748 636 2796 in
658 2747 802 2810 privilegiis
816 2749 851 2800 sit
865 2749 938 2801 vaitie
973 2751 999 2808 la
1010 2769 1172 2826 possessor,
1186 2758 1214 2812 2,
1228 2770 1255 2826 p,
1268 2757 1282 2828 5
1293 2759 1321 2826 2,
1331 2771 1357 2811 ῃ.
1373 2758 1400 2812 4,
1413 2755 1447 2811 Et
1461 2755 1591 2828 exemplis
1605 2753 1774 2810 declaratur.

167 2815 938 2950 ffi'pgffizdffldassffg'ffugfiffifflgklffiffliffincfflgffi‘
972 2842 1040 2899 Nam
1055 2841 1205 2900 lissidona
1219 2842 1363 2918 religiones
1379 2842 1508 2918 aequales
1524 2844 1618 2900 sintin
1635 2842 1773 2916 privilegio

167 2953 258 3004 sionis.
269 2954 446 3005 -sattera
454 2955 595 3005 conclusio.
606 2954 730 3006 —llaior
742 2957 881 3020 explicatio
890 2972 939 3022 pro
972 2947 999 2987 V·
1016 2948 1044 3005 8·
1061 2949 1115 2990 ⁰⁰¹¹
1128 2932 1251 2991 ⁸⁰¹V⁰⁰di
1272 2933 1409 3007 decimi&
1430 2926 1604 2994 ”ihiiifflimss
1619 2949 1674 2990 ΠΜ
1692 2933 1774 2990 eiiam

165 3023 243 3074 modo
261 3022 391 3088 loquendi.
402 3049 438 3060 —
448 3023 474 3074 5.
488 3024 568 3086 Quid,
586 3025 607 3074 si
620 3032 759 3088 utrumque
771 3027 937 3090 privilegium
973 3028 1072 3084 eontra
1091 3022 1171 3079 aliam
1191 3021 1235 3079 illo
1248 3021 1393 3096 gaudebit,
1413 3025 1547 3096 quianon
1562 3023 1699 3080 tenebitur
1713 3022 1773 3078 illas

166 3093 203 3142 ⁸³²
220 3095 357 3155 ttfflflffllei
376 3100 403 3143 ⁰²
415 3099 537 3144 neutrum
549 3095 626 3144 atteri
638 3107 760 3159 ει111Β8113
771 3094 889 3161 deroget.
903 3125 938 3135 ·
971 3111 996 3167 ai
1011 3111 1136 3173 solvero:
1152 3118 1179 3169 et
1192 3127 1208 3169 o
1221 3114 1362 3170 contrario
1377 3109 1445 3170 baso
1457 3103 1597 3170 'tenebitur
1611 3112 1644 3169 ab
1660 3111 1703 3168 illa
1717 3127 1773 3168 non

166 3162 936 3296 iiiiiiiievilffiis&iiiiiiiispiiiiiiiiffisiguiiisid:2¹2
953 3199 1079 3273 exigere
1094 3198 1227 3272 desimus,
1242 3202 1349 3258 etiamsi
1363 3209 1462 3260 oontrs
1476 3202 1544 3259 allos
1556 3201 1655 3260 babeat
1668 3201 1711 3258 ius
1725 3199 1773 3258 de·

166 3315 224 3352 sos.
234 3301 297 3353 -8.
308 3301 477 3367 Praeceptum
489 3315 503 3352 a
515 3303 634 3368 capituto
646 3303 727 3355 rarum
738 3304 837 3368 obligas
849 3306 938 3372 singu·
971 3289 1117 3347 cimorum.
1133 3291 1169 3348 Et
1188 3291 1313 3348 similiter
1332 3289 1398 3348 boet
1411 3307 1498 3365 aeque
1512 3290 1651 3364 gaudeant
1664 3289 1773 3362 privile·

165 3369 207 3424 ¹⁰⁸
218 3371 342 3436 capituti.
970 3378 1068 3451 gio‚ut
1080 3379 1223 3451 protessus
1237 3379 1262 3436 in
1277 3377 1324 3436 tali
1338 3379 1469 3452 religione
1482 3395 1537 3436 non
1550 3381 1640 3451 possit
1655 3378 1771 3436 transire

970 3466 1005 3523 ad
1025 3466 1124 3540 aliam,
1144 3473 1243 3524 mutuo
1257 3466 1378 3540 gaudent
1392 3467 1533 3540 privilegio
1547 3473 1646 3528 eontra
1661 3481 1690 3524 se
1705 3467 1772 3523 invi·

173 3551 195 3604 l.
216 3543 297 3601 Circa
317 3541 393 3600 buno
412 3541 546 3615 privilegii
567 3543 713 3630 silentum,
735 3560 821 3603 unum
839 3561 937 3618 posan-
971 3569 1051 3626 oem‚
1067 3563 1096 3612 et
1110 3554 1233 3612 similiter
1247 3561 1375 3612 tenentur
1389 3556 1438 3612 sibi
1452 3562 1548 3613 mutuo
1563 3554 1631 3614 illud
1647 3569 1769 3613 servare.

128 3651 195 3692 mus
216 3648 249 3690 ox
264 3645 350 3702 supro
363 3630 444 3688 ditiis
458 3647 625 3704 subponere,
641 3639 669 3690 et
682 3633 738 3692 duo
752 3635 803 3692 elit
816 3636 936 3709 inquiro·
970 3645 1037 3701 ltem
1051 3643 1115 3701 lieet
1128 3643 1184 3702 duo
1198 3644 1301 3702 nobiles
1316 3658 1402 3717 aeque
1417 3644 1555 3719 gaudeant
1569 3644 1721 3718 privilegio,
1735 3659 1770 3701 ne

127 3739 170 3796 re,
186 3727 216 3779 et
235 3720 383 3793 explicare.
398 3721 586 3793 supponimus
601 3722 693 3796 itaque
707 3723 888 3799 privilegium,
905 3731 937 3784 ut
970 3739 1083 3806 propter
1108 3732 1200 3790 debito
1223 3735 1448 3807 incaraerentor,
1474 3749 1547 3791 unus
1567 3741 1663 3792 eontra
1686 3735 1770 3792 alium

59 3835 62 3838 ·
127 3813 213 3870 hebet
226 3809 362 3869 renonem
375 3810 455 3884 tegis,
470 3811 591 3885 obligare
604 3812 686 3886 aiios,
707 3813 741 3871 od
755 3829 826 3886 onos
844 3813 872 3872 id
886 3831 936 3889 po·
970 3821 1016 3880 iiio
1035 3827 1154 3896 uretur,
1179 3823 1226 3895 qui
1249 3823 1315 3882 licet
1336 3840 1409 3881 unus
1427 3823 1558 3881 allerisii
1576 3821 1700 3897 debitor,
1714 3838 1770 3880 non

127 3910 186 3961 test
201 3901 348 3975 pertinere,
364 3906 396 3958 ut
408 3900 589 3975 privilegiario
603 3918 686 3960 auom
701 3910 813 3961 servent
827 3904 934 3977 privile-
969 3911 1069 3982 poterit
1081 3910 1261 3984 incarcerari,
1276 3928 1327 3970 neo
1341 3912 1395 3985 ills,
1411 3915 1458 3987 qui
1472 3919 1517 3971 est
1529 3911 1662 3986 creditor,
1675 3919 1771 3986 posset

127 3993 221 4064 gium3
245 4005 307 4047 nam
328 3989 385 4046 sino
407 3989 458 4046 bae
478 3989 644 4064 obligatione
663 3991 792 4050 inotlloax
815 4001 888 4052 esset
906 4001 939 4052 et
969 3999 1040 4057 iusta
1065 3999 1092 4056 id
1116 3999 1273 4073 postulare,
1295 4000 1344 4059 sed
1368 4009 1476 4060 tenetur
1496 4002 1575 4060 alteri
1596 4002 1770 4077 privilegium

127 4079 232 4138 inutilis
249 4077 385 4151 privilegii
400 4078 682 4155 eoncessioldeoque
695 4079 753 4139 lero
767 4084 795 4140 io
808 4084 933 4170 omnibus
970 4103 1093 4148 servare.
1116 4090 1162 4146 Sio
1180 4089 1262 4147 stiam
1281 4089 1400 4147 elericos
1424 4090 1561 4166 obligatur
1585 4107 1696 4149 servare
1717 4093 1772 4164 pri-

126 4169 242 4227 indultis
264 4166 470 4241 privilegiorum
490 4167 561 4226 solet
574 4169 627 4226 boo
641 4179 821 4245 praesepium
835 4173 934 4247 imponi
972 4177 1101 4250 vilegium
1129 4180 1242 4235 osnonis
1262 4186 1393 4251 respectu
1416 4179 1508 4238 elerioi
1534 4181 1636 4254 pariter
1663 4181 1772 4253 privile·

127 4258 255 4317 omnibus
277 4256 433 4330 iudicibus,
453 4257 495 4315 vol
509 4258 579 4330 aliis,
594 4259 698 4332 quibus
712 4263 871 4320 incumbere
885 4278 935 4335 po·
968 4267 1087 4342 glatiiit
1099 4265 1150 4324 alia
1164 4267 1289 4340 exempla
1302 4269 1375 4325 sumi
1389 4271 1508 4341 possunt
1521 4285 1555 4327 ex
1568 4271 1659 4328 oitntis
1673 4279 1770 4329 auoto-

59 4418 63 4424 .
126 4355 184 4406 test
206 4347 380 4404 observantia
399 4347 543 4420 privilegii.
558 4348 594 4404 lit
614 4353 738 4422 quamvis
759 4367 813 4409 non
834 4353 870 4410 ita
887 4367 934 4410 ex·
967 4354 1067 4429 ribus,
1091 4361 1120 4412 st
1141 4372 1176 4414 ex
1192 4355 1346 4430 Roderieo‚
1371 4363 1395 4416 t.
1412 4364 1480 4415 tom.
1495 4375 1524 4433 q.
1542 4363 1570 4417 9.
1585 4365 1638 4416 art.
1658 4363 1702 4418 12.
1716 4362 1770 4418 lta-

125 4451 224 4510 presse
237 4442 437 4509 poneretur,ex
448 4442 548 4494 natura
561 4437 601 4493 rel
615 4440 741 4511 sequitur
755 4442 821 4498 baee
832 4441 934 4515 obliga·
967 4443 1005 4501 tio
1026 4459 1093 4502 vero
1113 4451 1171 4518 ast3
1194 4451 1253 4502 tun
1268 4446 1332 4518 quia
1351 4445 1397 4502 illa
1417 4445 1566 4504 similitudo
1580 4447 1608 4503 in
1622 4447 1769 4521 privilegiis

125 4527 183 4600 tio,
208 4525 351 4598 supposito
369 4523 511 4583 validitate
531 4525 677 4600 privilegii,
693 4530 758 4601 quia
771 4529 933 4588 contortius
966 4539 1010 4591 est
1023 4533 1105 4591 raldo
1126 4548 1175 4607 per
1199 4535 1328 4592 aooidens
1348 4535 1382 4592 ad
1403 4552 1486 4594 usum
1500 4535 1649 4610 privilegii,
1664 4547 1693 4594 et
1706 4535 1768 4594 ideo

124 4616 321 4690 privilegiario3
342 4614 411 4672 ratio
434 4621 526 4672 avvtem
540 4617 659 4674 iustitiae
672 4618 811 4691 postulat,
827 4626 859 4677 ut
873 4620 933 4679 uni·
968 4640 1055 4682 unum
1066 4639 1120 4681 non
1131 4629 1222 4698 potest
1233 4625 1364 4699 impedire
1375 4641 1457 4683 usum
1468 4625 1679 4698 alterins‚etiam
1691 4628 1768 4684 eirea

125 4708 230 4779 cuique
243 4705 285 4762 ins
305 4720 389 4762 suum
403 4713 540 4764 servetur.
967 4713 1084 4770 similem
1103 4713 1322 4787 privilegiatum,
1343 4715 1417 4772 siout
1436 4717 1585 4788 aequalitas
1609 4716 1636 4773 in
1650 4718 1769 4789 potentio
1844 4743 1849 4753 ·

168 4794 292 4852 Dubitari
307 4799 399 4850 antem
412 4799 502 4864 potest
515 4793 655 4869 primo,an
669 4796 737 4856 baec
754 4797 881 4873 obligatio
892 4805 934 4857 et·
968 4802 1075 4862 videndi
1090 4817 1144 4860 non
1158 4803 1261 4876 obstat,
1271 4805 1419 4877 quominus
1432 4804 1505 4862 illam
1516 4804 1619 4862 babens
1632 4807 1717 4879 possit
1728 4808 1768 4863 vi·

125 4885 182 4940 iam
198 4882 280 4941 eadat
293 4883 320 4939 in
335 4880 418 4938 alium
432 4884 536 4955 pariter
550 4884 767 4960 privilegiatum,
781 4903 852 4961 quos
867 4888 931 4945 olias
967 4890 1033 4949 dere
1047 4907 1122 4964 eum,
1139 4893 1187 4965 qui
1203 4893 1319 4951 similem
1333 4897 1483 4965 potentiam
1494 4894 1587 4968 babet;
1599 4901 1660 4953 tum
1672 4897 1767 4968 stiam,
1856 4931 1862 4940 ·

126 4975 224 5046 quaeri
238 4971 326 5042 solet,
347 4986 381 5027 nn
399 4971 519 5044 gaudeat
535 4970 633 5045 aliquis
647 4975 786 5047 privilegio
800 4993 851 5033 suo
866 4992 932 5034 eon·
967 4983 1033 5055 qnia
1048 4981 1224 5055 privilegium
1238 4982 1272 5039 ad
1286 4985 1425 5055 propriam
1439 4984 1638 5043 immunitatem
1653 5001 1707 5042 non
1721 5001 1768 5042 ex·

126 5069 170 5120 tra
184 5063 288 5135 pariter
301 5059 517 5134 privilegiatum
535 5060 602 5119 baee
613 5063 684 5120 eninr
695 5063 751 5121 duo
762 5065 804 5121 rel
819 5067 847 5122 in
861 5066 931 5125 idem
967 5069 1089 5129 tonditur
1102 5071 1137 5128 ad
1151 5085 1206 5128 non
1221 5070 1382 5129 servandam
1394 5072 1474 5129 alieri
1485 5072 1767 5148 immunitatem,qoia

127 5151 298 5223 coincidunt,
317 5148 360 5205 val
374 5165 403 5205 ae
418 5151 573 5208 necessario
589 5159 814 5225 consequuntur:
831 5171 893 5212 nam
908 5155 931 5213 si
969 5165 1034 5218 sunt
1048 5175 1092 5216 res
1108 5159 1185 5218 valde
1198 5160 1336 5234 diversas,
1357 5169 1385 5218 et
1399 5179 1415 5218 a
1428 5160 1545 5219 diversis
1560 5179 1614 5220 noo
1629 5164 1766 5222 titillatio:

127 5241 297 5317 privilegium
312 5238 386 5296 relat
399 5244 497 5296 contro
511 5242 614 5311 pariter
629 5241 847 5318 privilegiatum,
862 5245 931 5303 obli·
966 5249 1089 5323 sicergo
1103 5249 1284 5324 privilegium,
1294 5265 1327 5308 ne
1338 5251 1465 5324 proprius
1476 5250 1620 5326 religiosus
1634 5253 1669 5312 sd
1683 5255 1766 5314 olivam

208 5349 580 5406 inmemoratus-ravin.
1567 5361 1594 5406 et
