4260 6222
382 359 445 426 'lili
1072 378 1175 428 nrnrrn
1195 378 1275 440 vrrr,

344 506 454 566 dantem
467 523 584 565 cavrsarn
596 508 695 565 iustam
707 507 891 564 concessioni.
904 507 970 563 llarn
982 506 1004 562 si
1016 503 1059 561 illa
1069 520 1144 560 sum·
1179 504 1341 578 regulariter
1354 503 1497 579 privilegia
1507 505 1541 562 ab
1551 505 1590 562 eis
1601 520 1733 563 concessa
1744 520 1797 562 non
1809 510 1913 563 exeunt
1923 518 1986 576 pro·

345 603 395 670 pta
408 605 450 654 εει
464 613 497 654 ex
514 601 624 671 propria
638 599 843 656 circumstantia
855 595 917 655 talis
929 596 994 667 leci,
1006 594 1143 668 probabile
1179 595 1269 666 prium
1283 595 1486 666 episcopatum,
1504 595 1568 668 quia
1582 601 1659 652 extra
1671 594 1738 652 illud
1753 611 1807 652 uon
1824 594 1986 651 habentim-

344 685 423 743 valde
437 694 497 756 cst,
513 703 562 758 pre
575 687 622 743 tali
636 695 744 745 tanturn
759 688 820 744 loco
835 686 965 760 privilegii
980 702 1061 742 usum
1078 700 1144 741 con·
1179 685 1323 742 mediatam
1343 684 1571 742 iurisdictionem.
1592 684 1618 740 Si
1635 692 1724 742 tamen
1739 685 1831 757 aliqua
1847 682 1986 756 privilegia

345 775 422 844 cedi,
442 777 546 832 etiamsi
564 791 693 848 expresse
713 793 767 832 non
783 779 828 833 liat
842 777 867 832 in
881 777 927 832 illo
941 775 1141 832 determinatio.
1179 774 1332 833 concedere
1347 781 1464 847 possunt
1478 783 1510 832 ut
1520 775 1729 845 archiepiscopi,
1742 774 1782 831 vel
1796 772 1983 846 patriarchae,

344 864 424 932 Quod
444 864 560 922 dubium
580 869 682 923 moveri
698 868 767 923 solet
780 869 806 922 in
821 865 894 922 bulla
906 865 1062 935 cruciatae,
1078 880 1145 936 qua·
1180 866 1214 922 ad
1228 881 1367 922 summum
1379 864 1487 921 extendi
1500 872 1629 936 poterunt
1639 865 1709 946 intra
1719 865 1784 920 lines
1799 863 1987 933 archiepisco-

345 955 489 1012 tenusdat
502 957 628 1029 hispanis
642 957 802 1016 facultatem
816 957 979 1016 comedendi
994 958 1143 1030 lacticinia,
1180 961 1278 1028 patus,
1294 954 1336 1010 vel
1350 954 1564 1026 patriarchatus,
1580 962 1608 1010 et
1624 961 1690 1010 tunc
1705 954 1856 1026 oportebit,
1874 952 1987 1009 utentis

346 1047 471 1118 quamvis
487 1049 558 1104 enim
573 1047 689 1105 sortasse
704 1065 757 1105 non
772 1054 854 1119 ponat
867 1063 996 1120 expresse
1012 1047 1086 1104 illam
1099 1047 1146 1103 de·
1180 1044 1333 1116 declarent,
1349 1060 1406 1118 que
1419 1051 1533 1100 utantur
1548 1050 1691 1116 potestate.

344 1137 565 1194 terminationem
583 1153 616 1194 ax
632 1135 709 1209 parte
724 1144 816 1209 actus,
829 1135 855 1193 id
867 1143 920 1209 est,
932 1136 1006 1211 quod
1017 1137 1041 1194 in
1054 1136 1148 1207 Hispa·
1221 1137 1248 1192 e.
1264 1135 1320 1191 lam
1336 1149 1401 1194 vero
1421 1134 1546 1190 occurrit
1559 1134 1682 1205 quaestio
1697 1132 1721 1188 in
1736 1132 1824 1190 altero
1839 1145 1925 1188 sensu
1940 1129 1988 1188 de·

346 1226 392 1282 nia
410 1227 517 1296 possint
531 1225 575 1282 illa
586 1226 742 1300 comedere,
754 1215 932 1284 nibilominus
944 1225 1082 1298 probabile
1093 1233 1146 1295 est,
1182 1222 1298 1295 clareto,
1311 1238 1393 1296 quem
1409 1223 1499 1296 attigit
1510 1222 1617 1280 Rebuli.
1633 1221 1658 1278 in
1673 1221 1813 1280 Concord:
1824 1223 1868 1280 tit.
1875 1218 1987 1292 sermo

348 1313 419 1371 banc
434 1329 495 1371 esse
511 1322 627 1373 mentem
642 1315 793 1386 Pontibus,
805 1317 870 1389 quia
882 1317 950 1372 ratio
963 1314 1022 1372 talis
1033 1329 1149 1372 cences-
1182 1313 1333 1375 suauitati,
1346 1312 1430 1370 verbo
1440 1311 1669 1386 dispensatione,
1690 1311 1734 1368 ubi
1749 1313 1873 1385 quaerit,
1888 1325 1922 1364 sn
1933 1307 1988 1363 dis·

348 1405 430 1462 sionis
445 1419 478 1460 ex
494 1404 622 1475 peculiari
636 1405 843 1461 circumstantia
858 1405 911 1461 loci
927 1407 1056 1474 sumitur,
1073 1404 1149 1460 scili·
1183 1403 1341 1475 pensandus
1362 1419 1410 1475 per
1429 1401 1552 1476 legatum
1573 1401 1607 1458 ad
1628 1401 1776 1458 obtinenda
1789 1400 1871 1475 plura
1890 1399 1990 1455 bened·

348 1501 394 1550 cet
410 1508 443 1550 ex
465 1496 579 1564 penuria
596 1494 730 1566 piscium,
745 1510 801 1567 qna
815 1494 860 1550 illa
875 1478 1146 1566 provincialaboret.
1184 1495 1227 1550 cia
1241 1495 1328 1566 possit
1341 1507 1373 1548 ea
1384 1493 1506 1548 obtinere
1517 1499 1595 1549 extra
1606 1491 1773 1548 territorium
1788 1489 1942 1563 legationis.
1955 1489 1990 1543 Et

348 1585 428 1642 Sicut
446 1585 469 1640 si
488 1583 601 1641 daretur
617 1584 773 1640 bominibus
792 1583 909 1642 alicuius
923 1584 1082 1656 provinciae
1095 1585 1150 1656 pri·
1184 1583 1268 1641 relert
1282 1583 1381 1641 liecius
1395 1597 1474 1638 cons.
1491 1585 1543 1640 aot
1561 1580 1754 1638 affirmantem.
1766 1583 1828 1652 lpse
1843 1593 1911 1636 vero
1922 1593 1989 1634 con-

348 1674 477 1745 vilegium
495 1672 656 1729 conficiendi
671 1675 879 1730 Sacramentum
895 1674 920 1729 in
935 1673 993 1730 solo
1008 1689 1076 1745 pane
1088 1688 1150 1744 pro·
1186 1675 1301 1730 trariuna
1314 1671 1415 1729 docere
1430 1670 1539 1727 videtur
1551 1671 1578 1726 in
1592 1670 1740 1742 principic;
1758 1675 1854 1743 postea
1870 1682 1937 1722 vero
1950 1664 1990 1722 di·

347 1771 410 1836 pter
423 1762 563 1835 penuriam
580 1763 643 1835 vini3
660 1780 692 1819 en
706 1763 764 1835 ipso
779 1770 940 1820 censeretur
958 1763 1103 1821 limitatum
1118 1761 1151 1818 nd
1186 1763 1333 1820 stinctione
1352 1763 1456 1830 utitur,
1477 1775 1526 1832 per
1546 1775 1629 1832 quana
1649 1774 1713 1816 cum
1730 1760 1813 1816 liscio
1826 1757 1909 1830 plane
1923 1771 1991 1812 con·

349 1851 443 1909 locum
466 1853 623 1923 provinciae
643 1853 750 1923 potius,
773 1869 855 1924 quarn
874 1853 908 1910 ad
923 1868 1071 1926 personas,
1088 1853 1152 1910 licet
1186 1852 1282 1922 sentit,
1303 1856 1334 1908 ut
1352 1850 1421 1907 inira
1438 1848 1538 1908 dicam.
1554 1849 1742 1922 Eamdenrque
1761 1848 1871 1920 attingit
1884 1847 1988 1904 Novar.

348 1957 477 2014 expresse
499 1941 524 1998 id
542 1957 597 1998 nun
615 1940 770 2011 diceretur,
790 1941 854 2014 quia
869 1957 955 1998 causa
970 1943 1028 2014 ipsa
1043 1942 1150 2011 limitat,
1186 1942 1213 1998 in
1235 1939 1375 2009 conciliis,
1398 1941 1440 1997 tit.
1462 1939 1496 1996 de
1517 1938 1639 2012 privileg.
1661 1954 1740 1995 cous.
1759 1943 1786 2005 6,
1802 1940 1829 1994 in
1844 1938 1992 2010 posteriori

349 2039 378 2089 et
397 2031 561 2089 determinat
579 2030 689 2104 lucum,
711 2030 785 2104 quod
807 2031 896 2103 gratia
915 2037 1021 2089 tanturn
1035 2030 1152 2105 exempli
1186 2029 1314 2100 editione,
1328 2039 1356 2087 et
1375 2035 1418 2100 le,
1435 2030 1460 2084 in
1474 2030 1572 2101 prima,
1589 2045 1643 2085 non
1658 2031 1685 2085 in
1700 2027 1819 2100 generali
1833 2026 1868 2084 de
1882 2027 1992 2100 privile·

349 2120 455 2179 dictum
470 2121 513 2176 sit.
1187 2120 1253 2192 giis,
1268 2119 1316 2177 sed
1333 2119 1358 2175 in
1378 2117 1489 2191 speciali
1503 2117 1536 2174 de
1552 2117 1691 2192 privilegio
1706 2117 1811 2192 legendi
1826 2116 1911 2175 libros
1927 2115 1992 2172 veti·

393 2215 419 2267 5.
435 2208 554 2266 Tandem
575 2223 610 2266 ex
629 2207 672 2264 bis
693 2207 772 2265 lacile
791 2216 850 2280 cst,
866 2217 1037 2281 praesentem
1051 2209 1153 2268 doctri·
1188 2214 1246 2280 tes,
1269 2223 1302 2264 an
1317 2205 1406 2264 valeat
1423 2213 1502 2264 estre
1515 2207 1681 2264 territorium
1695 2204 1886 2264 concedentis.
1902 2207 1991 2272 Quam

351 2315 415 2357 nam
433 2298 466 2354 ad
482 2297 620 2354 inleriores
635 2296 772 2368 praelatos
786 2306 835 2355 aut
849 2299 987 2371 principes
1002 2300 1149 2374 applicare.
1188 2297 1375 2370 quaestionem
1386 2297 1421 2353 ibi
1434 2311 1486 2352 non
1499 2295 1620 2368 resolvit,
1630 2296 1677 2352 ssd
1690 2295 1837 2368 propositis
1851 2293 1991 2352 hincinde

351 2393 420 2448 llam
444 2387 621 2459 universalis,
644 2403 694 2443 sen
715 2387 805 2444 totalis
826 2387 929 2445 locrrtio
944 2389 1034 2461 quoad
1050 2389 1111 2446 loca
1127 2391 1153 2445 in
1188 2387 1358 2460 argumentis
1377 2384 1526 2442 indecisam
1547 2385 1684 2458 relinquit.
1704 2385 1804 2441 Tamen
1818 2385 1885 2458 quia
1901 2391 1993 2456 poste·

352 2479 481 2549 illiserit,
498 2491 568 2549 quae
583 2475 820 2547 comprehenderit
834 2482 917 2533 totam
934 2478 1153 2552 uniuscuiusque
1188 2478 1252 2534 riori
1271 2476 1333 2533 loeo
1353 2475 1428 2547 ponit
1446 2481 1607 2547 argumenta
1625 2474 1768 2532 suadentia
1783 2473 1891 2544 valere,
1908 2473 1993 2529 rideri

352 2568 510 2639 dioecesim,
526 2565 705 2638 territorium,
721 2573 770 2621 aut
783 2581 908 2638 regnum3
927 2582 977 2624 nee
991 2568 1065 2624 enirn
1075 2576 1153 2625 extra
1188 2572 1279 2640 potest
1292 2567 1316 2621 io
1329 2565 1400 2622 banc
1412 2573 1516 2637 partem
1527 2565 1681 2620 inclinasse.
1695 2567 1801 2636 hoctor
1812 2579 1880 2620 vero
1895 2565 1992 2620 cuins-

353 2658 397 2715 illa
413 2661 529 2729 possunt
541 2655 644 2710 directe
656 2656 772 2726 operari,
786 2655 1061 2714 seuiurisdictionem
1073 2673 1152 2714 suam
1187 2656 1251 2712 dam
1272 2655 1368 2712 scholii
1391 2655 1523 2724 advertit,
1545 2653 1693 2710 consilium
1713 2669 1768 2711 non
1788 2654 1903 2709 inueniri
1923 2655 1992 2709 inte·

352 2762 401 2820 per
422 2761 451 2802 se
471 2759 611 2802 exercere.
633 2743 677 2800 Sic
693 2759 758 2815 ergo
773 2745 992 2819 uniuscuiusque
1007 2747 1154 2804 concessio
1188 2761 1285 2819 grum,
1300 2752 1329 2802 ct
1343 2745 1379 2801 ita
1395 2760 1448 2800 non
1464 2757 1545 2815 posse
1560 2758 1610 2814 pro
1625 2742 1757 2800 alterutra
1772 2749 1852 2814 parte
1865 2742 1990 2816 allegari,

352 2836 488 2893 indefinita
508 2833 601 2906 quoad
622 2833 842 2890 lucacensenda
862 2836 917 2891 erit
938 2835 1098 2892 universalis
1112 2851 1155 2894 re·
1188 2837 1246 2909 ipse
1261 2851 1325 2891 rero
1340 2832 1672 2906 probabilinsesistimat,
1686 2844 1741 2888 non
1754 2831 1858 2889 valere.
1874 2831 1937 2888 hlibi
1952 2839 1993 2889 ta·

354 2927 492 2999 speotiva,
515 2939 580 2980 oum
601 2922 703 2978 eisdem
724 2921 973 2995 declarationibus,
993 2931 1021 2980 et
1042 2931 1154 2997 propter
1190 2941 1267 2996 men,
1289 2923 1443 2997 generalius
1467 2923 1609 2980 materiam
1634 2920 1795 2994 tractando,
1815 2919 1993 2980 distinctione

353 3013 463 3073 eusdem
480 3014 615 3070 rationes:
631 3019 674 3069 est
686 3013 756 3068 enim
771 3013 865 3072 eadem
881 3015 1040 3069 consecutio
1054 3013 1156 3072 doctri·
1190 3014 1321 3072 utendum
1333 3014 1466 3070 occurrit.
1483 3015 1570 3068 hctus
1581 3015 1663 3084 enim,
1678 3025 1727 3083 pro
1742 3025 1798 3083 qun
1811 3009 1896 3068 datur
1911 3013 1993 3083 privi-

353 3120 423 3176 nae,
440 3118 490 3159 nec
506 3101 605 3175 aliquid
620 3100 735 3171 speciale
749 3103 890 3174 occurrit,
908 3103 975 3175 quia
997 3105 1040 3158 ius
1061 3104 1155 3174 positi·
1191 3105 1302 3178 legium,
1318 3107 1481 3176 potestesse
1496 3096 1653 3173 prohibitus
1668 3100 1930 3172 inalicepiscopatu
1943 3117 1992 3174 per

355 3211 420 3252 vum
442 3192 505 3249 nibil
530 3191 607 3247 circa
627 3189 681 3246 boc
700 3192 807 3262 statuit,
822 3198 897 3248 etex
911 3198 1013 3248 nutura
1026 3193 1065 3249 rei
1079 3193 1154 3249 nulla
1189 3194 1331 3268 proprium
1352 3199 1503 3264 statutum,
1525 3191 1565 3247 vel
1587 3189 1813 3248 consuetudinem
1834 3188 1925 3262 illius;
1940 3197 1991 3247 aut

354 3282 521 3341 diversitatis
542 3280 611 3336 ratio
632 3278 778 3336 invenitur.
794 3279 889 3337 Solum
908 3286 998 3353 potest
1011 3281 1114 3338 adverti
1127 3284 1155 3338 in
1190 3283 1285 3340 saltem
1300 3277 1993 3354 potestessedependensavoluntatealteriusepi-

354 3389 418 3447 rege
434 3371 548 3428 habente
564 3369 642 3441 plura
656 3383 741 3442 regna
755 3385 804 3441 per
818 3383 848 3425 se
862 3385 915 3427 non
930 3373 1016 3444 nnita,
1032 3369 1080 3426 sed
1096 3379 1155 3430 ten·
1190 3374 1278 3444 scopi,
1295 3378 1326 3427 ut
1339 3371 1374 3428 ibi
1389 3369 1473 3440 licite,
1489 3369 1531 3425 vel
1544 3367 1632 3424 valide
1646 3369 1701 3440 bat,
1718 3367 1758 3425 vel
1773 3373 1938 3440 potestesse
1951 3371 1992 3425 in·

354 3472 414 3522 tum
435 3478 468 3518 ειι
488 3458 631 3517 accidente
646 3459 671 3513 in
687 3472 740 3514 una
755 3473 883 3530 persona,
900 3475 933 3515 aa
947 3475 1013 3518 cum
1028 3460 1156 3517 concedit
1189 3461 1327 3531 dillerens,
1339 3466 1367 3516 et
1380 3457 1563 3531 independens
1574 3458 1608 3514 ab
1619 3455 1669 3515 alio
1681 3456 1853 3529 praelato,et
1863 3473 1918 3514 non
1929 3475 1993 3529 pro-

354 3551 535 3628 privilegium,
551 3548 677 3604 absoluta
693 3547 823 3620 loquatur
837 3556 870 3605 ut
882 3563 931 3605 rer
944 3551 1042 3617 unius,
1059 3549 1101 3606 vel
1115 3550 1156 3606 al·
1190 3550 1290 3606 hibitus
1311 3563 1360 3620 per
1380 3546 1550 3620 particulare
1569 3552 1704 3604 statutum
1718 3537 1833 3603 alterius
1847 3545 1991 3620 dioecesis,

357 3642 443 3699 terius
462 3639 551 3712 regui,
571 3651 634 3692 nam
654 3643 719 3692 tunc
735 3638 877 3692 concessio
892 3636 936 3694 illa
949 3637 1001 3696 erit
1015 3639 1156 3695 universa·
1190 3653 1242 3695 nec
1256 3653 1304 3711 per
1318 3637 1443 3710 generale
1458 3641 1636 3709 praeceptum
1649 3636 1804 3708 Ecclesiae,
1817 3637 1874 3692 sive
1885 3641 1992 3710 sitpro-

358 3730 390 3787 lis
404 3744 453 3801 pro
469 3742 553 3799 regno
568 3725 624 3795 illo,
639 3731 666 3782 et
680 3739 733 3780 non
748 3739 798 3795 pro
812 3724 881 3781 aliis.
898 3726 1041 3795 Quomodo
1062 3732 1154 3784 autem
1190 3727 1293 3784 bibitus
1312 3726 1473 3798 particulari
1492 3724 1550 3797 lege
1570 3725 1713 3799 territorii,
1728 3733 1777 3782 aut
1789 3727 1915 3798 episcopi
1928 3743 1992 3784 con·

357 3821 503 3892 loquatur,
529 3831 561 3870 ex
586 3825 679 3871 tenore
699 3813 832 3888 privilegii
853 3813 1001 3872 consubit.
1026 3814 1156 3889 Idemque
1190 3817 1326 3888 cedentis,
1341 3817 1398 3872 sive
1412 3795 1482 3887 nco,
1500 3813 1639 3872 bocenim
1653 3813 1719 3871 nihil
1732 3815 1827 3886 ralert,
1840 3831 1893 3873 nec
1909 3818 1993 3874 variat

356 3925 422 3966 cum
441 3907 620 3986 proportione
633 3902 736 3960 adverti
751 3911 841 3975 potest
853 3906 880 3960 ln
895 3903 1066 3962 inferioribus
1083 3906 1157 3977 prin·
1190 3907 1400 3978 resolutionem,
1423 3905 1456 3960 ot
1474 3904 1636 3961 videbimus.
1658 3908 1713 3962 Aut
1725 3903 1845 3978 denique
1858 3913 1940 3962 actus
1951 3913 1993 3962 est

357 3999 482 4071 cipibus,
502 3994 544 4051 vel
562 3994 683 4070 dynastis
702 3991 863 4049 habentibus
878 3993 971 4066 plures
985 3995 1160 4066 provincias,
1190 3994 1354 4070 generaliter
1372 3992 1525 4067 prohibitus
1548 3994 1604 4066 lege
1619 3993 1760 4050 communi
1773 3993 1933 4068 Ecclesiae,
1947 4011 1991 4051 ca·

358 4087 399 4143 vel
414 4085 545 4154 dominia,
557 4098 605 4138 seu
617 4079 710 4137 titulos
725 4082 871 4154 comitum,
883 4081 1085 4154 marchionum,
1097 4092 1153 4141 etc.
1190 4087 1257 4142 d'ens
1277 4093 1365 4143 tamen
1384 4099 1418 4141 ex
1437 4085 1508 4139 iusta
1524 4097 1609 4140 causa
1623 4083 1675 4140 sub
1688 4083 1924 4155 dispensationem
1936 4088 1992 4157 epi·

356 4178 422 4233 ltarn
441 4175 466 4229 in
489 4170 610 4244 praelatu
629 4169 762 4225 ecclesiae
776 4168 892 4226 habente
906 4169 999 4241 plures
1013 4173 1157 4243 episcopa·
1190 4175 1286 4247 scopi,
1302 4181 1333 4231 ut
1346 4181 1389 4230 est
1403 4189 1472 4246 opus
1487 4173 1584 4229 servile
1598 4173 1689 4230 iacere
1703 4175 1730 4230 in
1744 4174 1788 4230 die
1802 4174 1886 4248 lesto,
1901 4191 1992 4234 conre-

357 4273 417 4337 lus3
441 4265 464 4319 in
486 4274 654 4333 unoquoque
675 4259 746 4315 enim
768 4257 950 4330 spectandum
964 4267 1017 4330 est,
1034 4261 1157 4333 subque
1190 4267 1255 4322 dere
1269 4279 1367 4321 carnes
1382 4263 1407 4318 in
1418 4262 1461 4318 die
1473 4261 1623 4334 prohibito,
1635 4270 1662 4320 ει
1672 4263 1783 4320 similes.
1795 4266 1865 4322 llam
1876 4267 1899 4322 ai
1909 4274 1989 4324 actus

356 4356 463 4413 ratione
481 4353 623 4425 loquatur:
639 4363 703 4405 nam
718 4349 763 4404 tali
776 4349 857 4405 etiem
871 4347 1001 4417 dominio,
1019 4350 1060 4407 vel
1073 4352 1155 4408 iuris·
1190 4370 1245 4411 non
1260 4353 1295 4410 sit
1307 4350 1494 4424 dispensabilis
1507 4367 1557 4426 per
1571 4352 1745 4426 episcopum,
1760 4369 1814 4410 non
1825 4357 1927 4426 polerit
1938 4358 1990 4428 pri·

355 4446 474 4502 dictione
497 4443 598 4510 utitur,
618 4443 646 4495 et
663 4436 816 4494 secundum
836 4436 910 4494 illam
930 4437 1153 4496 determinandus
1191 4443 1318 4517 vilegium
1331 4441 1398 4499 dare
1412 4442 1438 4498 in
1454 4441 1499 4499 tali
1513 4443 1638 4516 materia,
1654 4443 1731 4499 iuxta
1740 4441 1896 4503 doctrinam
1907 4463 1992 4517 supra

356 4538 409 4593 erit
422 4534 513 4590 loeus.
529 4534 614 4588 Secus
625 4543 691 4585 vero
704 4528 755 4584 erit
769 4529 795 4583 in
810 4528 983 4600 imperatore,
996 4535 1028 4584 ut
1040 4530 1157 4602 impera·
1189 4531 1328 4605 traditam,
1338 4531 1403 4606 quia
1413 4547 1526 4589 necesse
1536 4540 1589 4605 est,
1600 4539 1631 4589 ut
1641 4531 1693 4589 tale
1703 4531 1877 4607 privilegium
1885 4534 1992 4608 dispens

356 4633 401 4683 tor
415 4629 471 4694 εει,
488 4622 531 4678 ille
545 4621 616 4676 onim
632 4634 681 4691 pro
696 4617 795 4674 ditione
806 4616 887 4674 babet
898 4624 986 4675 totum
998 4618 1154 4695 imperium,
1190 4625 1321 4682 sationem
1337 4623 1484 4679 contineat.

358 4723 386 4770 et
399 4712 431 4770 od
448 4719 536 4769 lotum
549 4707 616 4767 illud
627 4707 734 4766 extendi
745 4709 844 4778 poterit
856 4707 1036 4780 privilegium.
1049 4712 1086 4767 lle
1097 4713 1156 4782 ipsu
1218 4717 1258 4782 ,7.
1275 4713 1340 4769 llico
1361 4726 1427 4785 ergo
1450 4713 1553 4782 primo:
1576 4711 1749 4784 Privilegium
1769 4710 1866 4770 datum
1886 4713 1921 4772 nd
1936 4731 1991 4772 uno

358 4811 450 4863 etitem
470 4802 571 4858 ditione
592 4797 695 4869 imperii
715 4795 795 4853 aliter
809 4795 887 4852 bodie
907 4797 1077 4856 censendum
1092 4800 1153 4872 erit,
1191 4805 1370 4876 episcopn,et
1382 4802 1742 4875 respectiveaquacumque
1751 4804 1909 4874 particulari
1919 4805 1992 4877 prin·

358 4909 441 4967 quum
457 4897 547 4961 anua,
562 4891 626 4961 quia
641 4885 758 4943 mullum
774 4884 851 4942 bodie
862 4885 1028 4946 diminutum
1039 4896 1156 4962 estpro·
1190 4893 1263 4966 cipe,
1278 4890 1463 4963 dispensando
1476 4893 1503 4947 in
1518 4891 1610 4963 aliquo
1626 4892 1736 4962 speciali
1753 4893 1811 4948 inre
1826 4895 1869 4948 sui
1883 4895 1991 4952 territo·

357 4985 447 5056 prium
464 4980 630 5036 territorium
642 4976 801 5047 imperatori
812 4975 982 5049 subiectum3
995 4993 1102 5050 semper
1115 4987 1156 5036 ta·
1190 4982 1241 5052 rii,
1257 4980 1300 5037 vel
1319 4981 1411 5054 regni,
1433 4995 1486 5036 non
1508 4986 1602 5050 potest
1621 4979 1712 5036 valere
1731 4980 1765 5036 ad
1779 4982 1950 5053 operandum
1963 4986 1991 5040 in

357 5089 418 5128 men
434 5085 498 5126 curn
514 5069 688 5139 proportione
703 5063 907 5136 intelligendum
922 5067 1155 5142 eritprivilegium
1190 5071 1276 5128 alieno
1296 5069 1398 5142 aliquid
1420 5071 1444 5124 in
1465 5084 1498 5126 eo
1519 5069 1683 5141 prohibitum
1704 5084 1752 5142 per
1770 5069 1858 5126 simile
1873 5073 1991 5144 speciale

357 5161 391 5216 de
407 5160 486 5215 terris
501 5156 630 5212 subiectis
645 5155 768 5226 imperio.
785 5154 820 5210 Et
834 5153 1076 5239 quidpiam'simile
1090 5174 1157 5215 con·
1191 5167 1327 5218 statutum
1344 5159 1416 5216 illius
1429 5158 1492 5215 loci.
1505 5158 1651 5230 Prolrntur,
1664 5159 1856 5231 supponendo,
1871 5167 1992 5236 peregri·

359 5251 471 5308 siderari
486 5252 578 5322 potest
592 5247 617 5301 in
633 5243 854 5318 archiepiscope,
865 5243 907 5301 vel
919 5245 1084 5320 patriarcba,
1095 5263 1156 5307 uam
1191 5263 1256 5318 nos,
1271 5247 1339 5306 darm
1355 5257 1499 5305 versantur
1514 5248 1599 5304 alieno
1615 5249 1765 5323 territerio,
1781 5253 1869 5308 teneri
1884 5252 1919 5307 ad
1932 5269 1992 5312 scr·
