4290 6222
865 447 1046 497 cnrnrxx.
1660 433 1723 495 tte

120 589 225 630 nomen
235 573 364 646 privilegii
375 573 523 644 aequivoce
532 587 612 645 posse
623 574 706 642 sumi,
717 587 771 628 uno
782 571 863 628 medo
876 587 925 644 pro
963 571 1079 644 speciale
1094 571 1251 628 donaretis
1267 571 1318 628 hac
1331 577 1423 628 autem
1438 572 1624 640 innovatione,
1638 589 1694 628 non
1707 589 1771 645 pre·

119 663 185 720 iure
200 664 270 734 ipso,
288 661 330 718 vel
345 664 432 735 gratia
448 677 496 732 per
511 662 663 733 principem
679 677 832 731 concessa,
839 668 926 732 prout
962 660 1045 718 batur
1059 661 1227 718 sufficienter
1240 676 1273 717 ev
1288 660 1366 717 dictis
1381 662 1499 728 iuribus,
1512 661 1584 734 quod
1601 662 1706 718 nullum
1727 663 1769 718 ius

118 751 297 824 privilegium
312 751 480 806 delinivimus
494 753 519 805 iu
536 751 667 822 principio
684 751 764 806 nutus
782 752 922 821 materiae,
964 751 1103 821 conterat,
1119 753 1183 823 quia
1207 751 1274 808 baec
1297 752 1433 806 innovatio
1453 757 1564 808 nonest
1584 751 1660 816 talis,
1677 752 1770 824 qualis

119 841 181 898 alio
197 840 276 896 modo
295 856 345 912 pro
360 842 544 896 instrumento
558 840 732 906 authentice,
753 841 779 894 in
796 855 852 910 quo
868 838 928 894 talis
963 848 1007 896 eet
1020 838 1078 908 illa,
1092 839 1125 896 de
1139 855 1193 912 qua
1205 839 1276 895 dieta
1290 839 1349 894 iura
1361 838 1527 912 loquuntur,
1540 838 1586 896 sed
1609 840 1727 904 diversa,
1742 845 1773 896 ut

120 933 321 998 concessio,et
334 929 467 996 lides,sen
483 930 608 1000 probatio
622 929 679 986 eius
695 930 863 994 continetur,
877 930 930 984 sic·
966 936 1118 986 constater
1133 929 1226 1002 dictis3
1239 943 1254 984 a
1265 911 1383 984 diversis
1391 937 1483 985 autem
1499 945 1551 984 non
1563 930 1592 984 tit
1605 929 1699 986 illatio.
1717 930 1771 986 lla·

122 1029 161 1078 ut
175 1022 256 1078 etiam
271 1035 369 1077 nomen
383 1025 546 1076 contractus
567 1019 705 1074 interdum
721 1017 874 1090 significare
886 1031 929 1070 so·
967 1021 1038 1075 xime
1051 1019 1115 1091 quia
1130 1033 1218 1091 neque
1233 1019 1388 1074 necessario
1404 1025 1470 1074 sunt
1486 1019 1650 1088 coniuncta,
1672 1020 1771 1088 optime

123 1109 169 1166 let
181 1114 292 1180 pactum
307 1112 415 1179 ipsum,
436 1107 572 1162 interdum
589 1107 799 1163 instrumentum
815 1105 931 1162 authen·
969 1111 1041 1164 euim
1062 1115 1153 1179 potest
1174 1107 1295 1164 innovari
1316 1107 1541 1178 instrumentum,
1562 1122 1615 1164 non
1640 1113 1771 1164 renovato

122 1199 216 1254 ticum
235 1199 312 1269 eius,
329 1203 361 1254 ut
374 1196 425 1253 late
440 1197 621 1268 tradtt'liraq.
640 1197 707 1253 libre
726 1199 751 1253 t.
767 1195 800 1253 de
815 1201 929 1252 retract.
967 1199 1043 1268 iure,
1059 1200 1114 1254 imo
1135 1213 1184 1253 neo
1200 1197 1376 1266 confirmato,
1393 1204 1423 1252 ut
1438 1196 1615 1266 dictumest,
1631 1207 1687 1254 ete
1706 1213 1773 1254 con-

123 1287 140 1357 §
156 1294 188 1358 2,
203 1287 294 1345 Gloss.
314 1289 343 1358 l,
354 1287 380 1341 in
399 1287 544 1356 principio.
560 1287 628 1342 llam
643 1302 677 1342 ex
698 1303 751 1342 usn
771 1302 824 1341 uon
841 1287 931 1341 minus
969 1303 1049 1344 verso
1065 1293 1159 1358 posset
1173 1285 1295 1341 innovari
1307 1288 1350 1341 ius
1364 1285 1464 1356 ipsum,
1479 1303 1530 1342 non
1545 1301 1677 1342 concessa
1696 1288 1772 1343 innn-

126 1383 241 1432 constat
264 1376 316 1432 hnc
338 1376 363 1430 in
385 1373 536 1454 privilegio,
553 1389 634 1446 quam
649 1374 674 1428 in
690 1383 847 1430 contractu.
864 1375 931 1430 llinc
970 1379 1077 1433 vatione
1091 1377 1197 1448 antiqui
1216 1376 1398 1432 instrumenti.
1416 1375 1530 1432 Aliunde
1549 1391 1615 1433 vero
1635 1376 1773 1433 innovatio

125 1481 198 1538 ergo
208 1466 347 1522 innovatio
361 1463 492 1534 privilegii
506 1461 642 1519 interdum
659 1463 775 1519 retertur
790 1463 823 1518 ad
839 1462 930 1518 solum
968 1467 1040 1524 idem
1055 1482 1115 1522 esse
1130 1467 1249 1534 videtur,
1265 1465 1338 1538 qrrod
1354 1468 1509 1537 renovatio,
1525 1467 1666 1522 renovatio
1681 1475 1772 1522 autem

125 1557 363 1620 instrumentum,
384 1553 447 1625 quia
472 1559 607 1609 vetustate
626 1552 699 1608 torte
718 1555 892 1609 consumitur
906 1557 934 1608 ei
969 1562 1011 1612 est
1025 1555 1163 1612 restitutio
1179 1555 1217 1610 rei
1237 1556 1290 1610 inm
1305 1554 1462 1610 destructae
1478 1570 1527 1610 seu
1546 1555 1649 1626 finitae,
1667 1557 1694 1610 in
1715 1569 1771 1628 qun

126 1643 193 1700 ideo
215 1643 350 1699 innovatio
368 1642 426 1698 eius
447 1641 626 1713 conceditur,
643 1641 789 1714 aliquando
808 1657 871 1697 vero
887 1657 933 1712 po·
971 1661 987 1701 n
1001 1645 1195 1716 prorogatione
1209 1643 1312 1712 differt,
1328 1659 1400 1714 quae
1413 1651 1457 1701 eet
1470 1646 1650 1714 continuatio,
1667 1661 1715 1701 seu
1731 1645 1772 1701 di·

124 1737 185 1788 test
200 1731 296 1788 referri
316 1731 349 1786 nd
363 1745 422 1786 rem
435 1731 532 1802 ipsam,
549 1731 636 1786 ullus
650 1732 802 1802 antiquitus
816 1745 933 1785 conces·
969 1734 1034 1791 latio
1051 1734 1106 1805 rei,
1122 1749 1192 1804 quae
1213 1731 1304 1788 adhuc
1319 1733 1402 1788 durat
1416 1733 1490 1789 iuxta
1505 1734 1522 1789 l.
1536 1732 1588 1790 sed
1607 1737 1676 1799 etsi,
1696 1734 1724 1790 ff.
1740 1732 1772 1792 de

128 1837 194 1877 sum
214 1827 311 1892 postea
331 1815 489 1876 innovetur.
507 1820 594 1876 Priori
609 1818 690 1875 mode
703 1819 810 1875 clarum
824 1825 877 1890 est,
893 1819 933 1874 in·
970 1823 1110 1895 precario,
1122 1828 1149 1879 et
1164 1820 1263 1888 ldies,
1282 1821 1309 1877 d.
1323 1820 1357 1877 de
1371 1821 1462 1878 damn.
1476 1820 1568 1879 inlect.
1583 1823 1628 1878 ubi
1642 1821 1730 1880 Gloss.
1744 1829 1773 1880 et

129 1911 308 1966 novationem
332 1907 462 1980 privilegii
484 1923 536 1962 non
557 1905 683 1964 conterre
703 1909 747 1963 ius
770 1923 883 1964 novum.
899 1907 934 1964 Et
971 1912 1112 1980 doctores,
1125 1919 1152 1967 et
1166 1911 1219 1967 late
1234 1910 1413 1982 Tiraquel.de
1428 1917 1546 1984 utroque
1560 1917 1673 1968 retract.
1687 1911 1773 1982 litui,

127 1997 211 2070 plane
226 1998 278 2055 lrec
294 1997 376 2054 modo
391 1997 514 2069 loquitur
528 1996 705 2068 dictumcnp.
721 1998 798 2054 Cum
810 1995 931 2063 dilecta,
970 2006 986 2066 s
1002 2005 1027 2074 l,
1042 1999 1133 2056 Gloss.
1148 2001 1175 2066 i,
1191 2003 1280 2057 mil:
1298 2014 1363 2072 ergo
1384 2001 1523 2057 innovatio
1543 1999 1674 2072 privttept
1696 2016 1729 2056 ea
1749 2003 1775 2058 vi

129 2095 165 2144 ut
179 2095 255 2158 patet
267 2105 300 2144 ea
316 2087 368 2144 illis
383 2086 488 2142 verbis:
500 2085 666 2144 Praedicta
675 2085 835 2160 prioilepio
848 2087 935 2159 quasi
970 2089 1116 2144 verborum
1132 2089 1265 2159 reparatio
1274 2095 1317 2145 est
1327 2088 1457 2160 privilegii
1469 2090 1572 2162 amissi,
1585 2105 1651 2162 ergo
1667 2105 1776 2162 semper

127 2181 197 2234 inm
211 2180 309 2234 nimiu
322 2180 467 2233 vetustate
478 2164 662 2249 corase-nepte,
673 2172 866 2247 cumsuerint
876 2190 935 2230 ιιοιι
973 2177 1055 2234 habet
1067 2177 1142 2234 hunc
1157 2177 1303 2250 ellectum,
1319 2179 1373 2233 sire
1388 2180 1423 2235 sit
1436 2195 1467 2236 ea
1483 2186 1559 2236 certa
1573 2181 1702 2252 scientia,
1718 2182 1775 2236 sive

128 2273 164 2324 iu
176 2283 380 2340 porpomeno,
398 2264 450 2322 sed
462 2268 495 2321 ιιι
505 2281 626 2339 papyro
640 2268 826 2337 conscripto,
844 2263 933 2320 dost·
975 2282 1048 2336 non,
1064 2268 1129 2339 quia
1142 2267 1314 2339 privilegium
1330 2275 1477 2340 operatur,
1497 2276 1632 2342 quantum
1646 2276 1726 2327 sonat
1746 2272 1773 2326 in

128 2373 199 2414 mus
213 2354 398 2413 innovando.
413 2355 448 2412 Et
462 2356 487 2410 iu
502 2353 599 2409 endem
613 2370 696 2410 sensu
711 2353 866 2425 lnqrtuntur
882 2352 933 2409 alia
974 2358 1141 2429 proprietate
1155 2357 1314 2414 verberum.
1594 2412 1597 2418 ,

132 2448 208 2503 iura.
224 2447 349 2502 lnuovnri
363 2460 429 2517 ergo
443 2443 614 2518 privilegium
627 2443 678 2499 hnc
693 2443 773 2499 modo
787 2443 850 2499 nihil
862 2441 933 2500 aliud
1014 2453 1039 2503 5.
1056 2445 1233 2502 Nihilominus
1248 2445 1270 2501 si
1284 2447 1438 2519 contingat,
1450 2449 1652 2507 innovationem
1669 2448 1777 2522 privile·

130 2543 188 2606 est,
204 2551 287 2608 qrrsm
301 2549 403 2590 norum
417 2535 629 2589 instrumentum
640 2531 772 2604 privilegii
785 2532 889 2604 antiqui
903 2547 935 2588 ex
972 2536 1007 2609 gii
1023 2534 1115 2608 quoad
1129 2536 1172 2591 ius
1194 2535 1302 2607 ipsum,
1322 2542 1350 2591 et
1370 2538 1484 2608 gretiam
1499 2552 1554 2593 nou
1575 2538 1630 2594 lieri
1644 2554 1679 2594 ex
1701 2545 1777 2595 certa

132 2627 220 2680 veteri
242 2624 422 2680 instrumento
435 2622 598 2691 exemplari,
614 2621 686 2693 quod
701 2620 823 2676 eiusdem
839 2621 874 2677 sit
888 2636 936 2682 au·
973 2625 1106 2695 scientia,
1122 2624 1169 2680 aed
1185 2625 1211 2678 in
1227 2623 1312 2679 torma
1326 2627 1481 2694 communi;
1499 2640 1561 2682 vera
1576 2634 1633 2696 est,
1649 2633 1677 2683 et
1700 2641 1778 2683 rece·

131 2715 267 2770 ctoritatis
288 2729 353 2768 cum
374 2711 514 2784 originali,
535 2710 600 2782 quia
619 2709 749 2781 principis
769 2710 935 2766 auctoritate
974 2721 1021 2786 pta
1040 2714 1153 2769 assertio
1168 2713 1267 2786 posita.
1284 2714 1349 2769 uico
1363 2720 1454 2768 autem
1471 2711 1509 2784 lsi
1525 2715 1692 2788 contingam,
1710 2714 1778 2787 quia

135 2804 259 2874 iactum,
281 2802 322 2858 vel
343 2800 525 2873 approbatum
543 2806 601 2868 est,
624 2805 786 2870 argumento
808 2797 936 2869 capuit.
973 2818 1027 2858 non
1043 2802 1150 2859 videtur
1161 2800 1207 2857 illa
1223 2803 1397 2857 innovatioin
1413 2816 1495 2857 sensu
1506 2801 1640 2873 explicato
1659 2803 1776 2860 multum

133 2892 172 2949 de
185 2891 236 2948 fide
251 2892 329 2947 inetr.
341 2899 370 2947 et
380 2889 439 2946 iden
452 2904 553 2944 novum
565 2887 607 2944 ius
621 2887 687 2944 dare
698 2904 750 2943 non
761 2894 859 2960 potest,
871 2889 937 2961 quia
975 2891 1125 2948 usitatalu
1136 2890 1216 2946 bullis
1224 2893 1296 2948 anim
1309 2891 1454 2961 pontificiis
1462 2891 1623 2964 religionum
1634 2909 1777 2966 nunquam

135 2985 182 3039 ius
196 2984 223 3037 in
239 2980 331 3038 multis
349 2979 535 3036 instrumentis
550 2985 723 3050 contentum,
743 2993 795 3034 neo
811 2983 852 3034 eet
866 2977 940 3034 aliud
976 2977 1063 3053 (qued
1076 2995 1128 3052 ego
1144 2978 1269 3051 viderim)
1286 2979 1315 3034 ut
1335 2980 1470 3035 innovatio
1489 2981 1694 3054 privilegiorum
1720 2983 1778 3037 sine

134 3079 165 3128 et
177 3070 263 3140 aliud,
279 3085 329 3126 neo
344 3075 387 3126 est
400 3069 563 3124 maius.lmo
576 3067 618 3140 (ut
632 3075 707 3125 recte
722 3067 758 3123 ait
772 3068 940 3124 Panormita·
976 3070 1183 3125 confirmatione
1194 3083 1226 3124 ex
1238 3075 1315 3124 certa
1326 3068 1452 3139 scientia,
1464 3076 1493 3126 et
1503 3077 1706 3142 consequenter
1721 3071 1779 3146 ipsa

137 3176 191 3216 nus
203 3161 228 3215 in
239 3173 267 3214 o.
283 3159 361 3215 Cum
374 3155 497 3228 dilecto)
509 3155 571 3213 talis
585 3157 720 3214 innovatio
734 3158 778 3214 ius
794 3158 820 3212 in
835 3157 941 3228 privile·
976 3161 1058 3215 etiam
1078 3158 1214 3214 innovatio
1233 3163 1323 3213 estex
1342 3164 1418 3213 certa
1437 3158 1566 3229 scientia,
1580 3166 1609 3217 et
1621 3158 1692 3217 idem
1706 3159 1778 3215 torte

136 3251 184 3322 gio
198 3253 361 3305 contentum
375 3262 428 3302 non
443 3248 599 3317 cuntirmnt,
616 3248 711 3318 utique
725 3245 878 3302 secundum
895 3262 940 3317 se,
975 3255 1019 3306 est
1032 3249 1058 3305 in
1079 3248 1136 3322 aliie
1152 3246 1282 3317 indultia3
1305 3253 1493 3303 verumtamen
1507 3246 1541 3304 de
1560 3253 1620 3304 toto
1637 3265 1690 3304 usu
1714 3247 1779 3304 milti

137 3340 205 3412 quia
230 3336 266 3393 illi
290 3336 375 3393 robur
394 3340 444 3392 aut
463 3334 583 3392 valorem
598 3351 651 3392 non
667 3333 759 3404 addit,
783 3335 875 3407 quoad
890 3351 939 3391 nos
977 3343 1106 3395 constare
1120 3352 1173 3392 non
1188 3341 1288 3408 potest:
1305 3350 1356 3391 neo
1368 3334 1450 3391 etiam
1465 3343 1612 3407 repugnat,
1630 3337 1779 3393 innovatio·

137 3443 204 3483 vern
224 3423 426 3498 quodammodo
447 3425 609 3496 confirmat,
622 3424 689 3497 quin
702 3423 808 3480 iacilinr
821 3423 863 3480 vel
880 3423 941 3480 diu·
977 3441 1039 3482 nem
1062 3424 1173 3496 adiungi
1193 3424 1393 3480 confirmationi
1413 3422 1490 3479 datae
1511 3429 1619 3480 mutum
1646 3425 1672 3480 in
1692 3426 1780 3481 torma

137 3515 247 3572 turuinr
266 3515 296 3570 tit
309 3513 434 3584 probatio
448 3512 523 3582 eius,
538 3519 566 3569 et
580 3513 633 3570 hoc
649 3512 730 3569 modo
744 3511 847 3569 dicitur
858 3512 940 3568 etiam
976 3515 1132 3585 communi,
1147 3514 1222 3586 quia,
1238 3518 1271 3568 ut
1288 3511 1423 3584 dicebam,
1438 3527 1471 3568 ex
1487 3511 1626 3569 voluntate
1643 3497 1779 3569 pontificis

137 3605 207 3660 lraen
223 3605 362 3660 innovatio
377 3616 541 3658 conservare
554 3601 736 3674 privilegium,
746 3602 810 3673 quia
821 3599 937 3673 perdito,
977 3605 1089 3678 pendet.
1105 3605 1164 3660 llnc
1178 3615 1246 3675 ergo
1261 3601 1361 3673 posito,
1374 3601 1506 3672 probatur
1520 3603 1636 3660 assertio
1649 3615 1682 3658 ex
1695 3603 1780 3658 inter-

140 3693 185 3748 vel
200 3699 364 3763 consumpto
378 3691 575 3760 instrumente,
592 3689 717 3761 perditur
738 3691 779 3746 ius
793 3689 884 3761 quoad
900 3692 940 3747 lo·
979 3694 1129 3768 pretatione
1143 3691 1203 3749 lulii
1217 3691 1251 3748 ll.
1268 3705 1351 3761 supra
1370 3689 1507 3764 allegata,
1528 3705 1599 3762 quae
1614 3689 1692 3761 plane
1714 3705 1779 3761 sup·

140 3799 204 3839 rum
222 3782 318 3838 saltem
333 3781 545 3846 externummisi
560 3779 621 3836 loeo
637 3779 709 3836 illius
720 3779 853 3837 succedat
865 3795 943 3851 prae·
978 3784 1069 3858 ponit,
1085 3782 1177 3838 solum
1197 3781 1311 3836 verbum
1328 3777 1506 3842 tannacum,
1522 3780 1580 3853 vel,
1594 3779 1670 3852 quod
1690 3781 1779 3854 magis

140 3872 271 3942 scriptio,
295 3878 324 3926 et
345 3869 403 3925 ideo
425 3885 473 3940 per
497 3869 697 3926 renovationem
721 3868 852 3942 privilegii
874 3883 943 3944 quo
977 3881 1031 3944 est,
1050 3872 1165 3930 verbum
1180 3867 1359 3927 emicedeadi
1371 3865 1407 3924 de
1420 3884 1503 3935 onon,
1522 3885 1576 3925 noa
1590 3869 1655 3925 satia
1669 3885 1730 3926 esse
1746 3869 1780 3925 ad

142 3959 291 4016 dammodo
305 3964 486 4015 conservatur
500 3957 542 4014 ius
558 3957 584 4013 in
597 3973 631 4014 eo
644 3943 816 4015 conteritum.
977 3962 1176 4022 restituendum
1192 3958 1363 4031 privilegium
1376 3968 1556 4028 revocatum,
1572 3958 1613 4014 vel
1635 3959 1778 4033 amissum,

182 4052 210 4106 4.
226 4048 364 4116 Quocirca
374 4047 407 4104 de
421 4046 474 4103 hoo
489 4047 667 4103 innovationis
682 4047 764 4104 modo
778 4048 853 4105 nulla
867 4048 944 4105 nobie
978 4068 1044 4125 ergo
1061 4056 1185 4124 oportet,
1203 4055 1234 4106 ut
1248 4047 1274 4103 iu
1288 4047 1380 4118 aliquo
1393 4062 1461 4103 casu
1477 4046 1531 4103 hoc
1544 4049 1633 4118 possit
1646 4047 1672 4102 in
1689 4049 1782 4120 rigore

138 4135 353 4208 estdilllcultae,
375 4151 425 4191 nec
437 4135 470 4192 de
480 4135 528 4192 illo
538 4135 724 4207 principaliter
737 4135 886 4210 loquimur,
896 4137 943 4192 sed
980 4157 1075 4198 verum
1090 4153 1169 4211 ease;
1185 4152 1251 4209 ergo
1266 4137 1382 4193 meaime
1395 4134 1505 4208 quando
1520 4135 1582 4191 talis
1603 4135 1737 4192 innovatio
1753 4135 1782 4192 lit

139 4228 176 4283 de
193 4224 244 4282 alin
259 4224 353 4298 modo,
368 4223 480 4298 quaudo
493 4223 536 4280 ius
550 4223 656 4295 ipsum,
671 4231 699 4280 et
713 4241 766 4280 nou
776 4225 946 4282 'instrumen
981 4231 1008 4286 in
1022 4231 1111 4287 torma
1130 4226 1287 4296 communi,
1302 4230 1330 4282 et
1349 4239 1379 4280 re
1392 4239 1445 4280 non
1467 4223 1611 4295 discussa,
1627 4239 1714 4296 neque
1734 4239 1782 4281 co·

141 4324 206 4372 tum
221 4315 361 4371 continens
384 4312 452 4370 illud
473 4315 681 4370 innovaturus
702 4314 755 4371 hoc
774 4317 845 4372 enim
866 4313 946 4371 modo
981 4321 1068 4393 gnita.
1088 4314 1215 4373 &cundo
1229 4313 1255 4371 id
1271 4313 1382 4384 probari
1395 4318 1514 4385 potesta
1531 4313 1644 4385 paritate
1658 4313 1781 4384 rationis,

140 4404 322 4461 innovationis
343 4401 473 4458 videntur
494 4401 569 4474 loqui
590 4401 752 4475 Pontifices,
773 4403 883 4476 quando
907 4403 948 4460 di·
981 4407 1045 4481 quia
1074 4405 1210 4462 innovatio
1231 4402 1380 4462 restituens
1407 4401 1550 4474 privilegia
1569 4409 1717 4474 revocata,
1740 4402 1783 4458 vel

141 4500 216 4552 cunt
228 4495 355 4549 innovare
370 4492 525 4564 privilegia,
545 4497 604 4547 tum
619 4491 684 4564 quia
696 4491 791 4549 endem
807 4491 887 4551 modo
907 4492 947 4550 di·
982 4497 1091 4566 amissa,
1104 4492 1257 4566 aequivalet
1267 4505 1352 4548 novae
1367 4491 1553 4565 concessioni,
1566 4498 1598 4547 ut
1611 4491 1733 4562 suprain
1748 4491 1785 4546 si-

142 4587 217 4640 nunt
232 4582 375 4652 innovare,
390 4596 446 4653 quo
459 4581 637 4652 confirmare,
653 4582 884 4640 nonconlirmaut
898 4599 945 4640 au·
983 4586 1040 4643 mili
1051 4585 1159 4642 dictum
1170 4590 1222 4654 est3
1235 4581 1282 4638 sed
1294 4579 1454 4638 incredibile
1466 4587 1520 4650 est,
1531 4580 1686 4637 Pontificem
1698 4580 1725 4636 in
1739 4594 1784 4652 ge·

142 4681 202 4728 aem
218 4672 411 4740 instrumenta,
424 4668 473 4725 sed
486 4668 588 4740 gratiae
603 4669 627 4724 in
643 4669 696 4728 illis
711 4676 865 4742 contentam
880 4685 948 4744 ergo
984 4675 1068 4732 nerali
1084 4674 1253 4747 loquentem,
1265 4677 1293 4728 et
1309 4672 1366 4726 sine
1381 4685 1482 4727 causae
1497 4670 1652 4744 cognitione
1663 4670 1786 4727 intende-

143 4762 207 4819 illts
221 4759 301 4816 etium
316 4759 460 4815 innovant:
476 4764 535 4814 tum
550 4759 632 4814 eliam
646 4759 775 4831 quianon
789 4760 950 4818 concedunt
983 4781 1026 4835 re,
1040 4779 1110 4819 nova
1125 4760 1265 4833 privilegia
1276 4758 1440 4826 concedere;
1453 4774 1519 4831 ergo
1534 4757 1689 4815 incredibile
1704 4760 1786 4815 etiam

143 4851 285 4908 licentiam
310 4845 468 4922 renovandi,
488 4855 537 4903 aut
555 4848 728 4918 exemplandi
747 4849 837 4906 denuo
857 4855 950 4906 vetera
985 4860 1043 4924 est,
1062 4853 1102 4908 uti
1114 4849 1197 4906 verbo
1211 4845 1376 4906 invocandi
1388 4849 1415 4904 in
1431 4846 1475 4904 illo
1490 4863 1589 4920 sensu,
1606 4846 1715 4920 quando
1731 4861 1786 4902 non

145 4942 344 5010 instrumenta,
361 4953 412 4995 nec
439 4943 610 5008 transumpta
627 4936 795 5009 approbant,
811 4938 858 4996 sed
878 4941 950 5011 ipsa·
985 4941 1112 5013 procedit
1125 4955 1158 4996 ex
1178 4943 1256 4994 certa
1270 4937 1398 5008 scientia,
1416 4952 1466 4993 nec
1485 4950 1569 4992 eausa
1583 4937 1707 5008 cognita3
1722 4951 1787 5008 ergo

144 5033 206 5087 met
221 5026 344 5085 formalia
358 5024 506 5099 privilegiu,
519 5033 550 5082 ut
564 5025 604 5081 sic
618 5025 719 5099 dicam,
734 5027 874 5098 innovant3
891 5032 950 5084 tum
986 5031 1049 5088 talis
1071 5029 1206 5086 innovatio
1221 5027 1247 5082 in
1268 5027 1356 5084 torma
1371 5026 1512 5082 communi
1527 5039 1580 5080 non
1601 5025 1720 5081 restituit
1733 5025 1789 5106 pri·

147 5119 276 5189 maxime,
293 5117 357 5190 quia
372 5130 453 5187 saepe
467 5114 564 5172 dicunt
576 5130 721 5187 expresse,
736 5115 770 5173 de
783 5133 854 5174 novo
869 5117 951 5188 prirl-
987 5119 1086 5192 vilegia
1107 5118 1226 5187 amissa,
1244 5130 1333 5189 neque
1348 5114 1396 5172 dat
1415 5130 1517 5172 novum
1530 5115 1585 5170 ius.
1600 5114 1705 5186 Tertio,
1726 5130 1791 5185 pro·

147 5208 218 5279 legia
233 5205 297 5263 talia
313 5202 488 5262 concederat
503 5203 658 5261 concedere
671 5211 763 5261 autem
781 5206 952 5279 privilegium
987 5211 1089 5282 prietes
1104 5206 1178 5264 verbi
1191 5201 1355 5262 innovandi
1373 5219 1427 5259 non
1448 5204 1525 5276 cogit
1542 5201 1789 5279 interpretandum,

149 5312 206 5354 non
221 5303 264 5354 eat
282 5293 435 5355 concedere
449 5295 664 5354 instrumentum
679 5293 765 5368 illiue,
786 5295 834 5354 sed
846 5303 891 5354 est
908 5300 952 5356 tus
986 5312 1020 5356 ea
1031 5295 1058 5355 vi
1071 5295 1146 5356 illius
1157 5293 1214 5353 deri
1227 5307 1326 5352 novam
1338 5293 1543 5352 concessionem
1556 5291 1698 5368 privilegii,
1708 5295 1791 5352 etiarn
