4190 6234
424 336 445 401 8
611 413 614 418 .
1084 420 1087 434 ,
1119 364 1220 415 urana
1235 366 1268 413 v.

416 490 443 534 et
455 485 586 548 securior,
603 493 630 538 et
647 489 788 540 communis
804 491 873 542 inter
890 491 1031 557 theologos.
1044 519 1077 529 —
1087 491 1114 542 o.
1128 491 1180 542 Lex
1216 507 1265 564 per
1285 509 1385 565 poenas
1400 497 1635 584 proportionatas3'
1646 502 1675 554 et
1688 496 1762 579 siout
1776 493 1907 552 adiectio
1921 507 2022 566 poenae
2054 513 2055 570 ι

416 555 549 674 fiffillssssfli
560 562 833 643 praeceptum'obligat
846 564 871 613 '⁵¹¹
882 561 1180 644 ⁰0¹¹⁵⁰i⁰¹¹li³···⁷,·⁰b·
1216 583 1364 654 spiritualis
1378 592 1422 644 est
1436 579 1574 652 moraliter
1588 586 1743 647 necessaria
1758 585 1783 642 in
1797 583 1919 658 legibus
1932 583 2020 640 eccle·
2054 579 2055 654 l

437 632 481 689 gat
493 639 594 690 quoque
610 642 636 677 ιιι
654 638 808 681 conscientia
821 632 872 696 lex,
883 646 948 698 quae
962 640 1031 684 tanat
1045 639 1180 698 pretia.-

418 694 444 746 g
458 695 506 746 tibi
524 709 566 748 ,es
583 701 623 749 es,
635 701 767 752 moram,
785 701 873 766 dubia,
886 703 1031 768 benigniori
1044 717 1121 755 sensu
1141 704 1181 753 in·
1216 673 1387 772 siastieis,ita
1400 692 1487 748 poena
1500 675 1655 750 temporalis
1670 682 1713 734 est
1729 674 1877 734 moraliter
1891 689 2020 732 necessa·

417 771 586 830 terpretatur.
1215 777 1254 820 rra
1266 764 1292 819 in
1302 766 1437 836 civilibus,
1450 769 1503 824 imo
1516 768 1544 824 in
1555 768 1682 840 utrisque
1692 766 1806 840 legibus.
1817 765 1894 835 Quia
1906 771 2023 837 utraque
2054 779 2055 808 ι

1216 852 1343 928 obligatio
1358 856 1439 914 simul
1453 857 1537 930 magis
1551 858 1637 931 cogit,
1652 872 1736 930 quam
1748 856 1839 914 altera
1854 862 1985 926 tantum,
2000 862 2026 912 et
2054 879 2055 888 2

424 941 448 997 l.
464 940 539 996 linae
550 945 640 1012 partes
653 942 681 998 in
694 941 753 1016 lege
767 943 874 1017 poenali
885 943 1094 1020 distinguendae
1105 950 1179 1016 sunt,
1215 945 1355 1002 sensuales
1369 945 1492 1004 homiues
1502 945 1642 1004 efficacius
1651 951 1789 1004 terrentur
1799 945 2024 1002 comminatione
2054 977 2055 980 =

382 1043 438 1086 una
450 1035 492 1086 est
503 1028 538 1086 de
552 1036 627 1103 actu,
642 1046 725 1104 quem
739 1031 853 1091 intendit
868 1035 936 1106 beri,
952 1043 1001 1093 aut
1014 1037 1114 1109 omitti,
1130 1035 1182 1092 alia
1215 1035 1406 1108 temporalium
1426 1053 1588 1111 poenarum,
1610 1037 1676 1095 licet
1692 1036 1855 1111 spirituales
1882 1036 2026 1108 graviores

382 1125 424 1176 est
437 1119 471 1177 de
491 1135 593 1194 poena,
609 1137 692 1195 quam
711 1125 826 1197 imponit
845 1134 943 1183 contra
963 1133 1181 1200 transgressores
1215 1126 1280 1182 sint.
1300 1127 1414 1200 Tertio,
1441 1130 1506 1201 quis
1525 1126 1662 1202 legislator
1682 1126 1820 1185 hunuanus
1843 1131 1945 1200 potest
1971 1125 2025 1182 siue

383 1208 444 1266 talis
458 1209 539 1284 legis,
555 1218 583 1269 et
596 1214 721 1286 quamvis
735 1217 811 1288 prior
824 1229 888 1289 pars
902 1215 986 1274 rideri
999 1217 1087 1289 possit
1098 1232 1181 1289 expo·
1201 1214 1363 1275 adiectione
1382 1233 1484 1290 poenae
1498 1218 1654 1292 temporalis
1667 1219 1787 1292 obligare
1802 1218 1832 1275 iu
1848 1215 2027 1274 conscientia

382 1301 434 1357 sita
447 1300 592 1359 tractando
616 1300 651 1360 de
668 1302 728 1378 lege
743 1304 878 1380 humana,
892 1307 975 1380 civili,
989 1314 1018 1364 et
1037 1308 1180 1382 canoniea,
1215 1321 1264 1380 per
1283 1323 1347 1365 suas
1361 1307 1452 1382 leges,
1468 1325 1535 1383 ergo
1548 1309 1632 1367 etiam
1645 1325 1712 1367 cum
1725 1308 1778 1366 illa.
1794 1309 1948 1366 Probatur
1963 1322 2027 1363 con-

381 1395 472 1447 tamen
486 1389 587 1465 aliquid
601 1395 718 1466 speciale
732 1394 833 1454 habere
847 1404 936 1470 potest
950 1400 976 1456 in
991 1399 1049 1472 lege
1063 1399 1180 1473 poenali3
1216 1399 1369 1471 sequentia,
1390 1401 1454 1472 quia
1473 1398 1609 1473 legislator
1629 1399 1765 1456 humanus
1785 1404 1886 1471 potest
1908 1397 2028 1454 adiicere

382 1487 411 1537 et
423 1479 484 1537 ideo
497 1481 573 1554 prius
588 1481 622 1540 de
636 1483 680 1541 illa
694 1485 777 1556 priori
792 1493 868 1558 parte
883 1487 1024 1560 dicemus,
1039 1494 1135 1561 postea
1148 1486 1181 1546 de
1216 1505 1331 1561 poenam
1352 1490 1529 1563 temporalem
1548 1489 1703 1564 obligationi
1726 1489 1792 1564 logis
1816 1487 1981 1556 naturalis,
1996 1495 2027 1544 ut

382 1570 547 1644 posteriori,
569 1571 646 1630 cirea
668 1572 742 1632 illam
763 1591 829 1633 vere
849 1583 954 1651 partem
974 1577 1061 1636 multa
1081 1578 1181 1653 inquiri
1216 1567 1331 1654 poenam
1345 1580 1441 1638 mortis
1453 1589 1564 1654 propter
1577 1579 1766 1653 homicidium,
1781 1580 1824 1636 vel
1837 1580 2028 1651 lurtumgra·

288 1657 291 1668 '
382 1666 510 1732 possunt.
532 1663 672 1734 Primum,
695 1679 728 1720 an
751 1662 823 1739 leges
843 1667 971 1740 poenales
990 1668 1096 1740 possint
1116 1668 1183 1726 obli·
1216 1671 1370 1744 vissimum,
1386 1677 1414 1729 et
1426 1671 1552 1729 similiter
1565 1679 1658 1744 potest
1670 1687 1718 1745 per
1733 1673 1927 1745 posteriorem
1941 1669 2027 1742 legem

381 1765 447 1824 gare
465 1749 499 1809 ad
519 1750 646 1826 culpam,
663 1751 837 1828 secundum,
853 1772 887 1813 an
905 1755 939 1814 de
958 1757 1031 1815 iacto
1051 1756 1180 1832 obligent,
1217 1760 1333 1820 adiicere
1353 1777 1469 1835 poenam
1489 1763 1572 1835 priori
1589 1763 1643 1837 legi
1662 1762 1798 1820 humanae
1811 1776 1891 1834 pure
1913 1757 2026 1828 morali,

383 1842 505 1914 tertium,
521 1858 556 1900 an
570 1843 677 1915 possint
690 1861 745 1902 non
759 1845 880 1921 obligare
892 1847 926 1905 ad
939 1847 1062 1920 culpam,
1079 1847 1128 1905 sed
1146 1847 1181 1906 ad
1217 1858 1245 1908 et
1264 1851 1394 1926 obliganti
1411 1855 1439 1909 in
1452 1853 1631 1924 conscientia,
1653 1853 1690 1909 ita
1710 1860 1741 1909 ut
1754 1851 1797 1910 lea
1810 1849 1961 1924 posterior
1971 1864 2025 1906 non

385 1931 472 1989 solam
491 1947 624 2006 poenam3
640 1941 781 2008 quartum,
797 1953 831 1994 arr
845 1936 880 1995 de
899 1937 972 1995 laeto
988 1939 1028 1995 sie
1050 1936 1180 2012 obligent.
1217 1941 1323 2000 aulemt
1337 1942 1528 2016 obligationem
1547 1943 1655 2016 prioris,
1671 1948 1702 1999 ut
1714 1942 1769 2000 late
1782 1941 1891 2016 probat
1904 1942 2026 1999 Natarr.

383 2022 420 2080 Et
434 2021 503 2080 haec
517 2024 572 2081 duo
588 2030 691 2096 puncta
705 2009 921 2085 er'iaminabimus
935 2029 1023 2101 cupite
1042 2027 1180 2102 sequenti,
1217 2047 1312 2104 supra,
1333 2031 1439 2108 dicens,
1460 2050 1476 2090 a
1495 2034 1599 2091 nemine
1619 2034 1727 2107 negari,
1749 2038 1779 2090 et
1796 2047 1862 2092 esse
1877 2045 1943 2090 rem
1959 2029 2029 2088 adeo

383 2128 458 2169 nuuc
479 2113 587 2188 reliqua
614 2116 792 2176 examinanda
813 2107 899 2192 sunt,
914 2127 942 2176 et
968 2117 1117 2176 difficultas
1138 2124 1183 2175 est
1217 2121 1335 2194 claram,
1357 2129 1454 2181 utnon
1468 2123 1736 2198 egeatprobntione3
1757 2137 1824 2197 erga
1838 2122 1920 2182 idem
1935 2128 2028 2196 potest

384 2203 418 2260 de
432 2203 539 2278 legibus
559 2205 761 2279 imponentibus
775 2224 891 2281 poenam
911 2209 1104 2282 temporalem,
1119 2226 1181 2267 nam
1216 2212 1306 2272 iacere
1321 2213 1401 2271 simul
1420 2230 1468 2286 per
1488 2229 1570 2271 tinam
1590 2214 1767 2289 legem,quia
1787 2213 1870 2271 valde
1893 2211 2028 2271 acciden-

385 2293 420 2352 dc
437 2295 637 2367 spiritualibus,
652 2303 683 2354 ut
697 2305 763 2356 sunt
775 2315 920 2374 censurae,
936 2308 964 2357 et
978 2301 1091 2374 similes,
1106 2301 1182 2358 nulla
1217 2304 1282 2361 tatia
1297 2312 1339 2361 est
1353 2306 1453 2382 unitas,
1467 2304 1511 2362 rel
1530 2304 1672 2378 pluralitas
1691 2303 1794 2378 legum,
1806 2319 1904 2379 neque
1919 2303 2027 2361 variare

385 2395 428 2441 est
438 2383 579 2458 dubitatio,
593 2388 659 2462 quin
669 2387 833 2462 regulariter
843 2389 981 2464 loquendo
991 2391 1102 2464 culpam
1117 2407 1183 2464 sup·
1216 2401 1308 2469 potest
1321 2396 1454 2453 rationem
1468 2395 1588 2452 iustitiae
1603 2402 1652 2453 aut
1665 2396 1820 2468 potestatis.

384 2481 497 2547 ponant,
510 2482 541 2532 ut
550 2490 583 2534 er
597 2478 677 2535 dictis
690 2481 717 2535 in
731 2478 778 2536 lib.
791 2480 836 2537 Ν.
849 2487 970 2551 constat,
982 2489 1010 2540 et
1024 2485 1052 2539 in
1067 2497 1182 2555 sequeu-
1254 2491 1281 2545 3.
1298 2485 1353 2544 Sed
1365 2486 1446 2544 obiici
1462 2485 1544 2556 solet,
1556 2487 1620 2560 quia
1633 2484 1740 2544 videtur
1754 2486 1894 2544 excedere
1910 2485 2027 2542 iustitiae

384 2565 456 2623 tibus
473 2567 557 2640 magis
571 2566 766 2627 declarabitur.
1219 2578 1403 2651 aequitatem,
1420 2586 1526 2634 reatum
1546 2575 1663 2648 duplicis
1677 2591 1780 2649 poenae
1800 2575 1950 2649 imponere
1968 2589 2029 2646 pm·

423 2661 452 2715 2.
468 2657 546 2715 Circa
561 2661 680 2730 primum
692 2676 771 2734 ergo,
782 2660 815 2718 de
830 2667 963 2734 potestate
976 2662 1104 2721 nullaest
1117 2679 1182 2721 con·
1217 2674 1278 2740 pter
1290 2683 1371 2725 unam
1382 2667 1641 2741 transgressionem
1654 2682 1717 2723 nam
1729 2666 1754 2722 in
1770 2667 1830 2723 loru
1840 2667 1890 2724 Dei
1905 2681 1969 2722 nort
1984 2667 2027 2719 irt-

384 2749 530 2820 trorersia,
541 2755 570 2805 et
579 2747 639 2806 ideo
650 2748 769 2807 breviter
779 2749 907 2823 dicimus,
919 2768 972 2810 noa
986 2750 1117 2810 excedere
1132 2749 1184 2810 bu·
1217 2762 1312 2832 surgit
1330 2756 1442 2832 duplex
1463 2757 1629 2824 tribulatio,
1646 2749 1762 2830 propter
1782 2756 1855 2814 idem
1878 2755 2026 2824 delictum,

286 2899 291 2908 ,
384 2853 492 2895 manem
519 2845 684 2911 potestatem
707 2841 863 2914 praecipere
887 2842 987 2917 aliquid
1011 2842 1093 2900 simul
1116 2842 1184 2900 obli·
1221 2857 1254 2906 ut
1274 2850 1374 2907 dicitur
1393 2847 1502 2907 Nahum
1519 2851 1541 2916 l,
1556 2848 1603 2906 nbi
1624 2849 1802 2920 Septuaginta
1822 2847 1939 2921 legunt:
1962 2848 2029 2900 Nos
2054 2855 2055 2864 ²

384 2926 474 3001 ganno
488 2931 516 2984 an
530 2930 708 3000 conserentis,
720 2939 748 2988 ei
761 2930 923 3002 imponendo
938 2948 1105 3007 poseamus
1118 2931 1184 2989 sun·
1219 2939 1386 2998 vanescant
1406 2939 1450 2997 tte
1473 2943 1504 2996 or
1523 2937 1654 3012 aelapsam
1673 2940 1705 2994 ta
1724 2935 1944 3004 trstatoatone;
1963 2948 2027 3006 ergo

354 3041 356 3046 ·
383 3017 445 3076 inde
462 3033 542 3090 posse
559 3019 593 3076 ab
613 3019 887 3094 homineberilegem
901 3020 1102 3096 obligantemin
1116 3038 1184 3080 con·
1219 3030 1306 3088 multo
1328 3031 1419 3086 minus
1440 3035 1531 3102 potest
1551 3027 1579 3084 id
1599 3028 1689 3085 iacere
1708 3026 1851 3101 legislator
1873 3027 2024 3093 humanus,

384 3111 509 3182 seientia,
524 3117 552 3167 et
569 3108 751 3182 imponentem
772 3125 887 3184 poenam
903 3120 1008 3169 certam
1028 3119 1184 3186 transgres·
1219 3119 1367 3194 argaitum
1387 3121 1501 3192 imponit
1515 3133 1628 3191 poenam
1649 3117 1839 3191 temporalem,
1855 3133 1915 3174 nen
1936 3118 2027 3187 potest

386 3199 505 3271 roribus,
518 3199 591 3273 quod
606 3201 688 3258 etiam
702 3199 735 3258 de
749 3201 872 3274 principe
886 3201 1021 3259 saeculari
1035 3202 1180 3263 nullusiu·
1216 3212 1355 3283 imponere
1375 3215 1530 3281 aeternam,
1551 3208 1594 3264 vel
1614 3207 1694 3264 aliam
1714 3205 1825 3265 alterius
1846 3205 1939 3278 vitae,
1959 3217 2024 3276 ergo

384 3289 574 3362 risperitorum
584 3292 702 3364 negavit,
714 3291 855 3350 utiatetur
867 3294 982 3350 Natam.
992 3293 1019 3349 in
1033 3309 1096 3366 cap.
1105 3297 1183 3352 liho-
1218 3315 1269 3357 nec
1280 3305 1371 3371 potest
1381 3299 1500 3372 obligare
1511 3299 1540 3354 in
1553 3296 1731 3370 conscientia,
1742 3296 1807 3370 quia
1817 3295 1853 3354 ad
1868 3295 1944 3352 hanc
1960 3291 2025 3350 obli-

382 3383 516 3450 terratica,
537 3386 581 3454 12,
598 3398 626 3455 q.
639 3387 668 3455 2,
683 3398 712 3439 n.
726 3385 773 3441 22.
791 3385 825 3442 Et
838 3383 971 3455 probatur
985 3383 1063 3441 iacile
1076 3384 1182 3456 primo,
1218 3391 1356 3463 gallonem
1373 3388 1499 3460 sequitur
1516 3393 1609 3444 reatus
1623 3401 1726 3460 poenae
1747 3386 1862 3444 alterius
1877 3387 1962 3442 vitae.
1976 3384 2027 3440 ile·

384 3469 530 3545 quietalis
551 3470 600 3550 lex=
614 3477 705 3544 potest
725 3488 785 3529 esse
809 3475 974 3531 conveniens
1001 3473 1178 3547 reipublicae,
1220 3477 1382 3551 spondetur,
1390 3477 1513 3551 negando
1527 3483 1713 3549 asumptum,
1721 3483 1751 3533 et
1760 3483 1837 3548 patet
1848 3475 2023 3544 inductione,

383 3562 440 3619 imo
457 3563 624 3636 experientia
644 3562 772 3635 ostendit,
788 3579 868 3636 saepe
882 3579 941 3620 esse
962 3563 1041 3622 valde
1055 3579 1183 3622 necessa·
1220 3571 1286 3642 quia
1299 3570 1373 3625 Deus
1395 3573 1540 3640 praecepto
1562 3567 1687 3638 imposito
1708 3564 1824 3638 hdamo,
1839 3565 1976 3637 obligauit
1994 3559 2026 3616 il·

383 3653 464 3726 riam,
485 3661 513 3711 et
533 3653 635 3728 alioqui
658 3654 761 3712 nullam
780 3655 940 3714 iniustitiam
959 3656 1094 3730 continet,
1116 3671 1182 3730 ergo
1218 3658 1313 3716 lumin
1328 3655 1889 3730 conscientia,etsubgrariasimaeulpa,
1902 3655 2023 3712 etreatu

383 3759 438 3800 non
458 3754 501 3801 est
520 3759 572 3802 eur
592 3744 707 3803 excedat
726 3752 889 3818 potestatem
910 3744 1073 3821 humanam;
1094 3761 1183 3820 neque
1217 3765 1320 3822 poenae
1332 3754 1469 3820 aeternae,
1481 3744 1939 3818 etnihilominusaddiditpoenam
1951 3755 2024 3800 mor-

383 3832 440 3890 ulla
452 3835 520 3892 ratio
539 3835 683 3908 probabilis
698 3834 732 3892 ad
752 3836 805 3894 hoc
821 3837 909 3894 alierri
923 3842 1024 3910 potest.
1040 3835 1182 3910 Secundo,
1218 3843 1253 3898 tis
1267 3839 1437 3913 temporalis,
1453 3837 1578 3911 idemque
1591 3844 1701 3895 onustam
1713 3838 1740 3894 in
1755 3835 1848 3894 multis
1862 3831 2020 3909 praeceptis

383 3923 418 3980 de
428 3924 533 3998 legibus
543 3925 744 3998 imponentibus
756 3925 925 3998 spiritualem
935 3941 1182 3999 poenam,enoom·
1218 3930 1284 4005 legis
1303 3931 1416 4004 veteris,
1432 3944 1503 4003 quae
1522 3929 1678 4002 obligabant
1691 3929 1743 3986 sub
1762 3943 1852 4001 poena
1870 3925 1982 3995 mortis,
1997 3925 2026 3978 et

383 4016 608 4090 munlsstfifflems
622 4022 677 4074 010·
693 4031 772 4074 ss0m⁰
792 4015 911 4089 dubitat,
928 4016 995 4089 quin
1016 4015 1137 4090 obligent
1157 4017 1182 4073 in
1218 4013 1318 4080 de'illis
1327 4029 1370 4080 est
1382 4020 1519 4096 generalis
1533 4020 1641 4095 regula,
1653 4019 1728 4094 quod
1742 4019 1902 4093 obligabant
1912 4018 1940 4074 in
1954 4029 2020 4072 con·

384 4106 553 4176 conscientia
567 4106 601 4163 ad
621 4114 701 4164 actus
715 4114 889 4180 praeceptos,
904 4107 947 4164 rel
967 4105 1132 4180 prohibitos,
1149 4114 1182 4164 ut
1219 4113 1342 4172 seientia.
1359 4111 1432 4170 idem
1456 4112 1484 4169 lit
1502 4110 1613 4169 evidens
1627 4127 1659 4168 ex
1679 4109 1762 4168 dietis
1777 4109 1816 4168 de.
1830 4111 1891 4185 lege
1906 4105 2022 4166 addente

383 4197 412 4254 in
431 4197 479 4255 lib.
495 4197 539 4254 lv.
554 4195 683 4268 diximum,
705 4198 770 4271 quin
789 4196 937 4270 spiritualis
957 4213 1045 4271 poenit
1065 4198 1181 4255 maxime
1218 4219 1334 4276 poenam
1355 4203 1662 4274 excommunicationiS,
1677 4201 1782 4258 etiamsi
1802 4205 1945 4274 supponat
1964 4209 2022 4253 rea·

384 4286 456 4345 solet
477 4288 581 4358 imponi
605 4295 717 4360 propter
741 4287 954 4362 contumaciam,
969 4302 1040 4361 quae
1054 4303 1114 4345 non
1139 4292 1183 4345 eat
1220 4301 1282 4352 tum
1297 4309 1399 4368 poenae
1415 4300 1549 4350 aeternae.
1565 4293 1633 4350 Item
1646 4289 1680 4349 de
1699 4289 1758 4364 lege
1772 4289 1890 4348 addente
1904 4299 2022 4362 poenam

384 4379 442 4434 sine
457 4377 648 4446 inobedientia,
665 4383 692 4435 et
711 4377 804 4452 culpa,
819 4383 847 4434 et
866 4378 930 4452 qnia
948 4377 1101 4450 spirituales
1121 4393 1185 4451 poe·
1218 4383 1396 4457 temporalem
1408 4389 1520 4456 propter
1532 4383 1636 4441 crimen
1648 4387 1746 4467 eontra
1757 4381 1843 4454 legem
1855 4376 2019 4446 naturalem,

384 4485 435 4526 nae
449 4476 515 4527 sunt
527 4469 714 4545 medicinales,
729 4475 758 4526 et
777 4469 924 4542 praecipue
938 4467 1085 4527 intendunt
1097 4485 1180 4526 eura·
1217 4475 1261 4534 vet
1276 4483 1374 4534 contra
1388 4474 1467 4532 aliam
1488 4474 1608 4547 priorem
1622 4473 1710 4546 legem
1729 4472 1889 4547 humanam,
1906 4469 1971 4546 quie
1984 4463 2021 4521 ibi

384 4561 487 4618 tionem
500 4561 621 4632 animae,
636 4566 664 4618 et
677 4559 878 4618 correctionem
892 4558 1003 4633 eulpae,
1019 4575 1086 4635 ergo
1100 4575 1182 4633 gene·
1219 4567 1300 4626 etiam
1314 4568 1522 4641 coniunguntur
1537 4565 1607 4626 duae
1621 4580 1724 4640 poenae
1738 4565 1798 4622 sine
1811 4563 1954 4622 iniustitia.
1968 4561 2020 4618 lla·

384 4652 464 4709 ratim
484 4650 634 4726 loquendo,
650 4667 706 4708 non
726 4651 835 4708 excedit
853 4657 1014 4724 potestatem
1035 4649 1182 4708 humanum
1218 4659 1255 4716 tio
1269 4673 1334 4716 vero
1348 4666 1402 4727 est,
1418 4657 1481 4730 quia
1494 4656 1538 4714 vel
1552 4662 1698 4729 peccatum
1712 4664 1826 4728 propter
1840 4671 1919 4713 suam
1934 4649 2019 4708 infini-

384 4741 501 4816 obligare
511 4745 540 4799 in
554 4743 723 4800 conscientia
737 4740 789 4798 sub
802 4748 879 4798 certa
888 4743 970 4799 etiam
985 4756 1071 4814 poena
1084 4757 1132 4814 per
1145 4742 1184 4798 le·
1219 4755 1303 4807 tatem
1316 4754 1360 4805 est
1380 4763 1467 4820 capax
1488 4747 1633 4820 utriusque
1652 4762 1765 4818 poenae,
1782 4753 1809 4803 et
1828 4745 1961 4818 plurium,
1976 4735 2019 4795 rel

287 4843 292 4854 ·
384 4847 447 4906 gem
467 4832 611 4905 imposita3
634 4848 699 4906 ergo
713 4847 764 4889 nec
778 4831 885 4890 excedit
905 4832 957 4889 hoc
972 4831 1131 4890 facultatem
1146 4831 1183 4888 le·
1221 4841 1286 4914 quia
1306 4839 1487 4912 transgressio
1501 4837 1567 4911 legis
1587 4836 1722 4894 humanae
1736 4851 1791 4893 nou
1811 4833 1902 4892 solum
1917 4839 1960 4890 est
1980 4827 2018 4885 oi·

383 4922 437 4998 gis,
453 4938 502 4980 seu
515 4929 677 4994 potestatem
697 4921 820 4995 civilem,
841 4923 948 4980 etiamsi
962 4936 1062 4994 poenas
1078 4928 1183 4979 tantum
1218 4930 1304 4987 sensio
1319 4929 1376 5002 liei,
1390 4926 1436 4985 sed
1451 4930 1532 4985 etiam
1546 4927 1689 5002 principis,
1700 4934 1727 4985 et
1741 4927 1906 4999 reipublicae
1921 4924 2014 4981 huma·

385 5011 551 5086 temporales
575 5014 704 5085 imponat.
729 5013 865 5074 Probatur
883 5013 1096 5086 consequentia,
1118 5013 1183 5085 quia
1218 5035 1280 5095 naa,
1295 5027 1323 5078 et
1335 5019 1397 5076 ideo
1412 5019 1445 5076 ab
1459 5025 1577 5092 utroque
1590 5020 1662 5075 iuste
1676 5017 1799 5090 punitur.
1815 5017 1892 5076 Unde
1911 5009 2015 5073 ebamsi

385 5104 459 5164 nulla
480 5103 619 5162 sufficiens
638 5105 707 5162 ratio
731 5104 895 5164 differentiae
923 5105 1055 5182 assignari
1076 5113 1182 5179 potest,
1217 5108 1261 5168 lex
1281 5108 1370 5184 aliqua
1387 5125 1443 5167 nou
1465 5109 1584 5182 imponat
1604 5107 1750 5180 specialem
1771 5124 1897 5182 poenam,
1914 5104 1962 5164 sed
1980 5100 2013 5156 sil

385 5197 447 5272 quia
468 5203 715 5271 utraquepotestas
729 5199 799 5254 sicut
814 5198 930 5257 includit
943 5203 997 5257 vim
1011 5199 1142 5276 dirigendi
1155 5199 1182 5254 in
1217 5216 1286 5273 pure
1307 5199 1435 5273 moralis,
1456 5205 1546 5272 potest
1566 5200 1695 5272 princeps
1715 5199 1812 5270 ptinlre
1833 5193 2014 5271 temporaliter

385 5289 611 5364 couscientia,ita
624 5289 705 5350 etiam
716 5295 832 5366 utraque
842 5291 960 5352 includit
970 5293 1025 5354 vim
1035 5289 1182 5354 coercendi
1217 5297 1449 5366 transgressorem
1469 5290 1530 5350 talis
1550 5291 1637 5366 legis,
1659 5291 1785 5366 quamuis
1806 5291 1888 5350 etiam
1907 5289 1933 5348 in
1956 5285 2013 5343 loro
