4260 6222
851 384 1057 440 csrorrrx.
1115 391 1117 396 ·
1509 455 1514 460 Ι
1544 399 1547 404 ·
1663 367 1723 438 let

121 511 163 568 tio
185 511 272 582 pertis
293 508 326 566 ad
347 515 470 582 partem,
493 525 563 584 ques
586 511 672 568 totius
692 508 725 566 ad
746 516 854 583 totum3
871 516 929 567 tum
963 510 1154 586 privilegium,
1179 515 1208 568 et
1230 509 1270 568 sic
1290 509 1388 566 laisum
1411 516 1472 580 est,
1498 509 1668 583 privilegium
1682 509 1765 570 semel

119 600 206 657 etiam
219 601 283 673 quie
297 599 378 672 alias,
390 600 416 655 si
430 605 501 658 tanta
512 606 556 657 est
568 598 774 670 dependentiaa
788 615 886 670 causa,
898 605 930 658 ut
964 616 1131 658 concessum
1148 600 1269 673 indigere
1283 601 1490 658 conservatione
1504 599 1692 671 concedentis,
1701 599 1767 674 quie

120 691 197 746 licite
210 691 377 763 dispensatio
389 691 601 762 concederetur,
616 691 735 766 debuita
749 691 882 762 principio
895 691 930 746 ita
963 693 990 746 in
1003 691 1094 764 rigore
1108 693 1175 746 satis
1193 695 1285 762 est,ut
1298 705 1352 746 non
1366 696 1533 747 retractetur
1544 688 1577 746 ab
1591 688 1706 746 habente
1719 705 1767 760 po·

120 779 252 854 intelligi,
264 787 296 836 ut
309 787 383 837 esset
393 778 427 835 ad
442 779 663 837 contrahendum
675 780 890 851 matrimonium,
902 786 931 836 et
964 786 1106 852 testatem3
1124 779 1199 852 quia,
1213 781 1270 836 sive
1286 780 1410 852 princeps
1424 780 1493 837 mole
1509 779 1600 846 faciet,
1614 780 1672 835 sive
1685 778 1763 850 bene,

120 871 159 930 ed
174 869 363 940 reddendum,
380 886 434 926 non
449 886 513 928 vcro
529 871 561 928 ed
577 871 743 943 petendum,
758 871 823 943 quio
838 886 930 941 respe·
965 887 1018 928 non
1039 869 1234 942 retractando,
1262 875 1290 926 et
1309 870 1365 926 sive
1384 869 1411 926 id
1431 871 1536 928 omittat
1550 886 1584 926 ex
1601 869 1764 942 ignorantia,

119 968 174 1015 ctu
192 955 315 1032 integrm
329 959 541 1031 dispensationis
556 977 609 1016 non
623 968 682 1019 erat
697 959 847 1033 adaequata
863 975 929 1027 cetu·
965 960 1019 1016 sive
1040 976 1074 1017 es
1096 959 1249 1032 voluntate,
1271 961 1443 1034 privilegium
1458 961 1625 1032 permanebit
1641 960 1699 1015 sine
1715 958 1765 1015 alie

120 1065 166 1105 ss.
187 1053 221 1106 dt
243 1051 294 1105 hoc
309 1057 353 1106 est
374 1050 545 1121 inusitatum,
568 1058 596 1108 et
616 1050 694 1106 nirnis
715 1050 925 1125 scrupulosum3
965 1051 1081 1119 positiva
1103 1051 1311 1106 conservatione
1329 1050 1521 1122 concedentis,
1542 1051 1563 1106 si
1579 1048 1685 1106 aliunde
1705 1063 1766 1118 pra-

119 1154 191 1210 ergo
202 1139 282 1195 etiem
297 1139 486 1211 interpretatio
498 1140 629 1212 privilegii
641 1138 843 1195 subintellecta
857 1154 930 1196 con·
964 1155 1030 1194 vum
1052 1155 1104 1195 non
1122 1139 1182 1208 fiat,
1200 1139 1241 1194 vel
1257 1147 1470 1216 corrumpatur,
1486 1146 1534 1196 aut
1549 1139 1665 1196 laniatur.
1680 1139 1715 1201 lit
1728 1139 1768 1194 ita

120 1226 241 1294 ditione,
260 1233 291 1282 ut
304 1243 357 1283 non
371 1227 468 1300 duret,
484 1236 608 1285 cessante
623 1243 708 1284 caetra
724 1235 829 1284 tantum
845 1243 927 1300 nega·
965 1231 991 1284 iu
1006 1231 1096 1301 rigore
1117 1227 1183 1286 lalsa
1196 1234 1240 1284 est
1252 1229 1420 1309 maior,quia
1430 1229 1646 1286 estallirmativa
1657 1228 1691 1285 de
1701 1227 1766 1284 sub·

124 1317 196 1386 tive,
210 1323 254 1372 esi
268 1316 347 1374 nimis
360 1317 444 1388 durs,
459 1325 487 1374 et
501 1317 640 1388 scrvvpulis
654 1315 746 1389 plena,
761 1324 789 1373 et
803 1316 862 1372 ideo
877 1332 927 1374 nec
963 1320 1034 1374 iecto
1049 1333 1101 1374 non
1121 1324 1305 1389 supponente,
1322 1333 1370 1375 seu
1387 1317 1560 1389 impossibili,
1575 1319 1765 1399 quiscerem·

121 1406 281 1462 necessarie
299 1405 451 1476 reputanda
469 1412 512 1462 est
532 1406 565 1462 ad
585 1407 686 1463 licitam
708 1407 927 1479 concessionem,
964 1408 1036 1463 vatio
1056 1423 1109 1462 non
1130 1412 1218 1477 potest
1231 1408 1288 1464 sveri
1303 1407 1412 1480 illicita,
1431 1423 1495 1464 cum
1512 1423 1565 1463 non
1579 1408 1615 1464 sit
1627 1408 1699 1464 actio
1714 1406 1765 1463 hu-

122 1509 178 1550 nec
195 1500 338 1566 consueta,
354 1502 403 1550 aut
417 1495 627 1566 praesumenda.
963 1511 1058 1567 ruane,
1083 1497 1136 1552 imo
1161 1497 1226 1552 licet
1244 1497 1411 1568 speculative
1427 1513 1468 1554 res
1483 1496 1688 1568 consideretur,
1704 1496 1765 1552 talis

169 1581 299 1650 12.Quotl
313 1583 428 1656 amplius
443 1583 604 1655 corroboro,
620 1584 743 1656 urgendo
755 1583 824 1639 idem
837 1599 927 1640 exem·
963 1585 1145 1642 consideratio
1173 1586 1305 1660 privilegii
1326 1604 1378 1644 non
1400 1593 1442 1644 est
1466 1587 1649 1660 persuadentia
1667 1585 1765 1656 prioris

122 1669 218 1743 plum,
243 1687 305 1728 nani
328 1673 349 1728 sl
369 1675 397 1729 in
417 1681 532 1730 eo'casu
548 1672 645 1729 lemine
659 1673 701 1728 illa
719 1672 845 1728 viduetur
859 1673 883 1728 in
898 1687 929 1730 eu
964 1675 1095 1745 actionis,
1120 1681 1150 1732 ut
1170 1675 1221 1732 luit
1236 1678 1322 1746 actio,
1343 1675 1390 1733 sed
1404 1684 1446 1733 est
1460 1683 1566 1734 tanturn
1580 1673 1766 1748 permanentia

121 1767 231 1831 aetate,
256 1762 297 1817 vel
314 1755 506 1834 dispositione,
522 1763 549 1818 in
564 1779 619 1836 quo
633 1765 685 1819 iam
702 1779 754 1818 oon
771 1765 846 1820 timet
860 1765 929 1834 peri·
963 1764 1049 1835 ipsius
1074 1763 1209 1835 effectus,
1235 1766 1282 1837 qui
1305 1765 1356 1822 tuit
1378 1767 1421 1823 ius
1440 1765 1564 1839 aliquod,
1586 1765 1628 1821 vel
1646 1769 1763 1835 potestas

122 1851 224 1908 culum
238 1853 438 1924 continentiae,
460 1853 635 1910 nihilomiuus
651 1855 747 1908 iterum
762 1847 869 1908 nubere
880 1869 928 1924 po·
963 1855 1107 1926 e'cquisite3
1124 1853 1171 1927 qul
1191 1854 1320 1924 effectus,
1337 1855 1417 1912 semel
1433 1855 1539 1922 lactus,
1556 1857 1610 1911 iam
1630 1869 1683 1910 oon
1700 1868 1764 1925 pen·

123 1949 179 2000 test
200 1942 294 2016 licite,
317 1958 383 2016 ergo
407 1959 460 2000 non
483 1952 573 2001 cesset
591 1943 777 2015 dispensatio,
799 1949 926 1998 cessante
962 1943 1010 2000 det
1028 1945 1140 2016 positive
1163 1945 1190 2000 in
1215 1945 1408 2002 conservari-a
1426 1945 1611 2014 concedente,
1641 1944 1690 2000 sed
1704 1951 1765 2001 iao·

119 2048 211 2088 censa
231 2035 372 2105 negative,
396 2049 463 2106 ergo
484 2049 535 2090 nec
556 2033 737 2105 privilegium.
755 2033 926 2090 Antecedens
961 2039 1020 2090 tum
1035 2033 1172 2107 negative,
1190 2042 1220 2090 ut
1234 2040 1478 2102 nonretractetur,
1493 2037 1570 2093 iuria
1583 2035 1652 2090 inira
1670 2033 1760 2092 dicen·

120 2122 273 2194 probatur,
293 2124 357 2196 quia
372 2139 514 2196 suppono,
537 2124 563 2179 in
579 2123 779 2195 dispensatione
792 2139 848 2190 ¹non
863 2122 927 2194 dici,
961 2121 1004 2178 da.
1022 2124 1066 2180 Sic
1080 2139 1148 2197 ergo
1163 2123 1225 2184 talis
1239 2124 1411 2182 conservatio
1426 2141 1480 2181 uon
1495 2132 1587 2197 potest
1609 2125 1665 2180 lieri
1681 2123 1759 2180 mala.

121 2219 157 2268 ut
170 2213 270 2284 semet,
285 2213 327 2268 vel
342 2229 391 2284 pro
408 2229 461 2270 arna
477 2213 535 2270 vice
550 2214 653 2271 nubere
668 2216 766 2287 possit,
783 2212 830 2270 sed
848 2214 927 2271 abso·
961 2211 1040 2280 Quod
1054 2213 1076 2267 si
1092 2213 1150 2284 ipsa
1165 2216 1366 2284 perseverantia
1381 2215 1512 2288 privilegii
1525 2221 1640 2272 vocetur
1651 2228 1762 2270 conser-

120 2301 190 2366 lute‚
206 2301 280 2375 quod
295 2301 469 2374 dispensatur
484 2303 510 2358 in
525 2312 588 2360 roto
604 2303 747 2374 castitatisq
763 2318 831 2375 ergo
846 2318 879 2358 ex
895 2303 926 2360 il·
961 2302 1056 2372 vatio,
1078 2302 1158 2358 etiam
1179 2303 1224 2358 illa
1243 2318 1295 2358 noo
1320 2310 1410 2374 potest
1422 2305 1478 2360 lieri
1494 2303 1564 2361 mala
1578 2319 1626 2376 per
1640 2302 1762 2360 ordinem

121 2391 178 2446 lius
194 2392 218 2446 vi
233 2391 334 2462 poterit
347 2393 447 2448 iterum
462 2392 584 2463 nubere,
609 2399 667 2450 tom
683 2392 748 2466 quia
762 2393 823 2449 illae
837 2391 926 2448 diver·
961 2391 995 2448 ad
1012 2392 1219 2461 concedentem,
1236 2393 1301 2466 quia
1316 2409 1369 2449 noa
1385 2400 1427 2450 est
1440 2397 1513 2450 actio
1526 2395 1599 2464 eius,
1616 2408 1667 2448 nec
1682 2392 1763 2448 halet

120 2496 170 2536 sae
195 2481 300 2538 termae
319 2481 510 2554 dispensandi,
533 2497 602 2554 quae
624 2481 712 2538 solent
732 2497 792 2538 esse
811 2484 837 2538 in
859 2497 924 2552 usu,
960 2497 1058 2538 novam
1073 2482 1281 2568 diminutionem
1296 2483 1330 2538 ab
1344 2484 1401 2556 illo,
1413 2489 1440 2540 ct
1454 2484 1644 2556 prinsquam
1655 2481 1759 2552 hebuit,

120 2571 290 2642 ostendunt,
314 2571 376 2642 plus
396 2571 510 2629 concedi
526 2587 576 2643 per
591 2571 757 2642 secundam,
779 2587 862 2644 quam
877 2586 925 2642 per
958 2573 1013 2637 ,luit
1028 2572 1143 2646 bona,et
1156 2575 1210 2630 iam
1226 2573 1397 2644 pertransiit,
1409 2573 1459 2630 luit
1469 2575 1568 2631 enimn
1585 2571 1762 2628 concessione

119 2660 257 2731 primam,
282 2665 341 2718 tom
356 2662 420 2734 quia
433 2661 516 2718 verba
531 2661 667 2718 indefinita
681 2661 852 2733 aequivalent
867 2663 925 2718 uni·
960 2665 1195 2736 praeterita,quae
1205 2663 1276 2719 bone
1291 2662 1353 2732 luit,
1363 2669 1394 2720 ut
1406 2661 1683 2735 supponimusotum
1695 2675 1760 2732 ergo

119 2749 220 2805 versati
235 2751 261 2805 in
278 2749 320 2804 ivis
335 2749 566 2822 dispositionibus,
577 2756 608 2807 ut
622 2765 705 2822 supra
717 2750 834 2819 ostendi,
847 2758 876 2808 et
889 2751 925 2807 ita
960 2761 1050 2825 potest
1067 2753 1110 2810 illa
1127 2755 1328 2826 perseverantia
1343 2755 1399 2810 lieri
1415 2755 1526 2826 mala,si
1538 2753 1704 2826 privilegium
1716 2751 1763 2830 liat

119 2839 166 2896 illa
179 2839 345 2910 dispensatio
355 2848 398 2897 est
408 2840 533 2897 absoluta
547 2847 722 2913 etperpetua:
737 2847 796 2897 tum
808 2840 925 2913 denique
960 2846 1062 2902 malum
1074 2845 1163 2902 dando
1176 2844 1312 2901 licentiam
1323 2844 1356 2901 ad
1368 2851 1474 2916 actum,
1484 2844 1524 2901 vel
1534 2845 1759 2916 usuminiquum3

118 2929 186 3001 quia
211 2928 278 2984 alies
302 2945 357 2985 non
380 2937 454 2987 esset
474 2932 584 3001 propris
605 2930 769 3002 dispensatio
790 2930 860 2999 voti,
876 2930 924 2987 scd
960 2934 1033 3009 quod
1052 2951 1105 2991 non
1124 2937 1154 2991 iit
1172 2951 1220 3006 per
1233 2935 1319 2991 solam
1333 2937 1513 2994 cessationem
1529 2936 1679 3006 negativam
1694 2947 1762 2989 cau·

118 3019 200 3090 quasi
217 3020 414 3090 suspensioUt
427 3022 449 3075 si
461 3019 598 3076 humanus
609 3019 729 3076 creditor
744 3021 865 3077 remittet
878 3021 925 3076 de·
960 3017 1022 3094 sac,
1036 3023 1084 3081 sed
1102 3025 1288 3080 necessarium
1303 3032 1356 3096 est,
1374 3031 1404 3082 ot
1419 3031 1510 3082 cesset
1523 3024 1671 3093 contrarie,
1687 3022 1763 3078 sicut

120 3109 200 3165 bitori
223 3108 345 3166 delvitum
368 3110 527 3181 simpliciter
545 3117 572 3166 et
594 3110 717 3166 absolute
732 3117 843 3182 propter
857 3127 925 3182 pau·
958 3113 1123 3185 explicatum
1140 3114 1590 3186 est.Undeprobationes,quoein
1602 3111 1761 3169 illaratinne
1863 3119 1873 3134 ·

119 3203 255 3268 pertatem
273 3200 343 3266 eius,
358 3199 422 3256 licet
435 3199 479 3256 lnic
495 3200 585 3256 veniat
599 3198 633 3256 ed
648 3193 821 3271 pinguiorem
835 3199 924 3256 lortu·
958 3203 1117 3275 adduntur,
1142 3219 1235 3260 omnes
1261 3203 1417 3275 procedunt
1434 3220 1467 3261 ex
1482 3203 1667 3275 suppositione
1681 3200 1759 3270 ialsa,

119 3302 202 3356 naor,
221 3303 273 3344 non
293 3292 400 3344 tenetur
415 3289 532 3358 solvere,
548 3304 598 3346 nec
613 3289 736 3344 remissio
752 3295 922 3345 retractatur
958 3293 1080 3365 scilicet,
1096 3292 1170 3365 quod
1186 3293 1358 3364 privilegium
1373 3292 1456 3371 duret
1474 3293 1673 3365 peractionem
1690 3290 1761 3359 posi·

120 3385 234 3447 prepter
252 3379 433 3434 cessationem
449 3393 565 3452 causae,
582 3380 603 3433 si
619 3385 711 3435 nutem
727 3393 779 3434 non
796 3378 922 3435 absolute
958 3385 1058 3453 tivam,
1074 3398 1146 3455 quae
1160 3397 1222 3438 vere
1237 3384 1273 3438 sit
1286 3384 1359 3439 actio
1375 3383 1456 3438 libera
1471 3380 1660 3438 concedentis.
1676 3379 1710 3434 Ei
1723 3379 1761 3434 ita

120 3468 282 3538 renaitteret,
299 3466 345 3523 sed
362 3467 493 3540 quamdiu
508 3474 583 3524 esset
596 3484 711 3542 pauper,
723 3475 790 3525 tunc
805 3469 923 3541 acquisi·
958 3489 1013 3529 nou
1028 3477 1103 3529 recte
1118 3471 1291 3544 applicantur
1306 3472 1439 3543 principia
1453 3471 1521 3527 ioris
1537 3471 1572 3526 ibi
1585 3471 1679 3539 citata,
1695 3467 1760 3540 quia

119 3557 154 3610 tis
174 3555 274 3611 divitiis
297 3562 405 3614 tenetau
420 3557 542 3631 solvere,
564 3559 637 3630 prior
652 3566 743 3614 autem
758 3574 812 3613 non
826 3559 924 3615 luisset
958 3560 1133 3634 intelligenda
1146 3567 1211 3617 suut
1224 3560 1257 3617 de
1271 3576 1375 3630 cansa,
1392 3575 1476 3631 aqua
1491 3558 1589 3630 pendet
1603 3559 1719 3614 ellectus
1731 3557 1760 3610 in

119 3646 263 3715 remissio,
278 3646 324 3702 sed
339 3649 483 3719 suspensio
497 3647 591 3704 debiti.
601 3648 662 3704 lloti
678 3655 768 3703 autern
783 3633 922 3718 dispensa·
958 3651 1027 3716 lieri,
1043 3657 1071 3706 et
1085 3650 1253 3722 conservari,
1266 3649 1391 3721 quamvis
1406 3649 1487 3704 etiem
1502 3645 1668 3719 possintalio
1679 3644 1760 3702 modo

120 3738 158 3791 tie
173 3741 216 3791 est
231 3735 364 3807 quaedam
380 3738 502 3793 remissio
517 3736 600 3794 debiti
616 3737 650 3794 ed
664 3740 797 3806 Devrm,el
810 3745 922 3808 propter
957 3740 1081 3812 intelligi,
1098 3747 1128 3796 ut
1145 3739 1227 3810 paulo
1243 3745 1305 3810 post
1318 3736 1418 3794 dicem.

119 3839 234 3880 causam
257 3833 429 3895 praesentem
455 3833 547 3896 potest
570 3828 626 3883 lieri
640 3826 782 3896 absolute,
803 3834 830 3882 et
844 3827 880 3882 ita
895 3828 924 3884 dt
999 3834 1044 3888 ii.
1054 3831 1129 3886 ilicet
1143 3843 1207 3884 vero
1220 3827 1329 3900 aliquis,
1339 3828 1483 3898 ipsammet
1494 3825 1612 3898 priorem
1624 3823 1760 3881 actionem

119 3928 170 3984 per
186 3914 323 3985 propriam
336 3921 364 3970 et
377 3915 531 3972 absolutam
546 3915 792 3989 dispensationem,
809 3915 922 3989 ideoque
958 3919 1146 3978 concessivam
1169 3915 1302 3988 privilegii
1323 3916 1415 3972 vocari
1434 3915 1670 3972 conservationem
1688 3913 1758 3982 eius3

116 4003 229 4060 etiamsi
239 4009 329 4059 cesset
342 4020 500 4072 causa,noo
517 4005 604 4062 reddit
619 4005 815 4078 debitum,nec
832 4013 920 4062 retra·
959 4023 1020 4063 nam
1043 4009 1069 4063 in
1095 4009 1197 4063 virtute
1219 4005 1293 4060 illius
1314 4011 1472 4076 permanet,
1492 4012 1520 4062 et
1538 4010 1643 4061 tantum
1664 4001 1758 4073 dvrrat,

119 4099 216 4149 ctatur
244 4093 421 4164 dispensatio.
437 4095 481 4150 Sic
506 4111 573 4166 ergo
598 4093 743 4152 dicendum
768 4111 867 4152 censeo
890 4095 924 4152 de
959 4103 1095 4170 quantum
1109 4095 1162 4152 soit
1176 4110 1223 4166 per
1239 4094 1311 4150 illam
1325 4095 1509 4164 intentum,et
1523 4110 1578 4150 non
1592 4092 1761 4164 amplius,ut

118 4181 272 4256 privilegio,
291 4190 333 4238 est
345 4184 416 4239 enim
431 4183 473 4240 sel
489 4185 673 4254 remissio,vel
689 4185 810 4256 donatio,
823 4186 865 4242 vel
876 4185 925 4240 nli·
958 4188 984 4242 in
1001 4184 1176 4257 praecedenti
1189 4189 1295 4255 puncto
1310 4183 1524 4240 dicebamusllt
1538 4184 1575 4240 ito
1587 4197 1684 4240 sensus
1696 4194 1759 4252 pro-

118 4271 187 4344 quid
204 4272 389 4346 aequivalens,
400 4287 471 4344 quae
486 4273 569 4330 semel
583 4273 654 4330 lacte
668 4273 703 4330 do
716 4291 745 4332 se
760 4288 923 4345 permanens
958 4277 1125 4347 positionum
1147 4274 1172 4330 in
1188 4289 1221 4330 ea
1234 4273 1396 4331 dillicultate
1412 4280 1585 4346 sumptorum
1599 4279 1658 4343 est,
1673 4271 1760 4328 inten-

117 4367 173 4428 est,
191 4361 257 4417 licet
270 4377 366 4432 cause,
377 4377 448 4435 quae
461 4362 495 4420 ad
510 4363 582 4419 illam
597 4363 745 4420 laciendum
761 4363 922 4434 principali·
958 4367 1058 4422 tionem
1084 4364 1262 4421 concedentis
1286 4379 1363 4435 esse,
1389 4372 1420 4422 ut
1439 4365 1529 4422 solum
1550 4365 1633 4422 duret
1651 4362 1760 4434 privile·

119 4457 163 4507 ter
187 4449 313 4522 induxit,
334 4459 440 4525 cesset,
459 4459 488 4508 et
502 4453 537 4508 ita
552 4453 670 4509 cessatio
685 4455 807 4525 negativa
822 4469 923 4510 cavrsae
958 4455 1049 4527 gium,
1072 4453 1202 4528 quamdiu
1222 4469 1307 4510 censa
1321 4454 1380 4510 eius
1400 4455 1552 4512 duraverit:
1577 4469 1638 4510 nam
1657 4452 1759 4525 alioqui
1794 4461 1796 4466 ’

118 4556 174 4597 non
196 4548 239 4596 est
259 4541 420 4606 sufficiens,
443 4548 473 4598 ut
490 4541 659 4615 privilegium
675 4549 781 4612 cesset,
797 4544 923 4616 quamvis
957 4545 1034 4602 lieret
1046 4543 1141 4601 illicita
1154 4545 1402 4614 conservatio,oon
1415 4559 1485 4616 quae
1501 4545 1525 4599 in
1539 4557 1567 4600 re
1578 4545 1614 4600 sit
1628 4542 1759 4599 distincta

119 4629 188 4686 haec
206 4629 300 4701 regula
314 4628 433 4703 aliquem
447 4630 648 4703 limitationem,
673 4631 714 4688 vel
733 4635 923 4704 exceptionem
957 4650 973 4690 a
990 4636 1180 4702 concessione,
1198 4633 1240 4688 vel
1255 4648 1326 4705 quse
1347 4634 1374 4688 in
1389 4649 1418 4689 re
1432 4632 1590 4705 duret,.illa
1605 4637 1757 4700 transacta,

118 4719 245 4790 recipiat,
255 4727 285 4778 ut
299 4719 490 4792 respondendo
501 4720 535 4778 ed
550 4723 717 4794 propositam
730 4721 922 4782 difficultatem
956 4724 1004 4780 sed
1018 4737 1089 4796 quae
1108 4723 1207 4778 virtute
1222 4724 1249 4778 in
1263 4721 1308 4778 illa
1323 4722 1485 4794 includitur,
1500 4731 1528 4779 et
1541 4721 1681 4779 moraliter
1697 4735 1759 4793 per·

117 4809 219 4867 melius
237 4808 389 4880 explicabo.
957 4828 1066 4870 manere
1086 4818 1231 4885 censetur,
1248 4811 1380 4884 quamdiu
1395 4828 1449 4869 non
1464 4818 1640 4870 retractetur.
1657 4813 1757 4868 Tamen

163 4905 207 4957 ie.
223 4899 264 4956 sd
279 4899 456 4969 principelem
471 4916 538 4974 ergo
553 4902 743 4960 dillicoltatem
758 4901 922 4976 respondeo,
955 4903 1021 4959 licet
1035 4893 1069 4959 sit
1087 4917 1141 4958 une
1156 4902 1242 4972 actio,
1253 4901 1354 4959 dicitur
1368 4903 1454 4973 magis
1468 4903 1525 4958 tisri
1539 4901 1634 4958 illicita
1649 4907 1679 4957 ut
1693 4915 1758 4957 con·

118 4991 145 5046 in
160 5003 192 5044 oa
208 4989 325 5060 supponi
340 5003 437 5058 tanum,
448 4991 521 5061 quod
537 5005 587 5047 nec
603 4993 799 5064 necessarium,
812 5007 862 5048 nec
877 5007 923 5048 ve·
956 4991 1089 5062 servatio,
1112 5006 1195 5064 quarn
1217 4997 1248 5048 ut
1267 4991 1423 5062 eoncessi03
1444 4992 1509 5064 quia
1529 4991 1681 5048 concedere
1704 4990 1757 5046 tale

117 5093 182 5135 rum
199 5083 252 5148 est,
268 5076 384 5142 scilicet,
399 5081 635 5136 conservationem
650 5079 780 5153 privilegii
795 5083 850 5138 lieri
865 5097 922 5139 ma·
955 5080 1125 5152 privilegium
1153 5094 1201 5151 pro
1226 5087 1347 5152 tempore
1374 5079 1498 5138 durantis
1523 5095 1626 5137 causae
1653 5080 1756 5136 licitum

118 5167 186 5236 lam,
198 5171 323 5224 cessante
338 5182 423 5223 causa
438 5170 633 5224 concessionis.
645 5173 698 5225 dut
713 5171 783 5226 enim
796 5185 844 5240 per
855 5186 922 5226 con·
955 5169 1020 5226 luit:
1044 5167 1198 5225 concedere
1216 5174 1308 5226 autem
1328 5168 1409 5240 illud,
1433 5175 1464 5226 ut
1481 5171 1579 5239 duret,
1599 5171 1682 5227 etiarn
1697 5185 1758 5225 ces-

119 5254 301 5312 servationem
328 5255 491 5329 intelligitur
516 5258 628 5329 positiva
656 5258 730 5315 actio
754 5274 920 5316 conservans
956 5264 1033 5316 sante
1055 5273 1157 5330 cause,
1179 5274 1239 5315 esse
1259 5258 1395 5316 illicitum.
1412 5260 1446 5318 Et
1465 5261 1504 5318 ita
1524 5259 1626 5318 dicitur
1643 5275 1757 5319 coinser-
