4294 6238
412 354 476 418 26ss
1112 371 1289 422 arannem.

370 509 450 565 nem,
463 492 527 566 quis
539 493 592 551 ism
603 508 657 550 non
667 499 711 551 est
720 493 762 552 ius
772 508 826 551 non
837 493 983 568 scriptum,
995 508 1046 552 neo
1057 509 1091 551 ex
1101 509 1169 552 eon·
1244 500 1271 554 3.
1288 495 1329 554 bd
1342 493 1493 552 secundam
1505 493 1684 552 abiectionem
1700 491 1733 551 de
1750 488 1971 550 consuetudine
1983 482 2035 561 tegi

371 598 454 639 sensu
466 583 565 654 tacito,
579 582 626 639 sed
636 597 777 654 expresso.
792 582 860 641 bddi
871 586 952 642 etiam
965 588 1066 655 potest,
1078 583 1167 658 quod,
1205 585 1360 658 contraria,
1371 601 1442 658 quse
1457 584 1545 656 legem
1559 598 1712 656 supponere
1726 582 1854 650 videtur,
1878 577 2038 650 responde-

373 671 441 730 licet
461 671 633 729 consuetudo
654 673 791 731 scribatur
804 661 980 745 per'modum
994 673 1062 746 legis
1074 674 1108 730 ab
1122 673 1170 731 bs·
1205 679 1251 732 tur
1265 672 1358 744 iseils,
1377 689 1432 730 non
1451 688 1511 731 esse
1526 679 1623 730 contra
1637 672 1770 729 rationem
1790 666 2034 734 consuetudinis,

372 762 454 820 bente
479 764 671 819 anctoritatem
696 763 830 820 condendi
851 765 942 837 leges,
964 766 986 820 si
1011 771 1099 820 tamen
1123 779 1171 835 per
1206 771 1602 837 utsupponstquameumqne
1616 762 1723 834 legem,
1746 762 1793 818 sed
1807 760 1909 818 solum
1923 766 2037 830 utsup-

372 853 538 928 ecriptursm
554 868 610 934 nou¹
622 851 745 908 intendat
759 868 857 910 novam
871 855 925 910 vim
940 852 1041 910 addere
1052 868 1171 910 consue·
1208 862 1294 926 ponat
1308 853 1395 926 legem
1411 854 1542 924 scriptam
1553 857 1720 909 statuentem
1733 850 1801 908 illud
1824 851 1946 921 ipsum,
1959 845 2037 920 quod

375 941 537 1010 tudini,nec
548 941 704 1000 authentice
716 940 867 1016 declarare,
880 943 921 999 vel
933 942 1083 1013 affirmare,
1099 942 1171 998 illam
1208 943 1410 1000 consuetudine
1431 941 1661 1000 introducendum
1682 947 1737 998 est:
1760 940 1837 997 illam
1872 953 1945 996 sero
1966 953 2036 994 con·

372 1045 434 1088 csse
453 1030 682 1088 consuetudinem
704 1031 901 1102 sufficientem,
923 1047 1031 1104 semper
1051 1031 1096 1089 illa
1116 1048 1174 1089 ma·
1211 1031 1403 1104 suetudinem,
1417 1048 1489 1106 qnae
1502 1031 1617 1104 derogat
1631 1029 1700 1103 legi,
1720 1045 1775 1087 non
1810 1041 1984 1100 supponere
1999 1025 2037 1082 le·

375 1127 441 1176 neat
454 1119 479 1175 in
494 1121 520 1175 vi
534 1121 757 1185 consuetudinis,
769 1121 908 1194 quomodo
923 1121 1000 1178 multi
1014 1121 1173 1178 censeotde
1209 1137 1272 1194 gem
1291 1123 1368 1178 cirea
1386 1120 1473 1195 idem,
1490 1122 1538 1179 sed
1559 1122 1651 1193 potius
1664 1122 1740 1178 circa
1765 1120 1954 1190 oppositum,
1972 1129 2035 1170 nam

373 1207 479 1282 legibus
501 1209 566 1266 lori:
582 1210 604 1265 si
625 1226 690 1267 vero
712 1227 761 1282 per
780 1225 871 1269 veram
890 1210 979 1285 legem
994 1211 1126 1282 scriptam
1141 1211 1175 1267 ab
1210 1212 1300 1284 potins
1321 1212 1494 1269 consuetudo
1515 1211 1595 1282 iacit,
1610 1219 1642 1268 ut
1663 1211 1713 1266 boe
1734 1209 1836 1278 liceat;
1869 1205 1917 1262 lex
1937 1210 2034 1260 sutem

374 1296 491 1354 habenta
511 1300 720 1372 auctoritatem,
736 1308 764 1357 et
783 1317 831 1372 per
844 1301 927 1358 verbs
943 1301 1090 1374 obligantis
1105 1317 1172 1357 eon·
1211 1302 1345 1376 iaciebat,
1362 1307 1393 1358 ut
1406 1318 1461 1358 non
1476 1301 1584 1374 liceret,
1599 1300 1641 1358 rel
1654 1316 1670 1356 e
1684 1313 1834 1356 converso.
1857 1295 1951 1352 Aliter
1968 1309 2034 1350 vero

375 1387 494 1446 suetudo
515 1387 683 1461 stabiliatur,
699 1390 752 1445 ism
770 1397 836 1448 tunc
852 1407 904 1448 nos
919 1405 980 1447 esse
994 1390 1171 1448 cousuetudi-
1211 1391 1331 1463 explicat
1343 1393 1417 1448 Bart.
1434 1406 1518 1463 supra
1533 1407 1610 1447 num.
1629 1395 1658 1463 6,
1673 1389 1746 1445 illam
1761 1384 1940 1460 particulam
1964 1397 2034 1438 cum

372 1491 450 1552 nem,
465 1477 513 1534 ὅθί]
533 1481 664 1550 Wlfflin]
680 1477 777 1551 Ῑθὸθῑῐῑ·
1211 1479 1310 1552 deficit
1325 1479 1389 1542 lem.
1403 1479 1477 1553 qnod
1491 1479 1613 1550 scilicet,
1625 1494 1674 1550 par
1688 1476 1759 1534 illam
1771 1474 1941 1542 denotetur,
1965 1486 2033 1528 con·

414 1567 478 1626 llibi
490 1575 582 1624 autem
595 1568 717 1639 videtur,
730 1568 810 1624 stiam
821 1570 847 1625 in
858 1567 912 1626 hoc
924 1568 1019 1626 ultimo
1031 1584 1098 1626 casu
1115 1584 1177 1641 per·
1212 1568 1386 1627 suetudinem
1409 1586 1463 1628 non
1477 1569 1576 1626 debere
1590 1583 1651 1626 esse
1665 1568 1842 1639 reprobatam
1859 1579 1914 1634 per
1930 1562 2032 1632 legem,

378 1671 504 1714 severare
526 1655 752 1740 consuetudinem
773 1659 798 1714 in
820 1674 869 1716 sus
884 1661 909 1715 vi
923 1666 951 1716 et
964 1660 989 1715 in
1008 1660 1119 1731 propris
1133 1675 1177 1715 ra·
1213 1660 1276 1732 quia
1295 1661 1331 1715 si'
1342 1657 1515 1716 consuetudo
1528 1674 1583 1714 non
1597 1665 1639 1714 est
1652 1663 1750 1714 contra
1769 1655 1882 1726 legem,
1901 1651 1939 1707 ibi
1954 1649 2031 1706 clare

376 1748 450 1803 tione
467 1746 757 1814 consuetudinis,nisi
773 1764 821 1819 per
836 1747 921 1821 legem
935 1747 1027 1805 denuo
1045 1750 1177 1820 scriptam
1213 1746 1304 1806 deficit
1324 1749 1385 1821 le13
1408 1751 1430 1804 si
1451 1764 1516 1805 vero
1537 1750 1573 1804 sit
1593 1753 1691 1804 contra
1710 1745 1814 1818 legem,
1845 1749 1985 1814 oportet,
2002 1745 2033 1794 nt

378 1837 528 1894 aulerstur.
549 1838 583 1894 Et
596 1839 634 1894 its
651 1839 733 1893 sentit
752 1839 826 1894 Bart.
841 1838 867 1895 in
882 1837 956 1895 dicta
969 1839 988 1894 l.
1004 1837 1040 1896 de
1059 1838 1172 1912 quibus,
1214 1838 1414 1898 consuetudine
1429 1837 1471 1894 les
1486 1838 1630 1904 vincatur,
1645 1842 1674 1892 et
1688 1835 1726 1891 sic
1740 1831 1872 1902 deiciat,
1891 1835 1925 1886 ut
1947 1827 2034 1900 possit

377 1941 405 1999 q.
427 1932 453 1996 l,
467 1943 496 1982 n.
514 1927 541 1998 i,
556 1933 584 1982 et
600 1925 753 1999 loquuntur
766 1925 937 1999 frequentius
954 1928 1067 1984 iuristae
1081 1928 1134 2000 ibi,
1151 1934 1179 1985 et
1216 1927 1390 1986 consuetudo
1412 1928 1578 2000 subsistere3
1593 1941 1656 1982 nam
1676 1926 1697 1980 si
1712 1920 1893 1980 consuetudo
1915 1918 1984 1974 lecti
1999 1917 2035 1972 sit

381 2018 409 2074 in
421 2015 495 2072 dicta
510 2015 529 2072 l.
542 2021 571 2075 2.
583 2015 617 2073 de
631 2016 739 2089 vulgar.
752 2022 780 2072 et
793 2016 878 2087 pnpil.
894 2023 922 2072 et
936 2019 1035 2073 buton.
1052 2023 1131 2074 estrs
1145 2016 1179 2073 de
1214 2025 1312 2076 contra
1331 2018 1434 2090 legem,
1449 2023 1477 2073 et
1490 2017 1562 2074 illam
1577 2030 1631 2072 non
1645 2014 1763 2082 aulsrat,
1780 2025 1932 2083 nunquam
1954 2012 2033 2078 pote·

379 2105 546 2163 consuetud.
573 2108 600 2161 in
616 2106 692 2163 rubr.
709 2113 737 2162 et
750 2103 806 2176 ulii,
822 2121 892 2178 qnos
906 2105 990 2163 reiert
1004 2106 1116 2163 Rochus
1132 2123 1179 2164 sn·
1215 2109 1253 2164 rit
1267 2107 1309 2163 ius
1324 2106 1434 2180 aliquod
1453 2105 1641 2163 introducere.
1656 2104 1731 2171 Quae
1750 2101 1884 2158 doctrina
1905 2111 1974 2154 vers
1993 2101 2034 2151 est

379 2210 438 2267 pra.
455 2197 490 2252 Et
507 2201 597 2267 potest
611 2195 718 2267 probari
731 2211 764 2252 ex
780 2211 842 2267 cup.
856 2201 885 2253 2.
898 2194 932 2252 de
945 2196 1094 2267 praebend.
1107 2199 1134 2252 in
1151 2202 1180 2270 b,
1217 2203 1245 2253 ei
1259 2197 1399 2269 ingeniose
1412 2195 1548 2268 cogitata,
1561 2210 1615 2252 non
1630 2192 1714 2250 eredo
1725 2197 1818 2248 autem
1837 2189 1928 2246 luisse
1940 2185 1975 2242 ab
1985 2184 2032 2239 lsi·

380 2284 430 2342 ibi:
449 2283 630 2342 Huiusmodi
653 2283 894 2346 consuetudinem
912 2289 1094 2344 anctoritate
1111 2302 1183 2361 opo·
1217 2286 1284 2344 doro
1298 2287 1447 2356 intentam,
1463 2284 1511 2341 sed
1525 2284 1551 2339 in
1565 2299 1650 2340 sensu
1669 2279 1825 2352 simpliciori
1846 2277 1939 2334 inisse
1953 2275 2033 2330 loeu-

381 2372 487 2432 stolieo
505 2373 714 2448 approbantes,
726 2391 764 2432 ae
775 2374 965 2433 nibilominus
978 2375 1105 2434 volentes
1115 2393 1184 2434 scm
1218 2381 1294 2446 tum,
1311 2382 1342 2431 nt
1355 2389 1439 2446 supra
1452 2373 1594 2447 explicavi.
1610 2373 1704 2445 Neque
1718 2366 1865 2442 oportebat
1881 2364 1909 2421 id
1924 2364 2032 2435 specis·

380 2461 595 2520 inutoicbilitar
616 2463 776 2522 observari.
800 2465 848 2522 llla
867 2481 935 2539 ergo
952 2466 993 2523 lex
1010 2471 1114 2539 scripta
1128 2484 1182 2524 non
1219 2464 1282 2522 liter
1296 2466 1321 2520 io
1336 2463 1487 2521 delinitione
1506 2463 1659 2534 explicare,
1671 2461 1735 2534 quia
1745 2473 1794 2530 per
1805 2473 1836 2513 se
1851 2453 1967 2513 clarum
1978 2457 2029 2522 est,

381 2553 499 2610 destruit
512 2554 750 2627 consuetudinem,
766 2571 850 2628 quam
863 2557 966 2613 servari
981 2558 1122 2633 praecipit,
1135 2558 1184 2615 aad
1219 2570 1273 2611 non
1296 2569 1376 2625 posse
1398 2551 1628 2610 consuetudinem
1648 2552 1691 2608 ius
1711 2547 1896 2604 introducere
1918 2548 2030 2600 contra·

300 2664 310 2679 ·
382 2642 418 2699 illi
436 2641 510 2699 addit
530 2659 631 2700 novum
653 2645 756 2714 robur,
772 2651 815 2716 et,
831 2652 863 2701 ut
875 2645 969 2702 Glossa
983 2647 1018 2702 ibi
1032 2647 1137 2719 iuquit,
1151 2645 1185 2702 de
1219 2647 1290 2704 rium
1302 2635 1501 2718 preexi'stenti,
1515 2642 1565 2699 nisi
1577 2641 1642 2699 illud
1655 2641 1779 2711 tulerat,
1790 2652 1858 2694 cum
1871 2636 2028 2708 repugnent

383 2731 492 2804 speciali
512 2734 711 2790 consuetudine
726 2734 756 2791 fit
768 2734 811 2790 ius
826 2749 981 2792 commuue.
998 2737 1033 2793 Et
1046 2736 1114 2793 ratio
1128 2741 1182 2806 est,
1220 2738 1295 2793 eirea
1309 2734 1379 2791 idem
1395 2733 1476 2792 simul
1491 2749 1553 2790 esse
1567 2730 1622 2788 duo
1637 2732 1696 2787 iura
1710 2729 1862 2788 contraris.

382 2824 514 2895 quianon
533 2830 685 2897 repugnat,
697 2822 741 2880 ills
755 2821 811 2880 dno
826 2823 934 2880 vincula
947 2823 1029 2883 simul
1044 2839 1186 2897 permane·
1261 2822 1313 2882 Sed
1334 2830 1402 2881 tunc
1423 2829 1505 2897 urget
1523 2823 1604 2879 tertia
1618 2819 1750 2892 obiectio,
1766 2820 1832 2891 quis
1852 2809 2027 2873 consuetudo

384 2928 431 2984 re,
455 2912 562 2970 seilicet
582 2912 803 2982 consuetudinis,
822 2918 852 2969 et
871 2913 938 2986 legis
957 2915 1093 2986 scriptae,
1113 2915 1188 2972 sient
1222 2915 1359 2987 derogans
1374 2913 1458 2985 priori
1473 2912 1526 2986 legi
1540 2917 1583 2967 est
1597 2924 1661 2965 vers
1676 2906 1864 2977 consuetudo,
1877 2911 1907 2962 et
1922 2918 1977 2960 noo
1988 2905 2029 2956 ast

384 3011 500 3075 possunt
515 3017 576 3059 esse
590 3002 669 3059 simul
684 3001 755 3059 duae
769 3003 842 3076 leges
857 3005 976 3076 scriptae
990 3003 1129 3060 decadem
1145 3019 1185 3077 re,
1223 3005 1276 3062 ius.
1291 3004 1334 3061 sd
1346 3003 1399 3060 hoc
1414 3017 1479 3060 vero
1493 2999 1647 3073 respondeo
1663 2999 1760 3071 primo,
1773 2999 1799 3053 in
1809 2996 1853 3052 bis
1869 2994 1958 3052 rebus
1969 3006 2025 3048 mo-

385 3091 523 3164 simulque
538 3092 667 3165 obligare.
684 3093 719 3149 Et
732 3091 769 3148 ita
783 3093 898 3164 ipsamet
912 3093 970 3149 iura
989 3094 1094 3165 scripta
1108 3107 1187 3164 saepe
1223 3092 1326 3151 ralibus
1346 3091 1404 3149 sub
1419 3090 1512 3148 babitu
1527 3090 1708 3162 privationem
1723 3087 1859 3158 intelligi,
1877 3085 1954 3140 sicut
1966 3094 2029 3153 pee-

386 3180 504 3254 allsguot
526 3180 767 3253 consuetudinem,
783 3188 811 3237 et
830 3183 873 3238 ius
889 3182 1041 3254 scriptum,
1058 3188 1187 3253 tanquam
1223 3190 1319 3241 catum
1339 3182 1467 3240 delinitur
1488 3181 1521 3237 ab
1540 3179 1695 3252 Augustino
1714 3193 1774 3234 esso
1788 3175 1917 3246 dictum,
1934 3171 1976 3228 vel
1990 3169 2027 3226 is·

386 3272 467 3328 simul
490 3271 697 3329 corroborantis
718 3271 757 3328 rei
777 3271 962 3343 honestatem,
984 3270 1025 3329 vel
1046 3271 1189 3345 obligatio·
1223 3280 1317 3344 ctum,
1339 3279 1397 3330 etc.
1419 3272 1471 3328 sub
1492 3269 1592 3343 quibus
1607 3267 1712 3325 actibus
1732 3265 1926 3338 intelliguntur
1946 3260 2027 3317 omis-

386 3376 464 3434 nem,
480 3368 511 3419 ut
524 3367 678 3419 constater
696 3377 758 3434 cap.
778 3359 914 3435 radetur,
931 3362 977 3434 qni
992 3367 1073 3419 matr.
1088 3377 1186 3420 accus.
1224 3364 1314 3420 siones
1330 3377 1428 3419 eorum
1441 3360 1494 3433 legi
1509 3361 1676 3417 contrariae.
1691 3358 1732 3414 lta
1745 3371 1811 3428 ergo
1826 3369 1894 3412 cnm
1909 3363 2025 3408 consue-

386 3468 447 3524 pos.
465 3451 516 3507 ibi:
537 3453 611 3508 Tam
624 3455 751 3524 antiqno
769 3449 992 3518 comsstndine,
1010 3467 1104 3525 quam
1118 3451 1188 3526 legi·
1224 3452 1294 3511 tudo
1314 3451 1417 3508 dicitur
1435 3466 1495 3507 esse
1514 3451 1573 3522 ins,
1588 3449 1623 3505 ibi
1643 3446 1801 3519 intelligitur
1820 3444 1864 3501 vel
1887 3439 2025 3499 revocatis

388 3541 440 3597 bns
466 3540 662 3616 approbatur.
684 3542 777 3612 Neque
803 3549 847 3598 est
865 3541 968 3597 ioublis
988 3543 1189 3615 perseverantia
1224 3544 1302 3602 iuris.
1318 3543 1387 3600 Nam
1400 3543 1442 3599 lex
1457 3555 1590 3598 revocans
1601 3538 1691 3610 alism,
1704 3535 1823 3593 veralex
1835 3540 1891 3602 ost,
1903 3531 2023 3599 licetop

347 3627 352 3638 '
389 3630 613 3699 consuetudinis,
625 3639 655 3688 et
666 3629 837 3702 obligationis
847 3632 918 3702 eius,
930 3646 985 3688 non
996 3631 1118 3690 obstante
1130 3631 1190 3705 lege
1225 3635 1348 3707 positum
1367 3647 1422 3690 non
1443 3631 1602 3704 praecipiat.
1624 3631 1665 3684 lts
1677 3641 1744 3698 ergo
1759 3620 1937 3682 consuetudo
1951 3632 2025 3676 revo-

388 3729 506 3794 scrrpta3
522 3723 586 3796 quia
607 3722 628 3778 si
649 3719 821 3778 consuetudo
841 3721 877 3777 sit
890 3720 1031 3793 speoislis,
1045 3729 1073 3778 et
1087 3721 1129 3779 lex
1144 3739 1191 3779 su·
1226 3739 1293 3782 cans
1307 3722 1409 3794 legem,
1423 3721 1526 3778 dicitnr
1539 3719 1583 3776 ius
1599 3732 1653 3774 oon
1668 3715 1813 3787 seriptum,
1832 3713 1900 3784 quis
1911 3706 2024 3781 prolege

388 3811 548 3883 perveniens
564 3812 666 3882 scripta
679 3812 715 3866 sit
728 3810 771 3866 ius
785 3825 943 3880 commune,
956 3811 1023 3867 utin
1035 3827 1096 3883 cap.
1113 3813 1191 3869 Cum
1226 3819 1371 3871 revocante
1392 3812 1552 3882 suscipitur.
1574 3805 1651 3866 Unde
1669 3804 1771 3862 dicitnr
1791 3800 1934 3872 secundo,
1953 3793 2023 3870 qued

388 3899 542 3967 inhibitio,
566 3899 601 3956 de
621 3898 782 3957 clandestin.
801 3899 930 3971 despons.
946 3905 973 3956 et
987 3903 1129 3973 contingat
1143 3917 1193 3974 per
1228 3905 1302 3960 sicut
1321 3901 1464 3974 promissio
1486 3899 1596 3969 ponitur
1616 3897 1687 3952 iuter
1707 3894 1823 3951 effectus
1843 3891 1930 3964 legis,
1944 3893 1972 3943 et
1985 3883 2023 3938 lex

389 3989 560 4063 privilegium
584 3989 708 4062 derogari
730 3988 812 4046 talem
832 3988 935 4063 legem3
957 3988 1132 4046 nibilominus
1148 3990 1192 4046 nbi
1228 3992 1389 4065 permittens
1404 4005 1468 4046 vera
1482 3988 1526 4045 lex
1538 3993 1681 4055 censetur,
1696 3985 1761 4058 quia
1774 3981 1837 4038 licat
1849 3995 1905 4038 non
1923 3972 2023 4048 praeci·

389 4079 528 4151 antiquior
549 4079 635 4151 viguit
648 4076 840 4149 consuetudo,
856 4093 908 4134 noo
923 4085 1051 4135 censetur
1065 4094 1114 4151 per
1126 4077 1193 4136 illud
1228 4081 1286 4153 piat
1299 4086 1396 4137 actum
1410 4078 1589 4150 permissum,
1605 4072 1739 4146 praecipit
1754 4069 1975 4142 permissionem
1989 4063 2023 4116 ita
2074 4087 2077 4094 ·

390 4169 561 4242 privilegium
575 4168 723 4241 derogata,
738 4167 788 4223 nisi
802 4182 931 4239 expresse
945 4169 1027 4225 etiam
1043 4177 1193 4227 eonsuetu-
1229 4167 1403 4227 consuetudo
1424 4167 1477 4241 legi
1495 4165 1632 4238 derogans
1653 4164 1695 4220 ius
1710 4161 1831 4226 inducit,
1847 4174 1902 4216 non
1917 4152 2020 4230 quidem

274 4273 282 4284 ’
390 4257 444 4316 dini
459 4259 584 4332 deroget.
604 4259 639 4314 Et
651 4257 712 4314 ideo
726 4272 780 4315 noo
795 4264 839 4314 est
851 4257 974 4330 quaestio
988 4256 1022 4314 de
1038 4258 1097 4314 solo
1113 4257 1193 4315 modo
1229 4259 1401 4331 praecipiens
1420 4263 1514 4314 actum
1534 4255 1617 4327 priori
1631 4253 1684 4326 legi
1698 4252 1888 4323 contrarium,
1906 4245 1952 4304 sed
1966 4257 2021 4316 per·

391 4347 536 4422 loquendi,
551 4348 598 4405 sed
620 4347 653 4405 de
673 4363 719 4424 re,
735 4349 800 4420 quia
815 4345 848 4404 sd
863 4347 980 4404 morales
994 4346 1110 4404 ellectus
1125 4348 1196 4405 mul·
1230 4351 1342 4408 mittens
1361 4356 1478 4406 motum.
1494 4347 1701 4418 Consequenter
1715 4349 1806 4400 antem
1822 4336 1953 4413 praecipit
1966 4345 2021 4404 per·

391 4445 450 4497 tum
471 4438 572 4496 reterre
593 4444 700 4510 potest,
716 4435 791 4510 quod
812 4435 1000 4508 cousuetudo,
1015 4453 1086 4510 quae
1100 4437 1196 4510 incipit
1232 4438 1403 4511 missionem,
1419 4453 1469 4494 seu
1484 4434 1624 4509 probibet,
1639 4449 1673 4490 ne
1688 4432 1749 4507 quis
1763 4436 1881 4505 cogatur
1893 4425 1928 4485 ad
1940 4423 2020 4496 legem

392 4531 450 4586 sine
471 4529 545 4601 lege,
567 4535 664 4586 currat
685 4543 750 4584 cum
771 4526 845 4600 lege,
860 4533 888 4584 ei
908 4542 986 4585 suam
1000 4529 1055 4584 vim
1069 4528 1195 4602 retineat,
1231 4528 1393 4601 derogatam
1408 4524 1581 4596 servandam,
1596 4522 1639 4582 vel
1654 4537 1687 4579 ne
1701 4527 1813 4596 propter
1828 4517 1900 4577 illam
1911 4529 1961 4573 non
1974 4507 2018 4567 ab·

393 4617 545 4676 secundum
560 4633 641 4690 quam
656 4633 762 4689 semper
776 4617 830 4674 erit
843 4633 897 4673 noo
912 4619 1049 4688 scriptum
1063 4618 1115 4686 ins,
1132 4633 1195 4674 nam
1232 4617 1398 4676 servantiam
1413 4618 1503 4690 puniri
1518 4617 1615 4688 possit.

392 4709 454 4768 sola
464 4707 672 4766 concomitantia
682 4707 748 4779 legis
763 4708 880 4779 scriptae
892 4723 946 4763 non
957 4705 1036 4779 tollit,
1045 4709 1112 4780 quin
1122 4706 1197 4765 aliud
1270 4713 1298 4768 l.
1311 4710 1442 4777 Quartam
1454 4705 1635 4763 abiectionem
1646 4703 1726 4775 posui
1737 4705 1849 4774 propter
1857 4685 2018 4784 aliquantuli

392 4803 437 4857 ius
450 4799 476 4854 in
491 4813 541 4854 sna
554 4799 580 4854 vi
594 4803 621 4854 st
633 4797 796 4854 formalitnte
811 4797 844 4852 sit
858 4813 910 4852 non
922 4799 1068 4868 scriptum.
1082 4798 1196 4869 Oportet
1231 4796 1436 4872 reprehendunt
1446 4795 1627 4854 definitionem
1637 4789 1952 4854 isidoriutdiminutsm,
1961 4778 2018 4853 qui!

393 4896 503 4956 autem,
518 4895 550 4943 ut
568 4893 629 4943 ante
643 4886 729 4959 legem
750 4887 881 4957 scriptam
895 4887 1069 4944 cousuetudo
1084 4889 1118 4944 sit
1131 4904 1197 4945 eon·
1230 4891 1259 4946 is
1269 4904 1302 4947 ea
1315 4888 1408 4947 deficit
1420 4887 1463 4943 ilia
1475 4884 1608 4959 particula
1618 4881 1723 4960 populi
1733 4895 1885 4946 consensu,
1902 4873 2018 4934 veiron-

394 4987 549 5050 summats,
565 4985 594 5034 et
608 4975 779 5032 sufficienter
794 4973 1037 5046 introducis3nam
1052 4978 1075 5032 si
1091 4983 1197 5034 tsntum
1232 4980 1320 5036 muni
1340 4991 1496 5043 consensu,
1522 4973 1564 5032 vel
1585 4974 1681 5031 saltem
1699 4969 1835 5044 particula
1850 4953 1967 5043 popelli:
1985 4959 2017 5013 iil

394 5073 430 5128 sit
440 5070 577 5142 inchoata,
590 5074 618 5125 et
629 5081 677 5139 per
689 5065 776 5139 legem
788 5065 916 5137 scriptam
929 5068 1007 5140 qnasi
1018 5066 1194 5139 anticipetur,
1231 5067 1308 5141 quod
1323 5083 1376 5124 non
1392 5065 1530 5124 dicaretur
1544 5070 1651 5121 tantum
1662 5059 1795 5119 moribus
1804 5057 1976 5116 institutum,
1989 5047 2016 5126 ut

394 5167 423 5217 et
443 5157 638 5215 introducatur
657 5156 803 5230 obligatio,
818 5153 940 5216 manebit
953 5170 1055 5228 purum
1068 5158 1112 5215 ius
1127 5157 1197 5215 scri·
1232 5157 1272 5215 ait
1291 5156 1389 5215 isidor.
1411 5155 1459 5213 sed
1479 5153 1609 5212 mondus
1628 5149 1733 5228 populi
1746 5151 1923 5208 instantem
1938 5144 2016 5210 Atque

393 5255 488 5325 ptum,
505 5253 667 5306 mimmii·
960 5319 965 5324 ,
1071 5250 1074 5256 ’
1232 5245 1269 5306 ita
1284 5242 1612 5308 sentitllsrt.indictal.
1627 5241 1791 5316 dequibus,
1806 5227 2011 5300 trissitant·
