4290 6222
393 265 455 326 386
517 311 520 316 .
590 329 592 334 ,
1077 269 1177 318 nannn
1194 270 1268 320 vrrs.

353 406 378 461 in
393 409 458 460 sctis
473 401 592 473 signato,
610 405 641 454 ut
656 399 694 454 sic
708 395 813 464 dicam,
832 393 879 451 sed
896 394 920 451 ia
936 395 999 450 actu
1013 392 1145 450 exercito.
1184 391 1256 450 idem
1277 407 1338 450 esse
1359 407 1424 450 cum
1445 395 1622 467 proportione
1643 395 1790 456 dicendum
1812 397 1846 458 de
1868 401 1993 460 tacitur-

352 489 537 560 becfarando,
552 485 672 556 scilicet,
689 482 799 558 quando
813 483 976 540 beneficium
992 487 1068 538 motu
1083 495 1148 552 pro·
1183 481 1268 538 nitate
1284 482 1419 554 veritatis,
1433 483 1546 556 quondo
1560 483 1621 542 telis
1635 487 1790 561 concessio,
1807 488 1892 546 etiem
1908 497 1996 548 motu

351 583 410 656 prio
424 578 597 646 conceditur,
610 591 664 632 non
679 573 809 645 impedire
820 570 940 632 valorem
956 570 1069 643 gratiae,
1083 569 1148 626 licet
1183 572 1293 642 proprio
1312 571 1405 640 fecta,
1425 575 1557 648 supponit
1576 574 1788 646 postulationem
1804 577 1948 652 aliquam,
1965 585 1996 636 et

349 671 376 727 in
397 668 531 740 rescripto
553 665 653 722 alentio
673 678 726 719 non
750 662 797 719 liat
816 660 937 718 beneficii
957 659 1033 731 prins
1052 656 1146 726 habiti,
1182 657 1398 717 informationem
1408 661 1666 737 impetrantis,quae
1675 671 1766 722 moret
1776 668 1900 724 animum
1911 667 1994 738 prin·

348 759 415 831 quia
433 756 560 812 nimirum
579 749 731 809 secundum
749 749 912 806 beneficium
926 764 979 804 aon
996 747 1098 818 petitur
1113 745 1146 802 ab
1181 747 1250 819 cipis
1264 762 1314 819 per
1327 751 1437 806 modum
1453 749 1736 822 informationis,lioet
1747 770 1801 810 non
1814 763 1927 813 moreat
1939 771 1996 827 per

350 846 467 903 habente
486 842 570 913 alind,
592 840 641 897 sed
660 841 794 912 recipitur
814 844 920 895 mutum
942 852 957 894 a
978 838 1049 907 Papa
1070 839 1146 892 motu
1183 835 1293 892 modum
1309 837 1534 910 petitionis3tnnc
1547 842 1619 896 enim
1631 841 1653 896 si
1667 841 1824 905 informatio
1835 843 1873 901 ita
1887 851 1932 901 est
1950 843 1998 900 di·

350 935 463 1008 proprio
478 934 607 990 donante.
624 931 700 986 lianc
715 944 780 984 sero
796 935 901 998 partem
915 926 1027 982 limitent
1041 923 1147 996 praedi·
1182 925 1287 980 minuta
1307 925 1333 981 in
1355 927 1531 997 expressione
1542 926 1690 1002 perdatis,
1714 937 1746 987 ut
1764 938 1912 1002 propterea
1929 949 1998 988 mn·

351 1025 389 1081 cti
403 1030 544 1092 auctores,
562 1025 591 1076 ut
606 1020 730 1092 praecise
744 1015 911 1088 intelligatur
924 1013 958 1071 de
973 1013 1038 1069 vitio
1053 1027 1147 1070 surra·
1181 1020 1258 1085 vest,
1279 1019 1307 1070 et
1326 1013 1443 1071 inducat
1461 1015 1630 1074 nolirntatem
1651 1018 1799 1090 principis,
1821 1033 1906 1090 qnam
1932 1035 1997 1076 non

350 1112 469 1184 ptionis,
483 1107 558 1184 quod
575 1123 623 1180 per
644 1105 861 1164 taciturnitatem
875 1103 1110 1166 committeretur,
1125 1101 1147 1156 sl
1180 1099 1337 1174 induceret,
1353 1102 1375 1158 si
1390 1101 1591 1174 exprimeretur
1605 1105 1710 1178 integro
1724 1106 1838 1176 reritns3
1854 1106 1995 1163 redditur

350 1217 405 1258 non
420 1206 491 1258 osset
502 1198 589 1270 posita
603 1195 728 1253 clausula
738 1201 831 1252 motus
845 1193 956 1265 proprii,
970 1207 1021 1247 non
1037 1205 1102 1247 vero
1112 1188 1146 1246 de
1180 1188 1326 1247 concessio
1348 1191 1439 1254 nulla,
1461 1207 1515 1249 non
1535 1199 1590 1250 tem
1609 1193 1644 1250 ob
1658 1193 1885 1266 subreptionem,
1900 1211 1996 1268 quern

350 1290 409 1348 aliis
422 1287 586 1359 defectibus,
597 1286 639 1343 vel
649 1283 875 1354 inhabilitatibns,
887 1296 958 1356 quae
973 1287 1038 1338 sunt
1050 1285 1147 1336 contra
1180 1278 1216 1336 ob
1230 1278 1369 1336 defectum
1384 1295 1551 1338 consensus.
1567 1281 1643 1350 Quod
1658 1283 1724 1339 mibi
1739 1282 1848 1342 ridetur
1863 1286 1995 1342 sensisse

350 1380 402 1436 alia
415 1383 495 1449 iura,
510 1393 560 1434 nec
574 1377 655 1434 etiam
670 1375 703 1431 de
723 1371 889 1446 praeiudicio
904 1371 993 1436 tertii,
1009 1377 1040 1426 ut
1054 1369 1146 1426 ridere
1181 1368 1328 1426 Panormit.
1345 1367 1370 1424 in
1386 1367 1460 1426 dicto
1473 1384 1535 1442 esp.
1546 1374 1630 1445 Quia
1642 1374 1735 1439 efrem
1754 1373 1788 1429 de
1803 1388 1942 1446 consang.
1961 1384 1994 1432 et

349 1468 414 1527 licet
426 1471 453 1526 in
470 1467 568 1550 'citatis
588 1464 760 1533 auctoribus,
782 1470 810 1519 et
831 1461 951 1517 breviter
971 1475 1004 1516 no
1027 1457 1145 1515 dilucide
1181 1455 1256 1514 adin.
1272 1457 1382 1514 dicens:
1400 1460 1434 1516 Si
1452 1457 1524 1517 tofta
1537 1464 1581 1516 est
1594 1463 1715 1533 praelo,
1730 1477 1793 1534 quo
1806 1465 1918 1530 ιαείια,
1942 1463 1995 1521 oet

351 1559 544 1630 complectitur
558 1557 637 1627 Gigas
651 1552 683 1610 de
698 1553 819 1624 pension.
832 1554 897 1622 qtl,
910 1565 986 1606 nrrm.
996 1553 1103 1619 t,et·5,
1118 1553 1147 1604 et
1180 1561 1335 1620 expressa,
1357 1545 1403 1604 vel
1423 1564 1484 1604 non
1498 1551 1649 1617 existente,
1666 1553 1758 1626 Papo
1770 1556 1906 1624 qratiam
1921 1569 1994 1610 noe

350 1653 436 1723 (μθ,
452 1649 565 1710 numi,
578 1651 606 1701 et
621 1649 648 1714 5,
659 1650 687 1699 et
701 1641 821 1712 Saucius·
831 1638 876 1695 lib.
887 1645 913 1696 8.
926 1638 959 1695 de
974 1637 1147 1694 matrimonio
1180 1637 1377 1702 concessissef;
1395 1641 1466 1692 tnnc
1480 1639 1616 1694 natator.
1630 1639 1666 1694 Et
1681 1637 1752 1706 idem
1766 1640 1891 1697 modunl
1903 1640 1992 1698 Glos-

350 1737 421 1810 qrsp,
433 1741 480 1806 21,
495 1751 525 1808 q,
539 1740 567 1792 3.
1180 1738 1220 1790 sa,
1236 1729 1263 1780 et
1276 1724 1351 1780 loan.
1367 1723 1453 1780 Andr.
1469 1725 1505 1782 ibi
1518 1723 1628 1799 allegati
1649 1724 1684 1782 ab
1705 1727 1781 1801 ipso,
1801 1743 1852 1786 nec
1874 1728 1992 1786 dissen-

390 1832 416 1885 8.
436 1829 472 1882 At
491 1839 555 1881 rero
576 1825 599 1879 si
619 1837 672 1878 non
694 1820 783 1877 solnm
803 1825 930 1877 tacentur
950 1818 1068 1881 veritas,
1096 1815 1144 1873 sed
1180 1811 1253 1866 tiunt
1272 1810 1316 1867 alii
1338 1826 1422 1884 supra
1442 1811 1527 1870 citeti.
1544 1811 1673 1887 idemque
1694 1815 1816 1873 sumitur
1830 1832 1864 1874 ex
1885 1817 1993 1874 eodem

349 1919 431 1974 etiam
446 1915 513 1971 falsa
527 1927 612 1970 causa
625 1912 651 1967 ia
666 1911 817 1982 rescripto,
833 1922 882 1965 sen
897 1907 1038 1979 privilegio
1056 1907 1145 1977 espri-
1177 1898 1325 1955 Panormit.
1342 1899 1368 1955 in
1388 1915 1451 1972 cap.
1467 1898 1517 1958 Ad
1533 1915 1637 1968 cures,
1655 1901 1688 1959 de
1707 1904 1836 1976 rescript.
1855 1921 1940 1962 num.
1962 1912 1992 1976 5,

350 2014 459 2077 metur;
476 2010 543 2060 trrnc
557 2003 663 2059 etiamsi
676 1998 847 2074 privilegium
863 1996 938 2054 nullo
953 1995 1034 2052 modo
1048 1997 1085 2050 sit
1098 2009 1144 2066 pe·
1179 1986 1226 2044 nbi
1241 1985 1318 2057 dicit,
1331 1987 1353 2042 si
1368 1989 1431 2061 quis
1444 1991 1574 2060 impetret
1586 1990 1758 2060 beneficium,
1773 2008 1827 2050 non
1847 1995 1993 2068 explicata

349 2096 441 2166 titum,
456 2091 503 2148 sed
517 2095 674 2162 acceptum,
687 2093 852 2160 potestesse
865 2085 1007 2143 concessio
1022 2083 1096 2140 nulla
1110 2099 1143 2140 ex
1177 2075 1237 2132 elus
1258 2076 1407 2149 qualitate,
1428 2093 1482 2134 non
1502 2077 1593 2138 valere
1613 2083 1747 2155 gratiam,
1768 2083 1875 2140 edumei
1904 2093 1991 2142 motu

348 2183 458 2240 defectu
469 2179 616 2236 voluntatis
627 2175 813 2248 concedentis,
824 2189 905 2247 quem
916 2173 1056 2233 defectum
1067 2173 1143 2244 igno-
1178 2165 1356 2238 proprietas,
1369 2180 1422 2222 non
1434 2173 1546 2239 propter
1561 2169 1776 2244 subreptionem,
1789 2174 1838 2244 ait,
1850 2171 1900 2230 sed
1917 2177 1992 2247 quis

346 2272 448 2341 rantia,
463 2284 513 2326 sen
527 2283 605 2326 error
618 2267 755 2331 conserite
772 2267 951 2337 supponimus
963 2263 1046 2334 enim,
1060 2261 1142 2320 telem
1177 2268 1231 2312 non
1245 2260 1362 2326 apparet
1374 2254 1409 2312 de
1425 2255 1564 2314 voluntate
1579 2258 1721 2330 principis.
1736 2261 1811 2330 Quae
1826 2262 1900 2318 rstio
1922 2265 1991 2320 uni·

345 2377 407 2420 esse
421 2361 577 2432 falsitatem,
592 2366 624 2416 nt
637 2355 750 2414 inducat
763 2354 789 2410 in
803 2355 923 2411 animum
937 2352 1068 2425 principis
1081 2365 1141 2408 eam
1179 2343 1292 2400 vernulis
1307 2351 1349 2400 est
1370 2343 1405 2400 nd
1424 2346 1515 2403 omnia
1532 2346 1645 2419 similia,
1660 2347 1786 2422 seilicet,
1800 2350 1867 2422 quta
1889 2359 1991 2408 morus

346 2451 533 2519 voluntatem,
548 2463 630 2521 quam
644 2462 699 2502 non
714 2451 787 2502 esset
800 2443 960 2514 ballitanus,
975 2440 1084 2500 sublato
1098 2456 1143 2497 er·
1176 2431 1306 2505 proprius
1314 2449 1369 2489 non
1385 2433 1598 2508 nrmotgratfnm
1609 2443 1707 2494 contre
1719 2439 1900 2496 intentionem
1917 2455 1989 2496 con-

345 2555 417 2598 rore.
432 2538 511 2598 liade
536 2553 590 2594 non
614 2535 715 2605 refert,
739 2532 814 2607 quod
831 2531 935 2589 falsitas
950 2530 994 2588 illa
1007 2545 1063 2588 non
1077 2545 1141 2602 pro·
1176 2521 1310 2580 cedentis.
1318 2517 1444 2595 secedis,
1456 2523 1532 2597 qnod
1543 2524 1587 2582 illa
1601 2527 1774 2584 taciturnitas
1784 2534 1829 2585 est
1845 2529 1989 2600 quaedum

344 2631 479 2687 reuerita
498 2627 670 2699 postulante,
693 2641 742 2682 seu
762 2623 909 2694 recipiente
922 2621 1057 2695 gratiam,
1079 2621 1141 2694 qnia
1176 2611 1297 2670 virtualis
1311 2611 1454 2686 deceptio,
1469 2612 1692 2688 quandoquidem
1713 2617 1822 2675 ratione
1845 2617 1919 2675 illius
1940 2635 1989 2676 res

343 2720 469 2790 deceptio
482 2719 541 2789 ipsa
559 2715 753 2786 undecumque
774 2713 929 2785 proveniat,
949 2715 1046 2768 causat
1065 2697 1142 2766 insti·
1175 2716 1230 2758 ¹1⁰ss
1245 2702 1418 2775 efficicitur,
1434 2703 1508 2761 licut
1519 2710 1579 2777 etl,
1593 2710 1621 2761 el
1634 2706 1720 2772 ratio,
1736 2719 1808 2780 quse
1829 2716 1940 2781 moret,
1957 2710 1986 2764 in

279 2865 284 2874 ,
344 2807 503 2865 lanterium.
520 2806 555 2860 lit
574 2805 611 2861 ita
626 2802 751 2874 procedit
764 2801 866 2873 optime
881 2801 950 2857 ratio
969 2799 1049 2870 data,
1065 2796 1141 2870 qnod
1177 2805 1208 2848 re
1223 2791 1281 2864 ipsa
1295 2807 1349 2850 non
1363 2791 1500 2866 subsistit,
1516 2794 1589 2852 sicut
1602 2795 1777 2868 proponitur.

344 2895 516 2954 taciturnitas
532 2893 651 2950 veritatis
663 2907 717 2948 non
731 2890 851 2948 ostendit
863 2890 1002 2947 defectum
1014 2887 1139 2950 volunta·
1168 2949 1170 2953 ,

344 2987 381 3043 tis
395 2985 421 3040 in
435 2983 580 3052 Pontifice,
597 2982 670 3038 sicut
683 2978 804 3037 ostendit
816 2994 895 3036 error
910 2976 1095 3050 ignorantiae,
1110 2982 1139 3034 at
1448 2980 1589 3052 GAPUT
1609 2983 1698 3052 xffl·

345 3075 407 3132 ideo
425 3089 478 3130 non
500 3079 543 3129 eet
566 3069 662 3129 eadem
681 3068 825 3141 utriusque
844 3070 924 3125 ratio.
938 3068 994 3124 Nec
1009 3073 1139 3124 auctores

344 3166 448 3236 primae
463 3160 661 3230 sententiae,nt
673 3157 843 3230 existimem
857 3155 911 3214 boc
926 3154 1136 3226 contradicunt,
1179 3177 1267 3251 Qpap
1280 3179 1320 3233 ,q
1333 3175 1665 3249 wqppanpqaqfflrma
1676 3176 1838 3254 pamma,
1852 3182 1913 3238 gp„
1925 3181 1983 3239 ab.

344 3251 408 3324 quia
423 3251 489 3307 licet
503 3245 912 3321 negent,ilfamessepropriam
924 3245 1137 3317 surreptionem,
1213 3263 1320 3332 wrm,
1338 3268 1398 3324 ,ιω
1417 3264 1470 3323 ,qq
1490 3265 1672 3332 commone,
1694 3271 1750 3324 app
1768 3265 1858 3328 „mdo
1877 3285 1983 3326 com.

343 3341 407 3414 qnia
421 3339 487 3396 illud
502 3339 596 3396 vitium
610 3353 664 3394 non
679 3335 861 3393 committitur
874 3351 908 3392 ex
919 3340 995 3406 parte
1009 3335 1136 3408 petentis,
1213 3351 1318 3412 amr,

342 3445 391 3488 sen
405 3429 558 3502 recipientis
571 3427 704 3501 gratiam,
722 3426 842 3483 fatentur
855 3424 1040 3496 nibilominus,
1055 3424 1141 3496 impe·

341 3518 399 3577 dire
413 3519 546 3592 gratiam,
566 3521 702 3590 quatenus
720 3512 831 3587 impedit
848 3514 1022 3571 intentionem
1037 3529 1138 3572 conce·
1458 3518 1683 3583 summatim

341 3607 446 3679 dentis3
466 3613 493 3664 et
514 3606 567 3663 boo
585 3603 667 3662 modo
687 3605 777 3674 aiunt,
797 3609 901 3660 motum
919 3602 1063 3674 proprium
1083 3619 1137 3661 non

341 3697 451 3753 firmare
464 3697 581 3767 gratiam
595 3700 692 3751 contra
705 3692 880 3750 intentionem
894 3690 1089 3761 concedentis,
1106 3698 1137 3750 ut
1173 3701 1199 3752 t.
1218 3703 1314 3767 neptes
1332 3702 1436 3767 modus,
1455 3717 1507 3767 quo
1525 3704 1591 3754 solet
1609 3704 1714 3757 concedi
1734 3706 1903 3770 privilegium
1921 3722 1978 3760 cum

341 3785 525 3844 communiter
543 3781 655 3839 tradunt
672 3781 785 3840 iuristue
801 3779 927 3852 allegati,
947 3785 976 3836 et
989 3779 1049 3850 alii,
1065 3796 1138 3853 quos
1209 3772 1371 3836 conditione,
1385 3772 1426 3822 vel
1444 3774 1500 3824 sine
1512 3773 1623 3829 ten-„2
1638 3775 1702 3837 Quid
1721 3775 1978 3828 animadvertendum

341 3874 393 3932 n
408 3876 605 3948 nuens
620 3871 703 3954 n,
716 3884 800 3942 on
814 3885 843 3924 11-
860 3870 1138 3941 nonnus
1207 3839 1978 3980 rienen'rtnrreettnrrtnrnnetnmln

340 3971 369 4021 et
380 3963 505 4020 lfenoeb.
517 3962 550 4018 de
561 3961 640 4018 arbit.
654 3959 701 4016 lib.
711 3963 740 4029 2,
751 3964 860 4016 centur.
875 3961 902 4028 3,
915 3973 983 4014 cusu
995 3962 1042 4031 20,
1052 3975 1079 4015 a.
1090 3963 1135 4022 80,
1209 3981 1245 4043 gp
1258 3981 1291 4031 ,q
1304 3981 1493 4032 „manum

340 4053 447 4110 ilebufl.
462 4057 492 4108 et
503 4049 616 4122 Staphil.
633 4063 727 4119 supra.

377 4142 404 4200 Si
423 4148 513 4198 autem
534 4137 593 4196 talis
612 4141 647 4196 sit
665 4137 808 4194 concessio
827 4152 860 4194 es
875 4144 951 4194 motn
965 4137 1089 4210 proprio,
1105 4142 1137 4193 ut
1215 4141 1238 4194 t.
1257 4137 1384 4196 &cunda
1398 4154 1461 4211 pars
1477 4139 1623 4196 verborum
1638 4138 1772 4214 privilegii
1785 4158 1872 4214 supra
1890 4143 1976 4216 posits

339 4231 438 4290 babeat
452 4229 627 4287 nihilominus
641 4225 799 4283 adiunctam
814 4225 951 4298 praeviam
962 4226 1135 4297 petitionem,
1172 4233 1214 4286 est
1228 4227 1289 4298 illa,
1305 4242 1375 4303 quae
1394 4231 1601 4291 concessionem
1615 4230 1703 4300 ipsam
1720 4227 1875 4288 formaliter
1888 4233 1977 4288 conti·

339 4335 390 4378 sen
400 4318 617 4377 informationem
629 4331 661 4372 en
673 4321 749 4388 parte
759 4313 939 4373 desiderantis
953 4315 1134 4388 privilegium
1172 4322 1232 4388 net,
1249 4322 1277 4373 et
1297 4315 1356 4374 ideo
1371 4317 1488 4375 maxime
1502 4317 1627 4388 ridetur,
1644 4326 1676 4374 ut
1695 4319 1839 4392 dicebam,
1855 4319 1891 4377 nd
1910 4319 1976 4378 sub·

339 4417 406 4467 tune
420 4408 443 4465 si
462 4406 563 4464 falsitas
579 4403 749 4475 intercedat,
769 4409 797 4460 et
811 4409 854 4460 est
867 4401 962 4460 eedem
976 4405 1044 4461 ratio
1058 4402 1138 4460 nulli·
1170 4406 1296 4463 stantiem
1317 4406 1419 4464 formae
1434 4407 1580 4480 pertinere.
1596 4405 1638 4464 Ad
1656 4406 1728 4466 illam
1748 4423 1814 4468 vero
1834 4409 1976 4483 esplicsn·

338 4499 419 4566 tatis,
438 4502 468 4552 et
480 4501 523 4552 est
536 4492 660 4567 aliqualis
675 4492 833 4564 subreptio,
849 4494 915 4564 quia
928 4494 1076 4551 intervenit
1088 4491 1136 4550 de·
1170 4493 1232 4552 dans
1249 4502 1359 4568 oportet
1371 4495 1528 4568 advertere,
1539 4494 1649 4554 duobus
1663 4496 1755 4554 modis
1766 4497 1858 4555 solere
1871 4514 1976 4556 conce-

338 4587 430 4660 ceptio
448 4584 606 4674 detineant
623 4582 664 4638 sic
677 4579 779 4638 dicam.
795 4582 828 4640 Et
849 4580 902 4638 hoc
917 4581 1004 4639 solum
1019 4582 1137 4642 intendit
1170 4581 1207 4640 di.
1224 4585 1314 4642 Primo
1329 4585 1455 4644 absolute
1468 4591 1496 4642 et
1509 4601 1594 4658 pure,
1610 4584 1715 4642 nullom
1729 4587 1919 4646 conditionem
1932 4588 1974 4644 ref

338 4675 447 4734 noetus.
462 4671 540 4739 Quod
555 4685 664 4742 semper
678 4669 883 4741 intelligendum
898 4676 950 4740 est,
965 4670 1075 4744 quando
1088 4671 1135 4729 de·
1170 4673 1306 4731 actionem
1321 4673 1455 4748 exigendo
1466 4691 1482 4732 e
1495 4673 1691 4748 privilegiario,
1704 4682 1736 4733 nt
1749 4675 1880 4734 ellectum
1891 4678 1975 4749 priri-

337 4765 426 4836 ceptio
445 4764 473 4820 fit
494 4761 520 4817 in
541 4759 685 4833 principali
700 4773 799 4830 censa,
815 4774 864 4816 serr
879 4761 991 4829 motivo,
1007 4763 1064 4819 sine
1078 4777 1134 4834 qno
1170 4761 1230 4835 legii
1244 4771 1441 4836 consequetur.
1456 4765 1501 4821 Sic
1517 4755 1680 4822 conceditur
1690 4764 1743 4822 lilio
1758 4764 1900 4836 illegitimo
1917 4765 1971 4838 pri·

336 4854 460 4910 Pontifex
474 4849 646 4924 privileginm
662 4864 715 4904 noa
731 4847 912 4919 concederet,
927 4851 993 4920 qnia
1007 4853 1073 4906 tnnc
1089 4867 1134 4906 so·
1169 4848 1298 4923 vilegium
1309 4851 1520 4926 legitimationis,
1533 4853 1575 4910 vel
1589 4851 1692 4924 plebeio
1706 4852 1881 4925 privilegium
1893 4855 1971 4912 nobi·

337 4941 393 4998 tnm
414 4941 493 4998 deest
512 4939 640 4995 voluntas
660 4943 688 4994 et
708 4937 823 4993 intentio
843 4936 871 4993 in
885 4937 1071 5010 concedente3
1087 4939 1134 5012 qui
1169 4941 1211 5011 tis,
1228 4940 1268 4997 sel
1283 4943 1427 5013 peregrino
1442 4939 1616 5015 privilegium
1631 4941 1709 5012 ciris,
1723 4948 1753 4999 et
1766 4941 1882 5014 similis,
1898 4959 1971 5018 qnae

336 5027 462 5086 defectus
483 5043 537 5085 non
558 5024 721 5097 suppleatur
734 5038 784 5096 per
796 5023 951 5081 clausulam
967 5033 1057 5082 motus
1072 5041 1134 5099 pro·
1172 5029 1298 5101 princeps
1316 5029 1463 5102 concedit,
1478 5027 1542 5086 nihil
1561 5029 1688 5104 exigens,
1705 5029 1747 5088 ref
1767 5031 1917 5105 requirens
1935 5032 1969 5090 sd

338 5120 401 5188 prii,
417 5125 447 5173 ut
460 5123 502 5174 est
515 5114 670 5172 communis
686 5112 822 5170 doctrina.
833 5112 946 5172 Videtur
957 5121 1048 5173 autem
1059 5114 1132 5186 mibi,
1173 5115 1305 5174 utendum
1321 5125 1416 5191 postca
1435 5115 1589 5194 privilegio.
1606 5117 1665 5194 llio
1686 5117 1768 5178 modo
1782 5119 1868 5182 datur
1888 5123 1974 5193 print*
