4232 6220
856 390 963 442 aaron
977 395 1038 444 xx.
1653 372 1717 436 623

151 507 336 570 25.Seoundo
351 510 488 584 sequitur,
500 512 526 568 in
542 510 586 569 illo
597 513 670 571 iacto
680 513 751 571 Petri
766 529 820 572 non
835 515 918 573 luisse
952 517 995 575 dis
1016 515 1148 592 legalibus
1174 514 1263 574 solum
1284 515 1310 571 in
1329 512 1381 569 hcc
1403 512 1540 587 discerni,
1562 513 1639 588 quod
1654 514 1758 572 Paulus

112 600 242 658 malitiam
257 599 439 658 simulationis
453 601 669 672 superstitiosae.
687 603 839 676 Probatur,
855 605 919 677 quia
953 623 1062 678 semper
1085 606 1111 662 ld
1130 606 1187 676 egit
1207 605 1264 659 siue
1284 602 1413 659 scandalo
1432 601 1584 674 gentilium,
1601 602 1683 659 idest
1699 619 1756 658 neu

112 687 183 745 haec
197 695 321 762 nonest,
341 689 392 744 nisi
406 689 453 746 ubi
471 689 574 763 aliquid
587 691 615 746 fit
635 698 733 748 contra
749 693 855 750 cultum
873 693 919 750 liei
953 697 1078 770 cogendo
1098 694 1158 752 illos
1178 693 1210 750 ad
1231 692 1345 748 similem
1359 691 1575 762 observantiam,
1595 693 1693 747 Petrus
1709 707 1758 747 ou-

113 777 280 849 legitimum,
304 783 334 834 ut
353 785 464 835 constat
481 794 514 836 ex
534 779 589 837 late
603 779 682 837 dictis
702 784 729 836 in
752 789 826 839 tomo
845 787 868 839 l.
887 783 920 839 de
954 793 1010 842 tern
1026 785 1052 841 in
1066 784 1111 840 illo
1126 784 1187 862 loco
1201 783 1310 838 incaute
1326 778 1578 845 iudaizarit,dando
1595 778 1757 834 scandalum
1804 803 1805 809 ο

113 865 252 938 religione.
262 874 299 924 ht
311 869 409 924 Petrus
423 865 488 923 nihil
502 867 567 925 lecit
579 876 677 928 contra
692 870 844 944 legitimum
861 871 920 928 cul·
953 873 1110 946 gentilibus,
1128 870 1251 944 eugendo
1267 869 1361 941 utique
1375 869 1435 925 illos
1450 867 1484 924 ad
1499 867 1705 925 iudeiznudum.
1722 867 1757 924 Et

115 963 177 1012 tum
191 958 247 1016 liei:
263 972 325 1014 narn
340 957 513 1014 obseruantia
526 957 588 1030 illa,
604 975 687 1032 quam
702 959 776 1032 lecit,
791 978 845 1019 nou
860 967 920 1018 erat
953 962 1077 1020 eamdem
1089 963 1220 1018 rationem
1234 956 1356 1016 scandali
1371 958 1465 1014 tribuit
1476 961 1547 1015 Petri
1560 957 1634 1014 lacto
1650 959 1757 1028 ltrrper·

115 1060 203 1117 unna,
223 1060 287 1103 cum
301 1054 375 1103 esset
388 1047 535 1104 conformis
550 1048 618 1120 legi,
639 1065 710 1122 quae
725 1051 847 1107 nondum
860 1057 921 1107 erat
954 1059 1000 1110 tus
1017 1053 1062 1118 lib.
1076 1055 1099 1108 l.
1110 1050 1144 1110 de
1159 1047 1255 1106 consil.
1266 1064 1293 1104 c.
1308 1051 1351 1119 li,
1361 1053 1389 1103 et
1401 1047 1434 1102 ab
1449 1046 1493 1102 illo
1507 1055 1624 1104 excusat
1639 1045 1757 1104 Paulum

38 1137 40 1142 ’
116 1134 265 1206 prohibita3
289 1151 355 1208 ergo
371 1150 421 1192 nec
442 1135 548 1207 species
567 1136 657 1210 aliqua
677 1140 880 1211 superstitionis
893 1142 920 1197 iu
955 1143 980 1199 in
994 1141 1202 1200 circumcisione
1214 1137 1392 1207 Timothei,et
1405 1136 1654 1194 aliiacoeremoniis
1672 1135 1756 1192 iudai·

116 1239 151 1280 ea
171 1223 232 1280 luit.
249 1223 343 1281 lticere
363 1233 456 1282 autem
475 1233 567 1297 potest
587 1225 703 1301 aliquis,
721 1229 875 1302 quodlicet
894 1233 921 1287 in
955 1233 1010 1305 cis,
1030 1247 1100 1304 quas
1115 1227 1260 1302 aliquando
1275 1225 1407 1284 exercuit.
1424 1225 1558 1282 Probatur
1572 1241 1638 1300 ergo
1656 1229 1756 1296 minor,

117 1312 164 1369 illa
174 1315 343 1384 separatione
353 1329 407 1370 non
423 1322 498 1370 esset
510 1314 616 1373 directa
630 1321 797 1392 superstitio,
812 1327 843 1378 ut
855 1336 922 1377 cou-
953 1319 1133 1394 inquirendo,
1154 1318 1235 1392 quale
1249 1319 1285 1373 sit
1300 1315 1353 1372 hoc
1368 1314 1547 1387 scandalum3
1563 1322 1613 1372 aut
1625 1315 1698 1372 enim
1713 1322 1757 1372 est

119 1404 415 1483 vincitnargumentum
430 1403 551 1476 lactum,
568 1405 649 1464 luisse
665 1407 840 1466 nihilominus
853 1409 922 1466 indi·
955 1410 1118 1468 scandalum
1131 1410 1209 1480 praui
1223 1409 1332 1480 operis,
1353 1405 1395 1462 vel
1409 1404 1468 1461 lulsi
1481 1407 1600 1476 erroris,
1624 1415 1755 1463 neutrum

115 1499 208 1564 recte,
226 1499 364 1566 quatenus
377 1493 525 1551 inducebat
537 1496 652 1568 gentiles
666 1497 699 1554 ad
713 1499 832 1572 aliquid,
849 1500 921 1572 quod
956 1507 1048 1556 autem
1070 1514 1130 1556 esse
1145 1496 1268 1566 videtur,
1285 1510 1362 1567 ergo.
1380 1493 1512 1552 Probatur
1527 1494 1612 1566 prima
1627 1511 1691 1566 pars
1707 1497 1756 1552 mi-

115 1581 144 1636 in
159 1583 196 1637 cis
212 1584 437 1653 superstitiosum
452 1583 621 1642 luisset.Sed
634 1586 684 1643 hnc
699 1596 806 1660 spectat
818 1588 851 1646 ad
867 1606 922 1646 ma·
956 1589 1041 1659 noris,
1054 1588 1128 1661 quia,
1144 1594 1174 1644 ut
1187 1585 1322 1654 dicebam,
1338 1583 1382 1640 illa
1396 1583 1505 1641 coactio
1521 1591 1627 1640 tantum
1642 1591 1703 1641 erat
1716 1586 1757 1641 in-

116 1661 201 1727 litiam
215 1670 346 1741 scandali,
362 1671 395 1728 de
408 1688 464 1745 qua
477 1673 569 1730 statim
584 1674 703 1749 dicetur,
719 1685 746 1734 et
760 1679 922 1751 generaliter
956 1677 1050 1735 ductio
1065 1675 1228 1733 adsimilem
1243 1674 1451 1746 separationem,
1464 1688 1534 1746 quae
1549 1690 1604 1730 non
1621 1680 1682 1730 crat
1695 1690 1758 1745 pra·

115 1759 197 1816 etiam
210 1763 277 1818 satis
296 1769 507 1820 controversum
521 1768 580 1834 est,
596 1765 623 1821 in
641 1781 696 1838 qua
710 1769 801 1839 specie
821 1768 921 1826 consti·
956 1769 1106 1840 velleque
1121 1766 1201 1823 etlam
1215 1771 1306 1836 potest
1324 1762 1379 1819 dici
1405 1778 1488 1834 prava
1513 1764 1613 1819 ratione
1635 1764 1757 1821 coactio-

115 1848 219 1906 tuenda
234 1852 282 1922 sit,
298 1851 409 1925 quando
423 1867 478 1908 nou
491 1859 535 1909 est
547 1852 651 1910 directa
666 1856 777 1912 intenta.
794 1859 823 1913 ln
843 1872 921 1929 prae·
956 1857 1013 1929 nir,
1034 1856 1099 1929 quia
1118 1854 1164 1911 illa
1183 1854 1289 1910 coactio
1309 1869 1363 1909 non
1378 1855 1436 1908 erat
1450 1853 1570 1925 propria,
1587 1859 1618 1909 ut
1633 1853 1757 1911 includat
1850 1851 1853 1858 '

116 1939 186 1994 senti
200 1946 295 1997 autem
309 1955 362 1998 non
381 1948 494 2014 apparet
508 1941 563 1998 ulla
578 1946 648 2000 ratio
661 1944 807 2002 indirectne
823 1961 922 2019 super·
957 1944 1166 2002 involuntariam
1182 1940 1300 2014 uim,sed
1312 1948 1430 2013 eratper
1441 1939 1626 1998 voluntarium
1639 1958 1755 1999 consen·

116 2026 233 2084 ebbonis
248 2043 297 2101 per
315 2028 428 2088 modurn
443 2031 661 2106 cooperationis,
676 2048 727 2090 seu
740 2034 918 2092 inductionis.
956 2051 1028 2092 sum.
1041 2034 1118 2092 Unde
1133 2033 1238 2090 etiamsi
1251 2032 1372 2105 dicatur,
1383 2033 1496 2088 Petrum
1511 2047 1562 2088 suo
1577 2032 1701 2105 exemplo
1716 2033 1756 2088 iu·

115 2117 185 2173 Nam
196 2117 241 2174 illc
256 2117 379 2191 exemplo
393 2120 467 2176 Patri
479 2134 533 2176 non
548 2108 869 2198 inducebanturgentiles
887 2123 921 2182 ad
955 2122 1066 2181 duxisse
1088 2122 1203 2197 gentiles
1223 2120 1257 2178 ad
1278 2119 1440 2178 sumendam
1454 2121 1712 2192 circumcisionem,
1730 2128 1759 2180 et

116 2206 236 2278 aliquam
248 2207 468 2280 superstitionem
482 2207 645 2283 faciendam,
658 2212 725 2284 quia
735 2213 824 2270 sulum
840 2213 920 2270 indu·
955 2211 1021 2270 alias
1037 2212 1221 2269 caeremonias
1237 2210 1321 2282 legis,
1340 2225 1373 2265 ne
1388 2212 1484 2266 Petrus
1499 2225 1564 2266 cum
1581 2209 1638 2266 aliis
1653 2210 1756 2267 iudaeis

116 2295 251 2351 cebantur
261 2311 294 2352 ea
310 2297 333 2352 vi
346 2296 418 2354 illius
433 2299 548 2369 exempli
562 2300 597 2356 ad
610 2301 792 2370 separandum
808 2319 837 2360 se
850 2320 867 2361 a
879 2305 921 2372 iu·
956 2318 985 2360 se
1006 2302 1038 2359 ab
1052 2301 1109 2358 aliis
1122 2307 1278 2374 separarem
1293 2301 1376 2356 etiarn
1391 2299 1458 2356 haec
1475 2298 1596 2356 inductio
1611 2316 1666 2355 uon
1682 2307 1759 2358 esset

116 2382 209 2455 daeis,
226 2386 301 2441 sicut
319 2384 408 2442 iudaei
423 2387 622 2458 separabantur
636 2390 670 2446 ab
687 2392 770 2464 ipsis,
787 2395 851 2466 quia
872 2408 922 2465 per
955 2392 1115 2449 scandalum
1134 2391 1209 2465 pravi
1223 2389 1396 2463 operis,quia
1411 2396 1476 2446 ωηο
1490 2405 1542 2446 ηοη
1554 2395 1615 2446 erat
1628 2405 1757 2463 prauum,

116 2471 227 2544 aliquod
242 2473 346 2532 iactum
357 2492 410 2532 ηοη
426 2477 497 2534 solet
510 2476 590 2534 homo
601 2479 704 2554 induci,
717 2483 768 2538 nisi
782 2483 817 2541 ad
832 2485 919 2542 simile
956 2497 1006 2538 seu
1020 2482 1185 2554 prohibitum
1201 2480 1345 2554 gentilibus
1356 2479 1536 2546 circumcidi,
1553 2479 1575 2534 si
1597 2485 1693 2551 sponte
1708 2497 1759 2538 sua

116 2560 232 2620 lactum.
247 2564 278 2619 ln
293 2564 339 2621 tali
353 2571 444 2622 autem
458 2568 630 2637 separatione
644 2569 719 2626 nrrlla
736 2578 812 2629 esset
825 2589 922 2646 super·
956 2571 1066 2646 vellent,
1078 2578 1109 2628 ut
1122 2571 1241 2628 diximus
1254 2585 1286 2626 ex
1302 2568 1433 2642 probabili
1448 2569 1590 2641 sentemia,
1602 2577 1631 2626 et
1643 2586 1759 2628 consen·

116 2653 193 2709 stilio
207 2669 241 2710 eu
261 2659 337 2725 parte
350 2657 486 2728 gentium,
510 2663 567 2713 tum
581 2661 646 2732 quia
666 2661 718 2732 ipsi
732 2661 847 2733 gentiles
867 2679 920 2720 uon
956 2669 1035 2718 tanea
1050 2661 1214 2734 Augustino.

116 2758 148 2799 se
162 2743 353 2817 separabauta
373 2743 493 2817 iudaeis,
514 2746 561 2804 sed
576 2751 665 2819 potius
680 2751 868 2825 patiebantur,
888 2759 919 2810 ut
993 2755 1041 2810 27.
1054 2752 1164 2808 Dicetur
1180 2751 1307 2820 tortasse,
1320 2751 1429 2806 Petrum
1443 2765 1499 2806 non
1519 2748 1658 2808 induxisse
1671 2753 1759 2824 genti·

115 2833 160 2888 sic
181 2832 280 2906 dicam,
300 2839 329 2890 et
348 2834 520 2916 sustinebant
539 2838 738 2908 separationem
759 2840 921 2898 iudaeorum
955 2841 994 2898 lea
1022 2847 1127 2898 tanturn
1153 2841 1188 2898 ad
1212 2838 1404 2897 iudaizandum
1423 2847 1588 2913 spontanee,
1611 2840 1659 2898 sed
1674 2842 1758 2898 etiam

116 2922 153 2978 ab
166 2922 249 2995 ipsis,
272 2924 298 2979 in
313 2939 370 2998 qun
388 2924 455 2980 nihil
470 2928 693 2997 superstitiosum
713 2931 839 3004 agebant.
851 2933 920 2990 Tum
955 2931 1035 3004 quasi
1049 2946 1082 2987 ex
1097 2930 1261 2988 necessitate
1274 2937 1302 2986 et
1316 2929 1554 3002 obligatione3boc
1570 2937 1661 2988 autem
1676 2931 1758 2989 modo
1806 2998 1809 3006 ,

115 3015 199 3070 etiam
213 3014 278 3086 quia
296 3012 361 3070 licet
372 3014 488 3086 gentiles
508 3023 604 3086 sponte
622 3018 721 3075 vellent
738 3035 798 3078 sea
817 3021 920 3080 iudaeis
955 3021 1137 3092 perniciosum
1148 3020 1370 3093 luissegentibus
1381 3020 1528 3078 iudaizare.
1539 3023 1595 3078 lmn
1607 3023 1642 3080 ibi
1656 3022 1759 3080 includi

117 3103 146 3158 in
160 3101 230 3158 cibis
243 3110 272 3158 et
290 3103 501 3162 manducatione
516 3107 652 3177 separari,
674 3123 729 3164 noa
744 3108 859 3176 tuissent
872 3127 920 3168 su·
955 3109 1115 3167 scandalum
1132 3111 1303 3175 erroris‚aut
1315 3124 1415 3181 pravae
1428 3111 1582 3182 doctrinam
1596 3127 1657 3169 nam
1668 3129 1760 3170 erem·

117 3192 275 3264 perditioni,
289 3192 331 3249 vel
341 3193 404 3266 quia
415 3193 472 3250 siue
483 3197 674 3265 superstitione
686 3199 842 3269 potuissent
852 3207 919 3256 tuno
955 3198 999 3271 plu
1018 3205 1046 3256 et
1064 3199 1224 3256 auctoritate
1238 3199 1308 3257 Petri
1323 3197 1524 3257 inducebantur
1537 3207 1632 3274 gentes
1647 3201 1682 3259 ad
1697 3217 1760 3258 ere·

116 3282 212 3354 legalia
226 3284 342 3352 serrari,
355 3283 462 3341 seclusa
476 3283 544 3340 laisa
558 3285 755 3344 existimatione
773 3290 921 3346 necessita·
954 3287 1085 3359 deudum,
1102 3303 1131 3345 ae
1146 3286 1232 3344 teneri
1246 3287 1279 3344 ad
1294 3275 1476 3356 ludaismum3
1492 3295 1536 3357 et,
1552 3289 1627 3361 quod
1640 3291 1758 3362 amplius

118 3372 164 3442 tis,
180 3377 211 3427 ut
230 3378 274 3428 est
285 3371 438 3446 probabile,
459 3374 541 3432 etiam
561 3374 636 3432 iuxta
649 3377 793 3448 augustini
812 3384 922 3436 senten·
954 3385 1007 3450 est,
1024 3380 1107 3436 etiam
1120 3377 1275 3450 iudaei,qui
1288 3392 1323 3433 ex
1338 3377 1418 3434 simili
1432 3377 1647 3450 apprehensione
1662 3395 1678 3436 a
1692 3395 1759 3453 gen·

119 3461 201 3532 orn,
218 3470 250 3519 ut
263 3477 347 3535 supra
360 3463 448 3518 risum
461 3470 525 3535 est,¹
536 3465 577 3520 rel
592 3465 656 3538 quia
677 3466 751 3522 iuxta
764 3465 919 3524 doctrinam
954 3467 1026 3524 tibus
1045 3466 1254 3541 separabantur,
1263 3465 1388 3539 exemplo
1399 3467 1469 3523 Petri
1485 3467 1510 3524 in
1522 3482 1573 3524 sun
1585 3483 1679 3525 errore
1690 3485 1758 3526 con·

116 3549 271 3607 d.Thomae
285 3556 310 3611 l.
324 3557 389 3625 2,q.
404 3557 468 3624 tol,
483 3559 535 3611 art.
545 3558 573 3626 l,
585 3554 646 3611 illae
661 3555 851 3613 observantiae
865 3573 920 3614 uon
954 3558 1184 3616 firmabantur.lit
1195 3557 1248 3614 hcc
1260 3556 1322 3612 mihi
1333 3555 1442 3614 videtur
1452 3572 1587 3629 exponere
1598 3556 1667 3615 illud
1678 3573 1759 3616 scau·

118 3641 294 3698 continebant
306 3641 399 3712 ipsum
411 3640 520 3700 cultum
533 3645 595 3716 liei,
611 3644 660 3701 aed
679 3652 759 3703 eraut
771 3645 806 3703 ad
824 3643 921 3703 diatim
954 3648 1047 3705 dnlum
1062 3647 1235 3720 Augustinus
1259 3646 1285 3701 in
1306 3660 1356 3702 sua
1371 3645 1498 3716 epistola.
1512 3646 1547 3702 Et
1566 3645 1648 3703 habet
1661 3646 1758 3704 lunda·

118 3731 238 3788 ctionem
252 3731 393 3790 cultorum
404 3733 462 3790 liei:
476 3740 505 3789 et
517 3733 577 3791 iden
588 3737 611 3792 si
624 3750 658 3792 ex
673 3743 750 3808 parte
760 3735 921 3794 iudaeorum
954 3743 1077 3794 mentum
1090 3736 1117 3792 iu
1132 3734 1227 3808 Paulo,
1241 3733 1359 3807 qui-non
1374 3733 1425 3791 olla
1439 3734 1543 3792 ratione
1557 3734 1666 3797 videtur
1681 3736 1756 3793 illam

119 3828 244 3879 nonerat
256 3821 428 3894 superstitio,
440 3823 789 3897 separariagentibusium
804 3842 921 3886 conrar-
953 3841 1054 3884 vocare
1074 3826 1259 3895 coactionem,
1280 3822 1331 3879 uisi
1350 3824 1415 3896 quia
1436 3823 1583 3882 inducebat
1597 3824 1650 3880 sub
1668 3826 1758 3898 specie

119 3911 156 3966 sis
170 3909 205 3967 ad
219 3911 316 3985 Βοηηη,
331 3911 396 3984 quia
409 3912 472 3969 licet
484 3912 537 3970 iam
551 3922 644 3972 esseut
656 3913 780 3973 cultores
794 3917 851 3992 liei,
865 3933 921 3975 non
954 3915 1128 3973 necessitatis
1139 3919 1168 3972 et
1179 3912 1404 3987 obligationisht
1413 3914 1436 3968 si
1448 3912 1500 3970 tale
1510 3920 1572 3971 crat
1585 3913 1756 3987 scandalum,

119 4007 211 4058 tamen
225 3999 306 4058 mode
320 4002 431 4074 proprio
444 4008 474 4059 et
491 4003 626 4075 peculiari
640 4003 823 4080 iudaeorum,
839 4009 920 4065 etiam
954 4005 1078 4077 proiecto
1099 4011 1159 4061 erat
1180 4019 1214 4060 cx
1235 4017 1286 4059 suc
1305 4017 1406 4075 genere
1425 4017 1508 4076 grave
1529 4009 1691 4077 peccatum.
1708 4005 1758 4063 nisi

118 4105 153 4148 er
171 4097 247 4162 parte
264 4091 387 4165 gentium
406 4108 461 4149 non
486 4098 561 4152 earet
573 4095 733 4168 superstitio
750 4095 822 4154 nnlle
839 4097 921 4156 edere
953 4093 1162 4153 inconsideratio
1176 4098 1334 4150 excusaretr
1352 4091 1403 4149 hoo
1418 4099 1510 4150 autern
1524 4091 1636 4150 diliicile
1650 4092 1757 4154 creditu

119 4196 185 4238 cum
199 4180 313 4256 iudaeis,
323 4196 357 4239 ηο
369 4181 480 4240 illorum
490 4184 656 4256 peculiarem
666 4187 775 4244 cultum
793 4188 921 4261 amplecti
954 4191 1007 4242 est.
1021 4186 1106 4256 Nam,
1123 4190 1154 4242 ut
1169 4197 1254 4254 supra
1268 4180 1402 4252 dicebam,
1418 4181 1498 4240 etiem
1513 4197 1578 4238 cum
1593 4182 1696 4239 Paulus
1711 4184 1773 4240 ob-v

118 4271 287 4329 riderentur.
955 4274 1083 4332 seruabat
1097 4271 1206 4346 legalia,
1215 4269 1306 4327 iudaei
1322 4269 1468 4326 sumebant
1480 4273 1653 4328 occasionem
1667 4273 1758 4330 eristi·

159 4357 304 4420 thierda
314 4357 379 4418 hinc
390 4361 760 4436 apparetdillicile,tribuere
771 4365 808 4424 illi
822 4366 923 4424 actioni
955 4363 1055 4435 mandi,
1071 4362 1116 4420 illa
1129 4363 1215 4419 luisse
1231 4367 1297 4418 tunc
1311 4362 1468 4417 necessaria
1481 4359 1516 4417 ad
1530 4360 1659 4434 salutern,
1674 4367 1757 4419 etta·

120 4452 193 4508 Petri
207 4450 326 4525 aliquam
340 4439 577 4525 aliam'malitinm3
587 4469 650 4523 narn
665 4453 687 4509 si
697 4469 752 4527 qua
766 4461 851 4521 esset,
865 4471 922 4513 ma·
955 4470 1018 4512 men
1035 4468 1090 4510 nou
1112 4456 1255 4524 praeterea
1275 4448 1408 4506 tribuitur
1424 4448 1510 4506 Paulo
1530 4448 1591 4506 talis
1605 4464 1699 4524 error,
1714 4449 1758 4509 uel

120 4541 192 4598 xime
206 4541 339 4616 scandali3
352 4540 419 4598 haec
433 4546 524 4600 aulem
539 4558 593 4598 non
607 4543 685 4601 lacile
700 4544 805 4601 ostendi
818 4552 920 4616 potest.
956 4543 1168 4617 deceptio,quia
1180 4558 1213 4598 er
1227 4540 1300 4598 iacto
1310 4539 1371 4596 eius
1384 4536 1411 4596 id
1422 4553 1477 4596 non
1487 4537 1680 4614 colligebatur,
1692 4556 1758 4599 oum

120 4630 205 4687 hlaior
219 4629 329 4687 uidetur
342 4631 371 4686 in
385 4631 478 4702 primis
493 4633 566 4689 sumi
579 4647 612 4690 ea
628 4633 838 4705 reprehensione
852 4637 923 4691 Pau·
956 4641 1051 4707 posset
1075 4632 1170 4706 legalia
1194 4644 1304 4688 serrare
1328 4628 1432 4702 absque
1451 4631 1630 4702 necessitate,
1646 4637 1758 4703 propter

121 4719 225 4792 lisqui
245 4719 333 4777 solnm
354 4722 445 4793 arguit
463 4722 592 4796 Petrum,
614 4721 687 4794 quod
702 4730 798 4797 gentes
812 4730 925 4797 cogeret
957 4724 1144 4794 honestatem,
1164 4720 1207 4777 rel
1225 4719 1291 4776 alias
1310 4733 1420 4776 causas.
1436 4719 1471 4775 lit
1483 4718 1521 4774 ita
1535 4725 1666 4791 respectu
1682 4721 1758 4778 Pauli

120 4808 270 4885 iudaizare,
285 4825 356 4883 quae
370 4811 479 4867 coactio
490 4827 542 4868 nnn
557 4819 616 4868 erat
627 4813 738 4884 propria
749 4829 797 4885 per
810 4815 864 4870 uim
876 4813 923 4870 ali·
957 4813 1001 4870 illu
1016 4813 1144 4882 deceptio
1159 4815 1221 4867 erat
1232 4809 1323 4881 potius
1337 4807 1481 4880 permissa,
1493 4822 1576 4880 quam
1588 4807 1670 4864 iacta.
1685 4811 1758 4882 Ergo

120 4915 205 4973 quam
221 4901 261 4957 rel
276 4906 395 4971 metum,
411 4915 461 4957 ηοο
477 4915 525 4972 per
538 4909 719 4974 praeceptum
734 4902 865 4976 aliquod,
881 4904 924 4962 vel
958 4902 1040 4960 simili
1058 4900 1138 4988 modo
1152 4897 1348 4972 inpraesenti,
1363 4896 1489 4970 quamvis
1501 4895 1619 4954 tortasse
1632 4898 1756 4971 geutiles,

119 4988 330 5063 obligationem,
346 4989 395 5048 sed
408 5005 456 5062 per
470 4992 624 5064 exemplum
638 4991 760 5065 aliquod,
777 4993 819 5050 rel
835 4993 924 5051 imita·
958 4993 1001 5050 vel
1021 4990 1111 5049 iudaei
1130 4987 1204 5047 illam
1225 4988 1379 5061 opinionem
1394 4985 1580 5060 conciperent,
1601 5003 1654 5043 non
1668 4994 1760 5060 potest

121 5080 243 5150 tionem,
265 5096 335 5153 quae
349 5095 403 5137 non
419 5081 469 5137 nisi
483 5080 610 5138 malitiam
625 5081 747 5140 scandali
761 5082 860 5142 habere
875 5100 925 5157 po·
959 5083 1020 5141 talis
1033 5081 1161 5154 deceptio
1175 5080 1256 5137 Petro
1271 5076 1396 5142 attribui,
1413 5075 1525 5148 quiade
1540 5077 1600 5135 eius
1614 5076 1686 5134 iacto
1701 5078 1759 5135 col·

120 5177 187 5228 test.
201 5169 300 5227 beiude
320 5170 373 5228 hec
388 5171 490 5228 latetur
503 5171 672 5245 Augustinus
686 5173 714 5229 in
727 5174 808 5246 epist.
829 5177 872 5232 lb.
889 5173 925 5232 ad
959 5172 1003 5247 ligi
1018 5187 1083 5230 cum
1098 5169 1276 5228 laudamento
1288 5181 1344 5224 non
1359 5171 1476 5240 poterat.
1491 5168 1560 5224 Nam
1575 5173 1640 5224 tunc
1658 5169 1758 5225 Petrus

121 5261 336 5336 hieronymum,
353 5261 398 5320 ubi
412 5261 459 5336 ait,
475 5262 586 5320 Petrurn
598 5268 627 5320 et
640 5261 758 5322 Paulum·
768 5265 796 5324 in
811 5279 923 5322 sertan·
959 5262 1076 5323 servavit
1090 5259 1197 5338 legalia,
1213 5259 1278 5334 quia
1291 5256 1401 5316 iudaeus
1415 5262 1487 5333 erat,
1501 5263 1529 5316 et
1544 5257 1593 5315 sibi
1606 5263 1685 5316 erant
1696 5274 1757 5335 per·
