4256 6224
419 375 482 438 584
1136 387 1304 437 umnurx.

373 515 440 590 legis
455 515 571 574 vetantis
590 514 846 587 concupiscentiam
860 529 989 587 pravam,
1012 513 1058 572 sed
1073 520 1178 570 tantum
1215 512 1298 570 modo
1312 511 1422 569 Christo
1435 509 1531 570 luttrro
1545 511 1751 570 similitudinem
1765 513 1831 584 viri,
1847 518 1878 569 et
1888 511 1957 600 'illas
1971 527 2022 567 nu·

373 608 407 664 ab
417 606 472 679 illa,
482 623 552 679 quae
563 620 596 663 en
610 605 694 661 reteri
706 604 764 676 lege
778 604 967 676 proveniebat.
977 605 1016 662 Ex
1028 619 1084 677 quo
1094 605 1178 674 etiam
1214 603 1284 674 ptias
1304 604 1375 660 inter
1396 617 1563 677 synagogam
1582 609 1611 659 et
1623 602 1763 659 Christum
1778 605 1865 661 heum
1884 601 2021 659 hominem

373 694 477 753 iactum
488 701 541 768 est,
556 703 587 752 ul
601 711 674 752 nuuc
685 710 739 750 nnn
751 710 848 751 sumus
863 694 915 750 suh
926 709 957 750 es
969 693 1029 766 lege
1041 709 1095 750 non
1110 709 1178 752 con·
1213 692 1296 749 tacite
1314 693 1506 764 supposuisse.
1523 694 1718 764 Praeterquam
1734 693 1808 766 quod
1823 693 1868 750 rllo
1886 691 1970 750 modo
1984 699 2023 748 et·

243 789 254 799 '
373 784 545 857 cupiscendl,
559 801 591 840 eo
604 783 697 855 modo,
709 789 737 840 et
747 798 813 840 cum
827 783 870 840 illa
883 782 1099 855 imperfectione,
1112 797 1178 839 cum
1213 781 1265 838 iam
1284 781 1398 854 gentiles
1420 781 1483 838 iusti
1503 789 1566 838 ante
1580 783 1798 840 incarnationem
1814 784 2022 856 coniungeban·

372 887 426 947 qua
441 879 519 930 eraut
533 872 622 930 iudaei
636 890 669 930 es
685 873 709 928 vi
725 872 802 946 legis.
818 873 898 940 Quod
912 871 1028 932 lortnsse
1042 873 1123 929 etiam
1136 878 1180 929 est
1212 876 1258 928 tur
1273 871 1396 944 Christo,
1411 879 1440 929 et
1458 879 1549 930 tamea
1564 888 1579 929 a
1599 871 1673 930 nulla
1692 873 1751 947 lege
1770 873 1876 930 liberati
1892 879 1961 931 sunt
1975 888 2022 945 per

372 964 508 1020 intentum
520 979 535 1018 a
546 963 641 1034 Paulo,
654 978 708 1019 nou
722 970 813 1020 tamen
824 962 892 1020 illud
902 963 1006 1034 solum,
1018 977 1108 1036 aeque
1123 965 1178 1034 pri·
1213 967 1331 1018 mortem
1345 963 1415 1020 elus.

372 1053 476 1122 mario,
493 1050 539 1108 sed
554 1058 691 1125 quatenus
707 1053 832 1124 sequitur
846 1068 879 1110 ex
899 1052 1031 1111 ablatione
1045 1053 1114 1128 legis
1131 1068 1176 1110 re·
1255 1055 1298 1110 ll.
1312 1051 1413 1119 Quinto
1432 1053 1519 1124 igitur
1539 1058 1683 1124 exponunt
1699 1049 1798 1125 aliqui,
1820 1050 1912 1126 legem
1935 1053 2021 1124 ipsam

371 1145 439 1201 teris
453 1157 502 1214 per
517 1142 605 1214 legem
620 1141 736 1216 spiritus
756 1145 837 1199 sitae.
1006 1159 1010 1168 ·
1211 1140 1294 1200 luisse
1309 1142 1415 1213 virum,
1430 1143 1476 1198 cui
1491 1149 1577 1213 nupta
1591 1149 1650 1198 erat
1663 1157 1816 1216 synagoga,
1830 1149 1860 1198 et
1873 1143 1912 1198 ita
1927 1157 1979 1213 per
1992 1142 2024 1198 il-

412 1238 456 1292 lt.
469 1231 655 1303 Supponendo
677 1246 761 1305 ergo,
784 1231 899 1290 Paulum
919 1233 994 1306 loqul
1010 1231 1043 1290 de
1059 1232 1118 1306 lege
1133 1248 1179 1291 ve-
1210 1229 1265 1287 lius
1280 1237 1395 1288 mortem
1410 1230 1538 1287 liberatos
1552 1246 1614 1287 esse
1634 1229 1749 1288 iudaeos
1762 1231 1797 1288 ab
1810 1231 1938 1289 eiusdem
1956 1230 2022 1303 legis

373 1323 442 1393 teri,
464 1327 492 1377 et
506 1321 538 1377 de
559 1319 691 1378 ablatione
706 1320 776 1377 illius
796 1320 890 1394 quoad
904 1321 1105 1393 substantiam,
1126 1338 1176 1379 seu
1211 1319 1437 1394 obligationeltn
1448 1321 1534 1378 reiert
1546 1321 1634 1378 Tolet.
1644 1326 1766 1378 annotat·
1777 1325 1803 1378 5.
1816 1337 1850 1377 er
1865 1320 1963 1377 multis
1975 1337 2022 1392 pn·

371 1409 576 1484 obligationem,
592 1409 783 1482 explicandum
799 1419 935 1485 superest,
948 1409 1087 1485 quamodo
1102 1427 1176 1468 mor·
1211 1411 1298 1468 tribus
1312 1411 1445 1483 antiquis,
1461 1417 1488 1467 et
1501 1411 1629 1485 sequitur
1644 1411 1745 1468 Pereia.
1758 1409 1829 1482 disp.
1844 1416 1872 1469 5.
1892 1410 1950 1467 Sed
1969 1427 2021 1467 non

370 1507 419 1557 tua
440 1499 524 1557 leserit
537 1514 585 1571 per
606 1504 724 1556 mortem
744 1500 878 1571 alicuius,
900 1502 946 1558 cui
961 1516 1011 1557 nos
1033 1499 1176 1558 lueremus
1210 1499 1328 1573 quadrat
1340 1500 1492 1572 expositio,
1509 1502 1531 1556 si
1550 1499 1585 1557 de
1598 1500 1654 1572 ipsa
1669 1499 1727 1574 lege
1746 1501 1857 1572 proprie
1876 1498 2021 1572 loquatur,

370 1589 522 1658 coniuncti,
542 1596 571 1646 et
588 1589 635 1661 qui
649 1587 682 1645 ad
702 1605 753 1645 nos
770 1596 947 1660 comparetur
966 1597 1098 1663 unquam
1119 1591 1173 1646 sir.
1210 1589 1274 1661 qtria
1288 1589 1392 1646 Paulus
1405 1589 1548 1663 distinguit
1560 1591 1652 1646 sirum
1666 1595 1695 1646 et
1712 1589 1856 1646 mulierem
1870 1604 1885 1645 a
1901 1589 1981 1661 lege,
1995 1595 2024 1644 et

369 1679 420 1736 Est
432 1693 498 1752 ergo
513 1678 592 1734 tertia
606 1678 738 1750 expositio
751 1677 858 1750 diceas,
872 1695 928 1736 non
943 1687 1071 1751 oportere
1083 1692 1177 1736 esem·
1211 1693 1226 1735 a
1242 1678 1308 1754 legis
1323 1679 1503 1752 obligatione,
1517 1677 1656 1752 dicitque,
1671 1694 1721 1752 per
1734 1686 1852 1736 mortem
1867 1680 1920 1735 riri
1934 1680 2023 1735 astin-

368 1768 446 1841 plum
466 1769 493 1825 in
514 1767 641 1826 omnihus
661 1767 883 1826 accommodare.
903 1769 971 1838 Quia
992 1769 1095 1827 Paulus
1119 1785 1175 1827 noa
1209 1767 1257 1840 gui
1270 1767 1463 1841 obligationem
1477 1768 1557 1842 legis.
1572 1769 1608 1826 Ut
1625 1783 1692 1843 ergo
1706 1769 1792 1841 possit
1812 1768 2022 1826 accommodari

369 1857 523 1928 concludit,
536 1856 622 1931 legem
632 1874 692 1916 esse
707 1864 846 1917 mortuam
856 1875 891 1917 ex
905 1861 931 1917 si
945 1861 1042 1916 mortis
1056 1859 1175 1918 alicuius
1210 1857 1355 1931 parabola,
1377 1874 1490 1917 necesse
1508 1865 1568 1930 est,
1585 1865 1617 1915 ut
1635 1858 1677 1916 lex
1695 1857 1808 1916 desierit
1825 1857 1951 1932 obligare
1973 1875 2023 1932 per

368 1950 431 2020 siri,
447 1949 495 2006 sed
508 1949 572 2022 quia
584 1948 633 2019 illl,
648 1951 697 2022 qul
711 1949 899 2007 subdebantur
913 1948 976 2023 legi,
990 1951 1092 2006 mortui
1110 1957 1176 2008 sunt
1210 1955 1328 2005 mortem
1348 1947 1477 2021 alterius,
1493 1951 1540 2022 qui
1555 1950 1591 2005 sit
1605 1949 1663 2019 air,
1676 1954 1704 2006 et
1718 1947 1805 2022 alege
1819 1947 2019 2022 distinguatur.

368 2052 535 2112 percorpus
553 2039 666 2097 Christi.
682 2041 716 2096 Et
734 2041 771 2096 its
784 2040 898 2112 dicunt,
913 2038 1068 2111 exemplum
1084 2039 1175 2096 solnm
1209 2038 1316 2096 Etenim
1333 2040 1356 2095 si
1377 2039 1481 2096 Paulus
1495 2037 1586 2096 solum
1602 2036 1722 2111 diceret,
1746 2053 1795 2110 ρετ
1808 2044 1931 2096 mortem
1953 2037 2023 2111 legis

368 2129 575 2186 accommodari
595 2145 645 2202 per
666 2135 861 2201 argumentum
882 2144 899 2186 a
919 2129 1041 2200 lortiori,
1066 2130 1132 2202 quin
1152 2130 1174 2187 si
1209 2126 1338 2185 liberatos
1355 2143 1416 2185 esse
1430 2127 1544 2185 ludaeos
1558 2127 1591 2184 ab
1605 2125 1779 2201 obligatione,
1792 2127 1860 2202 quid
1878 2128 2024 2185 conduce-

369 2233 440 2274 uxor
461 2218 594 2275 liberatur
615 2234 630 2275 n
650 2217 710 2290 lege
730 2218 781 2275 viri
803 2225 915 2290 propter
939 2219 1172 2292 coniunctionem,
1209 2215 1255 2273 bat
1268 2216 1424 2291 exemplum
1437 2218 1471 2275 de
1490 2219 1551 2275 siro
1564 2223 1593 2275 et
1613 2232 1714 2290 usare,
1730 2223 1779 2274 aut
1799 2231 1871 2290 quae
1894 2217 2022 2289 probatio

369 2308 457 2366 multo
478 2310 566 2382 magis
586 2309 649 2381 quis
670 2307 828 2365 liberabitur
850 2323 865 2366 a
885 2306 955 2383 lege,
977 2308 1041 2381 qnia
1061 2308 1176 2382 ipsemet
1209 2313 1268 2364 erat
1282 2306 1385 2380 dicere,
1398 2322 1519 2365 nosesse
1531 2313 1656 2364 mortuos
1668 2305 1732 2381 legi,
1744 2307 1934 2381 quialexipaa
1947 2321 2022 2363 mor·

369 2405 498 2456 mortuus
516 2406 569 2455 est.
584 2399 624 2455 lta
644 2397 699 2454 lere
714 2398 857 2474 chrysost.
870 2405 899 2458 st
916 2397 1065 2475 Theophyl.
1082 2409 1111 2456 et
1130 2405 1176 2456 est
1210 2403 1257 2453 tua
1271 2394 1335 2454 est?

369 2488 521 2562 probabile,
534 2503 588 2545 non
605 2495 693 2546 tamen
704 2489 805 2563 placet,
818 2489 882 2562 qnia
893 2491 933 2545 sic
947 2488 1103 2562 exemplum
1117 2488 1174 2548 iere
1252 2491 1295 2546 ts.
1311 2485 1360 2545 Est
1373 2501 1439 2559 ergo
1460 2485 1555 2544 ultima
1569 2486 1720 2558 expositio,
1740 2500 1812 2558 quse
1826 2485 1950 2544 lortasse
1966 2501 2022 2544 ma·

368 2583 443 2634 esset
457 2577 645 2650 superfluum:
662 2592 724 2634 anm
739 2576 836 2635 eodem
849 2577 947 2650 modo,
962 2582 990 2634 et
1003 2577 1098 2636 endem
1114 2578 1175 2636 etil-
1208 2577 1250 2651 gis
1264 2574 1387 2634 declarat
1409 2575 1637 2648 praecedentem,
1656 2588 1823 2650 synagogam
1841 2576 1950 2646 ipsam,
1972 2591 2021 2632 sen

369 2667 447 2724 cacia
462 2668 596 2739 potuisset
614 2667 715 2724 Patrius
730 2682 764 2724 ex
777 2665 822 2723 illo
837 2667 987 2739 principio:
1004 2671 1067 2727 Lesa
1081 2672 1112 2724 in
1123 2669 1175 2726 ho·
1210 2666 1385 2725 israeliticam
1401 2665 1619 2739 rempublicam,
1635 2680 1684 2721 seu
1698 2664 1848 2738 populum,
1871 2671 1923 2722 aut
1937 2666 2025 2738 impe·

369 2757 450 2812 solue
468 2754 662 2825 dominatur,
686 2760 798 2830 quanto
818 2761 947 2832 tempore
966 2760 1053 2824 nimi,
1081 2759 1176 2816 imme·
1209 2758 1281 2815 rium
1295 2756 1380 2814 inissa
1404 2755 1506 2826 sirum,
1521 2759 1567 2813 cui
1586 2754 1686 2829 singuli
1699 2754 1734 2811 ds
1754 2753 1799 2811 illo
1813 2753 1919 2827 populo
1944 2756 2023 2812 unie-

369 2844 439 2902 diate
453 2845 561 2904 inlerre:
575 2846 624 2904 sed
635 2835 686 2904 nos
698 2847 803 2904 mortui
817 2862 914 2904 sumus
923 2862 972 2919 per
985 2862 1088 2921 corpus
1098 2848 1177 2908 Chri·
1209 2846 1320 2917 bantur,
1330 2845 1682 2919 eleoniuugehantur,etin
1694 2843 1746 2901 hoc
1758 2845 1838 2902 uxori
1853 2860 2023 2918 comparan-

369 2936 415 3007 sti;
431 2949 498 3007 ergo
512 2934 565 2991 iam
577 2935 623 2993 lex
639 2951 693 2991 non
708 2933 868 2991 dominatur
882 2937 913 3012 in¹
924 2934 1011 2993 nobis.
1209 2941 1265 2994 tur:
1279 2940 1442 2993 mortuaest
1457 2943 1552 2992 autem
1565 2949 1703 3011 synagoga
1718 2949 1887 3007 percorpus
1903 2937 2019 3004 Christi,

412 3025 456 3082 16.
472 3025 575 3091 Quarto
594 3024 679 3096 igitur
693 3024 740 3080 alii
759 3031 916 3098 exponunt,
931 3025 1069 3084 Christum
1085 3026 1175 3099 ipsum
1208 3033 1238 3083 et
1248 3031 1450 3098 cousequenter
1460 3025 1582 3082 extincta
1592 3032 1635 3082 est
1649 3025 1702 3091 lex,
1714 3031 1743 3081 et
1755 3038 1861 3098 omnes,
1880 3026 2021 3098 quierant

368 3110 452 3170 luisse
467 3113 567 3186 virum,
577 3113 623 3170 cui
634 3113 941 3185 nupseratisraelitious
952 3115 1175 3190 populus,atque
1209 3113 1242 3172 de
1256 3115 1302 3172 illo
1324 3114 1442 3188 populo,
1458 3113 1563 3171 liberati
1577 3120 1670 3171 sunta
1688 3113 1748 3187 legs
1761 3113 1824 3171 riri.
1836 3116 1915 3171 lianc
1934 3131 2020 3188 expo-

368 3205 407 3260 lta
421 3219 469 3275 per
491 3211 609 3260 mortem
622 3201 723 3264 Christi
741 3209 874 3276 unquam
888 3217 936 3276 per
955 3209 1072 3262 mortem
1086 3205 1175 3262 mariti
1208 3205 1333 3262 altionem
1347 3205 1449 3279 colligo
1459 3221 1493 3262 ex
1504 3204 1632 3261 anselmo
1643 3202 1679 3260 ibi
1690 3202 2020 3276 dicente,atrumsasisse

368 3307 464 3349 omnes
480 3289 514 3348 de
529 3291 575 3348 illc
589 3291 691 3364 popule
705 3297 831 3350 mortuos
845 3292 928 3351 luisse
942 3293 1011 3368 legi,
1027 3294 1054 3352 ld
1068 3302 1111 3353 est
1123 3298 1176 3353 im·
1209 3295 1362 3369 Mensem·
1376 3309 1431 3352 non
1453 3293 1524 3350 enim
1537 3283 1650 3366 intelligi
1664 3299 1755 3365 potest
1768 3293 1802 3350 de
1815 3309 1956 3366 persona,
1972 3291 2020 3350 sed

370 3397 467 3438 munes
482 3380 516 3438 ab
534 3382 595 3438 eius
609 3380 785 3454 obligatione.
799 3383 879 3440 quta
892 3381 962 3441 hauc
981 3399 1047 3441 sero
1068 3387 1176 3458 esposi·
1208 3382 1242 3440 da
1256 3383 1379 3457 imperio,
1396 3389 1428 3440 nt
1440 3383 1480 3440 sic
1493 3381 1593 3454 dicam,
1606 3382 1647 3440 vel
1661 3382 1696 3439 de
1709 3381 1851 3456 republica
1864 3383 1911 3442 illa
1926 3401 1945 3440 a
1963 3385 2019 3442 lieo

371 3472 472 3529 tionem
492 3486 548 3528 non
562 3469 690 3545 solvitur,
705 3469 755 3527 sed
768 3479 887 3544 augetur
900 3479 994 3530 nostra
1013 3473 1172 3548 difficultas,
1208 3487 1257 3546 ρετ
1271 3472 1389 3549 llopssm
1403 3478 1588 3546 congregata,
1602 3479 1632 3529 et
1643 3471 1770 3544 lundata,
1788 3479 1817 3529 et
1830 3473 1864 3530 ab
1883 3475 1948 3547 ipso
1963 3477 2020 3532 uso

369 3563 580 3636 quiasequitur,
592 3560 665 3618 illam
681 3561 768 3634 legem
779 3560 863 3619 luisse
877 3569 1017 3620 mortuam
1026 3563 1086 3637 ipso
1101 3564 1174 3622 iacto
1208 3565 1234 3622 ia
1248 3561 1417 3635 peculiarem
1436 3560 1568 3636 populum
1585 3571 1742 3635 assumpta3
1758 3561 1795 3618 illi
1813 3563 1887 3619 enim
1902 3563 2020 3635 copula-

369 3667 418 3724 par
438 3659 557 3710 mortem
574 3650 691 3722 Christi,
713 3667 747 3707 ac
767 3650 882 3708 subinde
902 3652 929 3710 in
949 3653 1045 3711 eodem
1065 3653 1175 3711 instanti
1208 3651 1309 3708 bantur
1328 3651 1429 3725 singuli
1446 3649 1535 3708 iudaei
1550 3657 1681 3723 unquam
1701 3651 1811 3723 corpori
1823 3667 1895 3724 suo,
1915 3659 1947 3709 at
1959 3660 2019 3709 taa-

306 3747 312 3758 “
369 3742 516 3800 extinctam
535 3740 630 3798 luisse.
645 3741 681 3796 lit
698 3739 796 3799 delude
811 3740 928 3800 alhaum
942 3749 1015 3799 esta
1035 3742 1118 3800 modo
1133 3743 1175 3800 lo·
1208 3755 1292 3815 quam
1311 3740 1393 3813 capiti
1400 3758 1408 3814 ς
1429 3739 1545 3815 ideoque
1566 3741 1664 3798 merito
1685 3746 1867 3813 comparatur
1885 3740 1934 3798 illa
1953 3744 2020 3799 unio

370 3831 473 3904 quendi
488 3831 648 3904 scripturae
661 3838 690 3888 et
700 3835 931 3904 patrum,vocare
938 3831 1079 3890 Christum
1090 3849 1174 3905 spon·
1208 3846 1274 3888 cum
1290 3830 1401 3889 vinculo
1420 3831 1517 3890 uxoris
1530 3828 1566 3887 ad
1586 3829 1686 3888 sirum.
1698 3828 1746 3887 llla
1759 3845 1826 3888 vero
1843 3833 2017 3904 respublica,

371 3936 434 3978 sum
446 3927 495 3978 aut
512 3920 640 3978 maritum
660 3935 824 3996 synagogae.
841 3920 871 3977 ln
890 3921 1032 3996 evangelio
1045 3922 1116 3980 enlm
1135 3923 1176 3981 le·
1208 3934 1258 3977 seu
1272 3934 1413 3997 synagoga
1424 3935 1473 3994 ρετ
1486 3918 1626 3978 Christum
1635 3917 1769 3976 dissoluta
1782 3927 1837 3994 est,
1848 3925 1878 3977 et
1889 3922 1917 3977 in
1933 3921 2018 3979 alium

371 4011 472 4084 gimus,
484 4018 587 4082 patrem
600 4009 699 4068 iecisse
714 4012 824 4084 nuptias
834 4011 888 4070 lilio
901 4028 953 4080 suo
967 4011 1065 4071 llatth.
1076 4018 1124 4087 22,
1138 4014 1175 4072 ibi
1208 4015 1312 4068 sutum
1331 4015 1445 4084 mutata,
1460 4023 1531 4084 quse
1545 4009 1598 4068 luit
1611 4007 1697 4066 veluti
1711 4023 1787 4065 mors
1800 4011 1874 4090 ejus3
1891 4007 1939 4066 illa
1952 4026 2019 4068 vero

371 4105 462 4158 tamen
476 4101 585 4157 llieron.
598 4099 681 4174 Greg.
694 4101 778 4156 llllar.
790 4100 865 4175 Orig.
878 4089 907 4158 et
920 4117 1014 4159 omnes
1028 4100 1073 4159 alii
1091 4117 1175 4174 expo-
1208 4105 1332 4173 mortua‚
1350 4100 1401 4158 luit
1414 4099 1457 4156 les
1476 4104 1601 4170 mortua,
1615 4105 1644 4156 et
1657 4105 1859 4172 consequenter
1873 4114 1973 4157 omnes
1985 4099 2018 4156 de

370 4189 471 4247 altores
484 4187 658 4263 intelligunt,
672 4191 782 4248 Patrem
795 4197 941 4248 aeternum
956 4206 1013 4247 non
1031 4190 1130 4248 iecisse
1144 4192 1174 4250 il·
1207 4189 1253 4247 illo
1270 4189 1374 4263 populo
1393 4189 1549 4247 mortificati
1568 4186 1681 4246 luerunt
1693 4187 1763 4262 legi,
1785 4186 1870 4246 idest
1889 4190 1925 4246 ab
1947 4191 2019 4247 illius

370 4277 411 4336 las
425 4278 532 4350 nuptias
546 4293 636 4352 usque
649 4272 685 4334 ad
701 4279 936 4354 incarnationem,
952 4279 1007 4336 aive
1022 4278 1175 4354 intelligan—
1207 4278 1272 4351 iugo
1293 4277 1411 4336 liberati.
1427 4277 1472 4335 Sic
1492 4293 1560 4352 argo
1577 4283 1655 4336 recte
1674 4277 1905 4340 accommodatur
1927 4294 2020 4337 erem·

370 4369 464 4428 turus
476 4367 689 4441 desponsatione
701 4367 784 4425 Verbi
804 4383 869 4427 cum
884 4368 1052 4428 humanitate
1066 4385 1115 4443 per
1133 4371 1174 4430 ln·
1208 4366 1301 4440 pluas,
1317 4366 1384 4425 lieet
1397 4367 1469 4424 enlm
1483 4382 1500 4424 ε
1512 4365 1597 4424 Paulo
1611 4381 1666 4424 non
1681 4366 1764 4425 luerit
1776 4381 1909 4440 expresse
1924 4368 2018 4426 decla·

370 4459 571 4525 carnationem,
596 4459 654 4516 sire
674 4456 709 4515 de
727 4457 938 4530 desponsatione
958 4458 1057 4517 Christi
1081 4461 1175 4517 incar·
1206 4464 1309 4532 saturn,
1324 4456 1454 4530 implicite
1468 4463 1497 4514 ot
1510 4458 1620 4514 conche
1633 4457 1701 4514 satis
1713 4455 1867 4516 indicatum
1881 4459 1969 4517 estin
1989 4459 2019 4516 il·

369 4552 424 4607 nati
437 4565 502 4607 cum
515 4548 641 4608 Ecclesia
653 4546 793 4619 militante,
803 4554 853 4607 aut
866 4547 1065 4623 triumphante,
1078 4553 1110 4606 ut
1123 4549 1172 4607 do·
1207 4546 1241 4605 lis
1255 4547 1362 4605 serbis:
1379 4549 1496 4621 ltaque,
1507 4543 1627 4619 fratres
1641 4549 1713 4613 met,
1730 4551 1759 4604 et
1771 4563 1823 4605 nos
1840 4549 2020 4622 τεοττρῐτετί

369 4647 413 4697 cte
427 4645 568 4711 exponunt
582 4637 730 4695 llaldoaat.
747 4637 791 4710 ibi,
807 4643 835 4695 et
852 4640 959 4696 lansec.
975 4655 1002 4696 c.
1023 4643 1086 4697 115.
1102 4639 1172 4696 Con·
1206 4641 1277 4696 estis
1297 4635 1356 4712 legi
1369 4653 1427 4713 ρετ
1446 4651 1554 4712 corpus
1571 4635 1695 4694 Christi.
1708 4639 1803 4711 Neque
1816 4639 1919 4712 refert,
1943 4639 2018 4713 quod
2125 4687 2126 4696 ,

369 4730 448 4788 cord.
463 4729 542 4798 Quod
554 4735 648 4786 autem
658 4732 721 4784 ante
737 4726 954 4786 incarnationem
967 4730 1172 4787 intercesserint
1206 4729 1308 4788 Paulus
1320 4745 1375 4786 non
1391 4727 1549 4799 concludat,
1563 4726 1652 4800 legem
1663 4741 1726 4786 esse
1740 4733 1889 4800 mortuam,
1901 4728 1955 4786 sed
1969 4745 2018 4786 nos

370 4817 479 4890 nuptiae
492 4815 707 4875 interChristum
718 4819 804 4874 lieum
816 4816 951 4876 hominem
966 4825 993 4878 et
1004 4817 1170 4892 Ecclesiam,
1205 4833 1268 4877 esse
1287 4818 1468 4876 mortificatos
1488 4816 1557 4889 legi,
1579 4831 1642 4874 nam
1656 4816 1768 4890 perinde
1787 4825 1846 4891 est,
1868 4817 1932 4878 ialeo
1946 4821 2017 4877 enlm

369 4907 464 4966 nullibi
487 4907 622 4982 legimus,
642 4921 693 4964 uec
717 4913 761 4965 est
779 4913 996 4966 consentaneum
1017 4909 1052 4966 illi
1071 4911 1167 4967 statui.
1206 4908 1364 4966 mortificati
1376 4921 1474 4965 sumus
1489 4905 1552 4980 legi,
1563 4906 1629 4979 quia
1640 4905 1684 4963 lex
1694 4908 1753 4980 ipsa
1766 4922 1846 4965 suam
1857 4908 1914 4966 rim
1926 4909 1954 4965 in
1968 4925 2020 4965 nos

369 4980 523 5067 Quia‘ante
544 4997 758 5054 incarnationem
773 4997 864 5056 solum
883 4994 1066 5073 iungebantur
1078 4997 1171 5058 fideles
1205 4999 1313 5071 amisit,
1328 4997 1431 5055 Paulus
1449 5003 1543 5054 autem
1556 4997 1651 5068 posuit
1662 4996 1785 5055 ultimam
1803 4997 2018 5056 conclusionem

369 5088 479 5146 Christo
494 5086 663 5161 apprehenso
677 5100 726 5158 ρετ
741 5085 836 5158 tidem,
851 5095 880 5146 et
893 5095 1002 5162 sperato
1016 5095 1048 5146 ut
1062 5089 1167 5166 luturn;
1204 5088 1348 5160 intentam,
1360 5095 1393 5145 ut
1403 5090 1431 5146 in
1444 5102 1476 5144 ea
1490 5101 1585 5144 omnes
1597 5086 1681 5144 veluti
1691 5087 1827 5145 illationes
1838 5089 2018 5148 intermediae

369 5176 542 5250 desponsatio
555 5183 648 5234 autem
665 5182 709 5233 est
725 5176 875 5250 intereos,
900 5179 948 5252 qul
966 5178 1020 5235 iam
1037 5179 1167 5237 existunt.
1202 5177 1483 5251 subintelligereatnr.
1498 5175 1532 5232 Et
1546 5182 1577 5232 ut
1589 5173 1777 5234 Theodoretus
1789 5177 1845 5249 ait,
1861 5179 1953 5235 noluit
1963 5186 2018 5236 tam

369 5266 429 5328 lion
438 5275 483 5327 est
495 5280 563 5341 ergo
577 5264 739 5339 verisimile,
755 5265 871 5328 Paulum
884 5266 1111 5328 accommodasse
1123 5267 1169 5328 illo
1202 5273 1295 5343 aperte
1306 5266 1408 5343 dicere,
1421 5265 1510 5342 legem
1524 5265 1610 5324 luisse
1628 5271 1779 5339 mortuam,
1793 5281 1828 5324 ne
1842 5266 1963 5327 iudaeos
1976 5269 2018 5326 ol·
