4290 6222
860 393 1077 446 mrurxxrv.
1677 381 1738 448 tat

133 533 308 578 concessum
321 525 364 577 est
378 520 405 576 in
418 519 556 590 levorem,
572 536 625 579 non
642 521 721 580 debet
735 521 761 578 in
775 520 833 578 eius
848 535 946 594 grava·
981 521 1182 596 principaliter,
1197 530 1226 581 et
1244 523 1303 582 ideo
1318 529 1350 581 ut
1370 521 1411 581 les
1426 528 1485 593 est,
1501 519 1604 596 obligat
1614 522 1735 596 singulos
1746 522 1779 580 de

133 625 203 667 naen
219 610 305 681 verti,
320 618 353 668 ut
372 617 413 667 est
427 611 521 684 regula
536 611 602 668 iuris
617 612 643 668 in
658 617 690 670 6:
708 627 837 684 magnum
852 617 945 668 autem
980 613 1188 682 communitate,
1208 619 1240 671 ut
1260 613 1307 670 illo
1328 619 1459 684 utantur,
1481 611 1591 685 quoodo
1615 614 1778 684 oportuerit,

133 705 214 756 essct
228 715 389 772 gravamen,
403 701 425 756 si
439 706 588 773 cogeretur
601 699 663 774 quis
677 717 729 757 suo
739 699 877 773 privilagio
891 700 942 756 uti.
980 703 1044 775 quis
1068 704 1090 757 si
1111 709 1209 759 contra
1228 701 1293 758 illud
1317 706 1414 774 agent,
1437 717 1490 757 non
1503 716 1585 758 strum
1600 703 1780 769 natumsed

133 787 350 860 Respondeo,ia
363 788 473 846 duobus
483 788 716 862 casibusobligrrl
727 790 944 862 privilegiarium
980 793 1186 850 communitatis
1209 792 1380 864 privilegium
1403 791 1552 848 violabunt.
1583 792 1612 848 ln
1636 792 1782 862 posteriori

134 878 174 934 ad
200 878 334 935 utendum
349 878 503 950 privilegio,
520 893 660 950 nunquam
675 886 778 952 tumen,
794 878 943 942 formaliter
980 898 1128 940 perpessu
1148 883 1276 954 obligatio
1296 880 1330 936 ad
1349 887 1442 938 actum
1467 895 1514 952 per
1535 879 1701 952 privilegium
1715 894 1781 936 con·

135 968 292 1040 loquendo,
309 967 422 1041 obligari
437 983 487 1023 suo
508 968 669 1042 privilegio,
686 978 714 1024 ut
736 983 817 1048 suum
831 973 888 1038 est,
909 965 944 1024 ad
978 987 1105 1042 cessum,
1125 987 1180 1028 non
1199 971 1324 1043 provenit
1340 985 1374 1027 ex
1391 969 1450 1042 lege
1465 968 1613 1041 privilegii,
1634 967 1682 1024 sed
1696 983 1729 1024 ex
1742 967 1781 1023 le-

136 1073 225 1114 usum
244 1073 293 1113 seu
308 1057 510 1114 observantiam
523 1057 595 1114 eius.
611 1057 700 1114 Probo
716 1056 831 1130 singule.
978 1077 1034 1134 ge,-
1052 1076 1123 1135 quae
1142 1060 1248 1118 aliunde
1263 1060 1444 1132 supponitur,
1467 1062 1504 1125 utl
1516 1074 1549 1116 ex
1562 1063 1711 1131 praecepto
1726 1059 1779 1114 Ec·

181 1151 208 1204 7.
230 1149 340 1204 Primus
366 1147 437 1203 enlm
466 1161 549 1202 casus
577 1147 659 1204 buius
692 1147 864 1220 obligationis
888 1150 941 1217 est,
979 1152 1095 1220 clasiae,
1111 1157 1161 1207 aut
1174 1156 1247 1206 voto.
1264 1151 1298 1207 Et
1318 1151 1356 1205 ita
1373 1148 1526 1206 formaliter
1539 1147 1676 1222 loquendo
1690 1147 1780 1204 subsi-

137 1236 255 1310 quando
268 1235 365 1308 eliquis
377 1251 431 1291 non
446 1242 537 1306 potest
549 1237 711 1292 renunciare
726 1233 864 1307 privilegio
879 1249 942 1304 suo,
980 1243 1027 1298 stit
1041 1255 1148 1312 semper
1170 1240 1282 1313 regula,
1300 1238 1374 1312 quod
1388 1253 1469 1295 nemo
1488 1239 1598 1310 cogitur
1614 1239 1653 1293 uq
1673 1236 1780 1309 perege.

138 1333 174 1382 ut
184 1324 218 1381 de
232 1325 370 1397 privilegio
380 1324 434 1381 lori
445 1323 624 1397 clericorum,
637 1325 680 1381 vel
694 1325 816 1396 canonis,
827 1329 856 1380 et
867 1324 944 1380 simi·
978 1331 1022 1404 gio
1037 1346 1098 1400 suo,
1111 1331 1207 1401 utique
1218 1335 1357 1402 quatenus
1369 1327 1411 1384 lex
1426 1329 1530 1400 privata
1543 1334 1585 1384 est
1595 1325 1628 1384 ud
1643 1342 1720 1382 suam
1732 1341 1780 1398 pe·

138 1415 215 1471 libus
229 1431 314 1488 supra
334 1413 442 1472 dictum
462 1415 728 1471 estrumentum
750 1421 883 1471 occurrat
895 1428 944 1469 ca·
979 1419 1113 1476 callarem
1132 1417 1273 1475 utilitatem
1293 1423 1431 1489 spectans,
1446 1417 1481 1474 Et
1501 1414 1609 1472 nultum
1621 1423 1665 1473 est
1684 1416 1781 1471 incon.

137 1520 204 1576 sus,
215 1507 243 1559 in
257 1519 313 1577 quo
324 1503 366 1560 val
378 1501 531 1560 cedendum
543 1503 578 1559 sit
591 1503 742 1578 privilegio,
755 1503 797 1558 vel
808 1501 854 1558 illo
868 1510 946 1559 tamn·
980 1511 1106 1578 veniens,
1126 1507 1201 1581 quod
1222 1507 1363 1580 supposito
1385 1505 1540 1579 privilegio,
1564 1504 1651 1576 possit
1670 1503 1780 1560 aliunde

136 1594 219 1663 dum,
235 1598 266 1649 ut
278 1608 358 1666 saepe
372 1608 522 1650 occurrere
536 1600 636 1666 potest,
649 1593 815 1666 obligabitur
828 1593 889 1664 quis
904 1593 943 1648 uti
979 1599 1157 1670 supervenire
1182 1596 1232 1653 alla
1255 1594 1406 1669 obligatio,
1431 1599 1495 1669 quis
1518 1590 1686 1668 privilegiam
1714 1593 1781 1650 lacit

138 1682 299 1754 privilegio,
315 1697 349 1738 ne
369 1681 406 1738 illi
420 1681 518 1754 cedet,
536 1681 589 1739 imo
603 1698 669 1739 cum
683 1697 738 1739 non
758 1681 844 1753 possit
858 1679 946 1738 valide
979 1686 1126 1760 quamdam
1141 1687 1316 1743 mutationem
1328 1685 1354 1741 in
1369 1685 1492 1756 materia,
1505 1684 1640 1754 iaciendo,
1653 1690 1686 1739 ut
1698 1685 1733 1738 sit
1746 1683 1778 1738 li·

137 1771 256 1843 cedere,
271 1770 336 1828 licet
356 1771 436 1842 velit,
451 1770 562 1844 cogitur
577 1771 621 1828 illo
642 1773 700 1842 uti,
715 1785 765 1827 uec
785 1775 874 1842 potest
887 1770 945 1826 siue
979 1776 1075 1849 eitum,
1091 1775 1165 1849 qrrod
1186 1781 1266 1832 antea
1285 1790 1339 1831 non
1359 1780 1434 1846 erat,
1449 1789 1505 1847 qua
1526 1775 1673 1830 mutatione
1694 1771 1779 1844 lacte,

138 1866 257 1933 peccflto
278 1860 449 1926 consentire,
465 1865 496 1915 ¹¹2
516 1866 612 1916 contre
626 1858 693 1916 illud
713 1859 773 1931 filit
788 1865 817 1916 tl
836 1857 888 1914 11⁰0
902 1865 945 1914 etl
979 1865 1107 1938 obligatio
1117 1864 1226 1922 aliunde
1236 1866 1398 1937 proveniens
1410 1879 1458 1936 per
1475 1863 1603 1920 accidens
1616 1869 1669 1934 est,
1681 1866 1709 1919 ct
1723 1877 1777 1918 nou

137 1949 256 2022 obligari
270 1947 304 2004 ad
326 1965 425 2020 usum,
442 1963 490 2005 seu
512 1948 712 2006 observantiam
726 1949 795 2006 eius.
809 1947 884 2004 Alter
896 1962 943 2003 ca·
979 1957 1185 2029 perpetratione
1198 1953 1331 2027 privilegii
1346 1953 1478 2027 impediri.

137 2056 190 2096 sus
205 2038 288 2095 buius
309 2036 479 2111 obligationis
498 2044 552 2104 est,
572 2040 681 2112 quoties
703 2053 752 2111 per
772 2037 943 2111 privilegium
1188 2095 1190 2100 ,

137 2131 169 2184 tit
181 2132 262 2184 actus
277 2119 379 2198 licitus,
392 2130 440 2200 qui
456 2134 533 2184 autea
547 2143 600 2183 non
614 2133 686 2200 erat,
698 2127 740 2184 vel
757 2126 861 2184 tollitur
875 2127 944 2183 obli·
1243 2143 1383 2215 CAPUT
1399 2143 1521 2213 XXIV·
1627 2141 1629 2146 ¹

137 2219 231 2290 gatio,
247 2232 317 2290 quae
333 2222 498 2290 enituerat,
514 2231 575 2273 uam
590 2223 658 2274 tunc
673 2219 879 2288 superveniente
893 2215 945 2272 alla

138 2306 203 2378 lege
216 2306 399 2378 praecipiente
415 2306 496 2378 talem
511 2313 625 2378 actum,
640 2307 740 2378 poterit
753 2307 814 2380 quis
829 2306 943 2379 obligari

139 2394 176 2451 ,g
192 2401 284 2451 ,opum
299 2409 348 2466 pe,
361 2395 532 2467 privilegium
547 2409 724 2452 concessum·
742 2394 880 2466 Exemplis
895 2410 943 2466 pa·
967 2399 969 2402 ,
981 2343 1088 2402 Utrum
1101 2337 1144 2398 ud
1155 2337 1352 2415 prtotlepiom,
1361 2345 1395 2397 ut
1409 2337 1458 2396 lex
1472 2343 1523 2406 est,
1541 2343 1569 2396 et
1581 2336 1624 2396 od
1637 2335 1778 2411 cssectm

317 2485 322 2495 .
465 2485 498 2498 ..
545 2483 551 2494 .
669 2484 674 2495 .
731 2485 737 2498 ,
781 2485 788 2498 ,
1015 2432 1077 2486 etus
1092 2433 1129 2486 sit
1142 2427 1536 2506 necesscrtopromctparto,
1551 2427 1596 2486 oei
1608 2445 1685 2502 quoe
1699 2432 1774 2487 uoti·

140 2490 266 2554 tequam
276 2499 323 2557 qut
338 2482 419 2541 hebet
430 2483 600 2556 prrrrlegrum
611 2482 738 2542 audreodr
752 2499 864 2550 mrssam
874 2489 943 2540 tem·
1015 2521 1061 2577 aa
1074 2516 1218 2594 sufficiat·

139 2589 210 2646 pore
229 2571 377 2638 interdicti,
400 2571 568 2646 obligabitur
588 2571 682 2630 audire
700 2573 773 2630 illam
794 2571 890 2629 diebus
905 2571 944 2628 ie-

139 2663 193 2720 stis
207 2678 239 2719 ex
254 2669 401 2734 praecepto
416 2661 566 2733 Ecclesiae,
582 2677 598 2717 a
612 2661 693 2719 cuins
708 2662 882 2719 observantia
895 2677 943 2719 ex·
1052 2719 1057 2727 ,

138 2759 301 2820 curaretur,
314 2751 337 2807 si
349 2750 401 2808 tale
416 2751 587 2824 privilegium
603 2767 658 2808 nou
671 2751 795 2823 heberet,
807 2754 873 2826 quia
887 2767 942 2808 uon

138 2849 204 2898 em
214 2839 258 2898 me
273 2847 354 2897 ΜΒ
367 2841 467 2908 licitu*
478 2846 624 2914 {mmmm
635 2855 700 2898 ⁷⁹¹⁰
712 2857 760 2914 ΡΠ
771 2841 941 2943 Ρῖἰνϋεεωω
979 2885 1003 2936 l.
1017 2886 1113 2952 Duplex
1131 2831 1325 2938 circumstantia
1343 2883 1375 2934 sd
1394 2885 1623 2950 promulgationem
1645 2886 1775 2951 privilegii

129 2931 236 3002 ¹lactus
250 2936 292 2986 est
305 2929 411 3001 licitus,
421 2933 513 2986 cessat
523 2931 679 3002 excusatio,
690 2937 723 2987 ut
732 2932 786 2987 dixi
797 2947 821 2987 tn
837 2937 903 2988 tom.
912 2935 941 2989 3.
1012 2957 1167 3007 „wessaga
1176 2957 1294 3007 -aauo
1306 2955 1453 3006 dubitandi.
1463 2982 1499 2992 ..
1508 2955 1633 3006 obiectio.
1645 2982 1680 2991 -
1693 2955 1718 3006 2,
1733 2958 1778 3008 30.

137 3019 176 3076 de
191 3018 394 3090 Sacramdisp.
404 3024 451 3089 88,
466 3025 534 3078 rect.
544 3024 570 3077 6.
585 3021 651 3077 item
665 3022 765 3078 coniux
781 3019 882 3078 habeus
894 3037 942 3078 ro·
1012 3028 1086 3077 lulio.
1097 3028 1168 3078 -3,
1184 3025 1440 3091 Privilegiariuspou
1454 3031 1539 3088 potest
1557 3026 1589 3075 sd
1601 3025 1697 3089 aliquid
1711 3027 1777 3077 obli-

138 3117 202 3167 tum
223 3109 368 3179 castitatis,
385 3115 494 3176 tenetur
513 3108 628 3167 reddere
649 3110 770 3167 debitum
785 3110 861 3167 elteri
874 3126 943 3167 con·
1011 3098 1067 3159 8³¹¹
1086 3098 1186 3148 l³²¹⁰¹¹³
1204 3095 1334 3160 privilegii
1352 3101 1412 3146 ³⁰²⁶
1428 3096 1658 3158 Pl⁰¹¹¹¹¹¹8³²¹⁰¹²⁰¹⁰
1671 3095 1775 3158 privile-

139 3200 198 3272 iugi
218 3201 333 3271 petenti,
357 3200 485 3272 quianon
500 3198 620 3256 essetilli
634 3198 741 3256 licitum
755 3214 866 3272 negare,
880 3213 942 3256 nam
1010 3164 1778 3298 ξίἰὦῃὲἰυξῗοεθῗωὲζρῗὲζῑῖῑξζῗῃξοεέἱῖᾏῇἓζῗῗὲὲῗξ,Γ,

139 3297 240 3346 ⁰⁰¹¹¹l⁰
260 3289 388 3346 lumnam
410 3295 524 3361 θὸθῐθῑὶ
553 3296 582 3346 et
601 3288 773 3346 ffl'fflfflfflifllss
800 3289 824 3343 ⁶3
848 3295 942 3360 Ρθῑθῡθ
1012 3306 1038 3356 6.
1049 3307 1115 3358 Cura
1128 3303 1233 3356 notandi
1242 3305 1407 3368 privilegium
1417 3317 1466 3354 non
1476 3310 1575 3368 spectet
1584 3304 1616 3354 ad
1625 3304 1777 3367 principem,

139 3379 251 3436 adulter
265 3380 358 3450 luerit,
370 3394 438 3435 uxor
451 3379 553 3436 babens
563 3387 660 3437 votum
671 3395 724 3436 non
735 3379 871 3436 tenebitur
881 3379 942 3436 red·
1009 3377 1077 3426 sicut
1085 3376 1157 3436 ‚solet
1169 3387 1232 3425 cura
1244 3375 1364 3424 solemnis
1376 3374 1776 3437 rl⁰ffll¹¹8³ti⁰1¹l⁸·-⁷·⁰⁹¹¹⁰·

138 3467 226 3538 dere,
240 3474 269 3524 et
282 3474 484 3540 consequenter
499 3468 663 3544 obligabitur
678 3485 732 3526 nou
746 3469 878 3540 reddere,
894 3469 942 3527 ssd
1009 3446 1126 3566 ffisffl
1136 3445 1290 3564 gfg‘gfflg
1303 3442 1777 3575 ffaffiirvssffiifflfflsfflffiffi

139 3571 252 3614 serrare
270 3549 428 3625 castitatem
434 3575 441 3628 3
463 3560 529 3632 quia
549 3557 614 3615 licet
632 3560 660 3614 in
681 3574 749 3615 casu
763 3557 888 3616 adulterii
907 3559 942 3616 sit
1013 3581 1077 3635 pepp
1088 3585 1122 3635 ,p
1135 3595 1244 3649 pem„
1256 3584 1337 3633 bonae
1348 3580 1429 3631 fam„
1440 3589 1468 3631 e,
1480 3579 1529 3632 pp,
1540 3579 1680 3646 digna,sed
1692 3581 1778 3644 ,equp

139 3647 310 3720 privilegium
324 3647 487 3718 innocentis,
500 3654 532 3704 ut
545 3664 599 3704 non
612 3643 749 3721 obligetur
761 3648 877 3706 reddere
894 3647 967 3709 de-‚·
1012 3654 1081 3704 nitur
1095 3661 1140 3704 sut
1153 3654 1266 3705 ostensio
1278 3651 1409 3715 privilegii
1421 3651 1463 3700 vel
1475 3651 1526 3701 alia
1538 3653 1666 3716 probatio.

140 3737 229 3793 bitum
242 3735 368 3792 adultero
385 3737 495 3807 petenti,
512 3737 602 3808 posito
616 3735 663 3793 tali
677 3736 815 3810 privilegio
827 3738 858 3794 fit
870 3737 941 3794 licite

141 3826 299 3903 observatio
311 3825 367 3882 voti
381 3827 524 3897 castitatis,
536 3832 565 3883 et
575 3825 635 3883 ideo
646 3826 749 3900 obligat
762 3834 941 3900 praeceptum
1020 3831 1044 3884 t.
1055 3813 1198 3899 Explicata
1207 3824 1309 3880 virtute
1320 3822 1416 3895 agendi
1430 3821 1570 3896 privilegii,
1582 3827 1692 3894 oportet
1702 3821 1773 3880 duas

141 3914 269 3973 servandi
283 3922 389 3986 votum,
404 3921 436 3973 ut
450 3915 551 3987 optime
564 3915 661 3974 docuit
673 3918 789 3974 Saucius
804 3916 851 3975 lib.
861 3922 889 3977 9.
905 3917 939 3975 de
974 3903 1198 3976 circumstantias
1210 3912 1245 3969 ad
1258 3911 1425 3984 operandum
1439 3913 1610 3969 necessarias
1624 3926 1772 3984 exponere,
1782 3923 1792 3976 ·,

143 4005 302 4062 matrimon.
314 4004 385 4076 disp.
401 4010 428 4076 6,
444 4019 522 4061 num.
538 4007 581 4062 ta.
975 4008 1082 4065 scilicet
1094 4011 1203 4077 tempus
1216 4009 1245 4060 et
1258 4001 1366 4072 locum3
1388 4002 1462 4058 etde
1476 4001 1528 4057 hac
1542 4001 1687 4072 posteriori
1701 3999 1776 4057 dice·
1809 4061 1811 4068 ,

183 4101 210 4153 8.
226 4096 266 4152 llx
280 4093 320 4151 lris
339 4100 431 4150 autem
444 4094 525 4151 facile
538 4103 581 4152 est
601 4095 718 4168 probare
733 4097 859 4155 ultimam
880 4111 942 4170 par·
976 4114 1039 4156 mus
1054 4097 1078 4153 in
1095 4093 1219 4168 sequenti
1232 4093 1333 4164 capite,
1350 4091 1383 4148 de
1398 4091 1482 4163 priori
1498 4093 1525 4146 in
1541 4092 1688 4162 praesenti.
1701 4088 1776 4148 Solet

141 4193 199 4243 tem
214 4183 380 4241 assertionis.
397 4185 464 4240 Nem
478 4185 505 4241 in
524 4185 605 4259 priori
619 4201 687 4244 castr
701 4187 830 4260 obligatio
846 4189 940 4246 utendi
976 4195 1069 4246 autem
1084 4186 1126 4242 lex
1139 4197 1268 4240 exercere
1284 4184 1336 4236 vim
1352 4191 1431 4239 suam
1445 4196 1461 4236 a
1479 4185 1601 4252 ternpore
1616 4177 1775 4252 promulga-

143 4274 286 4348 privilagio
300 4279 343 4330 est
362 4274 466 4331 ratione
480 4263 571 4333 totius
584 4279 805 4350 communitatis,
828 4285 940 4351 propter
976 4279 1056 4334 tionis
1071 4278 1297 4342 consummatae,
1311 4276 1340 4327 et
1353 4286 1407 4327 non
1420 4275 1514 4340 antea,
1528 4276 1558 4326 et
1576 4277 1718 4340 praeterea
1732 4283 1776 4324 re·

143 4366 226 4422 ouius
239 4378 385 4420 commune
398 4364 500 4421 bonum
515 4381 679 4424 concessam
694 4374 736 4423 est
754 4367 937 4442 privilegium3
976 4367 1061 4441 quirit
1083 4363 1223 4432 notitiem,
1248 4359 1291 4418 vel
1316 4361 1412 4416 saltem
1439 4361 1590 4417 carentiam
1617 4357 1777 4415 invincibilis

141 4458 171 4510 et
195 4455 232 4509 ita
255 4467 310 4508 non
337 4457 393 4508 tarn
415 4453 524 4526 cogitur
549 4455 610 4528 quis
634 4447 745 4513 servare
767 4457 940 4530 privilegium
976 4453 1154 4528 ignorantiae,
1166 4456 1198 4507 ut
1211 4465 1277 4507 cum
1288 4449 1390 4506 ellectu
1400 4449 1512 4522 obliget3
1523 4454 1550 4505 et
1561 4447 1621 4504 ideo
1632 4447 1713 4504 simul
1729 4446 1778 4503 de·

143 4559 240 4613 suum,
255 4555 338 4616 quarn
352 4556 461 4599 servare
474 4544 643 4618 privilegium
659 4547 873 4616 communitatis,
890 4561 939 4604 seu
977 4542 1137 4602 stutendum
1150 4541 1217 4613 erit,
1233 4539 1375 4614 quomodo
1389 4539 1457 4596 baec
1472 4538 1506 4596 ad
1522 4539 1651 4597 etlectum
1669 4537 1776 4610 privile·
1856 4568 1859 4577 ·

143 4649 199 4689 non
215 4629 321 4688 laedere
334 4629 423 4702 illam,
443 4639 525 4703 prout
538 4635 659 4708 graviter
672 4632 872 4706 offenderetur,
894 4650 940 4692 ce·
976 4634 1011 4708 gii
1026 4632 1217 4705 requirantur,
1233 4628 1285 4685 hae
1303 4629 1376 4684 enim
1390 4627 1423 4684 ds
1433 4643 1545 4700 causa,
1562 4634 1594 4685 ut
1608 4643 1693 4700 supra
1707 4627 1775 4698 dixi,

142 4721 233 4779 dendo
254 4719 404 4794 privilegio.
422 4721 582 4781 Declaratur
602 4740 618 4780 a
637 4723 726 4781 simili.
743 4725 810 4782 Nam
830 4739 943 4797 praece·
976 4720 1189 4796 disputationem
1203 4718 1237 4776 de
1258 4717 1496 4795 promulgatione,
1517 4733 1588 4791 quae
1601 4715 1634 4774 sd
1656 4717 1775 4774 lormam

86 4855 95 4866 .
143 4819 223 4885 ptum
242 4809 328 4866 latum
352 4825 369 4865 a
391 4811 518 4882 Capitulo
541 4811 641 4886 obliget
660 4811 784 4886 singulos
809 4815 841 4873 de
864 4815 941 4888 Capi·
978 4812 1114 4888 pertinere
1128 4808 1286 4880 videbatur,
1303 4807 1328 4865 iu
1341 4808 1416 4865 hanc
1432 4807 1524 4865 locum
1543 4808 1690 4864 reservavi.
1708 4805 1777 4873 Quia

145 4902 223 4970 tulo,
245 4899 359 4974 ideoque
373 4899 541 4974 quicumque
555 4902 666 4958 illorum
682 4918 764 4975 agens
777 4911 875 4961 contra
888 4904 942 4965 tale
977 4918 1044 4960 vero
1064 4899 1151 4958 multa
1165 4900 1192 4956 in
1212 4898 1292 4956 titulo
1313 4897 1602 4970 comprehenduntur,
1623 4910 1694 4969 quae
1709 4894 1778 4951 indi·

144 4994 341 5064 praeceptum,
368 4995 487 5062 peccat,
511 5007 567 5048 non
588 4993 653 5064 quio
677 4992 731 5066 agit
750 4999 845 5052 contre
866 5009 943 5066 prae·
978 4993 1077 5051 stincte
1098 4991 1209 5049 tractari
1224 4989 1327 5061 solent3
1350 4987 1409 5045 ideo
1423 5001 1522 5060 operae
1536 4985 1656 5058 pretium
1668 4985 1722 5041 erit
1737 4983 1778 5040 di-

143 5085 258 5152 ceptum
282 5093 382 5148 suum,
404 5077 451 5134 sed
474 5081 538 5152 quia
561 5083 618 5154 egit
641 5087 739 5140 cootra
762 5091 943 5156 praeceptum
978 5085 1122 5157 stinguere
1135 5079 1272 5154 duplicem
1285 5077 1359 5136 illam
1373 5077 1612 5149 rationem,quam
1625 5076 1652 5130 iu
1668 5073 1775 5146 privile·

144 5169 360 5228 communitatis.
374 5168 413 5225 lta
423 5183 488 5243 crgo
500 5169 667 5246 privilegium
678 5173 866 5232 communitati
878 5190 945 5232 con·
977 5174 1023 5248 gio
1034 5186 1114 5244 scepe
1124 5169 1308 5241 distinximus,
1320 5167 1427 5225 scilicet
1437 5165 1562 5238 specialis
1576 5162 1776 5235 concessionis,

146 5273 259 5318 cessum
273 5257 373 5319 intuitu
388 5256 460 5317 iltius
474 5260 671 5343 principaliter,
683 5262 888 5332 commtuitstis
901 5271 945 5329 est
979 5269 1008 5324 et
1022 5262 1108 5337 logis,
1123 5259 1256 5338 priusque
1270 5258 1394 5324 decenus
1408 5257 1442 5316 de
1456 5255 1518 5332 illo,
1532 5261 1566 5314 ut
1578 5253 1621 5318 lex
1633 5259 1693 5329 est,
1707 5269 1777 5330 quo·

1260 2695 1489 2760 sannarinm
1522 2675 1526 2684 ’
