4260 6222
391 368 455 432 436
1094 381 1194 436 sinna
1209 384 1283 434 ιιιι.

349 527 382 568 ex
397 511 454 568 aliis
469 509 589 580 duobug
603 477 726 568 secunda
740 525 805 568 vero
818 510 853 568 ad
868 511 980 568 lactum·
987 516 1104 582 spectat,
1118 509 1149 565 ll·
1184 509 1306 566 sumitur
1319 523 1352 568 ιι
1367 510 1385 568 Ι.
1398 511 1474 570 iaec
1487 517 1598 583 autem,
1613 519 1696 589 gaon
1709 512 1837 588 desem
1855 516 1891 573 lbi
1904 513 1980 572 debet

349 602 396 659 lud
411 609 501 659 autem
516 603 597 656 etlam
613 601 711 672 pendet
725 617 758 658 ex
775 601 870 658 ultimo
886 600 1026 672 membro3
1049 615 1111 656 nem
1127 599 1149 656 si
1186 605 1323 657 constare
1337 603 1491 671 Praetori,
1511 604 1676 677 li.quib.ex
1691 608 1810 664 causis
1830 621 1946 679 possess.
1957 613 1982 664 et

348 691 393 749 ille
407 690 506 750 modus
518 689 686 746 concedendi
701 690 871 762 priuilegium
888 689 1024 747 moraliter
1035 705 1088 746 non
1103 703 1150 745 ex·
1185 687 1268 745 tradit
1281 690 1353 746 liert.
1371 691 1396 747 in
1411 690 1430 747 Ι.
1445 691 1582 760 mabam,
1601 693 1627 750 u.
1641 693 1674 752 de
1688 695 1793 752 condit.
1808 701 1836 751 et
1850 696 1979 752 demonst.

349 780 433 852 pedit,
448 779 571 852 prolecto
587 779 771 837 admittendus
786 796 840 836 non
862 779 944 837 estin
961 780 1054 853 aliquo
1068 780 1150 852 privi·
1186 793 1214 836 u.
1227 783 1256 844 2,
1272 786 1301 836 et
1315 781 1340 835 ln
1357 779 1375 836 l.
1388 781 1567 852 barbarias,
1585 783 1613 841 u.
1625 783 1658 840 de
1672 784 1747 841 cille.
1769 787 1892 841 Praetor.
1906 785 1930 840 in
1944 801 1982 842 re·

348 871 429 946 legio,
442 859 491 926 uisi
505 870 587 927 verba
598 871 707 927 omuino
722 877 834 942 cogant,
847 871 882 927 ita
894 875 925 926 ut
940 867 1023 927 alium
1038 884 1149 926 sensum
1185 871 1241 939 pet.
1256 871 1424 941 u.18,quae
1439 872 1531 942 potius
1544 879 1586 930 est
1599 872 1684 944 Baldi,
1698 873 1761 930 ibid.
1776 873 1841 930 lect.
1854 879 1883 945 2,
1900 890 1927 929 ιι.
1938 877 1981 944 tt,

349 961 448 1017 habere
459 975 512 1016 non
525 961 641 1031 posslut3
654 960 695 1016 ιιι
706 967 797 1017 autem
810 959 965 1016 ostenditur
977 957 1150 1031 privilegium
1185 963 1214 1016 et
1226 961 1274 1027 28,
1288 964 1316 1014 et
1330 960 1416 1016 Fellu.
1425 960 1451 1016 in
1470 975 1495 1016 c.
1505 961 1651 1029 Ecclesia,
1667 962 1750 1018 verbo
1761 960 1883 1022 deamo,
1902 978 1928 1018 n.
1942 966 1981 1021 tt.

349 1049 451 1107 babens
462 1048 526 1106 talla
539 1048 632 1119 verba,
642 1055 670 1106 et
683 1064 738 1105 non
750 1047 887 1106 affirmare
903 1043 1064 1121 possumus,
1080 1063 1150 1104 nuu·
1186 1046 1219 1103 da
1233 1049 1379 1118 constitut.
1393 1049 1439 1106 ubi
1454 1049 1549 1122 plures
1563 1051 1673 1125 allegat,
1685 1057 1714 1108 et
1727 1051 1793 1108 alios
1807 1050 1891 1108 relert
1908 1051 1982 1107 Vaut.

348 1156 431 1214 quam
446 1139 557 1210 vidisse,
572 1137 679 1196 etiamsi
694 1137 781 1196 multa
796 1138 959 1208 viderimus,
973 1144 1001 1194 et
1015 1144 1091 1194 certe
1109 1143 1151 1194 tot
1185 1141 1268 1194 tract.
1281 1136 1316 1194 de
1337 1137 1427 1196 nulllt.
1440 1140 1483 1197 ιιι.
1495 1141 1529 1199 de
1543 1141 1633 1198 nuliit.
1646 1157 1679 1198 es
1700 1140 1808 1198 delectu
1824 1143 1878 1196 iur.
1899 1157 1926 1197 n.
1941 1147 1983 1214 53,

348 1239 489 1302 auctores,
504 1228 551 1303 qui
566 1235 663 1302 negant
677 1229 747 1285 banc
762 1227 914 1286 efficaciam
929 1225 1090 1300 privilegiis,
1107 1242 1150 1282 sa·
1185 1232 1213 1284 et
1229 1229 1293 1300 tet,
1309 1229 1391 1285 Sanc.
1405 1229 1453 1287 llb.
1466 1233 1493 1287 e.
1510 1229 1543 1288 de
1558 1233 1678 1288 matrim.
1692 1230 1761 1303 disp.
1777 1234 1824 1300 36,
1842 1246 1869 1286 n.
1883 1237 1909 1289 ιι
1924 1246 1984 1304 ergo

348 1322 383 1379 tis
408 1319 577 1394 significant,
604 1316 767 1391 regulariter
790 1333 844 1373 non
874 1315 972 1374 vidisse
1000 1315 1149 1389 privilegia,
1186 1316 1275 1372 siboc
1295 1317 1461 1390 principium
1480 1322 1602 1378 eburnia
1622 1321 1875 1393 loropoenitentlae
1900 1319 1985 1378 locum

349 1425 420 1482 qliae
441 1408 572 1465 baberent
584 1407 668 1468 verba
688 1407 867 1480 significantia
881 1406 961 1463 talem
983 1406 1150 1463 voluntatem
1186 1403 1285 1474 habet,
1304 1406 1363 1462 talis
1382 1407 1521 1466 absolutio
1534 1425 1590 1466 uon
1609 1410 1661 1466 erit
1675 1410 1772 1467 cattus.
1792 1409 1905 1481 Erltque
1923 1411 1986 1466 ratio
2099 1453 2100 1462 ,

350 1499 544 1567 concedentls3
565 1513 631 1571 ergo
651 1498 748 1554 merito
770 1496 861 1554 dicere
881 1512 1048 1569 possumus,
1069 1496 1150 1553 verba
1187 1494 1323 1565 specialis.
1338 1497 1455 1568 quidest
1469 1497 1639 1570 privilegium
1651 1498 1806 1556 concedens
1826 1497 1987 1555 iurisdictio·
2099 1535 2100 1542 ι

349 1588 552 1662 privilegiorum
563 1585 788 1659 regulariterboe
799 1600 852 1641 nou
863 1583 1072 1642 ludlcsrs.Haec
1084 1599 1150 1642 vero
1185 1597 1247 1638 nem
1262 1599 1311 1654 pro
1331 1590 1385 1641 tota
1400 1586 1545 1660 religione,
1559 1594 1589 1644 et
1602 1604 1655 1644 non
1669 1587 1716 1644 dat
1728 1586 1799 1644 illam
1814 1628 1822 1659 ‚
1840 1601 1893 1644 uec
1908 1588 1986 1659 appii·

352 1694 414 1751 pars
436 1675 516 1734 simul
537 1691 601 1732 eum
623 1675 704 1732 tertia
725 1675 822 1732 melitis
842 1675 1019 1745 ostendetur,
1043 1675 1152 1732 discur-
1187 1678 1268 1730 catur
1281 1674 1440 1745 particulari
1455 1677 1659 1749 personae,nisi
1673 1678 1770 1735 scienti
1781 1683 1809 1733 et
1823 1680 1983 1749 acceptasti.

353 1766 437 1824 sendo
453 1781 502 1840 per
516 1765 654 1838 privilegia
668 1765 743 1822 iuxta
757 1763 938 1836 particulares
952 1763 1095 1836 opiniones
1109 1778 1151 1820 re·
1186 1761 1264 1830 Quod
1282 1762 1393 1836 quidem
1408 1765 1679 1836 maximeproeedet‚
1696 1767 1719 1824 sl
1741 1765 1784 1822 ilie
1803 1766 1985 1837 absolvatpu-
2098 1795 2100 1802 ,

352 1859 461 1916 citatas.
1188 1858 1260 1920 ιιιι,
1272 1867 1366 1908 senon
1378 1851 1478 1911 babere
1493 1855 1717 1926 iurisdictionem,
1729 1856 1794 1929 quia
1808 1864 1877 1913 tunc
1889 1855 1929 1912 ιιι
1943 1873 1985 1926 po·

395 1953 438 2008 ts.
451 1947 487 2003 Et
499 1948 586 2018 primo
597 1946 673 2001 circa
687 1943 859 2016 privilegium
870 1958 1035 2001 concessum
1051 1959 1101 2017 per
1113 1944 1151 2000 le·
1189 1946 1244 1996 test
1258 1939 1357 1998 habere
1378 1941 1553 2000 intentionem
1568 1943 1737 2002 absolvendi.
1750 1947 1777 2002 Si
1797 1953 1891 2002 autem
1905 1945 1986 2002 absol·
2098 1919 2100 1988 ἶ

352 2053 414 2112 gem
431 2036 473 2093 vel
488 2033 760 2104 statuunculam,
777 2033 810 2090 ad
824 2034 953 2091 effectum
969 2033 1029 2092 talis
1045 2035 1152 2106 privile·
1188 2035 1236 2086 ιιι
1248 2030 1417 2103 existimans,
1432 2047 1461 2088 se
1475 2031 1574 2089 habere
1588 2032 1816 2104 iurisdictionem,
1835 2049 1889 2089 non
1904 2041 1986 2090 amen

339 2173 343 2180 .
352 2130 388 2202 gli
405 2127 431 2182 iu
446 2124 541 2197 primis
555 2123 741 2180 necessarium
755 2137 826 2193 esse,
843 2129 874 2178 ut
888 2122 948 2179 talis
963 2123 1005 2179 lex
1020 2125 1055 2180 sit
1075 2123 1153 2180 sulii·
1188 2133 1221 2175 ex
1236 2119 1393 2192 privilegio,
1410 2120 1457 2177 sed
1471 2137 1504 2179 ex
1519 2122 1571 2179 alio
1586 2138 1694 2194 errore,
1713 2130 1743 2180 ut
1756 2124 1821 2197 qula
1839 2131 1933 2195 putat,
1947 2139 1988 2180 ca·
2099 2101 2100 2124 ¹

352 2220 459 2275 cientes
474 2213 657 2288 promulgata,
669 2213 744 2269 iuxta
756 2212 829 2270 dieta
840 2215 865 2268 ln
882 2213 963 2283 priori
975 2219 1052 2284 parte
1068 2213 1152 2268 huius
1189 2223 1251 2264 sum
1263 2224 1315 2266 non
1326 2205 1388 2266 esse
1402 2221 1586 2284 reservatum,
1599 2211 1641 2269 vel
1657 2211 1721 2286 quid
1736 2213 1835 2284 simila
1848 2222 1917 2272 tunc
1932 2229 1986 2286 prc-

353 2307 460 2379 capitls3
476 2306 539 2378 qula
553 2305 613 2361 talis
626 2303 680 2376 lex,
692 2310 720 2360 et
732 2303 903 2378 privilegium
916 2304 974 2360 eitra
987 2304 1013 2360 in
1028 2318 1153 2360 commu·
1189 2299 1276 2356 babile
1289 2307 1341 2371 est,
1354 2301 1554 2359 absolutionem
1565 2319 1625 2360 esse
1640 2303 1766 2374 validam,
1778 2311 1806 2360 et
1819 2319 1848 2377 re
1872 2319 1934 2360 vera
1947 2304 1987 2360 ba·

352 2399 396 2466 nl,
418 2401 445 2453 et
467 2410 516 2465 pro
531 2394 624 2467 aliqua
638 2395 835 2450 communitate
850 2393 913 2449 terri
933 2393 1030 2466 debet,
1053 2391 1154 2466 alloqui
1189 2389 1253 2444 bere
1269 2389 1440 2463 privilegium
1453 2398 1482 2448 et
1500 2391 1729 2464 iurisdictionem,
1746 2393 1874 2466 quamvis
1890 2395 1988 2478 ignoret

353 2503 406 2543 non
423 2485 509 2556 magis
524 2483 576 2539 erit
590 2482 647 2552 lex,
670 2497 754 2557 quam
768 2489 861 2540 cetera
882 2484 989 2554 privata
1002 2482 1152 2554 privilegia:
1189 2479 1216 2534 ln
1239 2479 1416 2550 particulari,
1438 2481 1501 2553 quin
1527 2481 1695 2539 voluntatem
1722 2483 1880 2555 generalem
1901 2483 1988 2541 habuit

352 2576 395 2632 les
410 2579 500 2631 autem
522 2572 688 2642 communis,
704 2576 732 2628 et
751 2571 913 2645 generaliter
934 2571 987 2628 lata
1007 2579 1069 2628 aute
1090 2587 1154 2643 pro·
1189 2565 1335 2640 garriendi,
1346 2575 1374 2625 et
1384 2569 1478 2626 utendi
1490 2571 1635 2644 privilegiis
1646 2571 1764 2642 Ordinis,
1777 2580 1804 2628 et
1821 2572 1986 2630 voluntatem

354 2663 548 2738 muigationem
563 2660 685 2717 nondum
698 2667 741 2716 est
756 2675 818 2717 vera
835 2659 893 2733 lex,
909 2668 938 2718 et
951 2667 1154 2736 consequenter
1188 2658 1269 2714 etiam
1281 2657 1363 2714 habet
1372 2658 1541 2732 absolvenda
1553 2668 1581 2718 et
1593 2661 1744 2733 ignorantia
1757 2663 1987 2736 privilegilester·

353 2754 459 2812 nultum
473 2752 600 2809 ellectum
617 2751 697 2824 legis,
711 2752 792 2807 etlam
807 2751 1034 2824 privilegiativum
1052 2752 1154 2808 babere
1189 2762 1236 2804 ror
1249 2746 1326 2803 valde
1341 2748 1472 2819 privatus,
1485 2751 1532 2822 qul
1547 2766 1599 2806 uon
1616 2750 1738 2811 excludit
1748 2751 1931 2824 privilegium,
1942 2770 1986 2808 nec

353 2849 455 2918 potest.
471 2840 546 2899 Unde
561 2841 641 2897 etiam
656 2841 678 2896 sl
693 2845 754 2896 ante
768 2840 1018 2914 promulgationem
1041 2840 1155 2900 haberet
1188 2835 1343 2908 generalem
1361 2838 1680 2912 intentionemdccedit,
1692 2839 1767 2913 quod
1782 2842 1946 2914 principium
1961 2843 1987 2898 ll·

354 2935 416 3008 qttis
430 2931 552 2988 notitiam
567 2930 626 2987 talis
638 2928 752 3002 legis,et
764 2930 892 2986 ellectum
904 2929 1152 3004 eiusdeslderaret‚
1189 2926 1236 2982 lud
1252 2927 1411 2985 iuristarum
1426 2928 1508 2986 habet
1522 2929 1614 2988 locum
1630 2930 1654 2986 iu
1676 2930 1865 2989 iurisdictione
1884 2941 1988 2988 conbu-

353 3039 407 3079 uon
421 3027 514 3094 posset
524 3020 568 3076 iilo
582 3018 712 3092 gaudere.
723 3021 805 3076 Facta
816 3027 907 3077 autem
923 3019 1152 3092 promulgatione,
1190 3017 1271 3088 tissa,
1289 3033 1341 3074 non
1357 3033 1423 3074 sero
1438 3020 1463 3075 in
1477 3019 1664 3078 iurisdictione
1679 3021 1851 3090 voluntarla,
1871 3030 1900 3079 ut
1915 3022 1988 3078 tradit

353 3114 404 3169 lam
416 3110 498 3167 datur
510 3109 602 3165 notitia
614 3108 724 3179 publica
736 3108 1153 3182 legis,etconsequenteretiam
1188 3103 1263 3162 Bald.
1277 3105 1302 3161 ln
1323 3105 1454 3164 lutbent.
1472 3109 1584 3174 Matri,
1602 3110 1668 3166 Cod.
1686 3111 1796 3183 quaudo
1818 3111 1917 3168 mulier
1939 3119 1984 3168 tut.

352 3199 495 3276 privilegii,
509 3205 536 3256 et
548 3197 669 3254 similiter
679 3205 722 3254 est
732 3199 884 3270 acceptatio
896 3199 1051 3255 communis
1063 3207 1090 3256 et
1104 3217 1156 3272 pu·
1188 3201 1245 3250 elc-
1261 3200 1288 3250 et
1308 3195 1434 3267 sequitur
1449 3197 1533 3253 Folia.
1546 3213 1631 3268 supra
1644 3200 1669 3254 ln
1685 3199 1754 3269 ilus,
1770 3206 1799 3255 et
1811 3199 1901 3258 schol.
1918 3203 1985 3257 Ιιιιι.

353 3292 440 3362 blica,
460 3287 584 3359 seipso,
600 3287 675 3359 quod
689 3301 737 3359 per
758 3290 843 3344 totam
858 3289 1084 3345 communitatem
1100 3304 1154 3345 nou
1189 3283 1235 3340 ubi
1251 3285 1613 3356 suprasimiiiterciericus
1628 3289 1794 3363 coniugatus
1805 3287 1911 3346 habens
1928 3307 1987 3347 cou-

353 3386 397 3436 est
410 3378 518 3452 publice
531 3381 563 3433 et
579 3375 750 3433 sufficienter
763 3376 955 3432 renunciatum
977 3376 1032 3449 legi
1046 3392 1078 3433 ac
1099 3377 1154 3448 pri·
1188 3372 1332 3430 ditionesa
1346 3367 1407 3431 lure
1421 3376 1578 3448 requisitas,
1593 3391 1655 3432 rere
1666 3377 1766 3449 garriet
1776 3378 1984 3452 privilegiatori,

352 3468 459 3542 vilegio‚
476 3474 507 3523 ut
520 3481 594 3522 nune
609 3467 800 3538 supponimus.
817 3466 889 3537 Ergo
905 3465 956 3522 iam
973 3466 1027 3522 tale
1043 3465 1152 3537 privile·
1190 3461 1253 3518 licet
1264 3461 1331 3518 illud
1343 3464 1460 3536 ignoret,
1474 3479 1526 3518 non
1542 3466 1721 3522 excusabitur
1735 3473 1827 3522 nutem
1839 3483 1856 3524 a
1866 3478 1985 3539 peccato,

353 3561 428 3634 glum
445 3571 498 3612 nou
514 3553 595 3611 babet
608 3569 690 3610 suurn
705 3555 832 3611 ellectum
848 3555 904 3610 sine
919 3555 1012 3611 notitia
1026 3562 1055 3610 et
1073 3570 1154 3612 acce·
1189 3567 1241 3607 uon
1258 3551 1407 3609 obediendo
1422 3552 1504 3609 iudici
1519 3552 1665 3624 saeculari,
1680 3562 1708 3611 et
1722 3572 1754 3612 cx
1770 3557 1939 3613 conscientia
1949 3573 1986 3611 er-

354 3649 474 3722 ptatione
486 3661 534 3717 per
548 3659 577 3701 se
591 3647 736 3718 requisita,
750 3651 781 3700 ut
791 3644 830 3700 slc
845 3642 1009 3702 dicam.Per
1024 3643 1154 3700 accidens
1189 3655 1270 3696 ronea
1291 3640 1444 3698 resistendo
1465 3641 1518 3710 lttl,
1540 3657 1606 3698 eum
1625 3641 1654 3698 ld
1675 3643 1763 3700 iacere
1778 3661 1831 3701 non
1856 3647 1940 3718 possit
1952 3647 1986 3701 in·

354 3743 445 3794 autem
466 3735 622 3806 contingere
637 3739 742 3806 potest,
758 3739 791 3790 ut
811 3733 916 3804 privata
933 3749 1064 3805 persona,
1081 3749 1152 3806 quae
1189 3729 1259 3786 tulta
1280 3729 1425 3804 privilegii,
1442 3746 1505 3787 cum
1528 3729 1595 3788 illud
1614 3733 1731 3804 ignoret.
1747 3733 1782 3789 Et
1800 3733 1853 3791 alin
1869 3736 1985 3807 exempla

354 3829 389 3883 sit
402 3841 464 3897 pars
478 3823 694 3892 communitatis,
710 3822 755 3880 cui
770 3837 819 3895 per
833 3839 863 3879 se
878 3824 965 3894 primo
980 3823 1153 3896 privilegium
1190 3819 1215 3874 in
1232 3819 1275 3876 bis
1288 3819 1462 3894 generalibus
1477 3821 1623 3892 privilegiis
1638 3821 1728 3880 lacilia
1743 3829 1817 3879 sunt.

354 3913 528 3984 conceditur,
541 3913 647 3984 ignoret
657 3911 733 3980 titud,
747 3919 778 3968 ut
792 3927 872 3984 saepe
883 3913 1043 3985 contingere
1058 3919 1151 3984 potest
1232 3915 1275 3968 lb.
1289 3911 1319 3968 ln
1332 3909 1438 3981 legibus
1453 3918 1544 3968 autem
1560 3910 1773 3968 concedentibus
1789 3912 1928 3988 privilegia
1941 3929 1984 3984 per

354 4007 379 4062 in
394 4004 542 4075 religiosis3
558 4006 586 4058 et
600 4008 666 4057 tunc
684 4016 780 4057 serum
794 4008 851 4072 est,
867 4003 1046 4074 ignorantiam
1061 4017 1110 4074 per
1125 4018 1154 4060 se
1189 3998 1301 4056 modum
1316 3999 1426 4071 praemii
1441 4000 1532 4070 operis
1547 3999 1587 4056 rei
1605 3999 1706 4058 laboris
1721 4001 1870 4076 subeundi,
1886 4002 1919 4065 de
1932 4004 1985 4075 qui·

354 4110 408 4150 nou
425 4091 555 4163 impedire
576 4090 705 4147 ellectum
720 4091 866 4164 privilegii,
880 4093 943 4166 qula
962 4094 1014 4150 lam
1030 4092 1097 4148 iliud
1112 4100 1154 4150 est
1189 4091 1241 4148 bus
1251 4091 1324 4146 Bnrt.
1334 4097 1362 4146 et
1376 4090 1453 4147 tertia
1465 4091 1555 4161 opinio
1570 4091 1724 4161 specialiter
1734 4089 1899 4164 loquuntur,
1911 4108 1985 4164 opor·

354 4185 546 4250 acceptatum,
562 4185 594 4235 ut
607 4195 660 4234 non
677 4177 773 4249 pendet
787 4195 819 4236 ex
841 4181 943 4252 privata
959 4183 1052 4238 notitia
1072 4183 1155 4255 purti-
1191 4186 1231 4236 tet
1246 4177 1401 4246 advertere,
1418 4179 1442 4234 iu
1459 4179 1552 4249 primis
1568 4179 1754 4236 necessarlum
1768 4195 1849 4251 esse,
1866 4189 1897 4238 ut
1909 4180 1985 4238 verbs
2096 4245 2097 4256 χ

355 4271 457 4329 calaris
471 4282 611 4340 personae.
628 4268 694 4324 iiico
715 4274 823 4340 ιιιιιιιι,
840 4285 887 4340 [ιιι
902 4285 930 4326 se
950 4286 1003 4326 non
1025 4271 1154 4344 impedire
1189 4267 1321 4340 privilegii
1337 4269 1494 4324 contineant
1512 4266 1685 4324 donationem
1701 4270 1760 4340 ipso
1781 4269 1874 4340 lacto,
1890 4277 1917 4326 et
1936 4286 1982 4324 non

354 4361 493 4428 ellectum,
506 4359 571 4429 qula
585 4371 634 4428 per
647 4356 774 4413 accidens
789 4363 878 4429 potest
894 4359 1024 4432 impedire
1039 4361 1152 4435 aliquid,
1189 4366 1293 4416 tentum
1310 4357 1516 4428 promissionem
1530 4357 1563 4412 de
1578 4355 1683 4414 luturo.
1699 4359 1767 4425 Quia
1781 4359 1850 4414 alias
1868 4359 1984 4432 impossi-

354 4447 429 4524 quod
443 4446 588 4518 pendetex
603 4447 769 4502 conscientia
785 4448 984 4518 operantisbt,
998 4465 1059 4523 v.g.
1072 4451 1094 4506 si
1109 4465 1153 4528 re·
1188 4449 1240 4506 bile
1254 4455 1310 4516 est,
1334 4455 1366 4504 ut
1385 4447 1555 4519 privilegium
1574 4448 1666 4504 statim
1681 4447 1716 4504 sit
1735 4461 1901 4504 concessum
1916 4449 1983 4521 iguo·

355 4542 468 4612 ilglosus
485 4535 583 4592 naseu
597 4536 768 4609 privilegium
779 4553 846 4594 snae
857 4536 978 4610 religioni
989 4553 1153 4596 concessum
1190 4539 1273 4608 canti,
1291 4535 1338 4593 sed
1355 4536 1388 4593 ad
1403 4551 1542 4592 summum
1557 4537 1598 4592 vei
1615 4539 1721 4592 orietur
1735 4536 1864 4608 obligatio
1879 4538 1903 4594 iu
1918 4540 1983 4610 priu-

354 4630 388 4686 ad
408 4623 605 4683 absolvendum
624 4625 657 4682 ab
675 4626 766 4697 aliquo
780 4641 848 4683 casu
862 4633 1016 4698 reservato,
1036 4635 1064 4684 et
1079 4628 1153 4700 iguo·
1187 4629 1248 4699 cipe
1263 4626 1297 4683 ad
1313 4625 1480 4697 implendum
1496 4626 1678 4698 promissum,
1696 4626 1735 4683 vel
1755 4627 1880 4697 operanti
1895 4627 1983 4697 acqui·

353 4715 440 4776 raudo
456 4713 626 4787 privilegium
642 4714 764 4771 absolvat
775 4721 876 4773 amere
900 4733 915 4774 a
937 4717 981 4774 tali
999 4733 1084 4786 casu,
1100 4734 1153 4776 non
1188 4725 1265 4775 retur
1280 4717 1321 4773 ius
1335 4715 1369 4772 ad
1383 4717 1534 4785 praemium
1548 4717 1732 4787 promissum,
1749 4730 1802 4772 uon
1823 4718 1927 4774 veroin
1944 4731 1979 4771 re.

354 4809 503 4866 excusatur
524 4819 539 4859 a
557 4805 633 4875 gravi
644 4811 770 4875 peccato,
785 4805 847 4876 quia
863 4805 915 4862 boc
930 4806 1029 4878 pendet
1042 4823 1075 4864 ex
1089 4823 1154 4864 con·
1188 4807 1266 4863 Siout
1280 4806 1350 4862 euim
1365 4805 1390 4859 iu
1406 4802 1511 4876 legibus
1525 4804 1683 4875 poenalibus
1699 4820 1751 4860 non
1768 4805 1919 4861 incurritur
1933 4811 1982 4860 sta-

355 4896 482 4963 sclentia‚
497 4899 525 4948 et
539 4892 705 4949 conscientia
719 4892 818 4964 pendet
832 4909 847 4950 a
861 4896 954 4952 notitia
970 4896 1111 4969 privilegii.
1189 4899 1237 4954 tim
1254 4909 1340 4967 poena
1356 4907 1404 4965 per
1422 4892 1509 4949 solam
1524 4894 1760 4950 comminationem
1774 4895 1919 4966 imposita,
1937 4893 1981 4948 nisi

393 4988 449 5042 imo
463 4997 546 5056 grave
560 4981 673 5038 dubium
688 4989 746 5054 est,
769 4999 803 5039 an
818 4984 881 5040 talis
901 4985 1037 5044 absolutio
1052 4986 1152 5058 valeat,
1190 4987 1232 5042 les
1246 4984 1321 5040 dicat
1333 4984 1397 5056 ipso
1411 4985 1486 5049 iare,
1507 4983 1548 5039 vei
1562 4980 1735 5056 ipsosacto,·
1750 4983 1787 5038 ita
1803 4984 1926 5055 prolecto
1940 4997 1983 5038 ue-

355 5077 419 5148 quia
434 5074 509 5130 iuxta
525 5071 647 5144 regulam
662 5073 837 5138 lanistarum,
853 5075 984 5146 quamdiu
1000 5077 1061 5148 quis
1077 5077 1154 5149 igno·
1188 5073 1309 5132 cessario
1321 5071 1469 5128 dicendum
1480 5080 1524 5128 est
1538 5073 1565 5128 in
1580 5073 1785 5144 praemialiam
1798 5072 1862 5131 licet
1876 5074 1980 5130 lavores

354 5171 398 5222 rat
416 5161 632 5220 iurisdictionem
652 5177 682 5218 se
702 5161 817 5234 bebere,
834 5179 886 5219 uon
906 5164 977 5221 velet
994 5164 1068 5238 quod
1084 5167 1151 5239 aglt3
1187 5163 1272 5237 magis
1283 5159 1426 5233 ampliandi
1436 5161 1499 5232 siut,
1512 5177 1564 5218 uon
1578 5169 1665 5218 tamen
1679 5162 1749 5219 ultra
1758 5163 1811 5219 vim
1824 5165 1977 5232 verborum

354 5269 417 5314 nam
432 5268 499 5310 usus
511 5249 705 5310 iurisdictionis
720 5267 774 5310 uon
789 5252 952 5310 conceditur
966 5253 1109 5326 ignoranti,
1123 5261 1153 5312 ut
1187 5253 1270 5312 verba
1284 5257 1375 5312 autem
1389 5251 1549 5325 promissiva
1563 5266 1616 5310 non
1631 5252 1786 5327 significant
1799 5251 1977 5322 donatorem,
