4260 6222
864 387 969 438 meur
984 389 1067 436 xxv.
1668 376 1729 438 439

132 523 177 572 ter
190 515 297 588 operari
311 520 402 586 potest
415 513 458 586 id,
474 513 548 588 quod
564 515 686 573 nondum
701 517 753 572 scit
767 515 818 572 sibi
832 513 931 572 liceret
969 513 1061 584 batur,
1078 512 1118 570 vel
1135 529 1150 570 a
1164 514 1278 596 paritate
1292 515 1416 586 rationis,
1429 513 1625 588 calefactioni,
1639 515 1701 588 quia
1714 531 1770 572 ma-

128 607 228 665 Dices:
246 605 349 664 sufficit
363 605 472 662 moralis
488 607 689 677 praesumptio,
704 613 733 663 ει
745 622 808 678 spes
821 604 931 676 dispen-
970 604 1010 678 gis
1025 603 1194 676 ampliandus
1208 611 1251 660 est
1266 604 1354 674 lavor,
1370 619 1453 678 quam
1467 602 1678 676 praeiudicium.
1689 607 1770 662 Ante·

129 697 256 767 sationis,
272 695 362 769 qualis
376 695 502 767 babetur,
519 695 628 768 quando
643 713 670 750 r.
687 711 715 769 g.
730 711 777 766 per
792 696 935 751 coniectu·
972 694 1073 750 cedens
1095 709 1158 750 vero
1180 695 1300 750 sumitur
1319 709 1352 750 ex
1370 709 1432 765 cap.
1454 699 1477 750 t.
1493 692 1528 750 de
1549 709 1674 750 concess.
1693 709 1771 764 prae·

130 803 179 842 raa
203 793 328 857 constat,
349 787 404 842 iam
418 801 491 842 nunc
506 800 568 842 essa
582 787 684 847 Romae
699 787 870 856 impetratam
885 797 934 852 per
973 782 1054 839 bend.
1071 784 1098 838 io
1115 789 1141 850 6,
1158 782 1202 840 ubi
1223 783 1394 856 privilegium
1416 782 1498 839 alicui
1520 798 1695 855 concessum,
1712 790 1771 839 uta

129 881 343 947 procuratorem
366 874 607 948 dispensationem.
623 874 804 946 Respondes,
826 873 935 930 omnino
972 889 1023 929 suo
1038 872 1169 945 episcopo
1184 874 1419 929 excommunicari
1433 888 1488 929 non
1503 875 1599 945 possit,
1609 873 1709 931 dicitur
1724 873 1771 930 ba·

130 966 233 1024 falsum
252 965 278 1023 id
292 981 364 1038 esse,
379 972 408 1022 et
421 971 518 1022 contra
532 963 663 1021 iudicium
679 964 802 1020 omnium
817 962 934 1033 prodeo·
972 962 1037 1020 bere
1057 963 1201 1035 ellectum,
1223 964 1303 1020 etiam
1325 965 1469 1034 ignorante
1483 963 1625 1035 episcopo,
1646 963 1710 1035 quia
1724 978 1771 1020 ex-

133 1065 207 1122 tum,
222 1073 283 1113 nam
300 1055 359 1114 talis
373 1054 502 1127 operandi
518 1055 616 1111 modos
629 1060 672 1110 εει
687 1053 794 1111 inlicitis
807 1052 936 1123 periculis
972 1053 1186 1110 communicatio
1201 1053 1234 1108 ab
1255 1052 1301 1110 illo
1315 1054 1459 1125 ignorante
1474 1050 1527 1108 lata
1542 1052 1630 1108 valida
1644 1069 1699 1108 non
1715 1059 1768 1110 est.

133 1147 289 1220 expositus,
303 1161 365 1203 nam
381 1146 558 1202 coniecturae
572 1143 632 1201 illae
644 1143 721 1200 tacite
733 1143 840 1213 tattunt,
850 1149 878 1199 et
889 1159 938 1198 ne·
970 1140 1150 1197 Nihilominus
1170 1140 1204 1197 de
1218 1142 1410 1214 *acceptatione
1425 1157 1457 1196 ex
1472 1148 1550 1213 parte
1566 1141 1704 1213 episcopi,
1720 1157 1771 1198 sau

133 1237 252 1310 gotium,
265 1235 340 1308 quod
354 1235 429 1290 brevi
444 1241 567 1306 tempore
582 1233 781 1306 expediendum
796 1232 933 1303 creditor,
971 1231 1044 1286 tertii
1059 1229 1165 1287 clarum
1180 1237 1233 1302 est,
1249 1246 1302 1286 non
1319 1244 1380 1286 esse
1394 1231 1588 1300 necessariam,
1603 1232 1666 1302 quia
1680 1229 1717 1286 illi
1733 1232 1772 1286 ni-

134 1342 185 1398 per
206 1329 367 1383 occasiones
385 1325 543 1380 innumeras
557 1323 722 1396 impeditur,
739 1321 779 1378 vel
795 1321 932 1378 differtur.
973 1319 1010 1376 bit
1025 1319 1203 1390 conceditur,
1220 1319 1267 1375 sed
1282 1321 1372 1392 potius
1387 1322 1445 1393 ipsa
1461 1323 1584 1392 privatur
1599 1319 1691 1394 aliquo
1709 1323 1770 1379 iure

134 1415 171 1472 m
185 1416 370 1486 confirmatur,
386 1429 449 1470 nam
464 1413 518 1483 lex,
532 1419 563 1469 ut
576 1415 612 1470 ita
624 1412 727 1476 dicam,
739 1419 781 1468 est
795 1412 821 1467 in
836 1409 937 1468 actuali
973 1423 1022 1480 per
1043 1417 1205 1480 potestatem
1226 1411 1396 1480 superiorem
1416 1411 1440 1464 in
1460 1408 1581 1465 savorem
1597 1408 1768 1483 privilegiati,

134 1505 307 1575 possessione
327 1518 394 1559 suaa
412 1501 598 1574 obligationis3
621 1517 687 1574 ergo
708 1516 761 1556 non
782 1505 872 1570 potest
893 1499 938 1556 illa
974 1500 1029 1554 sire
1044 1500 1207 1568 consentiat,
1221 1499 1276 1554 sire
1291 1513 1358 1554 non:
1375 1498 1409 1554 de
1424 1497 1593 1572 privilegiato
1608 1504 1698 1554 autem
1716 1505 1770 1554 sta-

133 1596 256 1665 prirari,
271 1593 360 1651 doaec
374 1598 496 1662 constet,
512 1590 674 1664 derogatum
690 1590 727 1647 illi
741 1605 801 1645 esse
819 1605 866 1660 per
881 1589 935 1646 alis·
973 1590 1019 1644 tim
1034 1588 1153 1645 dicetur.
1171 1589 1256 1660 lgitnr
1269 1586 1303 1644 de
1317 1590 1413 1644 nablia
1428 1594 1553 1660 superest
1572 1588 1769 1644 controversia.

134 1683 335 1753 pensationein,
350 1696 399 1738 seu
413 1679 586 1753 privilegium
601 1680 738 1751 principis.
971 1680 1039 1736 Nam
1056 1679 1132 1736 multi
1145 1684 1270 1751 censent,
1287 1678 1349 1735 lieet
1363 1693 1395 1734 ex
1409 1685 1486 1750 parte
1501 1677 1662 1751 privilegiati
1680 1677 1773 1734 notitia

177 1776 224 1828 23.
241 1773 334 1842 Dices,
349 1786 432 1826 usum
447 1768 522 1846 illum
537 1784 598 1826 essa
612 1768 715 1825 malum
731 1784 778 1839 per
796 1766 936 1835 accidens,
972 1768 1105 1840 privilegii
1126 1769 1161 1824 sit
1181 1769 1352 1838 necessaria,
1375 1769 1439 1840 quia
1459 1767 1503 1825 ille
1524 1767 1605 1824 debet
1627 1769 1772 1841 acquirere

134 1868 164 1918 et
177 1862 282 1917 ratione
300 1858 414 1930 periculi
437 1874 470 1915 aa
489 1859 640 1932 ignorantia
655 1857 854 1929 provenientis,
875 1871 937 1912 aem
971 1857 1159 1930 privilegium,
1181 1856 1253 1913 illam
1278 1873 1331 1912 non
1356 1858 1458 1930 requiri
1477 1857 1501 1913 in
1516 1860 1611 1930 tertio,
1637 1859 1684 1929 qni
1706 1855 1772 1914 illud

135 1951 159 2006 si
174 1965 310 2006 concessa
322 1963 419 2005 revera
436 1954 479 2005 est
490 1947 674 2020 dispensatio,
696 1953 775 2005 actos
790 1947 823 2003 de
838 1963 867 2002 se
885 1947 937 2002 iam
973 1946 1104 2002 damnum
1120 1946 1233 2017 patitur,
1246 1947 1310 2019 quia
1326 1947 1450 2019 sequitur
1466 1947 1546 2004 veluti
1560 1963 1609 2019 per
1625 1947 1772 2019 quamdam

135 2054 193 2096 non
206 2045 250 2096 est
263 2038 367 2110 malus,
387 2051 438 2093 nec
452 2044 549 2093 contra
563 2036 662 2110 legem.
679 2036 731 2093 Sed
747 2042 857 2092 contra:
875 2051 937 2091 nam
975 2035 1210 2092 consecutionem.
1226 2036 1267 2091 lta
1286 2037 1386 2112 [tectus
1404 2041 1431 2092 et
1449 2036 1557 2094 Feiinns
1571 2037 1644 2094 dicto
1659 2052 1721 2109 cap.
1744 2040 1770 2095 i.

134 2127 191 2184 hoc
210 2127 382 2200 privilegium
399 2132 428 2182 et
446 2125 608 2183 inordinatio
628 2133 693 2183 sunt
708 2126 848 2182 moraliter
867 2125 939 2181 inse·
973 2124 1006 2182 de
1020 2127 1165 2182 constitut.
1182 2131 1211 2182 ει
1224 2123 1347 2181 ldenoeb.
1364 2141 1465 2196 supra,
1488 2127 1535 2198 qui
1553 2125 1621 2181 alios
1639 2127 1770 2183 referunt.

135 2215 295 2287 parabiliaa
309 2214 354 2272 tali
365 2231 435 2286 usu3
449 2230 515 2288 ergo
527 2230 580 2270 non
595 2221 637 2271 ast
647 2214 803 2282 verisimile,
821 2213 938 2270 voluisse
972 2218 1007 2272 at
1022 2230 1088 2272 vero
1102 2215 1145 2271 alii
1160 2215 1243 2271 etiam
1257 2215 1282 2270 ιιι
1298 2215 1376 2271 ιειιιο
1390 2215 1534 2287 requirunt
1552 2217 1689 2288 notitiam,
1709 2216 1773 2288 quia

135 2307 289 2376 principem
315 2303 469 2362 concedere
493 2319 558 2362 cum
584 2304 684 2362 ellectu
710 2304 937 2376 dispensationem
973 2321 1027 2361 non
1048 2304 1156 2362 ridetur
1176 2320 1237 2360 esse
1250 2305 1363 2361 intentio
1384 2304 1512 2376 principis
1534 2305 1639 2376 privare
1654 2305 1773 2379 aliquem

137 2400 201 2449 ante
221 2395 280 2450 eius
306 2395 450 2465 notitiam,
476 2401 535 2450 tum
554 2394 618 2467 quia
639 2400 756 2451 nonest
778 2394 937 2465 verisimib,
973 2395 1032 2452 iure
1055 2410 1122 2464 suo,
1145 2393 1191 2450 illo
1212 2394 1314 2463 inscio,
1330 2394 1393 2466 quia
1409 2393 1517 2450 videtur
1532 2395 1609 2452 valde
1627 2401 1774 2452 consenta-

136 2482 208 2538 velle
223 2481 289 2539 dare
304 2484 478 2540 occasionem
493 2482 564 2540 iltius
579 2485 654 2554 pravi
671 2500 753 2556 usus;
772 2485 936 2555 tumeliam,
974 2501 1056 2541 neum
1081 2484 1197 2554 rationi,
1221 2490 1251 2540 ut
1276 2482 1312 2539 illi
1323 2477 1413 2540 'detur
1433 2483 1512 2541 locos
1527 2487 1710 2558 proponendi,
1730 2490 1772 2546 vet

137 2577 171 2626 ut
194 2570 346 2642 dicebam,
369 2571 534 2644 dispensatio
559 2587 612 2628 non
636 2571 735 2644 datur,
757 2572 807 2627 aisi
829 2578 938 2645 propter
972 2572 1144 2646 supplicandi
1170 2572 1272 2645 aliquid
1294 2573 1319 2628 in
1346 2589 1428 2630 snum
1447 2573 1578 2631 savorem.
1592 2575 1672 2643 Quod
1692 2581 1774 2636 sentit

135 2678 222 2718 usum
244 2662 409 2731 honestum,
433 2662 474 2718 rel
494 2664 540 2734 qui
562 2662 704 2718 moraliter
723 2669 752 2719 ει
772 2663 937 2736 regulariter
972 2664 1060 2722 Beroi.
1085 2665 1110 2720 ia
1133 2649 1194 2735 cap.
1210 2667 1238 2719 2.
1255 2661 1288 2717 de
1306 2663 1419 2718 constit.
1438 2679 1465 2718 o.
1482 2667 1530 2734 ιι,
1553 2671 1580 2719 ει
1601 2667 1627 2720 in
1649 2666 1773 2740 exemplo

136 2753 226 2824 possit
244 2768 306 2808 esse
328 2752 471 2808 honestus.
487 2752 581 2808 Dices:
602 2752 684 2807 etiam
704 2750 872 2824 dispensatio
886 2752 939 2807 bu·
975 2755 1099 2812 adducto
1111 2752 1145 2810 de
1158 2753 1328 2824 exemptione
1340 2769 1355 2808 a
1367 2752 1554 2809 iurisdictione
1565 2755 1693 2812 ordinarii
1705 2773 1774 2830 quo-

135 2841 258 2897 iusmodi
274 2857 354 2912 saepe
369 2841 461 2914 datur,
473 2842 583 2898 utactio
594 2844 752 2913 possitesse
764 2841 938 2914 valida3ergo
975 2845 1008 2902 ad
1032 2841 1359 2900 excommunicationem:
1386 2841 1457 2899 idem
1471 2845 1601 2914 supponit
1618 2845 1774 2903 bichardus

136 2940 273 3004 quantum
288 2931 322 2987 ad
336 2930 507 2998 hoctenabit
519 2931 744 3002 dispensationis
761 2938 791 2987 ιιι
808 2931 829 2986 ει
845 2930 939 2987 ιιιειιι·
974 2937 999 2991 in
1016 2940 1044 3004 t,
1059 2933 1125 2990 dist.
1146 2935 1190 3003 18,
1207 2937 1259 2987 art.
1275 2938 1304 2998 a,
1319 2947 1348 3003 q.
1366 2937 1398 3000 53
1422 2932 1460 2988 ait
1479 2932 1568 3004 eninr,
1591 2936 1612 2990 ει
1627 2935 1774 3007 episcopus

138 3021 263 3076 monium
273 3021 319 3076 liat
329 3021 356 3075 in
367 3019 681 3091 virtutedispensationis
695 3020 735 3075 sie
746 3025 939 3091 praesumptae
957 3041 1029 3086 ,non
1045 3024 1143 3080 babeat
1157 3022 1282 3078 notitiam
1293 3021 1486 3093 exemptionis,
1496 3038 1546 3080 nee
1559 3040 1606 3095 per
1618 3023 1694 3082 iilum
1706 3033 1773 3100 stat,

137 3109 345 3165 matrimonium
364 3110 400 3165 sit
417 3108 538 3165 validum
557 3124 572 3166 a
588 3113 726 3182 tempore,
745 3108 821 3182 quod
835 3108 939 3165 lactum
974 3115 1122 3187 quominus
1136 3112 1208 3169 illam
1224 3111 1332 3181 babeat,
1344 3110 1460 3168 validam
1475 3128 1535 3169 esse
1550 3116 1775 3173 excommunica·

137 3205 201 3272 cst,
221 3200 243 3255 si
263 3207 357 3271 postea
370 3205 492 3271 constet,
512 3200 565 3255 iam
581 3206 647 3256 tuac
663 3199 745 3256 tuisse
760 3198 938 3276 dispensatio·
975 3203 1093 3274 tionem,
1117 3207 1145 3257 et
1168 3194 1370 3272 consequenter
1394 3200 1566 3274 privilegium
1581 3217 1635 3259 non
1653 3208 1773 3275 operari.

137 3305 203 3346 nem
218 3304 391 3361 concessam,
408 3289 473 3347 licet
487 3291 677 3361 peccaminosa
691 3295 867 3345 contractum
881 3287 940 3344 tue·
975 3291 1082 3365 dilegat
1094 3307 1159 3362 cap.
1173 3293 1205 3349 St
1218 3289 1346 3354 dnobus,
1365 3305 1430 3346 cum
1443 3291 1539 3348 Glossa
1552 3291 1586 3347 de
1604 3294 1731 3365 appellat.
1747 3306 1776 3355 et

138 3379 189 3436 rit.
205 3378 384 3451 Respondeo,
406 3379 429 3434 si
450 3380 579 3451 princeps
600 3393 654 3434 non
670 3377 751 3434 babet
765 3378 939 3434 intentionem
975 3382 1134 3439 resitetiam
1149 3397 1212 3453 cap.
1223 3381 1301 3438 Com
1312 3395 1468 3452 personne,
1481 3381 1514 3437 de
1529 3383 1618 3453 privil.
1631 3377 1657 3438 ιιι
1674 3387 1701 3455 6,
1715 3385 1773 3459 ubi,

139 3467 315 3540 dispensandi
329 3471 355 3524 in
371 3467 429 3541 lege
445 3467 604 3540 probibente
616 3468 739 3524 notitiam
752 3481 818 3523 suae
831 3465 941 3537 dispen·
976 3472 998 3527 si
1013 3469 1096 3527 iudici
1111 3471 1213 3542 petenti
1227 3471 1411 3525 ostensionem
1428 3468 1557 3543 privilegii
1573 3471 1638 3528 elias
1656 3489 1709 3529 non
1725 3491 1775 3546 pu·

140 3559 266 3628 sationis,
284 3562 313 3614 ιιι
326 3557 424 3630 probet
437 3558 507 3613 ratio
522 3556 732 3628 iacta,protectn
748 3554 835 3612 multo
850 3555 940 3610 minus
974 3559 1054 3633 blici,
1074 3573 1162 3632 aeque
1177 3556 1330 3630 manifesti,
1346 3572 1362 3614 a
1376 3569 1452 3630 parte
1467 3574 1522 3616 non
1537 3561 1710 3636 ostendatur,
1726 3579 1773 3622 ax·

139 3647 252 3704 habebit
272 3645 450 3704 intentionem
471 3646 549 3702 aliter
570 3645 742 3718 dispensandi
762 3646 787 3701 in
809 3644 867 3718 lege
883 3644 941 3699 irri·
976 3649 1190 3706 communicatio
1211 3647 1244 3704 ab
1265 3663 1297 3703 eo
1316 3647 1371 3704 lata
1389 3648 1492 3705 dieitur
1506 3665 1567 3707 esse
1582 3651 1686 3726 valida,
1709 3669 1775 3726 ergo

143 3738 309 3796 tantellam
323 3733 496 3793 carneadem
512 3735 547 3792 sit
561 3734 603 3792 lex
618 3734 761 3807 prohibens
778 3741 806 3791 et
819 3734 939 3806 irritans,
974 3740 1149 3814 supponitur,
1166 3738 1352 3795 necessarium
1366 3754 1441 3808 esse,
1462 3747 1494 3796 ut
1509 3741 1681 3815 privilegium
1697 3746 1775 3802 inno·

141 3843 199 3884 noa
214 3833 257 3882 est
273 3825 429 3897 verisimile,
445 3824 601 3897 dispensare
616 3825 705 3880 statim
720 3827 748 3881 in
762 3822 820 3896 illa,
837 3831 868 3880 ut
882 3823 942 3879 irri·
977 3835 1067 3887 rescat
1079 3828 1177 3900 iudici,
1194 3834 1225 3885 ιιι
1239 3827 1327 3899 privet
1339 3828 1416 3886 illum
1430 3829 1617 3890 iurisdictione
1632 3851 1693 3892 sua,

144 3924 207 3986 tans
226 3921 285 3986 est,
304 3922 333 3972 ει
347 3930 400 3971 non
415 3920 447 3970 ot
459 3921 502 3971 est
517 3913 674 3986 prohibens.
689 3913 859 3971 Probabttius
875 3927 941 3986 ergo
1015 3919 1105 3976 Tertia
1129 3920 1262 3975 sententia
1280 3933 1340 3975 esse
1366 3925 1471 3990 potest,
1495 3922 1620 3980 notitiam
1644 3923 1776 3998 privilegii

141 4006 263 4078 ridetur,
275 4007 300 4060 in
315 4004 360 4061 illo
376 4019 443 4062 casu
459 4019 511 4060 nou
526 4004 582 4060 lieri
598 4003 718 4060 validum
738 4005 941 4080 matrimonium
976 4026 1030 4067 nnn
1050 4011 1152 4082 requiri
1173 4023 1223 4065 nec
1239 4008 1263 4064 in
1280 4006 1476 4082 privilegiario,
1493 4026 1543 4068 nec
1559 4013 1586 4068 in
1600 4011 1709 4084 iudice,
1725 4031 1774 4072 seu

141 4112 176 4152 ex
200 4097 225 4150 ri
246 4094 305 4151 talis
325 4092 557 4166 dispensationis,
579 4095 740 4167 priusquam
760 4093 793 4149 ad
816 4094 942 4150 notitiam
978 4099 1058 4157 tertio
1078 4096 1209 4154 damnum
1231 4113 1322 4169 passo.
1345 4098 1422 4154 Prior
1442 4114 1505 4169 pars
1527 4102 1644 4158 sumitur
1664 4118 1697 4160 ex
1717 4105 1778 4180 Syt-

143 4183 367 4242 contrahentium
378 4180 516 4240 deveniat.
524 4183 559 4238 Et
574 4181 688 4240 tortasse
703 4183 735 4240 ad
750 4183 858 4239 vitanda
875 4183 942 4239 baec
978 4194 1047 4244 vest.
1065 4185 1148 4244 verbo
1158 4185 1327 4260 privilegio,
1338 4203 1365 4259 q.
1379 4186 1430 4244 ult.
1440 4195 1468 4244 et
1482 4191 1565 4247 aerbo
1578 4196 1773 4263 retroactote'o,

143 4272 269 4346 pericula
290 4273 372 4345 (inter
391 4272 456 4329 alias
477 4272 591 4345 causas)
614 4287 668 4329 non
690 4273 780 4329 soleat
800 4274 943 4330 Pontifices
977 4293 1006 4349 q.
1020 4280 1048 4345 ι,
1064 4267 1200 4349 quatenus
1214 4275 1261 4346 ait,
1275 4274 1403 4332 sufficere
1419 4279 1635 4350 acceptationem
1649 4297 1695 4353 per
1707 4299 1776 4338 nun·

144 4363 196 4420 bas
211 4363 426 4438 dispensationes
440 4363 530 4418 atatim
546 4361 709 4436 concedere,
725 4361 773 4419 sed
788 4363 943 4420 committe·
977 4367 1068 4436 cium,
1087 4371 1122 4434 Ιιιι
1141 4363 1337 4436 privilegiarius
1357 4366 1472 4438 incipiat
1490 4367 1543 4424 trui
1559 4369 1700 4443 privilegio
1714 4378 1777 4428 ante
1884 4414 1886 4418 -

143 4469 188 4525 re,
205 4453 274 4509 utin
290 4451 411 4524 partibus
426 4452 499 4508 bant.
978 4454 1057 4512 aliam
1075 4454 1244 4526 notitiam,et
1257 4469 1385 4525 expresse
1399 4456 1637 4530 ponitexemplum
1649 4460 1674 4516 in
1686 4477 1776 4518 exem·

184 4541 358 4600 ltTandem
368 4540 517 4598 dicendum
528 4547 654 4613 superest
664 4540 697 4598 de
711 4539 944 4614 privilegio,quotl
978 4545 1071 4617 ptione
1095 4559 1111 4600 a
1135 4542 1321 4600 iurisdictione
1342 4544 1434 4617 quoad
1449 4549 1775 4610 excommunicationem.

144 4630 274 4690 concedit
295 4632 491 4687 immunitatem
506 4631 539 4686 ab
554 4646 659 4702 onere,
674 4647 723 4687 seu
743 4633 941 4702 exemptionem
979 4634 1070 4691 Altera
1085 4649 1148 4690 raro
1163 4649 1227 4706 pars
1242 4634 1362 4689 sumitur
1372 4649 1405 4690 ex
1415 4634 1512 4692 eodem
1524 4638 1607 4694 verbo
1618 4644 1773 4714 escmptio

143 4725 179 4780 ab
194 4722 307 4778 alterius
323 4719 510 4794 iurisdictione
525 4720 628 4793 absque
639 4719 840 4792 dispensatione
854 4721 879 4777 in
894 4720 945 4775 ali·
979 4741 1007 4798 q.
1026 4730 1052 4793 8,
1070 4724 1115 4780 ubi
1129 4723 1225 4779 limitat
1241 4723 1401 4779 sententiam
1417 4723 1562 4796 Richardi,
1583 4727 1694 4786 dicens:
1711 4733 1778 4788 Νιει

143 4827 202 4886 qua
222 4812 279 4883 tege
302 4810 437 4884 obligante
456 4810 481 4866 in
503 4812 687 4883 conscientia,
707 4811 740 4867 de
754 4827 810 4883 qno
823 4817 866 4866 est
883 4825 945 4882 spe·
979 4817 1011 4869 tn
1020 4811 1180 4886 privilegio
1194 4815 1232 4867 sil
1247 4809 1391 4869 clausula
1403 4815 1530 4870 irritans
1540 4834 1552 4883 ,·
1566 4831 1648 4888 qnam
1664 4819 1722 4889 ipse
1733 4820 1778 4876 Iti·

145 4901 223 4958 cialis
241 4900 310 4957 ratio
321 4899 517 4970 dubitandi,an
531 4899 654 4972 requirat
666 4897 944 4971 acceptationcm,rel
980 4902 1078 4960 cbard.
1093 4918 1148 4959 non
1162 4901 1266 4974 omisit,
1281 4908 1309 4958 et
1324 4903 1346 4956 si
1361 4918 1406 4959 res
1420 4909 1524 4960 attente
1538 4906 1720 4983 expendatur,
1732 4925 1782 4967 ne·

144 4991 269 5046 notitiam
289 4987 463 5063 privilegiati·
480 4989 547 5044 Nam
562 4989 584 5044 si
599 4988 651 5046 tale
666 4989 837 5062 privilegium
850 4987 944 5045 datum
982 4990 1103 5050 cessario
1119 4990 1268 5048 includitur
1282 4993 1310 5047 in
1323 4991 1468 5065 privilegio
1482 4997 1671 5071 exemptionis,
1684 5001 1706 5054 si
1720 4999 1780 5058 cm-

146 5080 194 5136 uni
211 5079 236 5134 in
253 5079 546 5151 levorem,resultetic
562 5079 761 5150 praeiudicium
775 5078 945 5150 tertii,prae-
983 5083 1089 5138 caciter
1113 5081 1293 5138 concedatur.
1319 5080 1396 5138 Unde
1422 5082 1533 5141 lormari
1557 5092 1647 5157 potest
1662 5091 1730 5147 ratio
1753 5091 1780 5149 in

145 5167 252 5226 iudicat
270 5167 350 5224 tertio
364 5167 446 5224 etiam
462 5167 606 5241 ignoranti,
619 5183 686 5240 ergo
698 5168 785 5226 multo
799 5169 886 5240 magis
900 5166 948 5226 vta-⁸
981 5171 1055 5230 bunc
1072 5172 1199 5245 modum,
1211 5174 1276 5246 quia
1290 5171 1342 5230 boc
1358 5173 1529 5246 privilegium
1544 5181 1722 5251 exemptionis
1738 5189 1782 5239 est

147 5256 226 5326 labit,
239 5255 319 5313 etiarn
336 5256 503 5330 privilegiato
518 5256 868 5332 ignoraratcnnsequentta
882 5274 944 5332 pro·
981 5263 1066 5320 astuti
1083 5261 1233 5321 reservatio
1247 5259 1382 5336 quaedam
1396 5261 1610 5341 iurisdictionis,
1627 5267 1675 5328 sed
1691 5286 1780 5336 reser-
