4290 6222
416 387 480 454 358
890 385 901 404 ⁸
1108 400 1300 452 6666666666.

376 519 504 603 potuum,
522 528 587 604 quia
604 527 673 586 liniri
692 544 746 585 non
765 525 867 600 possit3
883 540 990 599 semper
1009 525 1180 584 6616661111
1216 525 1317 583 virtute
1338 523 1517 583 includuntur
1535 524 1561 580 16
1579 538 1757 600 quocumque
1771 523 1925 600 privilegio,
1940 523 2005 586 1666·

376 627 494 692 possunt
508 617 661 691 privilegia,
678 624 709 675 ut
723 623 817 689 postea
832 615 1004 688 vedebimus3
1021 615 1069 672 sed
1082 612 1181 672 dicitur
1216 630 1270 687 que
1281 615 1345 672 licet
1357 613 1565 689 exprimantur,
1577 629 1631 671 noo
1642 620 1749 672 mutant
1760 621 1886 673 naturam
1896 617 1964 674 eius.
1977 619 2007 676 111

376 715 558 782 666661666,
574 707 649 782 quod
670 706 711 763 vel
732 705 862 764 adhaeret
877 704 1005 763 6616666
1020 711 1179 778 perpetuae,
1217 703 1277 760 idco
1293 703 1346 760 tale
1361 703 1532 777 privilegium
1547 710 1669 776 6666616
1683 703 2004 777 6661166666616666661,

374 799 416 856 vel
432 799 488 854 sine
503 797 660 855 limitatione
677 797 808 872 temporis
819 793 999 866 conceditur,
1016 793 1180 852 durateoim
1218 799 1248 850 ut
1263 793 1383 850 sumitur
1395 800 1489 866 aperte
1502 808 1537 850 ex
1547 808 1609 866 cap.
1621 796 1656 851 Si
1666 809 1755 868 supet·
1764 795 1877 866 666116,
1892 794 1926 851 de
1936 795 2002 854 offic.

376 887 409 945 de
430 903 475 958 se,
500 886 631 960 quamdiu
653 892 814 946 revocatum
835 901 891 942 non
911 885 1004 942 1666611.
1021 885 1181 956 ’1666666616
1216 882 1305 956 delsg.
1321 883 1348 939 in
1363 887 1390 956 6,
1404 889 1433 941 61
1445 899 1479 939 ex
1491 893 1553 955 cap·
1567 885 1602 940 st
1617 885 1666 940 6661
1679 880 1776 945 nullo,
1788 883 1822 940 tle
1836 885 1927 956 praeb.
1943 887 1970 940 in
1983 891 2006 958 6,

376 982 469 1034 66166
491 974 584 1033 multis
603 974 692 1032 modis
705 975 847 1047 contingit.
864 975 976 1046 Primo,
991 975 1055 1047 quio
1070 973 1102 1031 66
1117 972 1183 1030 deli·
1216 973 1317 1046 quibus
1339 971 1406 1028 locis
1427 972 1521 1030 Glossa
1540 979 1569 1030 et
1586 971 1716 1030 doctores
1729 972 1755 1028 id
1770 979 1873 1029 notant.
1889 974 2006 1032 sumitur

377 1065 463 1121 61166
481 1072 591 1136 166666
602 1063 837 1136 conceditur,quo
848 1063 953 1134 elapso,
965 1063 1068 1133 linitur,
1082 1063 1099 1118 l.
1111 1079 1181 1137 quo·
1215 1064 1344 1119 etiamen
1359 1061 1449 1119 Gloss.
1465 1064 1492 1118 in
1505 1077 1533 1118 o.
1553 1063 1630 1119 Coos
1643 1077 1682 1118 em
1695 1077 1737 1124 eo.
1757 1061 1790 1118 de
1804 1062 1884 1121 elect.
1901 1063 1927 1120 16
1942 1068 1967 1134 6,
1982 1071 2007 1123 61

307 1159 312 1168 ·
377 1156 438 1220 1166,
453 1153 485 1209 G.
504 1153 537 1210 de
551 1152 655 1225 precib.
669 1152 825 1224 imperatori
836 1149 948 1209 olleren.
961 1150 1100 1222 6666666,
1118 1150 1181 1208 11661
1217 1152 1243 1208 16
1258 1166 1284 1208 6.
1301 1151 1353 1209 611.
1369 1150 1402 1208 66
1418 1151 1463 1208 611.
1480 1150 1566 1223 deleg.
1582 1150 2008 1209 66161Ρ66666.166616661.66·

377 1240 500 1299 absolute
521 1247 549 1297 et
571 1240 706 1298 166666116
725 1240 821 1312 66166,
839 1239 1012 1297 nihilomiuus
1032 1240 1181 1312 temporale
1217 1240 1289 1297 1611661
1304 1247 1393 1298 16666
1408 1240 1612 1311 limitationem,
1628 1239 1749 1312 scilicet,
1770 1247 1867 1297 utnon
1884 1240 2008 1312 procedat

376 1331 444 1400 6611,
463 1331 488 1386 61
510 1331 561 1386 6611
582 1345 715 1401 personae
734 1330 920 1402 concedatur,
936 1331 974 1386 ita
990 1336 1021 1387 ut
1036 1331 1073 1386 sit
1086 1344 1179 1401 perso·
1217 1331 1242 1385 16
1258 1329 1400 1402 privilegio
1421 1344 1556 1387 concesso
1576 1328 1610 1385 ab
1630 1329 1759 1402 episcopo
1783 1331 1841 1386 6166
1855 1343 1953 1386 causae
1966 1345 2008 1388 co-

377 1420 454 1490 6616,
472 1426 501 1478 61
514 1419 668 1493 singulare,
682 1425 714 1477 ut
727 1436 812 1492 supra
825 1419 996 1476 declaratum
1011 1427 1062 1476 est.
1078 1420 1179 1488 Quam·
1216 1418 1335 1490 gallione
1356 1433 1421 1474 oum
1443 1416 1608 1490 praeiudicio
1627 1419 1762 1475 ecclesiae
1783 1419 1960 1491 parochialis,
1982 1428 2007 1476 et

376 1510 416 1566 vis
430 1510 501 1566 enirn
524 1510 674 1581 respective
689 1515 784 1581 posset
798 1508 849 1566 tale
864 1509 1035 1582 privilegium
1050 1508 1102 1565 6161
1116 1526 1179 1581 per·
1217 1505 1293 1578 ponit
1303 1507 1457 1578 6666661666
1469 1508 1495 1562 16
1507 1507 1617 1564 11666116
1628 1507 1742 1580 eligendi
1752 1509 1946 1566 consessorem.
1960 1509 2007 1566 Sed

377 1605 505 1670 potuum,
521 1599 584 1672 quia
599 1615 649 1671 pro
664 1605 721 1657 tota
735 1601 789 1657 vita
799 1597 963 1656 conceditur
975 1598 1127 1672 (quomodo
1137 1599 1181 1656 di·
1217 1596 1373 1668 exemplum
1388 1611 1484 1652 666666
1498 1611 1552 1652 666
1565 1601 1623 1667 661,
1636 1606 1667 1653 61
1677 1596 1730 1654 6161
1741 1597 1768 1653 16
1779 1602 1845 1654 166.
1859 1597 1893 1655 66
1911 1602 2004 1670 666611.

377 1689 450 1746 citur
466 1688 575 1745 exilium
592 1705 677 1761 poena
692 1695 825 1761 perpetua
836 1688 856 1762 l,
872 1688 913 1744 vel
927 1688 963 1744 ob
975 1688 1098 1745 666666
1113 1703 1179 1744 cau·
1215 1691 1245 1741 et
1264 1686 1303 1740 lta
1323 1701 1378 1741 non
1398 1690 1443 1742 est
1461 1687 1614 1742 necessaria
1629 1686 1771 1758 limitatio,
1788 1693 1819 1744 ut
1832 1688 1901 1744 inlra
1915 1688 2006 1746 dicam.

377 1792 436 1833 sam
461 1777 540 1834 vitale
558 1776 612 1834 dici
634 1777 733 1850 possit,
751 1777 924 1837 nihilominus
940 1776 1099 1848 simpliciter
1113 1784 1180 1834 tem·
1216 1773 1335 1848 sylvest.
1348 1780 1440 1831 autem
1454 1775 1536 1831 verbo
1547 1773 1709 1847 consessor,
1724 1780 1783 1848 l,q.
1799 1777 1926 1850 i,sentit,
1941 1778 2007 1851 quod

377 1865 470 1937 porale
488 1871 540 1928 est.
557 1866 632 1924 sicut
643 1873 670 1924 ot
683 1867 748 1938 vita,
765 1882 820 1938 qua
833 1866 917 1940 linita,
932 1867 1035 1936 linitur,
1050 1882 1076 1924 c.
1087 1870 1182 1943 66161·
1216 1863 1238 1919 61
1254 1863 1281 1918 16
1296 1863 1437 1937 privilegio
1451 1863 1563 1922 dicatur
1575 1879 1669 1936 osque
1683 1863 1725 1920 oti
1739 1863 1954 1941 beneplacitum
1971 1883 2009 1924 se·

375 1953 502 2028 16616666,
522 1957 548 2014 1.
571 1954 605 2012 66
624 1956 711 2029 regul.
728 1957 782 2010 166.
800 1955 826 2010 16
842 1959 874 2021 6,
889 1960 917 2012 61
932 1955 950 2011 Ι.
965 1950 1138 2028 6616116616,
1154 1961 1182 2012 61
1215 1950 1276 2019 dis,
1294 1959 1337 2010 est
1354 1960 1534 2025 perpetuum,
1549 1952 1654 2009 etiamsi
1669 1954 1703 2012 611
1716 1953 1888 2028 privilegium
1904 1955 2007 2028 eligendi

376 2043 394 2099 l.
411 2046 443 2100 tn
461 2043 598 2116 66661666
613 2047 725 2106 causis,
742 2044 769 2101 11.
784 2043 846 2101 666.
859 2045 926 2101 1166
937 2044 1077 2115 corruptis
1090 2044 1178 2116 661616,
1215 2041 1421 2112 consessorem,
1437 2057 1491 2098 666
1506 2056 1571 2099 6666
1586 2042 1608 2096 61
1624 2042 1749 2099 obsolute
1764 2042 1944 2102 concedatur.
1959 2045 2006 2101 Sed

376 2139 595 2203 corrumpuntur
618 2148 667 2204 ea,
690 2148 761 2206 quae
782 2139 848 2190 suot
869 2133 894 2200 16
909 2132 1000 2204 nobis3
1019 2132 1071 2189 1666
1087 2141 1180 2191 66166
1215 2131 1291 2188 66116
1305 2133 1410 2188 6611666
1424 2130 1450 2187 16
1465 2131 1577 2202 probat,
1592 2146 1643 2188 nec
1657 2138 1700 2190 est
1713 2133 1880 2206 verisimile,
1897 2139 2007 2191 6166616

375 2220 544 2294 privilegium
558 2222 721 2279 conceditur
731 2237 879 2294 personae,
891 2229 918 2278 et
930 2220 965 2278 illi
976 2221 1025 2276 soli
1038 2222 1178 2296 adhaeret,
1215 2219 1297 2278 docet
1311 2221 1411 2278 Navar.
1429 2222 1477 2294 qui
1491 2221 1616 2293 regulam
1630 2220 1722 2278 datam
1740 2221 2009 2294 simpliciteruppro-

375 2305 442 2384 er'go
462 2326 525 2368 cum
547 2311 594 2368 illa
616 2312 699 2384 perit,
714 2317 743 2369 et
763 2326 852 2385 neque
867 2309 1073 2384 6666666666,
1090 2327 1179 2385 neque
1215 2311 1261 2367 bat
1275 2311 1301 2367 iu
1316 2310 1343 2368 d.
1360 2327 1439 2367 cons.
1460 2313 1484 2366 l.
1497 2310 1530 2366 de
1546 2309 1632 2383 661611.
1646 2317 1675 2368 61
1685 2311 1710 2366 16
1722 2326 1749 2367 c.
1761 2309 1893 2379 Placuit,
1907 2310 1940 2369 de
1951 2327 2008 2384 poe·

376 2400 410 2457 66
428 2415 620 2458 successorem
636 2402 741 2459 transit.
758 2400 834 2460 Unde
848 2403 946 2458 Decius
960 2403 988 2457 16
1003 2417 1066 2474 cap.
1088 2405 1176 2469 Sane,
1215 2401 1264 2456 nit.
1281 2399 1311 2456 d.
1329 2405 1356 2472 6,
1372 2416 1449 2456 666.
1469 2403 1538 2469 161,
1554 2406 1729 2457 6166666661
1747 2401 1844 2474 regula
1857 2402 1941 2458 iuris:
1959 2405 2008 2458 De·

376 2489 410 2554 de
426 2489 549 2562 privileg.
564 2491 653 2547 Tertio
671 2497 714 2547 est
733 2489 903 2562 privilegium
924 2491 1087 2562 temporale,
1103 2490 1178 2563 quod
1215 2495 1274 2555 661,
1292 2488 1465 2570 beneficium
1477 2491 1625 2563 principis
1639 2504 1700 2545 6666
1716 2505 1911 2556 mansarum,
1930 2496 1960 2546 ut
1975 2489 2009 2546 61·

377 2581 428 2636 6616
448 2579 601 2638 6666111666
621 2579 721 2652 66166,
742 2595 812 2655 quae
831 2580 910 2653 166666
930 2581 1058 2652 16666616
1072 2581 1187 2652 sinitur,
1216 2579 1292 2634 citur
1309 2579 1333 2632 in
1349 2577 1438 2650 regul.
1458 2581 1501 2636 16.
1518 2577 1543 2632 16
1560 2581 1587 2634 6.·
1604 2578 1723 2650 Denique
1737 2583 1860 2649 potestas
1873 2580 1900 2634 in
1919 2593 2009 2634 eonce-

376 2685 437 2726 nam
455 2669 499 2726 illa
513 2669 668 2726 conditione
682 2670 801 2742 impleta,
813 2676 903 2727 cessat
916 2669 1100 2743 privilegium,
1115 2671 1179 2742 quin
1215 2667 1293 2725 dente
1309 2670 1489 2739 supponitur,
1501 2672 1529 2723 et
1543 2667 1668 2723 voluutas
1683 2666 1837 2732 66666661,
1859 2668 1924 2741 quia
1938 2669 2008 2724 aliso-

376 2761 503 2816 volontas
523 2758 700 2817 concedentis
720 2760 792 2817 61166
813 2775 866 2816 666
888 2757 1053 2816 extenditur.
1070 2761 1105 2817 lit
1126 2760 1179 2815 hoc
1215 2756 1272 2814 luto
1287 2757 1373 2829 posita
1385 2759 1485 2812 6161616
1496 2756 1589 2824 durat,
1603 2755 1691 2813 donec
1702 2763 1859 2814 revocetur:
1879 2759 2008 2815 sufficien-

377 2849 459 2907 modo
479 2855 569 2920 potest
588 2851 669 2905 etiam
688 2864 749 2905 6666
772 2849 944 2921 privilegium
958 2848 1038 2905 vitale
1051 2863 1084 2905 er
1104 2855 1180 2919 porte
1215 2853 1256 2902 166
1270 2852 1361 2902 66166
1375 2852 1506 2903 censetur
1520 2845 1644 2902 absolute
1655 2853 1685 2903 61
1703 2845 1736 2903 66
1751 2861 1781 2903 66
1796 2853 1930 2919 perpetuo
1945 2847 2007 2918 posi·

375 2936 563 2995 concedentis.
580 2939 648 2994 Nam
669 2936 733 2993 licet
752 2936 877 2994 absolute
899 2935 1051 3008 loquendo,
1071 2937 1179 3008 privile·
1216 2941 1256 3005 ta,
1272 2934 1381 3006 quando
1396 2934 1522 2991 absoluta
1542 2941 1607 2991 sunt
1625 2935 1724 3008 verbo,
1739 2943 1768 2992 et
1781 2937 1863 2993 aliam
1878 2937 2008 2994 limitatio·

377 3029 469 3098 glum,
486 3034 518 3083 ut
531 3027 589 3098 sic,
606 3027 658 3081 noir
673 3026 781 3082 liniatur
795 3040 842 3098 per
858 3032 973 3081 mortem
993 3024 1177 3096 concedentis,
1214 3039 1344 3100 666666
1360 3023 1512 3080 666166661.

376 3117 450 3172 sicut
465 3131 517 3171 nec
531 3116 632 3188 gratia,
648 3131 698 3170 nec
712 3114 803 3186 lavor,
819 3129 845 3170 c.
865 3117 1001 3189 Gnatum,
1020 3113 1053 3170 66
1070 3115 1115 3170 611.
1130 3114 1178 3171 66·
1254 3118 1282 3171 l.
1299 3113 1356 3170 6116
1376 3112 1495 3170 66661116
1516 3114 1670 3170 6666666616
1685 3113 1719 3171 66
1734 3114 1909 3188 privilegium
1922 3129 2007 3188 perpe·

376 3206 429 3278 leg.
446 3211 514 3262 616.
530 3207 562 3262 ,11
582 3220 671 3279 super
690 3206 807 3277 prolia,
826 3203 889 3260 eod.
905 3206 931 3259 in
954 3202 1179 3274 6661611661666
1215 3203 2005 3278 16666661,61666666661661666661666,(6166116666

376 3295 399 3350 61
413 3293 569 3350 666666666
584 3291 859 3350 6666166661116666
872 3290 963 3349 donec
974 3290 1134 3360 decessero,
1150 3295 1180 3349 li·
1214 3291 1259 3349 illa
1273 3293 1396 3366 finietur,
1412 3300 1443 3349 ut
1456 3292 1560 3350 dictum
1576 3300 1629 3350 est.
1642 3293 2007 3351 11666661661666666666-

376 3385 451 3440 61166
471 3398 520 3455 666
538 3388 653 3440 666166
667 3384 745 3452 6166,
763 3386 792 3438 61
805 3389 914 3438 constat
927 3396 960 3437 ex
975 3381 1077 3438 ratione
1095 3381 1177 3454 16616,
1214 3383 1286 3440 xime
1298 3387 1364 3440 sunt
1375 3389 1523 3455 perpetuae
1534 3397 1582 3454 per
1595 3383 1801 3441 successionem
1813 3385 2007 3457 quamdamlit

375 3473 440 3546 quin
455 3471 581 3528 voluutas
595 3487 649 3528 non
665 3472 737 3530 ultrn
751 3470 916 3528 extenditur.
930 3471 965 3528 Et
976 3471 1103 3528 eumdem
1117 3489 1179 3530 sen·
1215 3471 1270 3528 1666
1285 3471 1366 3528 6666
1382 3479 1425 3528 661
1439 3473 1464 3527 16
1484 3472 1575 3545 661616
1590 3479 1753 3544 perpetuum
1767 3473 1938 3547 privilegium
1950 3489 2007 3530 coo·
2065 3519 2069 3528 .

376 3578 437 3618 sum
453 3569 604 3620 censentur
619 3561 718 3618 habere
732 3559 776 3616 illa
790 3562 872 3618 verba
882 3559 1027 3635 osqoeocl
1042 3561 1178 3637 66666616·
1215 3575 1326 3617 cessum
1341 3557 1475 3634 religioni,
1491 3562 1556 3634 quia
1571 3561 1635 3617 lieet
1648 3577 1779 3634 personae
1793 3561 1935 3634 liniantur,
1951 3563 2006 3619 reli-

376 3655 468 3709 611666
478 3667 589 3713 666661
600 3667 662 3708 666
677 3652 742 3708 11661
752 3667 786 3709 ex
797 3653 821 3707 61
833 3649 941 3709 1116666
953 3666 1005 3706 666
1016 3659 1106 3709 cesset
1123 3654 1178 3724 pri·
1212 3649 1256 3723 gio
1272 3656 1372 3707 manet.
1389 3651 1515 3707 1166661
1532 3659 1696 3723 666661666
1712 3651 1886 3727 privilegium
1902 3668 2007 3711 conces·

375 3741 519 3814 vilegium,
542 3743 651 3798 vivente
672 3741 786 3798 6661666
806 3741 881 3811 eius,
903 3740 953 3796 nisi
972 3739 1038 3797 illud
1052 3748 1175 3815 revocet3
1213 3753 1275 3795 sum
1291 3738 1417 3811 dignitati
1427 3780 1435 3810 ,
1447 3741 1511 3813 quia
1525 3738 1570 3796 illa
1583 3743 1664 3798 61166
1679 3757 1787 3814 666666
1797 3743 1881 3799 616661
1894 3758 1941 3815 per
1951 3759 2005 3798 suo·

375 3836 464 3885 tameo
480 3845 528 3900 per
543 3836 659 3886 mortem
673 3829 731 3886 eius
750 3829 872 3899 doletur,
887 3828 952 3902 quio
972 3829 1072 3886 virtute
1088 3830 1176 3888 inclu·
1213 3827 1365 3885 cessionem
1386 3842 1574 3901 personarum.
1599 3829 1676 3887 Unde
1696 3830 1785 3886 obiter
1805 3834 1897 3887 notari
1916 3837 2005 3903 potest,
2108 3867 2109 3910 ,

376 3916 414 3974 611
428 3917 628 3987 conditionem,
644 3924 675 3974 ut
689 3933 797 3991 semper
811 3917 926 3990 pendeat
937 3933 952 3974 6
963 3918 1102 3977 661661616
1117 3935 1178 3993 per·
1212 3918 1384 3992 privilegium
1407 3925 1570 3990 perpetuum
1591 3927 1720 3991 respectu
1743 3922 1841 3989 unius,
1861 3918 2006 3977 scilicetdi·

374 4020 457 4062 sonae
478 4005 655 4062 concedenti:
673 4012 782 4062 mortuo
803 4015 895 4066 autem
915 4007 1084 4064 concedente
1098 4049 1106 4080 ,
1122 4011 1177 4066 lam
1213 4009 1325 4080 gnitatis
1345 4008 1386 4064 vel
1409 4008 1460 4063 loci
1481 4023 1542 4067 6666
1556 3999 1706 4080 temporale
1720 4017 1849 4080 respectu
1872 4023 2004 4082 personae,

375 4112 429 4152 nou
445 4100 536 4166 potest
550 4097 584 4151 ab
597 4095 669 4151 illius
679 4094 820 4151 voluntate
833 4097 963 4168 pendere,
975 4112 1046 4169 quae
1057 4097 1109 4178 iam
1119 4114 1174 4154 non
1212 4111 1276 4152 666
1291 4097 1313 4151 61
1328 4094 1424 4167 666661
1437 4095 1612 4168 dignitatem,
1629 4097 1670 4155 vel
1684 4106 1773 4157 mutet
1790 4099 1902 4172 locum,
1918 4099 2005 4154 amittit

373 4191 416 4242 est
430 4185 561 4241 voluntas
578 4184 637 4241 talis
650 4200 794 4256 personae,
807 4191 835 4242 et
847 4185 906 4243 ideo
918 4191 1008 4243 666661
1019 4185 1175 4258 dependen-
1210 4183 1397 4256 privilegium.
1413 4187 1533 4257 lienique
1545 4193 1674 4244 censetur
1684 4197 1849 4260 perpetuum
1865 4187 1939 4261 quod
1949 4201 2006 4244 coo·

375 4275 422 4347 116,
437 4281 464 4331 61
477 4282 680 4347 consequenter
694 4274 776 4331 61166
788 4274 970 4347 privilegium.
983 4276 1069 4332 seem
1081 4283 1173 4334 autern
1211 4271 1323 4329 ceditur
1332 4275 1372 4330 rei
1384 4273 1522 4344 corporali
1538 4274 1678 4347 immobili,
1692 4282 1724 4332 ut
1736 4276 1887 4349 ecclesiae,
1904 4276 1944 4333 vel
1955 4291 2005 4332 mo·

373 4364 425 4420 erit
445 4364 467 4419 si
487 4362 596 4420 dicatur
615 4361 657 4420 661
675 4361 998 4438 666661661166661116,
1018 4367 1081 4437 quia
1096 4367 1174 4423 sedes
1211 4361 1339 4418 uasterio.
1355 4362 1423 4429 Quia
1433 4377 1480 4420 res
1495 4363 1552 4434 ipsa
1565 4373 1699 4435 perpetua
1712 4373 1766 4437 ost,
1782 4381 1844 4438 cap.
1872 4370 1955 4441 Quos
1967 4378 2004 4420 se·

374 4457 506 4524 perpetua
522 4458 580 4524 est,
598 4460 627 4509 et
638 4453 675 4509 116
689 4467 796 4524 666666
810 4456 935 4510 66666661
950 4459 1054 4524 661661,
1070 4460 1098 4510 61
1113 4455 1174 4510 1666
1210 4448 1283 4516 mei,
1305 4454 1354 4522 19,
1370 4467 1398 4524 q.
1416 4455 1443 4508 6.
1459 4452 1559 4508 Tamen
1575 4455 1640 4524 quia
1660 4457 1813 4528 contingit,
1831 4454 1906 4512 hunc
1925 4457 2005 4527 ipsum

374 4540 504 4614 quamdiu
519 4557 572 4598 nou
589 4548 752 4614 revocatur,
764 4542 855 4599 durat.
869 4543 904 4599 Et
916 4543 955 4598 ita
969 4541 1019 4598 trae
1031 4542 1174 4600 clausulae
1204 4541 1303 4597 166666
1324 4541 1446 4614 destrui,
1462 4544 1485 4600 si
1506 4542 1630 4601 absolute
1645 4543 1673 4600 id
1687 4546 1810 4617 eveniat,
1827 4545 1865 4601 ita
1881 4551 1912 4603 ut
1928 4543 2005 4601 66116·

374 4629 627 4701 66611666166166.
643 4631 834 4703 sepositos,
853 4631 886 4688 66
906 4647 979 4688 reso.
1000 4631 1025 4686 io
1044 4635 1070 4689 6.
1086 4631 1174 4688 11116-
1209 4635 1323 4703 guntur,
1339 4631 1447 4688 linietur
1461 4633 1544 4690 66166
1556 4633 1738 4707 privilegium,
1758 4641 1918 4707 argumento
1931 4648 1955 4689 c.
1970 4635 2005 4689 ut

374 4717 415 4774 tra
426 4717 568 4775 tractando
578 4717 613 4774 de
626 4720 770 4776 amissione
782 4719 915 4792 privilegii
926 4720 1006 4792 pluro
1017 4718 1050 4776 de
1065 4719 1115 4777 illis
1126 4721 1174 4778 ad·
1208 4723 1264 4780 1666
1282 4719 1427 4788 desinens,
1449 4726 1497 4794 16,
1514 4740 1543 4796 q.
1565 4726 1598 4794 l,
1622 4723 1666 4780 ubi
1688 4722 1715 4779 id
1741 4729 1819 4780 notat
1837 4723 1925 4782 Gloss.
1939 4720 2005 4779 1666

374 4805 481 4864 demus.
1208 4810 1305 4870 616666
1319 4811 1368 4867 611.
1384 4813 1488 4884 16666.
1505 4809 1634 4880 Adicis,
1652 4811 1810 4870 devertor.
1827 4814 1965 4885 significat.
1979 4813 2004 4864 et

411 4896 451 4953 Ex
465 4895 565 4970 quibus
580 4902 703 4970 constat,
718 4896 773 4955 6666
787 4913 847 4956 6666
866 4899 1035 4973 6666666616,
1050 4905 1079 4956 61
1093 4900 1176 4957 666111·
1210 4899 1928 4975 (11666616666616616666166,66666661.166166.
1941 4901 2003 4956 1166

373 5000 439 5043 6666
452 4985 486 5042 66
502 4987 707 5059 perpetuitatem
726 4986 867 5063 privilegii.
884 4990 974 5046 Unum
988 4996 1045 5059 cst,
1063 4996 1094 5047 ut
1111 4991 1175 5046 sim·
1210 4989 1319 5061 Glossa,
1334 4996 1363 5047 et
1378 4991 1471 5048 lonoc.
1488 4990 1514 5047 in
1527 5005 1591 5062 cap.
1609 4995 1636 5047 l.
1648 4989 1682 5047 de
1697 5005 1760 5046 666.
1774 5006 1852 5063 oper.
1869 5006 1951 5048 nunc.
1963 4989 2003 5046 ubi

375 5075 480 5149 pliciter
494 5082 523 5132 61
536 5076 659 5134 absolute
673 5076 854 5151 coucedatur,
871 5079 912 5135 vel
926 5079 1094 5153 cumulique
1108 5094 1175 5136 con·
1209 5081 1291 5136 etiam
1306 5079 1375 5136 dbis.
1391 5095 1468 5136 666.
1486 5085 1518 5146 5,
1533 5085 1562 5136 61
1573 5078 1649 5137 Alex.
1666 5079 1700 5137 de
1712 5080 1805 5153 11666,
1823 5081 1873 5154 qui
1888 5080 1953 5137 alios
1966 5091 2003 5134 re·

374 5163 473 5222 ditione
487 5172 633 5238 perpetua,
647 5172 730 5224 61661
740 5170 863 5240 proxime
873 5168 957 5240 61616,
972 5169 1013 5225 661
1024 5168 1114 5226 66666
1132 5184 1175 5225 re·
1211 5170 1272 5241 lert,
1287 5175 1315 5226 et
1329 5168 1446 5245 sylvest.
1465 5170 1549 5226 verbo
1563 5172 1686 5239 6161166,
1704 5185 1732 5244 q.
1753 5155 1788 5244 i,
1803 5179 1831 5227 61
1844 5171 1961 5228 sumitur
1974 5181 2002 5222 es

374 5261 507 5328 vocetur,
527 5255 568 5314 vel
591 5255 642 5314 alio
662 5257 768 5316 similis.
784 5259 841 5316 llas
861 5272 980 5332 namquo
1001 5257 1173 5318 conditiones
1211 5259 1285 5317 dicto
1305 5275 1367 5332 cap.
1384 5264 1413 5318 1.
1433 5259 1468 5317 66
1488 5259 1550 5317 6661
1572 5274 1648 5333 6666.
1671 5275 1755 5318 6666.
1772 5261 1850 5334 Quia,
1868 5259 2002 5318 destructo
