4260 6222
434 366 497 432 tan
1126 385 1227 434 arnan
1241 383 1317 436 vrrr.

392 525 449 584 qno
462 509 612 566 certamine
626 524 675 581 per
690 509 879 567 transitorium
896 508 1017 566 edictum
1032 509 1066 567 ab
1080 509 1190 566 bomine
1226 511 1284 583 ipsu
1298 511 1466 568 concedente
1477 509 1663 582 privilegium,
1674 514 1807 580 etpostea
1817 524 1872 565 noa
1883 504 2003 564 habetne·

391 600 583 672 propositum,
601 614 666 673 ergo
680 601 761 656 etiam
776 599 828 655 tale
847 599 1017 673 privilegium
1031 602 1192 673 acquiretur
1224 616 1274 659 vos
1287 601 1400 656 ellectus
1411 616 1460 672 per
1470 616 1511 670 ae,
1525 598 1571 655 sed
1582 599 1661 671 quasi
1675 613 1723 670 per
1734 596 1872 665 accidens,
1884 603 2002 669 quatenus

391 687 543 760 ignoranti,
560 689 582 744 ετ
595 687 689 745 eodem
710 687 792 745 modo
807 690 841 745 sit
856 691 1037 760 propositum.
1051 688 1099 746 llel
1115 695 1191 746 certe
1225 689 1338 747 abstulit
1349 688 1719 760 impedimentumlisempla
1731 689 1757 744 in
1769 694 1886 758 utroque
1899 686 2003 742 membro

391 777 413 834 si
428 776 480 834 tale
497 776 672 835 commodum
688 792 736 849 per
749 776 872 834 edictum
887 780 1058 850 propositum
1073 793 1126 834 non
1144 793 1191 834 ec·
1225 787 1292 836 sunt
1313 781 1417 850 facilia,
1433 785 1461 835 et
1482 779 1541 836 ideo
1562 779 1605 834 illa
1627 779 1732 834 omitto.
1747 779 1776 834 ln
1798 775 1936 848 pririlegiis
1949 791 2002 847 ergo

391 866 511 939 quiritur
525 866 669 938 ignoranti,
682 865 746 923 licet
760 865 843 924 iaciat
857 874 962 938 actum,
978 873 1091 939 propter
1106 882 1189 941 quem
1225 869 1301 940 primi
1313 869 1424 942 generis
1439 869 1591 924 admittitur
1601 867 1688 940 prima
1699 869 1829 923 sententia
1840 871 1944 937 propter
1956 867 2004 920 etus

286 1007 288 1013 ,
389 955 541 1028 praemium
556 955 681 1028 ollertur,
692 955 772 1012 etiam
783 971 837 1012 non
851 957 1008 1028 acquiretur
1018 951 1189 1028 proposituin
1224 957 1448 1030 tundamentum,
1467 959 1532 1030 quia
1546 972 1610 1014 oum
1631 955 1833 1020 illadonierant
1846 953 1956 1026 aliquid,
1971 971 2006 1010 re·

391 1057 441 1116 per
455 1049 606 1120 statutum,
622 1059 685 1101 uam
698 1050 741 1101 est
752 1044 847 1102 eadem
864 1047 950 1101 ratio:
964 1061 1026 1102 nam
1040 1047 1122 1101 etiam
1134 1045 1190 1101 edi·
1225 1049 1339 1123 quirunt
1354 1047 1570 1120 acceptationem
1586 1046 1750 1117 recipientis.
1767 1046 1796 1100 ln
1811 1043 1951 1118 privilegiis
1966 1059 2006 1098 au·
2095 1066 2096 1069 ¹

390 1139 468 1190 ctum
485 1135 672 1191 transitorium
685 1139 773 1205 polest
787 1142 899 1207 propter
912 1135 1014 1192 bonum
1031 1149 1188 1206 commune,
1225 1144 1279 1192 τετε
1302 1135 1416 1193 εεεεετττ
1435 1137 1542 1208 generis
1563 1136 1716 1206 praefertur
1735 1133 1859 1191 weunda
1880 1133 2004 1200 sententia,

389 1222 432 1280 vel
447 1221 566 1296 aliquam
580 1223 712 1280 rationem
723 1223 861 1296 publicam
874 1225 946 1296 lieri,
959 1223 1071 1297 etquod
1082 1226 1117 1280 sit
1133 1239 1190 1280 ma·
1225 1226 1289 1297 quia
1312 1225 1337 1280 in
1359 1240 1390 1280 ea
1409 1223 1502 1280 delicit
1523 1223 1731 1281 tundamentum
1746 1223 1848 1295 primae
1865 1225 2005 1285 nocentiae,

388 1311 430 1384 gis
444 1312 486 1368 vel
501 1312 590 1368 minus
605 1310 745 1384 durabile,
767 1313 874 1370 videtur
892 1313 1117 1370 accidentarium.
1133 1314 1189 1370 Nee
1223 1315 1279 1369 imo
1296 1320 1388 1385 potest
1402 1313 1514 1370 formari
1528 1314 1707 1370 contrarium.
1718 1313 1788 1369 Nam
1802 1328 1873 1368 onus
1887 1309 2008 1382 obligatio·

389 1401 480 1458 minus
496 1400 538 1458 lex
552 1401 692 1458 scientiam
704 1402 834 1476 requirit,
850 1417 933 1475 quam
946 1402 1121 1474 rescriptum,
1139 1417 1189 1458 neo
1224 1401 1282 1472 nis,
1305 1401 1346 1458 vel
1369 1401 1606 1473 impedimentum,
1622 1401 1697 1474 quod
1715 1417 1766 1474 ρετ
1786 1401 1840 1458 τετε
1854 1398 2006 1472 privilegium

388 1504 551 1548 econverso
569 1492 654 1564 magis
669 1491 759 1548 obstat
773 1492 923 1564 ignorantia
942 1493 1093 1564 rescripto,
1106 1505 1188 1563 quarn
1224 1490 1364 1560 sulcatur,
1374 1490 1431 1546 sola
1443 1491 1571 1562 principis
1582 1488 1722 1547 voluntate
1733 1491 1891 1562 impositum
1904 1487 1950 1544 init
1960 1486 2006 1543 sina

389 1579 454 1654 legl.
468 1578 546 1636 Unde
559 1581 579 1636 si
595 1579 628 1636 ad
640 1580 739 1637 ducem
751 1579 811 1636 belli
823 1596 870 1636 rea
883 1581 1015 1637 scriberet
1026 1581 1189 1652 promittens
1224 1580 1411 1652 acceptatione
1424 1579 1555 1652 alterius,
1567 1595 1634 1652 ergo
1646 1580 1798 1651 peneadem
1810 1578 1944 1646 aulertuq
1953 1592 2006 1647 ergo

388 1671 414 1728 ln
434 1669 584 1740 praemium
603 1669 683 1726 talem
704 1669 851 1734 bonorem,
868 1670 889 1726 si
906 1670 985 1726 talem
1000 1669 1135 1727 obtineret
1148 1672 1189 1727 vi·
1225 1669 1317 1725 statim
1332 1674 1463 1740 operatur
1475 1669 1555 1724 etiam
1569 1671 1645 1724 circa
1664 1669 1857 1740 ignorantem,
1872 1668 1933 1738 quia
1949 1665 2007 1721 illins

388 1759 506 1816 etoriem
516 1799 523 1830 ,
535 1765 565 1814 et
581 1757 626 1815 ille
640 1765 701 1815 ante
716 1764 858 1830 receptum
873 1759 1037 1830 rescriptum
1051 1757 1190 1814 oblineret
1226 1758 1442 1828 acceptationem
1463 1772 1517 1812 non
1537 1759 1669 1830 requirit,
1684 1763 1712 1814 et
1725 1755 1820 1814 notitia
1839 1756 1962 1828 privilegii
1973 1771 2009 1809 so-

387 1847 546 1920 victoriam,
562 1847 595 1905 de
616 1847 660 1904 illo
680 1855 753 1905 esset
765 1847 859 1905 eadem
875 1847 961 1920 ratio,
977 1861 1048 1920 quae
1064 1846 1097 1904 de
1111 1861 1190 1919 prae·
1226 1845 1283 1902 lum
1298 1851 1389 1918 potest
1403 1846 1536 1916 postulari
1550 1852 1662 1917 propter
1672 1847 1899 1918 acceptationem.
1910 1845 1942 1900 Et
1953 1845 2007 1899 baec
2094 1867 2095 1872 ¹

389 1937 444 1995 mio
458 1937 598 2010 proposito
615 1952 665 2009 per
683 1933 818 1994 statutum
839 1927 981 2010 generale,
997 1937 1062 2010 quia
1076 1935 1119 1992 ille
1133 1951 1189 1993 noa
1227 1935 1361 1992 sententia
1375 1934 1466 2008 quoad
1482 1935 1557 2006 prius
1571 1935 1725 1993 membrum
1740 1938 1906 2008 supponitur
1920 1951 1950 1992 ea
1964 1936 2007 2006 pn'·

387 2034 464 2085 esset
479 2027 567 2084 minus
582 2025 679 2099 dignus
693 2028 814 2099 praemio
825 2067 833 2098 ,
844 2031 872 2082 et
885 2027 949 2099 quia
959 2027 1038 2085 etiarn
1055 2025 1189 2082 militabat
1225 2039 1281 2096 me,
1294 2022 1384 2097 quoad
1396 2024 1534 2096 posterius
1544 2039 1610 2080 τετε
1622 2025 1742 2082 sumitur
1753 2039 1786 2080 ea
1797 2023 1866 2080 Sota
1877 2025 1903 2079 in
1914 2027 1940 2089 l,
1951 2021 2006 2078 dist.

388 2132 436 2189 ερε
452 2117 579 2190 ρτεετττττ·,
592 2131 657 2188 ergo
668 2115 710 2172 vel
722 2117 877 2188 inutraque
889 2131 957 2173 casu
968 2114 1189 2173 admittendaast
1222 2117 1272 2184 29,
1286 2129 1315 2185 q.
1331 2117 1361 2186 2,
1378 2120 1430 2169 ert.
1451 2116 1476 2186 t,
1492 2120 1629 2185 quatenus
1643 2115 1783 2186 supponit,
1801 2112 2008 2184 impedimentum

388 2205 527 2273 doctriua,
543 2203 586 2262 vel
605 2204 745 2277 negandas
766 2211 793 2262 et
807 2205 844 2260 ita
857 2203 1012 2276 distinctio,
1028 2220 1078 2262 seu
1092 2204 1188 2282 limita·
1223 2200 1352 2259 dirimens
1366 2202 1466 2260 auterri
1485 2216 1533 2274 ρετ
1547 2201 1778 2274 dispensationem
1796 2195 1965 2268 concessam,
1977 2207 2009 2255 et·

389 2295 427 2352 tlo
443 2309 496 2351 nou
509 2293 645 2352 subsistit.
661 2293 739 2361 Quod
754 2295 776 2350 si
790 2310 844 2351 non
857 2297 904 2351 liat
917 2295 957 2351 ais
971 2295 996 2350 in
1008 2300 1124 2364 statuto,
1140 2294 1189 2351 sed
1223 2292 1302 2348 iamsi
1319 2292 1471 2364 ignoratum
1485 2293 1560 2348 etita
1570 2294 1772 2350 matrimonium
1784 2299 1956 2350 contractum
1966 2290 2008 2346 snb

390 2383 416 2439 in
431 2382 484 2439 hoc
499 2383 600 2453 solum,
615 2382 690 2456 quod
704 2383 875 2458 privilegium
886 2392 1056 2456 proponatur
1068 2399 1117 2456 ρετ
1129 2399 1188 2442 mo·
1222 2379 1267 2437 illa
1280 2396 1328 2452 spe
1338 2421 1345 2450 ,
1357 2380 1400 2437 rel
1412 2383 1584 2455 coniectura,
1596 2381 1670 2454 quod
1684 2383 1788 2438 Romae
1799 2380 1865 2437 data
1875 2381 1908 2437 sit
1917 2379 2008 2451 dispen-

389 2471 455 2528 dum
477 2471 602 2544 praemii3
619 2474 644 2528 in
664 2473 758 2543 primis
774 2471 854 2529 babet
867 2472 1023 2546 generalem
1037 2471 1188 2530 dilliculta-
1224 2473 1311 2542 satio,
1328 2478 1391 2527 ante
1405 2471 1543 2543 propriam
1558 2472 1681 2528 notitiem
1695 2471 1770 2542 eius,
1785 2470 2010 2536 ralldumesse,et

389 2566 459 2627 tem,
481 2558 619 2632 quomado
637 2561 796 2617 interveniat
819 2560 853 2616 rbi
874 2577 938 2618 τετε
959 2563 1028 2617 ratio
1049 2561 1137 2616 meriti
1159 2568 1188 2618 et
1224 2545 1399 2633 permanere,
1421 2563 1443 2616 si
1463 2567 1558 2633 postea
1576 2569 1700 2632 constet,
1720 2560 1949 2633 dispensationem
1965 2559 2008 2612 ian

389 2649 511 2720 praemii.
525 2648 559 2705 et
572 2647 668 2706 deinde
681 2665 733 2706 non
745 2648 853 2706 videtur
864 2665 946 2722 posse
957 2649 1032 2708 reddi
1044 2649 1187 2706 sufficiens
1223 2650 1269 2706 illo
1284 2657 1406 2722 tempore
1425 2649 1509 2707 luisse
1527 2650 1689 2723 expeditam.
1704 2649 1783 2716 Quod
1803 2652 1929 2721 sequitur
1941 2649 2008 2705 Vara·

285 2777 293 2796 .
389 2739 471 2810 ratio,
487 2753 537 2795 cur
560 2738 729 2812 privilegium
749 2738 920 2811 propositum
941 2739 966 2794 in
985 2739 1189 2795 remuneratio·
1223 2755 1289 2798 cruz
1310 2741 1338 2796 in
1358 2739 1492 2812 Speculo,
1511 2743 1535 2796 t.
1557 2748 1629 2810 part.
1653 2739 1720 2797 dub.
1745 2744 1794 2810 ltl,
1813 2743 1843 2796 in
1863 2736 2006 2812 appendice,

388 2843 450 2886 uem
471 2827 555 2884 luturi
576 2829 665 2900 operis
686 2829 846 2901 acquiratur
867 2843 915 2899 per
936 2843 1024 2899 opus,
1042 2835 1187 2901 antequam
1221 2834 1285 2896 §ct
1299 2832 1327 2886 sl
1336 2834 1405 2905 post
1423 2829 1675 2902 dispensationem
1683 2815 1736 2890 set
1756 2827 1915 2887 Ludoricus
1934 2829 2008 2897 Luper

388 2917 532 2990 promissio
546 2917 586 2973 rel
601 2917 709 2975 collatio
724 2917 785 2974 talis
801 2917 910 2990 praemii
925 2917 959 2973 ad
981 2919 1108 2974 notitiam
1123 2932 1188 2988 oper
1222 2923 1250 2978 t.
1264 2938 1290 2993 p.
1302 2919 1427 2976 tracl.de
1438 2921 1719 2991 matrimon.cap.lt,
1729 2917 1974 2988 lol.20ttl,oolum.
1988 2920 2007 2970 l.

386 3008 472 3064 rantis
485 3007 633 3078 perveniat,
649 3013 677 3063 et
689 3006 1104 3080 pelvilegium'remuneralivum
1122 3019 1186 3075 ope·
1222 3008 1274 3065 Sed
1288 3011 1317 3064 in
1333 3008 1385 3065 bae
1400 3008 1533 3065 sententia
1548 3008 1602 3064 hoo
1622 3009 1761 3079 posterius
1776 3007 1929 3065 membrum
1941 3006 2007 3062 babet

386 3097 425 3154 ris
446 3097 500 3154 lana
520 3095 600 3170 lacti,
621 3101 649 3153 et
663 3111 725 3153 τετε
740 3096 812 3170 digni
827 3095 871 3152 tali
887 3097 1005 3167 praemio
1021 3113 1074 3153 non
1092 3096 1187 3168 acqui·
1221 3114 1333 3173 gravem
1348 3097 1541 3156 difficultatem
1562 3097 1712 3168 moralem,
1729 3113 1813 3170 quam
1833 3099 1861 3154 in
1880 3095 1962 3169 eapite
1974 3109 2008 3148 se·

386 3192 468 3243 ratur
481 3193 542 3243 ente
557 3186 680 3244 notitiam
695 3187 896 3257 concessionis,
908 3187 973 3259 quia
986 3186 1060 3259 quod
1071 3188 1187 3257 promis·
1223 3190 1318 3262 quenti
1333 3188 1445 3246 interius
1459 3186 1631 3245 commodius
1645 3202 1809 3260 proponam.

386 3274 444 3348 sio,
458 3289 506 3331 seu
525 3274 636 3332 collatio
647 3273 831 3333 conditionata
843 3275 1037 3347 praecesserit,
1053 3290 1117 3331 eum
1129 3274 1188 3332 luc-
1260 3280 1288 3335 d.
1304 3278 1404 3345 Quinta
1418 3277 1510 3349 opinio
1524 3275 1667 3347 distinguit
1678 3274 1760 3332 aliter
1768 3291 1802 3332 er
1814 3284 1894 3348 parte
1905 3273 2007 3332 effectus

384 3364 421 3420 rlt
437 3363 574 3436 ignorata,
587 3361 727 3420 moraliter
741 3362 805 3420 nibil
822 3362 946 3420 conterre
960 3363 1067 3436 potuit,
1082 3364 1147 3436 quia
1159 3365 1186 3421 in
1221 3366 1364 3440 privilegii.
1383 3368 1449 3423 llam
1468 3370 1558 3437 polest
1575 3378 1636 3420 esse
1650 3364 1790 3436 perlectus
1803 3372 1833 3421 et
1845 3366 1961 3437 integer,
1973 3361 2007 3416 rel

385 3453 534 3512 moralibus
556 3452 666 3525 perinde
685 3458 743 3525 est,
759 3453 846 3526 legem
867 3453 977 3510 omnino
999 3453 1135 3526 ignorari,
1153 3468 1184 3510 eo
1221 3460 1327 3514 tantum
1348 3453 1506 3526 inchoatus,
1527 3459 1556 3510 et
1573 3452 1729 3510 secuudum
1748 3452 1827 3526 quid.
1844 3453 1929 3510 Priori
1942 3449 2009 3508 modo

385 3557 438 3600 nou
458 3558 535 3610 esse,
556 3551 692 3615 quantum
711 3541 746 3599 ed
765 3559 835 3615 opus
850 3544 998 3615 operantis.
1013 3545 1053 3598 de
1068 3541 1186 3615 denique
1220 3546 1340 3602 latentur
1360 3549 1490 3602 auctores
1510 3543 1594 3600 huius
1614 3541 1765 3613 opinionis,
1781 3542 1950 3615 privilegium
1963 3555 2007 3595 aaa

384 3631 596 3691 fundamentalis
607 3634 678 3690 ratio
689 3632 770 3688 unius
782 3632 896 3690 membri
909 3631 1089 3690 distinctionis
1097 3647 1186 3706 aeque
1219 3634 1319 3692 babere
1339 3631 1467 3690 ellectum
1481 3647 1564 3688 suarm
1580 3631 1741 3703 priusquam
1756 3631 1956 3704 privilegiariua
1968 3644 2007 3684 no·

382 3723 412 3778 la
425 3722 511 3779 altero
524 3720 615 3779 locum
628 3720 723 3787 babet,
736 3720 856 3794 seilicet,
870 3721 934 3794 quia
945 3719 1118 3793 privilegium
1130 3736 1183 3777 non
1217 3727 1305 3782 titiam
1317 3723 1392 3781 illius
1405 3722 1519 3792 habeat,
1534 3720 1659 3792 illudque
1672 3727 1817 3792 acceptet,
1833 3728 1942 3794 propter
1954 3719 2005 3774 lun·

384 3812 541 3885 acquiritur
558 3811 616 3867 sine
630 3811 832 3882 acceptatione3
849 3824 912 3867 nana
926 3810 949 3866 ετ
963 3809 1017 3866 boc
1031 3824 1128 3867 aerum
1142 3817 1185 3868 est
1218 3805 1486 3884 damentumprimas
1501 3809 1660 3880 renuntias,
1672 3809 1864 3882 quamdiount
1875 3813 1929 3868 isto
1941 3805 2008 3864 modo

384 3901 412 3958 ln
427 3898 567 3973 privilegio
582 3900 782 3956 remunerativo
797 3899 889 3971 operis
903 3899 956 3956 iem
967 3897 1031 3955 laeti
1043 3941 1051 3969 ,
1064 3914 1115 3956 cur
1129 3914 1184 3956 noa
1218 3917 1279 3959 esse
1290 3899 1506 3973 intelligendam.
1519 3898 1668 3955 Posteriari
1679 3905 1773 3956 autem
1783 3899 1868 3956 modo
1877 3901 2007 3969 duntpro·

384 3989 436 4046 erit
449 3988 475 4045 in
490 3989 707 4045 remuneratione
720 3987 809 4060 operis
822 3985 957 4045 lactendi?
968 3986 1016 4044 llal
1031 3987 1053 4043 si
1067 3989 1094 4044 in
1108 3995 1184 4045 utro·
1218 3991 1315 4048 cedere
1330 3987 1479 4046 secundam
1495 3988 1659 4044 sententiam
1669 3979 1679 4061 ς’
1694 3994 1792 4059 putant
1809 3990 1883 4046 euim
1897 4000 2008 4044 neeessa-

384 4093 439 4154 que
454 4078 609 4134 necessaria
622 4083 680 4149 eat,
697 4082 841 4146 aneutro,
852 4075 895 4133 ael
910 4077 943 4133 ab
957 4083 1075 4148 utroque
1091 4076 1183 4133 haberi
1217 4081 1288 4137 riurn
1303 4122 1310 4150 ,
1331 4087 1362 4136 ut
1376 4077 1506 4150 privilegii
1521 4081 1665 4134 concessio
1679 4093 1695 4134 a
1709 4077 1831 4150 principe
1847 4077 1918 4134 iacta
1931 4075 2008 4132 statim
2096 4129 2097 4138 ρ

384 4167 486 4241 poterit
506 4165 563 4224 sine
583 4166 676 4222 notitia
696 4165 892 4223 concessionis.
909 4166 960 4223 Est
979 4179 1045 4238 ergo
1061 4164 1183 4222 difficilis
1217 4169 1329 4242 incipiat
1350 4167 1450 4224 babere
1468 4165 1585 4239 aliquem
1599 4166 1739 4224 ellectum.
1756 4165 1836 4233 Qasod
1850 4169 1873 4224 ετ
1888 4166 2006 4240 inquiras,

384 4271 448 4332 ρετε
462 4255 526 4327 illa,
540 4261 568 4313 et
581 4259 638 4312 tota
651 4253 799 4311 distinctio.
1217 4258 1342 4330 quisnam
1355 4255 1399 4313 bie
1407 4256 1522 4312 allectus
1529 4256 1575 4328 sit3
1586 4255 1669 4328 aliqui
1677 4255 1856 4329 respondent,
1866 4256 2006 4320 essebuac,

424 4349 450 4404 b.
468 4345 570 4414 Quarta
584 4343 717 4402 senentio
730 4341 845 4416 cogitari
855 4348 946 4415 potest
955 4357 1019 4400 eum
1031 4342 1183 4401 distinctio·
1218 4348 1283 4418 quia
1297 4345 1441 4403 concessio
1453 4343 1509 4416 illa,
1522 4343 1587 4401 licet
1598 4344 1722 4401 nondum
1731 4345 1759 4400 in
1769 4343 1889 4402 alterum
1901 4348 2007 4402 transtu·

383 4449 417 4492 ne
432 4433 500 4504 alia,
515 4435 597 4492 etiam
610 4449 644 4491 ex
658 4440 734 4507 parte
748 4433 888 4507 privilegii.
904 4434 972 4490 llam
986 4423 1124 4507 quoddam
1139 4441 1184 4491 est
1217 4434 1280 4491 lerit
1293 4435 1354 4506 ius,
1370 4432 1547 4490 nibilominus
1561 4435 1707 4490 retraetari
1721 4449 1774 4490 aon
1790 4438 1897 4506 potest,
1915 4448 1960 4490 nec
1975 4428 2007 4486 al·

382 4521 537 4582 concedens
555 4539 603 4596 per
616 4538 646 4581 se
660 4538 693 4580 ac
705 4522 889 4596 principaliter
901 4521 1011 4595 aliquod
1022 4521 1081 4596 ius,
1096 4521 1181 4595 digni·
1218 4525 1270 4580 teri
1290 4523 1360 4595 fieri,
1382 4521 1469 4578 donec
1489 4520 1551 4593 ille,
1566 4522 1613 4578 eui
1628 4521 1702 4579 lacta
1713 4528 1772 4594 est,
1786 4529 1852 4594 post
1864 4523 1935 4580 illius
1948 4520 2008 4576 noti·

383 4619 484 4687 tatem,
499 4619 548 4671 aut
562 4618 725 4685 potestatem
736 4652 744 4682 ,
757 4627 829 4685 quae
840 4627 890 4684 per
903 4611 1016 4669 modum
1032 4619 1113 4668 actua
1127 4613 1182 4684 pri·
1216 4612 1282 4670 tiam
1300 4611 1419 4670 babitam
1435 4611 1508 4667 illam
1521 4625 1576 4667 non
1591 4616 1728 4682 acceptet.
1744 4613 1896 4684 Potestque
1908 4608 2006 4667 landari

381 4706 420 4760 ml
440 4701 582 4760 confertur
601 4700 801 4775 privilegiario,
817 4708 850 4758 ut
868 4707 963 4773 postea
983 4701 1028 4758 illo
1043 4701 1082 4758 uti
1096 4703 1182 4774 possit
1216 4704 1243 4760 in
1257 4717 1320 4774 cap.
1336 4703 1368 4760 di
1381 4704 1446 4773 qais
1459 4699 1583 4767 absenti,
1600 4697 1635 4755 de
1649 4697 1797 4771 praebend.
1814 4699 1840 4756 in
1856 4703 1889 4773 li,
1904 4699 1947 4756 ubi
1960 4697 2005 4753 boe

383 4807 435 4850 suo
450 4791 578 4858 arbitri03
590 4790 664 4848 eliud
678 4796 720 4847 est
733 4805 782 4862 per
795 4804 824 4847 se
839 4803 871 4846 ac
887 4789 1070 4861 principaliter
1084 4787 1181 4846 tollens
1216 4791 1306 4862 ipsum
1327 4790 1430 4848 dicitur
1451 4787 1485 4845 de
1504 4788 1649 4845 collatione
1668 4788 1788 4845 beneficii
1809 4789 1914 4846 absenti
1932 4789 2005 4851 laeta

381 4896 453 4940 onus
473 4877 582 4954 aliquod
602 4879 643 4936 ael
660 4877 897 4952 impedimentum,
913 4883 962 4934 aut
976 4876 1178 4951 obligationem,
1215 4880 1346 4951 quianon
1361 4877 1601 4949 babetellcctum,
1617 4877 1705 4936 donec
1721 4885 1894 4951 acceptetur,
1910 4878 2006 4934 interim
2096 4865 2097 4880 ³

381 4971 1179 5044 quamprincepspotuitimponere,stpotsstposaaaau
1215 4975 1309 5026 tamea
1325 4969 1494 5026 mutarinon
1510 4973 1610 5040 potest.
1627 4966 1841 5025 ltedocelliee.
1860 4963 2006 5040 supra,al·
2056 5011 2060 5022 .
2096 4991 2097 5004 a

381 5058 452 5117 lerre
465 5073 513 5132 per
523 5057 635 5116 modum
645 5057 863 5130 dispensationis.
872 5057 948 5115 Unde
960 5055 1114 5114 huiusmodi
1125 5059 1180 5131 pri·
1214 5057 1309 5132 legans
1323 5056 1459 5115 cardinal.
1474 5061 1502 5113 ia
1517 5071 1641 5128 prooem.
1655 5057 1789 5113 Clement.
1807 5058 1835 5113 ia
1848 5057 1932 5114 verbo
1943 5057 2004 5110 unt·

381 5147 508 5220 vilegium
520 5148 611 5219 potius
622 5147 740 5205 coulerri
751 5146 859 5204 uidetur
870 5163 918 5220 per
930 5145 1041 5204 modum
1052 5147 1176 5222 actionis,
1213 5150 1391 5205 oerntntem.
1402 5149 1435 5204 tt
1446 5147 1571 5220 prolecto
1582 5146 1791 5204 tundamentum
1803 5146 2002 5213 invalidumest3

382 5251 432 5294 seu
450 5244 530 5294 actus
550 5234 679 5310 secundi,
694 5237 740 5311 qni
758 5235 940 5312 principaliter
954 5243 982 5296 et
996 5251 1045 5312 ρετ
1058 5251 1087 5295 se
1101 5237 1131 5295 dt
1143 5237 1178 5296 ab
1213 5251 1277 5296 nam
1298 5238 1406 5296 collatio
1427 5236 1550 5296 benedcii
1572 5252 1627 5294 non
1647 5243 1690 5293 est
1704 5236 1891 5310 privilegium,
1906 5235 1951 5295 sed
1965 5248 2003 5291 res
