4294 6238
965 326 1118 379 maura.
1744 315 1804 378 all

188 451 280 508 iniarr.
298 451 440 512 interdum
461 452 655 526 obligationem
675 453 789 522 tollens,
805 459 853 521 ut,
868 451 934 508 lieet
947 452 1005 506 iure
1043 453 1099 523 eti,
1113 450 1158 508 ael
1171 450 1237 524 quid
1250 453 1327 523 iuris3
1344 453 1419 524 item,
1436 461 1467 512 ut
1480 461 1523 512 ost
1536 455 1602 529 quid
1620 454 1697 527 iacti,
1713 458 1844 526 primast

186 544 343 622 communi
363 543 495 600 sententia
516 543 613 600 debeat
627 542 803 615 pronunciari
819 558 834 598 a
848 539 958 611 iudica,
973 539 1007 597 de
1042 554 1092 610 per
1105 555 1133 595 sc
1148 541 1270 596 consistit
1283 542 1307 596 in
1323 543 1493 600 solemnitate
1514 543 1619 618 aliqua,
1635 560 1684 600 seu
1702 559 1844 600 caeremo-

187 629 270 704 stylc
285 631 384 686 curiae
399 630 500 687 dicitur
513 647 566 686 non
580 646 641 686 esse
656 632 852 688 necessarium.
865 629 1006 686 Interdum
1042 629 1086 683 nia
1106 629 1224 684 alicuius
1245 635 1335 685 actus.
1351 632 1386 686 Et
1406 631 1432 686 in
1447 631 1497 687 bac
1512 633 1673 703 acceptione
1690 637 1843 703 usurpatur
1866 660 1875 673 -

190 716 457 789 interpretationem
478 719 545 775 iuris
565 718 686 788 inducit,
707 719 789 775 eliam
809 718 1006 788 authenticam,
1042 717 1070 770 in
1091 717 1179 772 tribus
1199 719 1325 788 capitulis
1346 719 1472 792 alligatis.
1489 721 1565 777 Unde
1586 719 1620 776 ud
1639 720 1795 778 huiusmodi
1810 721 1845 776 ri·

187 809 219 858 et
235 807 420 878 sequendam.
440 807 583 875 Quomodo
594 815 686 864 autem
698 807 787 882 stylus
802 805 1005 874 introducatur,
1043 811 1102 860 tum
1124 821 1178 860 nuu
1200 813 1242 862 est
1261 822 1310 879 per
1328 823 1357 863 se
1370 809 1526 865 necessaria
1539 809 1731 878 causaretudo,
1748 825 1799 865 nec
1813 826 1842 865 a·

188 901 227 949 ut
245 893 348 952 babeat
364 895 413 951 laos
427 895 543 952 allectus
563 912 627 952 cum
647 896 825 968 proportione
840 894 874 952 ad
887 909 1006 951 cousue—
1043 902 1140 951 ctuum
1156 895 1320 966 frequentia,
1337 897 1445 968 saepius
1459 899 1532 953 enim
1544 897 1694 956 instituitur
1707 903 1768 954 ante
1784 913 1843 952 om·

190 982 342 1056 tudinem,
357 983 611 1054 explicandumest,
626 990 653 1041 et
666 983 893 1057 insequentibus,
906 981 1007 1056 siquid
1043 997 1104 1038 nem
1126 999 1224 1052 usum,
1241 991 1289 1040 aut
1309 983 1409 1054 aerbo,
1427 992 1458 1042 ut
1478 985 1603 1042 Christus
1618 986 1746 1042 Dominus
1767 987 1842 1041 insti-

189 1071 326 1128 babucrit
345 1061 481 1144 speciale,
496 1073 683 1130 adnotabitur.
1042 1072 1096 1126 tuit
1116 1070 1323 1129 substantialem
1342 1072 1427 1128 ritum
1440 1081 1695 1142 sacramentorum,
1712 1081 1760 1129 aut
1773 1074 1842 1129 scri·

238 1167 264 1218 5.
281 1167 376 1234 Atque
387 1161 449 1218 binc
463 1163 572 1219 tandein
584 1162 693 1233 intelligi
706 1166 807 1233 potest,
818 1175 889 1233 qrrne
900 1167 929 1216 ct
938 1173 1008 1232 qua·
1043 1165 1108 1229 pto,
1121 1165 1152 1214 ut
1162 1158 1264 1215 marlae
1275 1159 1457 1217 accidentales
1468 1161 1663 1232 solemnitates,
1678 1164 1842 1218 electiones

192 1249 239 1306 les
253 1251 409 1307 censendae
424 1251 478 1308 sint
490 1250 564 1323 leges
579 1250 652 1325 styli.
665 1249 815 1319 Dupliciter
828 1249 900 1306 enim
916 1253 1008 1318 potest
1045 1261 1140 1302 sacrae
1161 1246 1194 1302 ab
1215 1248 1341 1304 Ecclesia
1355 1248 1493 1306 institutae
1506 1256 1586 1319 sunt,
1603 1255 1633 1306 ut
1648 1255 1767 1306 constat.
1783 1251 1842 1306 Non

191 1337 242 1393 illa
263 1338 456 1396 determinatio
477 1339 648 1406 sumi,cum
669 1337 759 1410 aliqua
773 1338 814 1393 lex
829 1336 932 1394 dicitur
945 1351 1007 1392 esse
1042 1342 1178 1407 repugnat
1199 1342 1308 1406 autem,
1332 1337 1386 1391 ime
1406 1337 1491 1393 etiam
1508 1353 1589 1410 saepe
1609 1337 1755 1410 contingit,
1773 1339 1841 1393 ritus

192 1425 270 1500 styli.
286 1429 348 1484 Uno
372 1427 473 1500 modo,
495 1435 527 1484 ut
545 1427 591 1484 illa
605 1427 788 1484 denominatio
801 1428 837 1483 sit
851 1427 884 1482 ab
899 1425 1007 1484 obiecto
1043 1421 1200 1480 huiusmodi
1225 1440 1278 1480 usu
1298 1431 1326 1480 et
1345 1425 1545 1482 consuetudine
1565 1425 1717 1497 introduci,
1732 1436 1760 1482 et
1775 1434 1841 1482 tunc

193 1513 283 1586 legis,
300 1531 352 1572 scu
367 1519 506 1587 materiae,
517 1517 593 1574 circa
604 1531 686 1590 quam
699 1521 836 1572 versatur.
849 1515 932 1571 Etsic
944 1529 1007 1586 pro·
1042 1511 1103 1566 talia
1118 1511 1291 1568 consuetudo
1306 1511 1360 1569 diei
1375 1511 1465 1584 pdtest
1478 1515 1688 1587 rituaquidam,
1705 1521 1736 1570 ut
1750 1514 1843 1570 volue-

192 1605 255 1674 prie
270 1605 333 1661 talia
350 1605 393 1662 lex
408 1621 456 1676 per
470 1622 500 1662 se
514 1622 567 1661 non
582 1607 701 1677 pertinet
716 1604 750 1661 ad
762 1603 1004 1673 cousuetudinem,
1041 1607 1105 1656 runt
1119 1598 1183 1656 dicti
1198 1607 1342 1672 auctores,
1356 1604 1494 1673 oportebit
1506 1610 1597 1660 autem
1608 1603 1678 1658 illam
1690 1603 1842 1675 distingue·

191 1691 244 1748 sed
259 1697 349 1766 magis
364 1694 398 1750 ad
412 1694 661 1768 legemacriptam,
673 1709 745 1766 quac
756 1693 919 1765 disponitde
934 1691 1007 1768 stylu
1038 1702 1071 1743 re
1081 1728 1090 1759 ,
1102 1695 1134 1745 ut
1148 1696 1191 1746 est
1206 1689 1272 1762 quid
1287 1690 1365 1761 lecti,
1379 1691 1420 1748 sel
1433 1691 1510 1747 iuris.
1523 1691 1591 1747 Nam
1603 1693 1683 1762 priori
1698 1689 1778 1747 ruodo
1789 1693 1841 1747 erit

191 1781 334 1858 servando
354 1785 381 1838 in
407 1783 466 1852 bis,
482 1798 552 1856 quae
573 1791 747 1839 concernunt
760 1781 915 1850 iudicialis,
932 1783 1008 1838 sicut
1039 1776 1192 1848 frequentia
1208 1780 1249 1834 sic
1260 1779 1389 1850 operandi
1401 1779 1426 1834 in
1439 1779 1486 1842 tall
1495 1781 1622 1848 materia,
1636 1780 1778 1850 posteriori
1793 1794 1841 1836 au·

192 1873 224 1926 in
238 1870 380 1928 rhetorica
396 1871 523 1930 diccmur
537 1870 610 1944 leges
625 1871 705 1945 styli,
720 1885 790 1942 quae
806 1870 874 1927 tradi
891 1875 1007 1942 possunt
1040 1872 1096 1921 tem
1118 1864 1199 1922 mado
1222 1881 1283 1922 esse
1303 1867 1459 1938 poteritine
1474 1866 1583 1940 aliquod
1598 1884 1651 1924 non
1666 1868 1799 1939 scriptum
1814 1870 1840 1924 in

190 1957 228 2014 de
250 1959 349 2035 modo,
364 1967 393 2016 et
410 1959 502 2017 ordine
516 1962 679 2032 gravitaret
696 1958 815 2015 suaviter
829 1974 862 2014 ac
877 1958 951 2015 clare
966 1959 1005 2014 lo·
1039 1954 1134 2010 eadem
1156 1956 1270 2012 materia
1293 1972 1341 2026 per
1356 1955 1429 2012 illam
1444 1955 1625 2030 frequentiam
1638 1954 1797 2013 inductum:
1813 1962 1841 2014 et

191 2047 316 2118 queudi,
332 2047 376 2103 sel
390 2047 536 2104 scribendi.
550 2049 586 2106 Et
600 2047 757 2104 huiuamodi
772 2053 838 2102 sunt
852 2047 926 2119 leges
942 2049 1003 2122 styli
1042 2041 1080 2098 sic
1101 2043 1157 2100 lere
1169 2059 1272 2100 ‚omncs
1294 2045 1509 2104 consuetudines
1529 2048 1678 2102 canonicae
1691 2047 1717 2102 iu
1727 2046 1840 2118 ,actibus

192 2139 272 2208 regni
287 2137 446 2208 Hispaniae,
460 2138 488 2192 ia
511 2137 613 2209 quibus
627 2137 707 2193 etiam
721 2151 801 2208 saepe
816 2135 904 2211 stylus
920 2137 1004 2192 moris
1041 2131 1239 2201 pertinentibus
1254 2131 1288 2188 ad
1304 2133 1412 2190 cultum
1427 2133 1490 2206 Ilei,
1501 2139 1638 2206 quatenus
1651 2136 1690 2190 eis
1704 2133 1772 2190 dant
1785 2134 1839 2191 lor·

190 2233 221 2280 et
237 2225 448 2282 consuetudinis
480 2225 623 2298 allegatur.
639 2223 881 2294 Etitaexistimo,
897 2225 1004 2296 abipsa
1038 2235 1129 2290 mam,
1149 2235 1197 2276 scu
1221 2221 1367 2292 specialem
1388 2222 1584 2295 modum,dici
1604 2229 1736 2295 poterunt
1754 2224 1836 2278 ritus.

192 2313 312 2369 materia
327 2313 572 2369 denominationem
584 2313 657 2368 illam
669 2314 837 2384 suscepisse,
850 2311 1000 2370 liceleri-
1038 2307 1121 2375 Quale
1142 2315 1235 2364 nutem
1256 2310 1290 2366 sit
1310 2308 1362 2366 boc
1381 2312 1439 2384 ius,
1454 2317 1482 2367 et
1494 2311 1632 2384 quomodo
1647 2310 1839 2391 intrpducntur

194 2402 288 2472 slopb.
305 2401 341 2459 de
357 2403 408 2458 Pus
423 2416 507 2473 supra
521 2419 548 2457 n.
568 2405 614 2472 53,
625 2400 704 2458 aliter
718 2400 791 2457 illam
806 2401 943 2458 rubricam
956 2417 1003 2457 ea·
1037 2413 1070 2454 ea
1090 2398 1265 2470 generalibus
1288 2399 1406 2472 regulis,
1421 2400 1455 2457 de
1476 2400 1674 2458 cousuetudine
1691 2400 1838 2472 petendum

193 2491 290 2562 plicet.
306 2491 368 2547 Alio
385 2505 451 2548 vere
466 2490 546 2547 modo
561 2495 651 2559 potest
665 2489 706 2545 lex
722 2489 784 2564 styli
795 2486 847 2544 dici
859 2489 893 2544 ab
905 2489 1003 2545 intrin·
1037 2487 1172 2555 est3nibil
1184 2488 1256 2545 enim
1268 2489 1377 2545 videtur
1389 2488 1486 2545 babere
1498 2489 1626 2562 speciale,
1640 2488 1687 2545 sed
1699 2506 1762 2546 curn
1774 2507 1836 2562 pro·
1901 2517 1907 2524 ·

195 2596 263 2636 εεεο
284 2579 386 2650 modo,
402 2593 458 2651 quo
479 2576 637 2636 introducta
655 2585 697 2634 est
712 2593 760 2648 per
773 2578 862 2634 solum
878 2593 961 2634 usum
975 2579 1002 2634 in
1036 2576 1161 2646 portione
1178 2577 1311 2649 principia
1322 2577 1355 2634 de
1370 2579 1570 2636 consuetudine
1583 2577 1744 2651 applicanda
1759 2586 1835 2636 sunt.

195 2669 243 2724 tali
263 2669 378 2725 materia
403 2669 521 2735 lorensi,
537 2683 586 2722 scu
608 2666 765 2734 iudiciaria,
780 2673 808 2723 et
825 2667 864 2723 sic
880 2675 923 2724 est
937 2681 1003 2739 pro·
1077 2670 1104 2722 8.
1120 2665 1244 2722 Tertium
1264 2665 1418 2723 membrum
1438 2669 1466 2722 in
1486 2667 1581 2723 eadem
1602 2667 1744 2738 partitione
1764 2669 1836 2739 posi·

194 2757 255 2829 prie
270 2757 314 2812 ius
330 2772 383 2813 non
395 2757 529 2827 scriptum
540 2754 592 2810 sub
603 2754 804 2812 cousuetudine
821 2755 1002 2827 conrpreben·
1036 2759 1096 2810 tum
1114 2761 1157 2809 est
1168 2751 1296 2826 soraas‚·
1311 2769 1382 2827 quae
1397 2771 1448 2812 vor
1461 2756 1489 2810 in
1503 2758 1642 2812 communi
1662 2756 1722 2813 iure
1737 2757 1836 2813 usitata

196 2862 278 2918 surn,
295 2853 328 2902 ut
342 2841 510 2917 explicatum
523 2851 575 2901 est.
1035 2858 1090 2897 non
1104 2843 1182 2898 estin
1197 2841 1248 2898 bac
1263 2829 1474 2916 significatione}
1486 2851 1515 2901 et
1526 2843 1585 2901 ideo
1595 2846 1670 2902 Bart.
1686 2847 1832 2902 Panormit.

236 2940 264 2994 6.
280 2933 360 2993 aliud
383 2935 537 2991 membrum
557 2933 646 2991 dictae
668 2931 820 3004 partitionis
834 2944 893 2990 erat
906 2937 999 2996 ritae·
1035 2931 1147 2986 liccbus
1161 2940 1187 2986 et
1201 2931 1244 2988 alii
1258 2931 1291 2987 de
1306 2932 1506 2990 consuetudine
1520 2934 1681 3006 scribentes,
1697 2933 1768 2990 illius
1780 2950 1833 2990 non

195 3040 260 3080 nam
281 3023 356 3082 huuc
380 3025 462 3081 etiam
482 3023 551 3078 iuter
571 3037 618 3090 ea,
634 3035 705 3095 quaa
720 3020 754 3078 ad
768 3022 998 3080 consuetudinem
1037 3023 1233 3076 meminerunt.
1247 3023 1347 3078 Temen
1369 3023 1394 3078 in
1416 3021 1520 3095 legibus
1540 3023 1626 3080 nostri
1647 3023 1722 3096 regni
1743 3023 1834 3080 lorum

196 3114 345 3185 pertinent,
360 3111 557 3184 pouitlloobus
567 3112 646 3168 Curi.
658 3112 682 3167 in
696 3110 770 3168 dicta
781 3112 902 3168 Praelat.
912 3116 997 3184 nti,
1034 3109 1105 3166 inter
1119 3108 1333 3166 consuetudines
1345 3113 1467 3185 ponitur,
1482 3113 1507 3167 iu
1520 3111 1539 3168 l.
1554 3115 1580 3183 l,
1592 3113 1633 3170 tit.
1648 3117 1683 3184 2,
1695 3113 1787 3184 partit.
1806 3117 1832 3186 l,

196 3219 231 3259 ea
251 3203 400 3258 Panormit.
422 3201 448 3257 in
469 3215 532 3272 cap.
551 3203 628 3257 Cam
648 3197 812 3256 secandum
831 3201 865 3257 de
880 3206 996 3271 tempor.
1035 3199 1080 3254 ubi
1095 3199 1121 3255 id
1135 3206 1211 3259 notat
1224 3201 1338 3272 Gragcr.
1353 3203 1451 3274 Lopez;
1467 3209 1495 3258 et
1509 3201 1681 3258 considerata
1695 3199 1766 3257 iltius
1786 3218 1836 3259 vn·

197 3289 287 3348 ordin.
305 3290 351 3346 ubi
360 3291 401 3346 sic
414 3291 603 3362 inquietatos
613 3295 656 3345 est
666 3286 845 3346 consuetudo
858 3287 998 3346 solemni·
1033 3289 1073 3344 cis
1087 3287 1264 3358 derivatione,
1277 3286 1384 3344 videtur
1395 3289 1467 3346 idem
1478 3304 1539 3345 esse
1550 3289 1625 3362 quod
1636 3287 1735 3365 stylus,
1750 3297 1834 3360 prout

200 3385 293 3438 tatem
312 3378 458 3454 praebeas
478 3381 511 3434 ia
531 3377 632 3450 aliqua
655 3381 727 3434 acta
748 3375 926 3441 exarando,
953 3383 999 3434 tta
1032 3377 1138 3432 anobis
1151 3376 1304 3448 explicatus
1315 3383 1373 3448 est,
1387 3378 1427 3434 sel
1441 3393 1539 3449 parum
1550 3379 1584 3434 ab
1594 3376 1640 3433 illo
1651 3377 1767 3448 dillarre.
1780 3381 1832 3435 l'o·

196 3474 231 3526 at
249 3469 302 3526 abi
322 3483 395 3524 esus
415 3465 547 3540 disponit
567 3482 641 3539 erpa
657 3463 876 3522 soleaaailateaa
896 3471 993 3534 actas,
1032 3481 1096 3522 rum
1109 3468 1181 3522 enim
1196 3469 1222 3521 in
1238 3482 1290 3522 usu
1306 3465 1411 3539 vulgari
1422 3467 1514 3523 locum
1527 3466 1669 3538 publicum
1680 3467 1831 3540 significare
1865 3497 1871 3504 =

196 3561 272 3614 ritas
287 3573 339 3614 sec
354 3555 545 3612 obseruantia
557 3553 617 3610 dici
626 3557 732 3629 possit.
750 3555 784 3612 Et
797 3554 887 3610 solum
901 3555 999 3629 allegat
1032 3553 1101 3611 solet
1120 3553 1153 3611 ad
1174 3562 1359 3612 mercaturam
1374 3562 1402 3611 ει
1415 3555 1610 3628 negotiationes
1627 3555 1736 3612 venales
1751 3554 1832 3612 desti-

196 3662 258 3718 cap.
276 3647 329 3712 ult.
346 3644 380 3702 de
394 3642 559 3700 consuetud.
576 3643 621 3700 arbi
640 3642 703 3698 nibil
719 3641 752 3700 do
766 3643 859 3702 rituin
874 3645 996 3715 particu-
1032 3646 1146 3714 uatum,
1161 3649 1191 3700 ut
1204 3650 1247 3700 εει
1260 3642 1332 3715 apud
1346 3643 1442 3700 lsider.
1461 3644 1506 3700 lib.
1527 3648 1570 3701 li.
1588 3645 1670 3716 Oria.
1685 3659 1747 3716 cap.
1765 3649 1791 3714 63
1804 3651 1832 3700 et

136 3743 139 3748 '
196 3735 243 3792 lari
257 3735 371 3793 dicitur.
383 3735 464 3791 luata
478 3748 560 3806 auam
571 3730 800 3804 descriptionem,
813 3734 895 3789 etium
906 3733 995 3810 stylus
1032 3732 1096 3802 quia
1111 3731 1209 3788 iudicia
1222 3731 1247 3787 in
1259 3731 1300 3788 bis
1311 3731 1380 3788 locis
1390 3732 1507 3804 publicis
1517 3733 1639 3790 exerceri
1655 3733 1758 3804 solent,
1771 3732 1831 3790 ideo

195 3827 246 3881 erit
264 3824 376 3897 quidam
397 3823 484 3892 ritus,
501 3823 566 3879 licet
583 3838 636 3878 uon
649 3823 739 3879 omnis
753 3823 823 3878 ritus
838 3821 893 3879 dict
907 3825 996 3894 possit
1031 3817 1137 3890 credit,
1160 3819 1227 3877 illud
1247 3837 1346 3878 nomen
1362 3821 1529 3890 ,translatum
1549 3837 1609 3880 esse
1629 3823 1663 3880 ad
1678 3825 1831 3897 signitican-

195 3913 294 3988 stylus.
309 3913 384 3970 ldern
407 3927 472 3969 rere
493 3913 701 3968 Panormitauus
716 3911 742 3966 in
756 3925 818 3982 cap.
838 3914 873 3968 la
887 3911 997 3987 aliqui·
1031 3907 1098 3974 dum
1109 3907 1201 3965 locum
1213 3909 1386 3967 iudiciorum.
1396 3912 1471 3969 ldern
1483 3926 1548 3969 vero
1563 3911 1611 3969 lib.
1623 3913 1829 3984 limitarat,

195 4003 263 4070 bas,
281 4003 316 4060 do
336 4003 435 4060 decim.
453 4003 481 4058 la
503 4001 621 4072 princip.
637 4000 790 4056 restrictius
810 3998 894 4058 dixit:
911 4005 995 4062 reims
1031 4003 1060 4052 at
1080 3995 1142 4052 libr.
1163 4003 1206 4056 18.
1228 3997 1359 4073 Etymol.
1377 4015 1438 4072 cap.
1459 4004 1510 4072 15,
1526 4000 1615 4058 lorum
1630 4002 1684 4067 ait,
1702 4016 1830 4058 exercen-

194 4091 349 4165 sigaiyicat
362 4107 459 4148 mores
469 4093 502 4146 ia
512 4087 725 4162 spiritualibus.
740 4089 776 4145 Et
786 4090 863 4147 iusta
875 4089 928 4147 bac
940 4107 994 4148 non
1030 4083 1130 4141 darum
1150 4085 1236 4143 litium
1258 4086 1349 4144 locum
1370 4089 1536 4163 significare,
1550 4097 1604 4146 eta
1621 4089 1702 4146 lande
1715 4105 1776 4146 case
1790 4090 1830 4147 di·

195 4182 283 4237 omuis
296 4180 455 4237 solemnitas
469 4185 549 4234 actua
562 4175 669 4233 dicetur
683 4180 765 4248 ritus,
779 4175 826 4234 sed
840 4178 995 4250 specialiter
1030 4181 1128 4245 ctum,
1143 4183 1171 4234 et
1185 4175 1341 4250 habeturin
1356 4193 1417 4250 cap.
1434 4182 1555 4246 Forum,
1573 4178 1606 4236 de
1620 4178 1730 4236 verbor.
1747 4180 1830 4252 signi·

193 4269 254 4341 illa,
269 4285 340 4342 quae
353 4274 397 4326 est
410 4269 437 4323 iu
460 4266 574 4324 materia
587 4281 682 4338 sacra,
698 4271 729 4322 ut
743 4267 886 4339 sacrificii,
905 4283 997 4325 sacra·
1029 4264 1104 4320 licat.
1120 4265 1197 4322 Unde
1218 4267 1299 4322 edane
1315 4267 1464 4339 siguificare
1483 4267 1553 4324 solet
1566 4267 1708 4339 proprium
1724 4267 1831 4324 territo-

194 4363 369 4428 mentorum,
384 4362 412 4412 et
425 4354 679 4425 sacramentalium,
695 4363 744 4412 aut
760 4358 928 4428 orationum,
945 4373 995 4414 seu
1031 4353 1105 4409 rium
1120 4353 1339 4426 uniuscuiusque
1360 4354 1472 4423 iudicis,
1495 4363 1542 4413 aut
1557 4355 1685 4427 praelati,
1701 4362 1729 4412 et
1742 4357 1778 4412 ita
1792 4357 1831 4412 vi·

194 4447 349 4503 mainerum
362 4443 533 4500 ciliciorum:
549 4451 578 4500 ct
592 4442 635 4500 bic
654 4441 762 4500 videtur
776 4447 932 4501 communis
947 4461 995 4502 ec·
1030 4442 1112 4500 detur
1133 4443 1205 4498 sumi
1225 4443 1250 4498 in
1267 4445 1309 4500 tit.
1327 4443 1360 4500 de
1376 4444 1435 4501 loro
1450 4451 1570 4517 compet.
1587 4453 1619 4501 ut
1631 4446 1668 4501 ibi
1682 4445 1831 4501 llcstiensis

193 4534 362 4593 clesiasticus
383 4549 452 4590 usus
473 4531 546 4589 illius
558 4534 646 4588 accis.
661 4533 807 4606 Nunquam
822 4541 914 4591 autern
932 4551 997 4606 pro·
1030 4531 1216 4588 Panormitam
1233 4537 1261 4588 et
1280 4530 1322 4588 alii
1342 4539 1447 4590 noant.
1463 4535 1552 4607 Atque
1572 4532 1634 4589 hinc
1647 4533 1728 4590 etiarn
1744 4535 1845 4606 actic-¹

193 4626 266 4683 baril
286 4622 434 4690 Panormit.
458 4621 531 4679 illam
552 4637 649 4679 rocem
669 4621 822 4694 specialiter
841 4625 995 4697 signiticare
1030 4636 1079 4677 nes
1093 4619 1234 4677 iudiciales
1248 4637 1297 4693 per
1311 4622 1525 4678 antonomasiam
1538 4620 1630 4679 vocari
1642 4623 1731 4679 solent
1747 4624 1830 4679 actio·

192 4713 420 4771 cousuetudinem
434 4710 568 4784 aliquam,
582 4711 638 4766 imo
650 4712 677 4767 in
692 4727 754 4784 cap.
771 4712 941 4787 Presbyter,
962 4712 996 4770 de
1031 4725 1079 4767 nes
1095 4707 1232 4778 lemures,
1246 4717 1277 4767 ut
1289 4713 1315 4766 in
1327 4710 1346 4765 l.
1360 4711 1464 4783 penult.
1477 4711 1506 4768 li.
1519 4712 1552 4767 de
1562 4711 1647 4783 seriis,
1667 4713 1739 4771 unde
1750 4713 1830 4770 etiam

193 4819 274 4861 sacra
289 4810 366 4860 unct.
385 4799 540 4858 notatidem
552 4800 769 4870 Panormitanus,
782 4799 857 4872 quod
868 4805 943 4858 ritas
954 4807 997 4859 est
1030 4799 1104 4857 dicta
1119 4805 1185 4856 sunt
1197 4801 1379 4856 instrumenta
1393 4798 1511 4857 lorensia
1527 4802 1680 4872 scripturae
1692 4802 1829 4874 publicae,

192 4891 343 4966 quaedam
355 4889 530 4947 solemnitas
543 4885 684 4960 etscrma
697 4887 870 4964 specialiter
879 4893 913 4948 ia
924 4897 996 4949 acta
1031 4903 1104 4964 quae
1118 4889 1196 4946 tidem
1211 4890 1236 4944 iu
1250 4887 1352 4946 iudicio
1367 4889 1485 4962 iaciunt,
1501 4888 1520 4945 l.
1536 4894 1781 4963 comparationes,
1798 4892 1829 4947 C.

192 4979 419 5040 sacramentali.
1032 4979 1067 5036 de
1087 4977 1138 5035 tide
1152 4980 1317 5034 instrumen.
1332 4979 1372 5034 lta
1385 4993 1452 5050 ergo
1466 4977 1680 5035 consuetudines
1696 4979 1831 5051 pertinen·

233 5077 261 5131 i.
276 5071 451 5141 Quapropter
470 5067 596 5126 doctrina
616 5068 681 5126 data
699 5065 733 5123 de
753 5067 825 5142 stylo
840 5068 948 5132 ridetur
960 5069 996 5127 ed
1032 5076 1073 5126 tes
1087 5067 1120 5124 ad
1135 5067 1258 5125 ordinem
1273 5065 1437 5123 iudiciorum
1451 5066 1574 5124 lorenses
1590 5065 1643 5123 dici
1657 5077 1783 5139 possunt.

192 5163 277 5220 ritum
291 5157 466 5233 applicanda.
483 5159 551 5216 Nam
565 5158 634 5216 ritus
648 5172 708 5215 csse
719 5163 810 5231 potest
821 5156 863 5216 vel
875 5158 941 5231 qadd
956 5160 995 5216 la·
1070 5163 1098 5216 9.
1114 5159 1170 5214 ιιιε
1182 5155 1265 5230 igitur
1279 5154 1493 5214 consuetudines
1504 5162 1653 5214 censentur
1665 5157 1690 5212 in
1702 5158 1831 5231 Hispania
