4294 6238
894 421 1066 474 earurrv.
1694 411 1753 474 nit

151 543 281 615 capuit.
289 542 324 600 dc
340 545 507 602 consuetud.
516 545 593 602 circa
606 547 696 618 linem,
709 553 736 602 et
751 547 850 606 ibidem
860 551 958 604 Anton.
996 547 1198 605 consuetudine
1210 547 1321 620 dicitur,
1334 547 1409 604 nrrllo
1424 554 1545 620 tempore
1560 552 1729 622 confirmari,
1742 554 1798 610 Au-

150 641 180 688 et
192 633 315 690 Rochus
331 640 400 691 sect.
417 639 444 707 5,
459 650 534 692 num.
545 640 571 702 5,
587 641 616 692 et
628 639 783 711 Campis,
799 644 828 695 et
842 624 963 695 insinuat
996 639 1083 694 theut.
1095 641 1134 698 Ut
1151 637 1228 695 unilt
1240 637 1375 696 iudicum
1388 638 1487 708 liceat,
1506 641 1700 712 etc.collat.9,
1719 641 1797 718 tit.9,

150 722 297 780 Rusticus.
314 724 340 779 in
355 724 433 780 Sum.
445 722 457 790 l
469 725 520 781 ult.
532 723 627 782 eodem
643 727 686 782 tit.
700 728 795 783 Potest
810 733 901 784 autem
916 725 961 782 illa
996 741 1057 798 cap.
1073 731 1096 784 t.
1113 729 1193 784 Retio
1207 727 1287 784 ctiam
1304 726 1418 783 evidens·
1429 735 1482 796 est,
1495 729 1559 801 quia
1570 728 1611 786 lex
1626 739 1740 786 naturae
1757 739 1799 788 est

151 811 256 884 triplex
272 815 445 884 comparatio
456 814 510 869 [ieri
526 813 569 870 vel
586 813 618 870 ad
633 815 720 889 legem
734 817 900 884 naturalem,
915 816 955 873 rel
997 816 1188 885 immutabilis,
1212 823 1343 888 utsupra
1361 815 1496 886 vidimus,
1519 824 1546 874 et
1559 818 1619 873 ideo
1634 835 1686 874 non
1708 828 1799 890 potest

150 901 185 956 ad
202 904 353 973 positivum
367 903 497 971 divinam,
514 903 554 958 rel
569 903 603 960 ad
619 904 777 976 humanam,
794 911 822 962 et
837 907 872 962 tta
887 907 961 962 iuxta
997 904 1133 978 obrogari.
1149 909 1235 962 Actus
1250 906 1332 961 etiem
1348 905 1384 960 illi
1398 907 1529 962 contrarii
1544 906 1644 964 babent
1661 909 1798 979 insepara-

151 990 289 1048 illustres
307 993 381 1065 leges
396 995 540 1066 consurgit
555 993 650 1065 triplex
665 993 760 1052 divisio
785 995 961 1065 trimembris,
998 993 1077 1049 bilem
1097 993 1242 1074 malitium,
1257 1001 1285 1050 et
1302 993 1363 1050 ideo
1379 1001 1528 1066 repugnat,
1545 1003 1576 1052 ut
1591 995 1642 1051 sub
1658 996 1800 1069 obligatio-

152 1087 181 1135 et
196 1079 233 1136 de
250 1081 380 1136 omnibus
394 1079 498 1152 aliquid·
508 1081 627 1138 breviter
641 1082 780 1150 disemum
795 1089 829 1139 ut
842 1083 960 1154 reiectis,
998 1097 1059 1138 nem
1077 1081 1187 1138 cadant.
1199 1085 1286 1155 Atque
1301 1081 1350 1138 bae
1366 1084 1484 1139 rationes
1499 1084 1626 1155 probant,
1643 1101 1694 1142 non
1709 1085 1797 1144 solum

151 1185 226 1241 quae
243 1170 279 1226 ad
295 1171 452 1228 institutum
467 1187 521 1228 uon
536 1172 686 1243 pertinent,
703 1179 730 1230 et
745 1172 862 1230 breviter
875 1172 962 1244 expli·
997 1186 1051 1227 non
1065 1187 1145 1243 posse
1160 1173 1298 1228 introduci
1310 1188 1356 1242 per
1368 1171 1525 1229 huiusmodi
1536 1178 1617 1229 actus
1633 1173 1720 1246 legem
1732 1174 1800 1231 obli·

151 1259 237 1330 ratis,
254 1275 327 1332 quae
348 1259 463 1316 clariora
484 1267 568 1332 suut,
584 1260 617 1318 ad
631 1263 740 1333 propria
762 1267 790 1318 et
809 1261 963 1319 difficiliora
996 1267 1120 1332 gentem,
1134 1275 1228 1316 verum
1240 1260 1320 1317 etiarn
1332 1276 1382 1316 nec
1397 1277 1478 1332 posse
1493 1259 1594 1319 arrierri
1606 1262 1798 1334 obligationem

152 1347 307 1406 transitum
322 1347 467 1404 iaciamus.
996 1349 1063 1422 legis
1074 1349 1214 1414 naturalis,
1233 1350 1273 1404 rel
1291 1349 1347 1405 tolli
1359 1349 1467 1422 aliquod
1480 1357 1657 1422 praeceptum
1679 1353 1739 1408 eius
1751 1358 1800 1408 aut

192 1440 287 1511 igitur
302 1444 431 1510 respectu
444 1438 511 1511 legis
527 1439 658 1496 naturalis
672 1441 765 1496 nullus
777 1447 856 1498 actus
872 1456 964 1498 mora·
997 1439 1175 1510 omnino,nut
1189 1455 1221 1496 ex
1239 1439 1397 1510 purte,quia
1410 1437 1501 1511 quoad
1516 1439 1582 1495 haec
1598 1443 1686 1496 omnia
1702 1441 1798 1497 immu-

154 1527 189 1584 lis
209 1527 399 1585 videturesse
421 1537 530 1599 praeter
551 1528 621 1584 illam
643 1530 738 1586 saitem
759 1532 785 1586 in
807 1528 958 1598 indiuiduo,
997 1527 1083 1582 labilis
1098 1535 1139 1583 est
1153 1527 1195 1584 teu
1213 1526 1360 1596 naturalis,
1377 1534 1408 1585 ut
1426 1543 1510 1600 supra
1527 1528 1574 1584 lib.
1588 1531 1620 1584 ll.
1641 1531 1727 1585 visum
1743 1537 1795 1586 est.

153 1619 219 1690 quia
232 1619 325 1674 omnis
335 1625 416 1674 actus
432 1617 542 1673 moralis
553 1620 579 1673 in
597 1618 735 1675 individuo
748 1626 789 1674 est
805 1621 906 1685 bonus,
920 1620 960 1676 rel
996 1617 1084 1672 Tertia
1095 1631 1160 1672 vero
1174 1615 1437 1688 consuetudo,quae
1451 1616 1548 1672 dicitur
1561 1633 1619 1674 esse
1642 1625 1750 1687 praeter
1762 1618 1798 1674 le-

153 1705 259 1774 mnius,
271 1708 346 1762 iuxta
359 1705 566 1776 probabiliorem
579 1709 830 1780 sententiam3ergo
842 1714 961 1763 estnon·
998 1719 1060 1775 gem
1077 1703 1239 1771 naturalem,
1252 1706 1365 1776 cogitari
1380 1713 1471 1776 potest
1484 1705 1526 1762 vel
1542 1713 1671 1763 constans
1685 1723 1718 1763 ex
1732 1707 1798 1788 acti-

153 1794 265 1865 lormis,
280 1796 323 1852 rel
337 1795 470 1852 difformis
485 1794 536 1868 legi
552 1796 679 1868 naturali,
695 1799 759 1870 quia
774 1795 815 1853 lex
830 1797 962 1853 naturalis
998 1794 1049 1850 bus
1072 1793 1106 1850 de
1128 1811 1156 1851 se
1177 1794 1311 1862 honestis,
1327 1793 1368 1851 vel
1389 1810 1422 1851 ex
1442 1794 1549 1851 actibus
1571 1795 1797 1854 indifferentibus.

154 1885 188 1941 de
205 1885 338 1940 omnibus
357 1884 485 1941 humanis
505 1886 611 1942 actibus
633 1885 771 1958 disponit:
789 1884 961 1943 consuetudo
997 1885 1074 1940 Prior
1088 1889 1130 1940 est
1144 1887 1254 1956 propriu
1268 1884 1440 1940 consuetudo
1451 1883 1483 1940 de
1499 1901 1527 1941 se
1542 1893 1602 1957 apta
1615 1886 1648 1942 ad
1663 1889 1706 1942 ius
1721 1885 1797 1943 indu·

154 1981 253 2030 autem
269 1975 418 2046 consurgit
428 1989 461 2030 ex
476 1975 585 2031 actibus
596 1974 773 2048 inqindividuo
788 1975 877 2048 iactis,
894 1991 962 2050 ergo
998 1974 1133 2041 cendum,
1150 1975 1172 2029 si
1195 1973 1245 2030 alia
1259 1981 1436 2031 concurrant.
1450 1976 1484 2030 Et
1498 1975 1532 2031 de
1552 1975 1597 2031 illa
1612 1977 1798 2049 principaliter

154 2079 270 2135 semper
290 2071 333 2120 est
352 2064 394 2120 vel
415 2063 564 2120 conformis
578 2057 629 2138 legi
651 2065 785 2138 naturali,
802 2065 841 2122 vel
864 2065 897 2121 ab
918 2066 962 2122 illa
995 2062 1097 2120 dicturi
1116 2079 1223 2120 sumus.
1237 2064 1375 2120 Posterior
1391 2079 1455 2120 vero
1478 2071 1675 2137 porse,ete1
1692 2066 1798 2122 obiecto

153 2150 332 2225 discrepans,
353 2160 383 2210 et
396 2153 432 2210 ita
445 2152 518 2209 nulla
533 2154 585 2209 erit
599 2161 706 2226 praeter
720 2155 793 2211 illam
808 2153 906 2227 legem.
998 2159 1121 2223 spectata
1138 2153 1241 2210 inutilis
1256 2160 1298 2209 est
1311 2153 1344 2210 ad
1358 2155 1401 2209 ius
1417 2152 1617 2225 inducendum,
1639 2158 1702 2228 quia
1717 2163 1797 2213 actus

196 2247 228 2298 2.
241 2241 425 2299 Nihilominus
435 2248 526 2298 tamen
538 2242 676 2315 loquendo
687 2243 720 2298 de
731 2243 790 2316 lege
801 2243 919 2300 naturali
933 2249 964 2300 ut
997 2241 1180 2310 indifferentes
1191 2235 1206 2312 ,⁸
1216 2248 1248 2299 ut
1263 2241 1330 2298 talea
1344 2248 1423 2315 sunt,
1439 2259 1491 2299 non
1506 2243 1610 2300 cadunt
1623 2243 1675 2300 sub
1696 2244 1800 2317 obliga·

154 2331 321 2402 prohibente
337 2339 429 2400 actus,
440 2332 481 2388 rel
496 2338 527 2388 ut
539 2334 565 2387 in
580 2333 671 2403 rigore
687 2334 868 2405 praecipiente
882 2347 962 2389 exer·
998 2333 1112 2405 tionem,
1125 2340 1215 2388 temen
1228 2333 1250 2386 si
1265 2332 1289 2387 in
1304 2333 1343 2387 eis
1355 2337 1495 2402 spectetur
1506 2332 1595 2405 aliqua
1612 2333 1710 2389 utititas
1721 2333 1754 2389 de
1770 2349 1799 2390 se

155 2423 258 2478 citium
273 2436 383 2492 eorum,
396 2423 436 2478 sic
447 2422 581 2494 quaedam
597 2417 769 2480 consuetudo
780 2422 889 2479 dicetur
900 2437 962 2478 esse
1000 2421 1129 2492 honesta,
1150 2421 1249 2494 poterit
1269 2436 1317 2493 per
1337 2420 1417 2478 talem
1440 2421 1667 2479 consuetudinem
1688 2423 1797 2495 aliquod

157 2511 316 2570 secundum
333 2511 422 2585 legem
443 2513 612 2583 naturalem,
629 2514 693 2586 quin
713 2513 746 2570 ab
766 2512 810 2569 illa
829 2513 962 2588 procedit,
1000 2511 1043 2567 ius
1060 2511 1207 2582 introduci,
1224 2511 1265 2566 vel
1281 2509 1377 2566 saltem
1392 2513 1437 2566 ius
1452 2510 1601 2568 humanum
1617 2511 1755 2585 abrogari,
1769 2519 1799 2569 ut

156 2607 184 2656 et
204 2617 256 2674 per
269 2617 330 2657 earn
351 2600 513 2658 observatur
533 2600 574 2656 lex
596 2601 654 2673 ipsa
675 2600 820 2658 naturalis.
836 2603 963 2662 Eutreme
999 2599 1068 2656 inira
1088 2598 1229 2656 tractando
1243 2597 1277 2656 do
1295 2598 1438 2656 ellectibus
1453 2599 1660 2668 consuetudipis
1681 2601 1800 2674 explicu-

156 2705 226 2746 rero
241 2692 384 2747 contraria
398 2692 450 2747 erit
464 2697 563 2748 eontra
577 2690 682 2764 legem,
697 2691 804 2749 scilicet
816 2708 865 2764 per
880 2707 962 2765 quam
999 2691 1100 2748 bimus.
1660 2756 1669 2774 ἡ

157 2778 201 2837 lex
223 2780 358 2836 naturalis
378 2781 476 2854 quovis
496 2781 578 2837 modo
598 2781 726 2853 violatur,
747 2783 829 2838 etiam
857 2780 961 2838 leviter.
1039 2786 1065 2839 3.
1086 2781 1134 2836 llic
1156 2794 1220 2836 vero
1240 2778 1365 2834 occurrit
1385 2778 1525 2852 quaestio,
1548 2795 1581 2835 an
1602 2779 1696 2837 eodem
1718 2780 1798 2838 modo

158 2871 222 2928 blla
236 2886 303 2927 vero
317 2871 368 2927 erit
383 2878 490 2942 praeter
504 2869 658 2928 naturalem
673 2871 771 2944 legem,
785 2871 840 2927 sire
855 2879 965 2928 constet
999 2868 1168 2928 censendum
1188 2869 1223 2924 sit
1236 2867 1270 2927 de
1290 2867 1493 2934 consuetudine¹
1501 2876 1631 2941 respectu
1647 2870 1713 2927 iuris
1733 2887 1799 2944 gen·

159 2977 192 3018 er
201 2960 313 3017 actibus
326 2960 542 3018 indifferentibus
551 2963 577 3017 in
590 2961 726 3019 individuo
735 2961 888 3020 secundum
901 2979 965 3035 pro·
999 2961 1080 3018 tium.
1090 2961 1120 3015 ln
1130 2975 1185 3031 qua
1197 2973 1249 3015 non
1261 2959 1366 3030 agimus
1378 2956 1411 3013 de
1423 2959 1623 3016 consuetudine
1637 2959 1675 3016 illi
1688 2961 1797 3017 contor-

157 3050 278 3108 babilem
294 3049 460 3123 opinionem,
475 3053 532 3108 siro
545 3067 579 3108 ex
595 3051 700 3108 actibus
714 3052 855 3124 honestis,
871 3055 918 3126 qui
934 3052 964 3108 ll·
1000 3053 1051 3116 mi,
1070 3065 1131 3106 nam
1147 3055 1266 3119 constat,
1282 3048 1353 3105 illam
1367 3064 1427 3105 esse
1442 3050 1674 3107 continuationem
1690 3051 1812 3108 unirer?
1917 3041 1920 3046 ’

158 3147 207 3198 cet
227 3140 415 3212 approbentur
433 3155 449 3196 a
466 3139 525 3214 lege
546 3140 678 3213 naturali,
694 3141 736 3198 rel
757 3143 963 3214 praecipiantur
1001 3141 1067 3197 salis
1082 3137 1301 3208 consuetudinis,
1316 3146 1344 3195 et
1358 3139 1394 3194 itu
1408 3154 1468 3196 esse
1482 3137 1553 3196 idem
1570 3140 1623 3210 ius,
1639 3147 1666 3197 et
1684 3158 1737 3198 uon
1751 3151 1800 3199 no·'

159 3228 254 3302 quoad
267 3228 390 3302 modum,
400 3244 449 3286 seu
462 3229 736 3303 specificationem,id
747 3239 800 3303 est,
811 3239 842 3288 ut
854 3232 875 3286 si
888 3232 962 3303 liant,
1000 3247 1077 3288 rum.
1092 3231 1148 3286 Nee
1162 3228 1196 3285 de
1210 3227 1407 3285 consuetudine
1423 3237 1531 3300 praeter
1545 3229 1612 3287 illud
1627 3231 1669 3287 ius
1687 3240 1730 3289 est
1744 3233 1799 3292 ulla

159 3320 207 3376 tali
216 3358 224 3390 ,
239 3319 284 3376 vel
297 3317 344 3375 tati
358 3319 440 3376 modo
454 3319 533 3389 liant,
548 3318 675 3377 absolute
689 3335 744 3376 non
757 3321 964 3393 praecipiuntur
999 3318 1160 3391 difficultas,
1173 3334 1235 3374 nam
1250 3317 1295 3373 illa
1310 3315 1342 3374 de
1358 3332 1386 3373 se
1401 3316 1482 3389 bona,
1495 3325 1522 3375 et
1536 3326 1600 3390 apta
1610 3319 1643 3375 nd
1659 3321 1699 3376 ius
1712 3323 1799 3380 intro-

159 3408 254 3482 quoad
273 3408 455 3480 exercitium,
470 3407 518 3466 sed
532 3409 635 3482 absque
650 3408 708 3484 lege
728 3410 846 3468 naturali
860 3412 965 3484 praeci·
999 3407 1157 3466 ducendum
1171 3421 1231 3463 esse
1250 3411 1354 3478 potest,
1370 3407 1422 3461 nisi
1443 3407 1517 3463 aliud
1530 3408 1628 3464 obstet.
1645 3409 1796 3469 Difficultas

158 3501 250 3570 pientc
263 3499 342 3558 fiunt.
916 3525 920 3532 ·
999 3514 1065 3572 ergo
1080 3497 1169 3554 solum
1188 3501 1230 3553 est
1243 3494 1277 3552 de
1295 3495 1492 3552 consuetudine
1508 3498 1645 3554 contraria
1663 3498 1713 3556 iuri
1734 3517 1799 3573 gen·

200 3590 292 3646 Prima
305 3603 374 3662 ergo
389 3588 560 3647 consuetudo
576 3589 730 3647 secundum
745 3588 832 3662 legem
851 3597 964 3648 natura·
998 3591 1081 3660 tium,
1105 3587 1187 3660 aliqui
1206 3587 1278 3641 enim
1300 3584 1424 3640 absoluto
1446 3593 1546 3659 negant
1566 3603 1647 3658 posse
1668 3588 1798 3648 inducere

161 3679 233 3750 lem,
248 3678 315 3735 licet
328 3678 429 3751 optima
443 3679 497 3746 sit,
512 3685 543 3734 ut
556 3694 604 3751 per
618 3695 647 3736 se
661 3685 789 3750 constat,
804 3695 858 3736 non
874 3688 962 3736 tamen
999 3679 1053 3748 ius,
1067 3684 1099 3734 ut
1111 3677 1318 3734 Panormitauus
1330 3674 1356 3730 in
1370 3674 1443 3731 dicto
1457 3690 1519 3746 cap.
1532 3675 1619 3734 uitet
1635 3678 1748 3736 ltoehus
1763 3683 1798 3739 ibi

161 3768 246 3826 hahet
259 3770 402 3842 proprium
415 3767 545 3826 ellectum
561 3769 703 3842 moralem,
718 3770 765 3842 qui
781 3770 814 3827 ad
830 3785 961 3844 praesens
998 3773 1104 3839 secta,
1115 3783 1144 3822 n.
1155 3769 1197 3830 tt.
1212 3764 1355 3822 ducuntur
1366 3773 1470 3838 autem,
1488 3766 1553 3838 quia
1567 3774 1664 3838 putant
1675 3773 1718 3826 ins
1732 3788 1799 3845 gen·

162 3863 279 3930 spectet.
292 3858 351 3915 Non
363 3859 435 3914 enirn
446 3857 597 3916 introducit
610 3875 707 3916 novam
719 3860 807 3933 legem
818 3861 963 3933 positivam
999 3860 1069 3917 tium
1087 3873 1147 3915 essa
1168 3862 1274 3913 verset
1291 3856 1401 3927 proprie
1416 3855 1458 3913 ins
1480 3857 1616 3914 naturale.
1632 3859 1687 3917 Nos
1707 3869 1797 3920 autem

162 3949 239 4005 circa
252 3947 364 4005 eosdem
379 3955 476 4020 actus,
491 3949 556 4020 quia
571 3965 625 4005 non
643 3949 711 4006 tiuut
724 3965 757 4007 er
772 3950 819 4008 tati
836 3951 963 4008 intentio·
998 3963 1083 4020 supra
1101 3947 1147 4004 illa
1167 3944 1350 4018 distinximus,
1368 3950 1396 4001 et
1416 3945 1452 4002 ita
1474 3946 1613 4020 loquendo
1632 3947 1666 4006 de
1686 3953 1798 4024 proprio

162 4053 209 4107 ne,
224 4036 266 4094 vel
281 4037 433 4106 voluntate,
447 4036 494 4094 sed
508 4039 598 4095 animo
612 4038 738 4096 servandi
753 4039 841 4113 legem
853 4049 963 4098 natura·
997 4040 1058 4096 lure
1071 4037 1202 4110 gentium,
1219 4041 1310 4091 cessat
1324 4034 1391 4091 ratio
1406 4033 1488 4092 tacta.

143 4113 145 4120 ⁴
163 4125 234 4199 lem,
250 4133 280 4184 ut
295 4141 380 4198 supra
400 4132 505 4183 tactum
518 4133 572 4184 est.
586 4127 663 4185 Utilis
677 4143 742 4185 vero
755 4136 797 4187 est
817 4129 877 4188 talis
897 4147 965 4188 eon·
1038 4131 1066 4186 t.
1079 4128 1249 4198 Quapropter
1263 4124 1409 4180 dicendum
1423 4141 1535 4198 censeo,
1552 4126 1678 4185 absolute
1688 4145 1742 4186 non
1756 4145 1798 4188 re·

162 4214 282 4272 suetudo
294 4213 328 4272 ad
342 4215 587 4288 corroborandam,
601 4218 681 4274 utsic
696 4217 796 4292 dicam,
809 4219 899 4293 quoad
914 4237 962 4277 nos
997 4232 1132 4290 pugnare,
1152 4214 1254 4288 aliquid
1275 4212 1308 4270 de
1329 4215 1388 4271 iure
1408 4216 1529 4287 gentium
1551 4232 1600 4288 per
1620 4221 1799 4278 consuetudi·

164 4305 318 4362 naturalem
339 4303 442 4378 legem,
457 4305 646 4362 conservando
666 4309 825 4365 memoriam
844 4310 921 4382 eius,
935 4316 965 4366 et
997 4323 1061 4364 nem
1075 4304 1297 4378 abrogari.ltatio
1311 4311 1364 4376 est,
1377 4307 1442 4377 quia
1455 4304 1532 4379 illud,
1545 4306 1619 4379 quod
1638 4315 1744 4368 tantum
1755 4318 1798 4370 est

163 4393 325 4451 facilitatem
336 4392 519 4472 praebendam
530 4397 579 4452 toti
593 4397 780 4453 communitati
790 4397 816 4454 in
830 4397 902 4456 illius
916 4398 964 4455 ob·
996 4395 1148 4454 contraius
1162 4395 1284 4468 gentium
1297 4393 1513 4466 proprium,non'
1522 4401 1567 4452 est
1583 4397 1728 4455 intrinsece
1740 4416 1797 4458 ma-

165 4482 317 4542 serrantia.
341 4481 479 4541 interdum
494 4485 577 4542 etiam
596 4491 688 4557 potest
701 4485 768 4542 baec
788 4486 961 4545 consuetudo
996 4485 1074 4559 lum,
1090 4500 1154 4542 eum
1174 4485 1332 4556 oppositum
1351 4499 1403 4540 non
1422 4486 1460 4541 sit
1478 4483 1512 4541 de
1535 4486 1684 4546 intrinseca
1696 4489 1797 4565 obliga·

161 4573 337 4646 interpretari
357 4572 445 4647 legem
468 4580 592 4647 naturae,
608 4577 631 4632 si
652 4575 716 4633 sits
736 4575 914 4648 prudentibus
936 4584 964 4634 et
997 4579 1069 4634 tione
1085 4574 1151 4646 legis
1166 4581 1291 4630 naturae.
1299 4572 1459 4646 Exemplum
1474 4575 1563 4633 afferri
1577 4577 1647 4634 solet
1657 4580 1793 4640 exGloss.

164 4661 349 4734 sapientibus,
365 4677 399 4718 uc
420 4662 552 4720 studiosis
566 4665 630 4721 viris
645 4666 768 4738 probata.
785 4667 962 4726 Consuetudo
997 4665 1024 4721 in
1037 4665 1054 4721 l.
1066 4666 1091 4721 ιι·
1102 4662 1194 4730 locus,
1211 4663 1328 4736 liquem
1344 4661 1491 4720 admodum
1507 4667 1626 4722 servitus
1641 4669 1792 4744 amittatur;

163 4757 255 4809 autem
278 4758 374 4809 contra
398 4752 484 4826 legem
506 4761 620 4812 naturae
642 4773 694 4814 non
722 4762 844 4814 meretur
863 4773 963 4814 nomen
995 4769 1058 4812 nam
1073 4752 1107 4810 de
1121 4754 1179 4809 iure
1193 4754 1316 4826 gentium
1330 4758 1383 4824 est,
1398 4762 1429 4809 ut
1442 4753 1534 4811 nullus
1549 4755 1672 4825 privetur
1687 4775 1794 4830 posses·

164 4840 389 4913 consuetudinis,
404 4841 452 4898 sed
467 4844 663 4916 corruptelae,
679 4851 709 4902 ut
722 4847 783 4902 iura
796 4845 959 4919 loquuntur.
996 4845 1073 4901 sione
1087 4858 1149 4914 sua,
1164 4841 1293 4898 etiamad
1308 4840 1445 4914 publicam
1461 4843 1621 4918 utilitatem,
1638 4849 1688 4903 nisi
1702 4849 1794 4907 soluto

163 4931 241 4990 Unde
256 4929 362 4989 nullum
376 4931 502 4990 ellectum
517 4931 583 5006 legis
598 4933 697 4992 babere
711 4941 816 5007 potest,
831 4951 963 4994 revocan·
996 4935 1100 5007 pretio,
1115 4937 1143 4988 et
1162 4938 1252 4988 tamen
1268 4930 1466 4988 consuetudine
1485 4932 1622 4990 introduci
1639 4943 1746 5010 potest,
1763 4947 1795 4996 ιιι

164 5019 211 5086 do,
224 5019 267 5078 vel
282 5019 485 5080 introducendo
497 5021 581 5090 illam,
594 5031 627 5080 ut
640 5024 741 5082 docent
753 5023 782 5080 d.
791 5023 887 5082 Thom.
899 5029 907 5084 t
917 5031 960 5096 .2,
996 5025 1053 5081 sinc
1066 5021 1154 5094 pretio
1175 5019 1298 5078 tollatur.
1313 5019 1390 5088 Quod
1404 5020 1558 5092 exemplum
1574 5021 1656 5096 aliqui
1677 5032 1792 5099 negant,

163 5126 190 5184 q.
203 5113 253 5178 at,
270 5116 322 5167 art.
336 5115 363 5170 3.
378 5109 413 5168 od
430 5114 455 5178 ι,
471 5118 499 5168 et
517 5112 635 5169 traditur
649 5113 674 5168 in
696 5112 770 5170 dieto
785 5129 847 5185 esp.
860 5114 912 5172 ult.
927 5115 962 5172 de
995 5121 1087 5172 tumen
1101 5113 1159 5168 sine
1173 5125 1273 5182 eausa,
1288 5110 1352 5182 quin
1370 5109 1542 5166 consuetudo
1555 5110 1685 5169 inducere
1704 5121 1795 5186 potest

163 5197 329 5257 consuetud.
345 5206 373 5255 ct
388 5215 450 5270 cap.
468 5201 500 5257 ot
513 5199 699 5267 meretrico,
713 5208 740 5258 et
755 5204 782 5258 in
796 5217 858 5275 esp.
876 5207 961 5279 Quae
995 5202 1108 5260 modum
1121 5207 1149 5258 et
1169 5198 1356 5256 conditionem
1377 5197 1501 5270 dominii,
1518 5207 1603 5272 atque
1616 5200 1683 5258 odeo
1703 5209 1794 5275 potest

165 5293 274 5347 contro
286 5303 394 5357 mores,
412 5289 636 5365 consimilibus,
650 5289 714 5349 dist.
725 5297 752 5366 ι,
767 5289 799 5350 de
813 5291 865 5350 buc
879 5293 958 5352 etiam
994 5290 1181 5363 introducere,
1197 5294 1228 5347 ut
1240 5287 1357 5346 dominia
1370 5285 1547 5360 particularia
1561 5289 1707 5359 includant
1721 5293 1792 5358 illum
