4256 6224
885 367 992 420 exeun
1005 370 1058 420 111.
1274 387 1276 394 ·
1674 357 1738 422 525

178 500 205 556 i.
225 496 293 555 iiico
315 497 410 555 lertio:
430 498 502 556 Finis
521 499 661 569 proximus
678 502 707 554 et
722 494 890 570 adaequatus
904 493 942 552 le·
977 493 1019 551 rel
1035 491 1114 552 valde
1130 494 1228 570 utilas;
1240 494 1299 554 ideo
1313 495 1402 555 addita
1416 504 1480 556 suut
1490 501 1516 556 in
1531 496 1626 556 ordine
1641 497 1674 555 a'd
1690 499 1776 556 Deum

134 591 179 662 gis
191 589 293 647 veteris
310 588 362 646 luit
372 587 506 646 instruere
518 587 649 662 populum
658 587 703 645 bei
714 585 826 643 honeste
837 593 865 642 et
874 600 942 643 con·
976 590 1006 641 et
1027 585 1134 643 cultum
1154 587 1213 644 eius
1233 595 1379 660 praecepta
1400 587 1622 662 caeremonialia,
1641 587 1778 646 inordina

135 680 301 750 venienter,
319 694 372 734 non
395 677 486 734 solum
504 677 530 734 in
546 677 604 750 his,
619 692 690 751 quae
704 680 830 748 spectant
844 673 877 730 ad
893 690 940 730 na·
977 687 1041 732 raro
1056 673 1090 731 ad
1105 676 1276 748 proximum,
1292 685 1320 733 et
1334 678 1530 750 rempublicam
1546 685 1693 750 praecepta
1708 679 1777 736 iridi·

134 767 261 826 turalem
275 783 307 824 aa
319 768 502 824 necessariam
512 765 704 824 rectitudinem
715 773 743 822 et
754 765 937 834 honestatem,
976 762 1072 834 aielia3
1084 765 1112 821 in
1124 765 1217 822 urdine
1232 782 1297 823 reru
1308 766 1342 822 nd
1353 768 1472 839 seipsum
1486 783 1538 824 nou
1550 768 1664 826 luerunt
1674 767 1777 825 homini

135 857 185 914 sed
203 859 287 914 ctiam
301 857 325 912 in
341 855 394 927 his,
409 871 480 930 quae
493 857 527 913 ad
541 854 662 913 divinum
677 855 784 912 cultum
798 860 826 910 ει
838 856 939 910 iustam
975 853 1131 910 necessaria
1152 855 1279 926 specialia
1293 864 1440 928 praecepta
1453 859 1586 930 positiva,
1601 857 1665 929 quia
1679 857 1713 914 ad
1727 858 1777 914 ho·

136 947 262 1018 politiam
280 947 425 1019 pertinent.
437 948 514 1003 Hane
529 948 705 1004 assertionem
717 960 796 1003 sumo
808 943 834 1000 in
845 943 938 1016 primis
963 957 1043 1020 num
1065 945 1169 1000 animas
1191 945 1335 1001 sulliciuut
1355 961 1401 1016 ea,
1417 962 1486 1019 quae
1500 946 1534 1002 ad
1549 949 1636 1003 iteum
1653 945 1777 1003 reierun·

137 1051 171 1093 ex
183 1035 273 1094 uerbis
290 1035 339 1092 illis
350 1035 437 1092 Exodi
452 1037 540 1094 illarii
551 1027 707 1094 audieritis
715 1049 815 1090 uocem
825 1045 936 1098 mam,
976 1037 1034 1102 tur,
1046 1030 1079 1086 ad
1091 1030 1194 1115 bonum
1207 1049 1271 1090 vern
1284 1036 1408 1108 corporis
1420 1035 1554 1092 naturalia
1564 1041 1710 1107 praecepta
1719 1035 1776 1090 sui-

136 1131 164 1182 et
179 1123 378 1182 custodieritis
390 1131 516 1200 pactum
529 1141 644 1192 orcum,
662 1126 745 1181 eritis
758 1125 832 1181 milet
843 1126 877 1179 tra
889 1137 942 1196 pe·
975 1121 1081 1200 ficiunt.
1095 1122 1136 1176 Ex
1150 1120 1202 1177 hac
1218 1137 1285 1196 ergo
1297 1132 1506 1196 praeceptorum
1517 1126 1648 1181 varietate
1660 1132 1689 1182 et
1699 1121 1777 1180 sulli-

137 1214 252 1272 csltum
268 1212 305 1269 dc
318 1217 434 1272 cunctis
447 1213 595 1287 pastibus:
610 1230 679 1270 meu
692 1219 735 1270 est
748 1214 829 1270 cutm
846 1213 941 1267 omnis
976 1210 1075 1266 aientia
1095 1218 1171 1266 recte
1191 1211 1349 1286 colligitur,
1365 1215 1521 1286 proximum
1541 1214 1621 1269 inem
1642 1210 1776 1285 addequa-

137 1309 238 1371 terro,
261 1309 288 1360 et
301 1319 353 1361 nna
367 1307 450 1360 eritis
463 1305 537 1362 milet
550 1307 580 1360 ira
593 1319 720 1378 raparum
741 1299 936 1366 sacerdotate,
976 1305 1036 1356 turn
1061 1298 1133 1356 illius
1154 1300 1220 1373 legis
1242 1302 1324 1360 luisse
1346 1303 1538 1361 rectitudinem
1559 1305 1729 1362 constituere
1748 1305 1776 1359 ln

136 1400 165 1451 et
178 1409 250 1467 pens
271 1397 389 1450 sancto.
404 1394 514 1451 Names
525 1393 565 1450 hia
579 1394 669 1452 verbis
680 1398 806 1462 canstat,
819 1405 943 1464 separas·
976 1389 1101 1446 moribus
1121 1388 1315 1464 subditorum,
1331 1399 1387 1450 tana
1408 1400 1440 1449 ut
1460 1397 1523 1449 sunt
1538 1393 1674 1462 homines,
1692 1408 1775 1464 quam

136 1499 167 1541 se
181 1487 269 1541 ιιειιπι
292 1483 369 1539 illum
384 1482 517 1555 populum
533 1499 547 1540 a
562 1485 672 1540 cunctis
686 1483 830 1556 gentihus,
845 1487 873 1536 ει
890 1478 941 1536 suh
976 1485 1008 1536 ut
1023 1485 1087 1536 sunt
1101 1479 1146 1536 bei
1161 1480 1298 1550 cultores,
1315 1489 1397 1555 utque
1411 1484 1492 1540 etiarn
1507 1489 1538 1539 ut
1552 1489 1617 1539 sunt
1638 1483 1729 1554 cives,
1746 1489 1778 1538 ut

136 1589 191 1630 sua
205 1571 314 1644 speciali
337 1587 404 1629 cura
419 1571 496 1628 illum
510 1573 680 1643 suscepisse,
698 1574 761 1628 item
777 1569 941 1642 peculiarem
976 1568 1016 1626 sic
1031 1567 1130 1625 dicam.

135 1661 346 1733 rempublicam,
367 1677 417 1718 seu
438 1675 554 1734 regnum
574 1661 608 1720 ad
623 1661 741 1718 divinum
756 1659 861 1716 cultum
880 1673 942 1731 spe·
1015 1663 1041 1716 8.
1057 1655 1134 1715 Unde
1148 1657 1234 1715 obiter
1247 1658 1363 1716 solvitur
1374 1659 1623 1718 secundaohiectio
1643 1659 1667 1714 in
1679 1659 1777 1731 princi-

95 1777 100 1784 ·
136 1751 243 1808 cialiter
260 1749 381 1807 dicatum
396 1765 428 1806 ex
448 1750 493 1807 illo
511 1751 677 1823 instituisse,
692 1766 758 1822 ergo
773 1748 891 1821 oportuit
906 1747 941 1803 illi
975 1745 1020 1816 plu
1034 1744 1120 1818 iacta,
1139 1762 1271 1818 negamus
1285 1748 1356 1804 euim
1371 1749 1510 1822 absolute,
1526 1751 1604 1806 linem
1624 1748 1695 1805 illius
1710 1747 1776 1820 legis

137 1841 206 1897 dare
222 1839 310 1914 legem
326 1840 511 1896 continentem
527 1847 674 1912 praecepta
688 1841 856 1907 necessaria,
869 1844 897 1895 et
907 1837 940 1893 ad
974 1835 1058 1892 luisse
1074 1836 1267 1908 temporalem,
1288 1838 1413 1920 quamvis
1428 1841 1498 1896 enim
1513 1837 1573 1894 finis
1591 1837 1732 1910 proximus
1746 1836 1777 1892 il-

137 1931 226 1986 bonos
250 1945 359 2002 mores,
374 1935 403 1986 ει
420 1927 453 1986 ad
468 1929 570 1987 iustum
585 1936 613 1986 et
625 1917 797 1986 sacerdotale
812 1942 937 2000 reguum.
977 1925 1029 1982 lius
1049 1925 1141 1999 eliqua
1163 1942 1196 1983 ex
1220 1932 1296 1998 parte
1315 1925 1395 1984 luerit
1414 1927 1588 2000 temporalia,
1609 1940 1662 1983 uon
1684 1933 1773 1983 tamen

137 2023 283 2078 Praeterea
297 2017 368 2076 idem
382 2025 492 2076 constat
505 2035 538 2075 ex
553 2019 610 2092 lege
623 2021 697 2092 ipsa,
713 2021 739 2074 in
755 2032 810 2090 qua
825 2024 880 2073 tres
895 2029 940 2072 or·
974 2014 1142 2088 adaequate,
1159 2030 1247 2089 neque
1269 2015 1390 2073 ultimate
1410 2017 1466 2075 ullo
1483 2017 1574 2075 modo.
1591 2018 1625 2074 ιιι
1640 2017 1731 2072 solum
1746 2015 1775 2070 il·

136 2109 216 2166 dines
227 2113 436 2181 praecepturum
450 2108 636 2177 inveniuntur,
646 2123 716 2181 quae
727 2111 855 2164 sunttree
866 2105 941 2178 prin·
974 2103 1022 2161 lud
1036 2103 1154 2162 ostendit
1167 2105 1254 2177 prima
1265 2106 1387 2178 probatio
1398 2107 1432 2164 ibi
1443 2106 1577 2178 adducta,
1596 2104 1774 2162 concedimus

135 2199 244 2270 cipales
267 2205 376 2270 partes,
390 2198 416 2254 in
436 2213 506 2271 quas
520 2197 590 2255 solet
603 2196 647 2255 illa
662 2198 704 2254 lex
718 2196 819 2269 dividi,
835 2195 940 2252 scilicet
973 2193 1060 2265 enlm,
1075 2194 1150 2266 leges
1170 2193 1310 2252 iudiciales
1330 2197 1452 2269 proxime
1470 2196 1554 2252 luisse
1571 2194 1649 2252 datas
1663 2200 1774 2266 propter

138 2290 167 2346 in
182 2293 329 2360 praecepta
340 2286 467 2360 moralia,
480 2287 700 2356 caeremonialia,
712 2294 740 2343 ct
751 2285 895 2356 iudicialia,
908 2291 938 2340 ut
974 2285 1153 2354 temporalem
1176 2299 1272 2356 pacem
1292 2291 1321 2341 ει
1339 2284 1495 2342 felicitatem
1509 2285 1581 2341 iliius
1599 2283 1771 2356 reipublicae:

113 2365 224 2436 ‘tradit
236 2375 390 2435 d.'ihomus
408 2382 469 2450 1-2,
486 2382 541 2434 tota
551 2393 579 2450 q.
593 2381 639 2436 99.
652 2378 687 2434 lit
699 2377 766 2434 haec
781 2377 830 2432 tria
843 2375 940 2432 dicun·
975 2373 1048 2429 aictrt
1061 2379 1151 2430 auum
1166 2373 1210 2428 illa
1224 2380 1371 2446 praecepta
1384 2390 1449 2447 pars
1463 2373 1596 2447 qrraedam
1607 2379 1688 2429 erant
1702 2371 1774 2428 illius
1859 2437 1864 2451 ¹

141 2477 188 2525 tur
204 2469 314 2523 beuter.
333 2471 361 2538 6,
371 2471 551 2541 praecepta,
567 2469 781 2531 coeremoniae,
796 2467 940 2538 aiquetu·
974 2461 1056 2536 legis,
1073 2479 1127 2520 non
1148 2469 1206 2520 tota
1225 2463 1285 2536 lex,
1302 2471 1333 2522 ut
1352 2467 1442 2522 risum
1462 2471 1521 2535 esta·
1533 2466 1569 2523 ita
1586 2465 1645 2522 finis
1661 2463 1705 2521 ille
1720 2479 1774 2521 non

137 2555 233 2613 dicta.
249 2556 316 2612 Nam
332 2555 435 2612 licetin
446 2570 626 2629 quocumque
640 2555 748 2612 illorum
759 2553 882 2612 ordinum
893 2552 941 2610 da·
974 2563 1034 2610 erat
1049 2553 1235 2627 adaequatus,
1251 2553 1298 2610 sed
1319 2555 1454 2627 partialis,
1469 2559 1553 2612 etiarn
1567 2555 1593 2612 in
1610 2553 1703 2612 ordine
1717 2553 1775 2610 linis

140 2653 167 2702 ta
187 2645 288 2702 luerint
311 2649 473 2717 praecepta,
488 2644 662 2702 nihilominus
683 2659 729 2716 ea,
745 2659 816 2716 quae
831 2642 941 2700 moralia
976 2642 1090 2714 proximi
1110 2642 1233 2699 eiusdem
1254 2641 1331 2715 legis.
1349 2643 1430 2701 Nullo
1451 2652 1545 2701 autern
1559 2643 1640 2701 modo
1657 2649 1717 2699 erat
1732 2643 1775 2699 ille

139 2742 226 2808 sunt,
242 2741 272 2791 et
285 2735 320 2792 ad
335 2735 422 2806 legem
437 2740 551 2791 naturae
564 2741 705 2805 spectant,
721 2749 770 2806 per
783 2739 940 2789 antonoma·
976 2733 1034 2788 linis
1055 2731 1182 2802 ultimus,
1200 2732 1264 2804 quia
1283 2733 1327 2789 illa
1340 2732 1453 2790 felicitas
1468 2734 1623 2806 temporalis
1640 2732 1675 2788 ad
1689 2737 1775 2789 aeter·
1854 2787 1862 2805 ,

139 2824 209 2879 siam
234 2823 328 2879 vocari
348 2823 436 2879 solent
450 2831 605 2895 praecepta.
623 2822 771 2895 solentque
784 2823 866 2879 etiam
881 2838 942 2893 spe·
976 2836 1038 2878 nam
1054 2820 1237 2894 principaliter
1251 2821 1438 2879 ordinabatur.
1451 2826 1507 2880 imo
1522 2821 1623 2880 illamet
1637 2822 1774 2879 institutio

137 2914 446 2971 cialitervocariverba
460 2914 940 2984 llei‚utsumiturexiieuternn.t,
976 2911 1047 2968 illius
1062 2913 1150 2984 gentis
1164 2911 1216 2967 sub
1232 2911 1373 2984 temporali
1384 2927 1433 2970 seu
1444 2911 1563 2969 humana
1575 2912 1680 2969 ratione
1692 2915 1775 2969 unius
1867 2969 1873 2976 ,

140 3005 208 3076 quia
224 3001 337 3074 speciali
351 3001 434 3060 modo
447 3008 514 3059 sunt
527 3017 542 3056 a
556 3004 611 3059 beo
625 3003 683 3074 ipso
698 3001 797 3058 tradita
814 3004 941 3058 universo
977 3001 1054 3072 regni
1072 3015 1121 3057 seu
1136 3000 1301 3072 reipublicae
1315 3016 1331 3059 a
1345 3005 1398 3060 lieo
1413 3002 1568 3074 specialiter
1577 3000 1710 3059 'ordinata
1722 3010 1774 3074 est,

138 3091 243 3164 populu
262 3089 415 3147 immediate
429 3089 556 3147 audiente
568 3105 665 3148 rocem
676 3091 747 3158 aius,
759 3097 790 3148 ut
800 3105 884 3162 supra
893 3106 942 3146 nn·
977 3097 1008 3146 ut
1021 3096 1094 3146 esset
1108 3091 1192 3148 veluti
1202 3090 1410 3149 fundumentum
1421 3092 1608 3149 necessarium
1620 3090 1653 3148 ad
1669 3092 1776 3164 religio·

141 3181 196 3236 tari
211 3195 246 3234 ex
260 3183 308 3237 20.
325 3194 387 3250 cap.
403 3178 501 3252 Exodi,
515 3185 541 3235 et
556 3182 703 3236 Deuteron.
717 3182 746 3250 ι,
760 3187 788 3235 ει
802 3185 829 3236 5.
844 3179 942 3236 Caere·
976 3195 1034 3235 sam
1054 3179 1252 3237 institutionem
1273 3181 1324 3236 sub
1344 3183 1422 3238 cisitu
1443 3185 1524 3239 unius
1537 3184 1599 3250 bei,
1616 3189 1643 3239 et
1657 3182 1776 3240 adalios

140 3268 249 3324 maniae
265 3282 330 3323 vero
344 3266 475 3326 dicuntur
489 3270 597 3341 omnia,
613 3283 683 3342 quae
698 3267 732 3325 ad
746 3268 867 3325 divinum
882 3267 941 3324 cul·
977 3268 1043 3324 lines
1058 3268 1215 3340 spirituales
1229 3277 1258 3325 et
1270 3272 1490 3342 supernaturales
1504 3273 1585 3328 alteo
1603 3273 1732 3343 intentos,
1746 3279 1777 3329 ut

140 3367 201 3414 tum
221 3356 343 3428 proxime
363 3356 574 3430 ordinabantur,
589 3359 680 3431 qualia
699 3366 777 3415 erant
796 3363 941 3430 praecepta
976 3357 1105 3414 diunius.
1117 3357 1255 3425 Quocirca
1269 3361 1291 3414 si
1303 3360 1364 3432 quis
1375 3367 1448 3417 recte
1460 3358 1632 3434 consideret,
1648 3361 1774 3430 inveniet,

138 3447 359 3508 sacrificiorum,
382 3453 634 3511 sacramentorum,
657 3461 816 3514 sacrorum,
832 3452 859 3502 et
877 3444 942 3502 alia·
976 3446 1047 3502 illam
1067 3445 1154 3520 legem
1179 3446 1204 3501 in
1224 3461 1252 3502 sc
1266 3447 1504 3520 comprehendisse
1520 3456 1626 3522 praeter
1643 3448 1776 3506 naturalia

139 3552 204 3592 rum
219 3534 468 3606 observantiarum,
481 3551 551 3607 quae
566 3535 618 3592 suh
630 3536 737 3592 nourinc
748 3533 942 3592 sabbatorum
976 3542 1125 3607 praecepta
1135 3534 1369 3594 determinationes
1381 3535 1524 3609 positivus,
1536 3553 1607 3609 quae
1618 3551 1692 3594 nune
1705 3537 1776 3594 dunt

140 3626 269 3683 videnlur
284 3624 480 3696 comprehendi
494 3625 628 3683 Ezechiel.
645 3629 693 3683 ιι).
709 3625 829 3697 lienique
843 3623 942 3680 iudicia
976 3641 1024 3698 per
1039 3626 1111 3699 leges
1123 3626 1286 3697 canonicas,
1300 3626 1340 3683 rel
1352 3626 1457 3698 civiles,
1467 3627 1590 3700 quamvis
1608 3633 1675 3684 tunc
1688 3627 1776 3684 iactae

141 3732 191 3772 seu
206 3715 432 3788 iudicialealeges
443 3713 617 3783 dicebantur,
630 3721 701 3786 quae
712 3713 747 3770 ad
761 3713 879 3787 regimen
891 3712 942 3770 rei·
976 3715 1077 3774 iruerint
1090 3732 1106 3772 a
1120 3719 1188 3786 Deo,
1203 3723 1232 3773 et
1247 3715 1298 3772 alia
1313 3716 1392 3774 modo
1407 3717 1443 3773 illi
1463 3717 1578 3788 tempori
1595 3724 1624 3774 ει
1641 3719 1714 3788 genti
1730 3731 1775 3772 ac·

139 3803 285 3876 publicae,
302 3808 330 3859 ει
350 3803 383 3859 ad
403 3805 536 3860 iustitiam
557 3818 621 3860 cum
643 3806 765 3875 proximo
780 3803 941 3860 servandam
976 3805 1160 3863 commodato.
1177 3805 1286 3878 Exque
1302 3804 1776 3878 necessariodicendumest,linem

139 3893 320 3966 pertinebant.
332 3893 367 3950 Et
374 3892 407 3948 nd
417 3893 483 3950 haec
492 3894 579 3965 cupita
588 3902 755 3951 revocantur
764 3893 855 3949 omnia
863 3908 942 3964 prae·
977 3895 1132 3966 proximum
1147 3893 1219 3950 illius
1231 3894 1313 3967 legis,
1326 3895 1419 3968 illique
1430 3894 1614 3968 adaequatum
1626 3911 1676 3953 suo
1695 3891 1776 3951 modo

140 3989 223 4054 cepta
243 3981 317 4038 illius
338 3981 421 4056 legis,
436 3991 468 4039 ut
488 3989 563 4040 recte
577 3982 700 4040 declarat
714 3982 742 4040 d.
758 3982 854 4040 Thana.
869 3981 942 4040 dicta
976 3977 1217 4054 com'prebendisse
1229 3985 1307 4040 linem
1320 3984 1386 4057 legis
1398 3983 1547 4042 canonicae
1557 3984 1692 4042 etcirilis.
1705 3984 1777 4051 Quid

141 4077 250 4144 quaest.
269 4073 321 4144 99,
337 4077 390 4127 art.
406 4076 432 4128 5.
446 4073 524 4129 Ratio
539 4079 629 4129 autern
643 4081 671 4128 et
682 4071 846 4128 srrfficientia
860 4071 942 4128 huius
977 4081 1069 4130 autem
1090 4070 1238 4129 dicendum
1258 4072 1294 4129 sit
1312 4071 1347 4130 de
1367 4074 1593 4146 promissionibus
1608 4073 1679 4132 illius
1697 4073 1775 4146 legis,

141 4159 281 4219 divisionis
303 4161 421 4218 sumitur
440 4176 473 4218 ex
494 4162 545 4219 lius
565 4162 715 4219 intrinseco
730 4161 801 4219 illius
816 4161 898 4235 legis,
913 4163 941 4218 in
977 4161 1051 4238 quod
1061 4163 1087 4218 in
1100 4161 1184 4218 altera
1196 4162 1354 4233 probatione
1365 4161 1606 4220 illiusohiectinnis
1621 4162 1775 4236 petebatur,

141 4249 291 4308 asserb'one
310 4251 398 4322 posita
410 4251 554 4324 explicato.
571 4254 638 4309 llam
653 4267 700 4324 per
715 4251 789 4309 illam
803 4252 889 4323 legem
904 4252 943 4307 in·
976 4252 1085 4309 dicetur
1099 4249 1272 4308 commodius
1286 4251 1399 4308 inlerius
1413 4255 1441 4308 in
1456 4267 1518 4323 cap.
1534 4252 1579 4308 vi.

142 4339 230 4397 tendit
249 4341 322 4396 Deus
341 4340 433 4396 lacere
452 4339 575 4398 homines
594 4342 696 4413 bonos,
714 4349 743 4398 et
762 4341 787 4397 in
807 4356 855 4408 se,
870 4347 897 4397 et
916 4341 942 4396 in
1017 4346 1045 4399 9.
1061 4336 1259 4414 ltico'quurlo:
1275 4341 1388 4413 Singula
1401 4348 1548 4414 praecepta
1566 4340 1636 4398 illius
1649 4340 1716 4414 legis
1730 4340 1777 4398 ha·

142 4427 236 4486 ordine
254 4427 288 4484 ad
307 4428 416 4501 ipsum,
432 4435 459 4486 et
473 4428 499 4485 in
514 4428 607 4488 ordine
622 4429 655 4487 ad
670 4430 818 4488 humanam
833 4445 944 4501 rempu·
976 4431 1099 4488 buerunt
1114 4431 1242 4501 proprios
1256 4429 1322 4486 fines
1336 4430 1506 4490 immediatos
1521 4435 1550 4486 et
1563 4431 1695 4502 rationes,
1711 4445 1775 4502 pro·

141 4516 258 4585 hlicam3
275 4522 302 4573 ει
316 4516 376 4573 ideo
391 4516 464 4575 dedit
476 4518 528 4574 illis
542 4527 689 4593 praecepta
703 4519 830 4592 moralia,
842 4520 942 4592 quibus
977 4526 1036 4592 pter
1050 4535 1119 4592 quas
1133 4518 1196 4576 data
1207 4518 1319 4576 luerunt
1329 4521 1446 4591 propriis
1460 4519 1578 4589 actibus,
1591 4535 1641 4576 ssu
1657 4521 1776 4577 materiis

142 4621 237 4662 mores
257 4607 407 4663 necessarii
425 4607 459 4665 ad
478 4607 650 4666 honestatem
666 4608 825 4681 simpliciter
839 4609 943 4681 praeci·
977 4607 1193 4666 accommodata.
1207 4609 1280 4664 llaec
1295 4611 1408 4664 assertio
1427 4607 1453 4663 in
1473 4607 1593 4680 generali
1608 4614 1717 4680 sumpta
1728 4623 1776 4680 per

141 4697 267 4768 piuntur.
288 4697 325 4753 Et
343 4697 406 4769 quia
421 4711 474 4753 non
494 4705 586 4770 potest
600 4713 661 4755 esse
674 4699 756 4755 homo
770 4699 795 4754 in
810 4715 840 4754 se
853 4698 942 4755 hunus
977 4713 1006 4755 se
1026 4705 1089 4755 nota
1107 4705 1160 4754 est.
1181 4697 1250 4754 Tum
1269 4701 1333 4770 quia
1357 4697 1574 4770 unumquodque
1596 4706 1775 4770 praeceptum
1889 4719 1894 4732 ·

142 4783 318 4857 simpliciter,
333 4786 387 4862 nisi
411 4787 448 4842 sit
462 4794 537 4843 reete
551 4787 692 4844 ordinatus
706 4786 739 4843 ad
754 4790 853 4860 mum,
869 4795 897 4844 ει
910 4786 943 4844 ad
977 4789 1062 4846 sumit
1082 4787 1219 4860 propriam
1240 4788 1359 4859 speciem
1373 4802 1453 4844 suam
1466 4802 1500 4844 ex
1513 4787 1564 4843 dne
1580 4788 1704 4858 proximo
1719 4829 1725 4857 ,
1741 4787 1776 4845 ad

141 4875 315 4946 proximum,
331 4873 392 4932 ideo
404 4883 550 4949 praecepta
563 4878 675 4934 moralia
687 4877 753 4936 haec
766 4878 855 4936 amnia
866 4893 942 4936 com·
976 4893 1058 4952 quem
1075 4875 1174 4948 tendit,
1188 4882 1216 4934 et
1228 4875 1289 4933 ideo
1306 4878 1378 4934 sicut
1392 4883 1539 4948 praecepta
1557 4882 1623 4931 siant
1634 4875 1774 4947 disuncta,

143 4963 351 5037 prehendebant
362 4964 417 5021 suh
429 4965 598 5038 generalibus
612 4967 763 5027 rationibus
777 4984 810 5026 ex
825 4968 942 5024 naturali
974 4968 1010 5024 ita
1030 4981 1144 5023 necesse
1162 4971 1219 5036 est,
1236 4972 1266 5022 ut
1284 4963 1504 5038 unumquodque
1521 4963 1619 5021 haheat
1631 4981 1714 5022 suum
1729 4981 1776 5037 pe-

143 5054 187 5110 rel
209 5054 410 5126 supernaturali
432 5055 534 5113 lumine
554 5056 723 5112 necessariis.
743 5057 810 5125 Quia
828 5071 893 5113 raro
908 5057 943 5116 ad
976 5055 1107 5113 culiarern
1128 5055 1217 5112 linem.
1232 5056 1301 5112 Tum
1321 5054 1402 5112 etiam
1421 5053 1499 5126 quia,
1517 5052 1581 5110 licet
1594 5061 1686 5125 parles
1701 5052 1775 5110 ordi·

143 5157 226 5199 usum
241 5148 269 5200 et
279 5142 481 5201 observantiam
494 5145 660 5204 naturalium
673 5153 883 5219 praeceptorum
895 5147 943 5204 ali·
977 5151 1077 5203 nentur
1095 5145 1131 5202 ad
1143 5145 1223 5203 finem
1238 5146 1338 5212 tutius3
1354 5151 1444 5201 umen
1458 5145 1482 5199 si
1495 5144 1570 5216 ipsae
1583 5144 1653 5200 inter
1667 5159 1696 5200 se
1711 5151 1776 5200 sunt

142 5247 214 5306 quae
225 5231 357 5304 pasturas
368 5232 607 5294 determinationes
618 5242 697 5294 arant
706 5237 750 5294 rel
760 5237 941 5310 necessariae,
977 5237 1147 5295 diversarum
1162 5235 1317 5310 rationum,
1332 5249 1446 5306 necesse
1457 5239 1515 5306 est,
1529 5237 1560 5290 ut
1572 5231 1606 5289 ad
1618 5233 1684 5291 lines
1694 5233 1776 5291 edam
