4284 6246
383 363 446 428 186
1064 379 1175 432 ,ιιιιιι
1189 380 1236 429 vr.
1273 405 1274 410 =

343 547 346 551 -
382 507 410 563 ι.
426 503 502 562 nlius
522 504 636 562 effectus
656 504 725 578 legis
744 510 786 561 est
805 519 906 578 poena,
928 512 957 562 et
975 503 1046 562 banc
1059 504 1142 561 etiarn
1179 503 1406 576 dispensationis,
1428 518 1510 578 quam
1525 505 1612 579 attigit
1624 505 1720 562 Glossa
1732 505 1785 564 ult.
1801 507 1826 564 in
1840 523 1903 580 cap.
1918 513 1980 566 Nos

344 595 450 652 relaxet
462 593 625 667 dispensatio
641 601 843 666 consequenter
857 595 891 652 ad
906 595 1066 667 primarium
1080 593 1143 650 ede·
1178 593 1436 658 consuetudinem,
1453 593 1481 652 d.
1502 598 1547 666 ιι,
1563 611 1634 669 quae
1652 597 1680 652 ιι
1700 597 1790 668 ερεειι
1811 596 1934 669 loquitur
1946 597 1981 654 de

344 690 432 754 ctum,
444 684 494 739 nisi
507 683 559 741 alia
570 684 694 740 limitatio
706 685 733 740 in
746 700 777 740 ea
789 684 1043 757 exprimatur,quia
1054 682 1142 740 ablata
1177 683 1377 757 dispensatione
1391 683 1596 757 irregularitatis
1611 684 1644 742 ad
1660 686 1785 756 ordines,
1797 693 1825 756 ει
1838 685 1983 760 distinguit

343 770 427 844 culpa
447 773 688 845 transgressionis,
709 781 910 847 consequenter
929 774 1034 830 tollitur
1048 781 1144 830 resins
1178 774 1204 830 ιι
1220 773 1394 846 semiplenam
1405 781 1434 831 et
1444 775 1561 846 plenam:
1574 775 1628 832 imo
1641 774 1806 834 additctiam
1818 776 1980 847 pleniorem.

343 877 458 934 poenae.
478 861 631 935 Aliquando
653 879 718 920 rero
742 871 833 936 ριιεει
855 865 1020 937 dispensatio
1044 865 1144 920 babere
1179 871 1207 920 ει
1222 863 1415 934 plenissimam.
1432 864 1487 920 llos
1501 871 1595 921 autern
1609 865 1773 937 generaliter
1785 864 1904 923 dividere
1918 884 1983 939 pos·

343 968 425 1009 suurn
446 954 573 1010 ellectum
595 954 670 1010 circa
690 953 777 1012 solam
792 970 923 1027 poenam,
936 953 1019 1026 idque
1033 953 1144 1010 duobus
1179 969 1275 1009 sumus
1291 955 1319 1008 in
1333 953 1451 1026 plenam,
1467 968 1516 1008 seu
1532 953 1654 1025 totalem,
1669 970 1702 1010 ac
1717 970 1825 1026 puram,
1841 963 1869 1012 et
1881 957 1983 1027 partia·

342 1035 542 1100 modis.Primo
555 1042 748 1101 antecedenter
762 1043 795 1101 ad
811 1053 917 1101 reatum
932 1044 1003 1114 eius,
1013 1051 1046 1101 ut
1059 1045 1081 1099 ει
1096 1042 1144 1100 ali·
1179 1041 1244 1112 lem,
1257 1058 1306 1098 seu
1321 1043 1444 1098 ιιιιιιιι.
1461 1043 1538 1098 Prior
1551 1049 1603 1113 est,
1617 1041 1728 1116 quando
1742 1059 1789 1116 per
1803 1044 1984 1117 dispensatio·

343 1132 390 1187 cui
409 1129 586 1203 conceditur,
603 1139 634 1188 ut
649 1147 701 1188 non
717 1132 841 1190 incurrat
857 1148 972 1204 poenam
987 1133 1064 1206 legis,
1082 1131 1145 1188 licet
1180 1147 1241 1188 nem
1257 1137 1313 1188 tota
1328 1130 1458 1204 obligatio
1472 1129 1556 1204 legis,
1571 1134 1714 1204 omnisque
1728 1133 1844 1190 effectus
1857 1135 1917 1192 cius
1932 1135 1984 1191 tot·

344 1220 501 1276 committat
520 1227 618 1277 contro
637 1221 710 1278 illam
732 1239 787 1278 non
806 1223 954 1284 auterendo
968 1222 1002 1279 ab
1020 1221 1065 1278 illo
1080 1221 1145 1294 legis
1180 1218 1258 1291 litnr,
1270 1220 1347 1278 nullo
1363 1236 1448 1277 onere
1461 1220 1794 1293 superaddito.Posterior
1810 1231 1900 1282 autem
1916 1241 1983 1281 con-

344 1309 550 1382 obligstiooem3
572 1309 617 1366 illa
630 1311 700 1367 enim
715 1318 757 1368 εει
774 1311 941 1384 dispensatio
956 1314 982 1368 in
998 1326 1101 1385 poena,
1118 1316 1147 1367 et
1181 1311 1261 1382 tingit
1282 1309 1391 1368 duobus
1411 1309 1513 1367 modis:
1536 1313 1611 1383 prior
1624 1318 1683 1386 est,
1705 1313 1815 1386 quando
1829 1313 1873 1372 len
1887 1331 1940 1372 non
1955 1316 1983 1371 in

342 1413 397 1454 non
419 1400 445 1453 in
465 1397 557 1470 culpa.
574 1399 645 1456 llaec
667 1407 760 1460 nutem
781 1400 865 1459 rideri
892 1408 982 1475 potest
1002 1401 1145 1473 permissio
1180 1405 1257 1470 toto,
1273 1399 1361 1456 sedin
1378 1407 1453 1472 parte
1468 1400 1658 1473 dispensatur,
1676 1410 1707 1459 ut
1722 1405 1746 1458 in
1760 1404 1885 1476 exemplo
1899 1404 1934 1461 de
1949 1405 1984 1461 ir·

343 1487 478 1560 quaedam
500 1490 608 1560 potius,
631 1505 714 1562 quam
729 1490 910 1562 dispensatio,
926 1498 1087 1548 tamennon
1103 1497 1147 1547 εει
1181 1489 1375 1562 regularitate,
1398 1491 1419 1546 si
1435 1490 1498 1562 quis
1512 1489 1687 1562 dispensetur
1702 1498 1809 1548 tanturn
1825 1492 1859 1550 ad
1873 1493 1983 1551 ordines

344 1578 461 1650 proprin
479 1579 637 1652 permissi03
661 1596 724 1637 nam
746 1579 810 1639 licet
834 1583 895 1655 quis
919 1583 963 1638 liat
983 1583 1146 1639 immunisa
1182 1581 1362 1662 minores,est
1378 1579 1502 1651 partialis
1516 1578 1871 1655 dispensatio,quseabilla
1886 1583 1984 1640 Glossa

345 1681 433 1738 poena
455 1666 538 1740 legis,
558 1684 611 1724 nou
632 1669 691 1746 ideo
706 1672 875 1742 permittitur
890 1675 1002 1744 impune
1017 1687 1145 1744 peccare,
1182 1669 1330 1742 semiplena
1346 1670 1509 1728 vocetur.Si
1524 1678 1616 1726 autem
1628 1670 1801 1742 dispensetur
1813 1672 1845 1730 ad
1857 1673 1983 1730 ordinem

344 1758 449 1828 poterit
461 1758 533 1814 enirn
549 1757 625 1815 aliter
639 1762 740 1833 puniris
754 1768 783 1818 et
796 1762 861 1820 licet
871 1763 923 1819 snb
935 1763 978 1818 illa
993 1764 1097 1819 ratione
1110 1763 1147 1818 si·
1182 1775 1294 1816 sacrum
1318 1759 1389 1816 inira
1413 1758 1599 1816 sacerdotium
1624 1765 1746 1832 tantiam,
1768 1776 1784 1817 a
1798 1761 1872 1818 dicta
1886 1760 1985 1820 Glossa

241 1917 242 1920 Ἴ
345 1845 443 1903 deutur
457 1849 616 1920 permissio,
631 1857 768 1922 quatenus
782 1859 825 1908 est
838 1867 871 1910 ax
887 1859 963 1924 parte
980 1853 1117 1924 exemptio
1132 1867 1148 1907 a
1183 1857 1301 1906 vocatur
1315 1849 1393 1921 ριερι
1406 1851 1609 1921 comparatione
1625 1849 1734 1920 prioris.
1746 1851 1821 1908 Unde
1833 1850 1984 1924 pleniorem

345 1936 468 2008 lege,est
482 1938 592 2009 propria
605 1937 780 2011 dispensatio.
790 1943 868 1999 Sicut
882 1942 952 1998 solet
966 1942 1093 2015 abrogari
1105 1941 1147 1999 lex
1184 1945 1277 2010 vocat,
1293 1939 1316 1994 si
1331 1940 1365 1995 sit
1378 1937 1412 1994 ad
1426 1935 1624 2011 sacerdotium,
1636 1937 1864 2012 plenissimam,si
1878 1939 1912 1997 ad
1927 1941 1987 2012 epi·

346 2026 437 2098 quoad
452 2043 585 2099 poenam,
603 2037 631 2085 et
645 2045 699 2086 non
714 2030 805 2103 quoad
820 2031 873 2087 rim
887 2031 1062 2103 directiram,
1077 2047 1147 2105 quae
1182 2035 1337 2101 scopatum.
1353 2028 1452 2084 Tamen
1473 2028 1498 2082 in
1512 2028 1602 2101 rigore
1617 2028 1705 2084 omnis
1721 2030 1898 2102 dispensatio,
1912 2046 1985 2103 quae

346 2131 400 2172 non
418 2123 461 2172 est
481 2115 609 2175 absoluta
623 2121 782 2192 permissio,
803 2123 868 2194 quia
883 2124 1062 2194 transgressio
1076 2121 1147 2177 illius
1182 2126 1273 2176 totum
1295 2118 1522 2190 impedimentum
1543 2133 1596 2174 non
1617 2118 1722 2190 aufert,
1738 2120 1884 2192 semiplena
1902 2127 1945 2178 est
1958 2127 1988 2178 ει

346 2206 447 2276 ριιειιι
461 2205 539 2263 ιιιιει
554 2209 657 2281 ριιιιι,
676 2215 704 2267 ει
716 2218 853 2282 quatenus
867 2210 991 2284 aliqualis
1007 2211 1146 2283 permissio
1182 2208 1313 2281 partialis.
1326 2208 1403 2266 Unde
1420 2210 1442 2264 si
1460 2208 1600 2266 auferatur
1620 2208 1748 2281 obligatio
1764 2209 1797 2266 ed
1813 2227 1940 2284 poenam,
1955 2218 1986 2268 et

346 2303 407 2367 εει,
426 2312 475 2368 ρει
494 2297 699 2371 abrogationem
720 2301 835 2358 tollitur.
855 2303 892 2358 Et
911 2303 990 2358 simili
1004 2303 1085 2359 modo
1101 2319 1148 2374 po·
1182 2315 1236 2355 non
1261 2298 1294 2356 ad
1320 2297 1448 2370 eulpam,
1472 2298 1594 2369 partialis
1609 2300 1690 2355 etiam
1704 2307 1748 2356 εει
1760 2300 1943 2373 dispensatio,
1958 2307 1989 2357 ει

348 2391 425 2442 ιεειε
438 2389 580 2444 ιιιιιιιιι
591 2388 647 2444 ιιειι
657 2387 822 2461 dispensatio
835 2392 860 2447 in
873 2391 932 2464 lege
943 2391 1035 2465 quoad
1047 2391 1148 2464 obliga·
1184 2387 1261 2444 valde
1276 2387 1426 2453 diminutor
1443 2389 1464 2443 si
1479 2402 1545 2444 aero
1561 2387 1608 2444 bat
1622 2402 1636 2442 o
1651 2391 1806 2460 contrario,
1822 2377 1909 2446 maior
1924 2389 1988 2464 qui·

348 2476 449 2532 ιιοιειι
462 2475 577 2560 culpae,
597 2483 625 2533 et
638 2492 690 2533 non
706 2480 798 2551 quoad
812 2496 926 2551 poenam
941 2481 1145 2538 incurrendam.
1182 2475 1244 2532 dem
1259 2482 1312 2550 εει,
1329 2476 1376 2533 sed
1396 2474 1518 2532 nondum
1532 2483 1576 2532 est
1592 2478 1714 2548 perlecta
1729 2484 1757 2534 et
1770 2479 1892 2553 integra:
1908 2486 1937 2536 et
1950 2480 1988 2537 ita

348 2565 477 2630 Quamvis
492 2569 564 2622 enim
578 2568 644 2623 baec
659 2568 823 2639 dispensatio
838 2572 925 2626 rarior
936 2571 973 2627 sit
986 2572 1011 2627 in
1023 2587 1149 2638 usu,non
1183 2566 1329 2625 dicendum
1342 2573 1384 2623 est
1398 2568 1425 2622 ιι
1439 2567 1497 2624 aliis
1511 2566 1655 2624 effectibus
1668 2567 1821 2639 explicatis.

347 2661 390 2710 εει
403 2656 584 2726 impossibilis.
601 2657 669 2712 Nam
683 2658 757 2714 sicut
769 2657 827 2714 dari
847 2666 936 2730 potest
950 2660 1074 2734 lexnpure
1084 2676 1149 2731 poe·
1225 2663 1251 2716 6.
1267 2658 1327 2716 dlio
1342 2673 1407 2718 vero
1424 2656 1503 2713 modo
1518 2665 1610 2729 potest
1623 2658 1742 2730 partialis
1756 2657 1821 2730 dici,
1835 2675 1906 2732 quae
1920 2659 1987 2717 licet

347 2743 417 2800 nolis
430 2752 558 2818 respectu
573 2747 658 2802 totius
672 2750 893 2819 communitatis,
909 2757 1039 2824 utsupra
1060 2753 1148 2807 risum
1183 2748 1288 2805 aulerat
1304 2753 1389 2804 totam
1401 2746 1673 2819 obligationem,loco
1687 2746 1759 2803 illius
1770 2747 1986 2820 imponitaliam,

348 2841 404 2906 est,
419 2837 456 2890 ito
471 2843 560 2907 potest
574 2836 626 2908 les,
642 2845 770 2910 quaeest
784 2839 867 2895 ιιιιιιε
881 2847 1009 2911 respectu
1025 2856 1149 2897 commu·
1184 2853 1254 2911 quae
1266 2837 1375 2910 proprio
1387 2838 1494 2892 nornine
1504 2844 1621 2894 vocatur
1632 2837 1822 2894 commutatio.
1833 2836 1986 2910 thuando

349 2926 453 2995 nitatis,
466 2926 522 2982 deri
536 2941 584 2998 per
597 2926 826 2998 dispensationem
841 2945 910 3001 pure
924 2930 1043 3002 poenalis
1058 2947 1150 3004 respe·
1184 2943 1255 3007 onus
1268 2929 1426 2999 impositum
1440 2933 1483 2983 est
1498 2926 1702 2998 pecuniarium,
1718 2943 1768 2984 seu
1782 2919 1985 3002 eleemosynae,

350 3020 398 3069 ctu
417 3014 551 3088 alicuius,
578 3024 606 3072 ct
619 3015 656 3072 ita
670 3016 777 3074 auicret
794 3014 935 3077 vinculum
954 3021 1148 3095 conscientiae,
1185 3024 1305 3075 vocatur
1325 3015 1487 3087 redemptio.
1503 3017 1578 3083 Quae
1597 3032 1680 3073 rocas
1702 3017 1728 3073 ιι
1743 3018 1813 3074 ιοιιε
1827 3018 1914 3091 magis
1930 3019 1987 3074 usi·

349 3101 415 3158 licet
428 3119 481 3159 non
497 3103 574 3160 tollat
587 3120 734 3177 gravamen
753 3122 866 3178 poenae.
1185 3115 1257 3165 tatae
1272 3115 1347 3188 ειιρι.
1362 3107 1461 3164 'lamen
1477 3120 1543 3162 cum
1557 3107 1733 3178 proportione
1746 3109 1773 3162 in
1788 3108 1924 3178 praesenti
1939 3121 1987 3163 ac·

388 3191 447 3248 llio
462 3192 541 3249 modo
556 3199 647 3265 potest
664 3193 829 3266 dispensatio
843 3212 893 3269 per
907 3214 935 3254 se
950 3197 1007 3254 beri
1020 3201 1047 3255 in
1063 3214 1150 3271 poena
1185 3198 1405 3255 commodantur.
1423 3196 1519 3253 Solum
1541 3195 1660 3256 notanda
1680 3203 1723 3253 εει
1746 3195 1895 3253 differentia
1915 3197 1987 3251 inter

349 3287 403 3339 iam
419 3288 562 3340 contracta
577 3299 626 3355 ρει
641 3284 851 3355 praecedentem
863 3286 984 3359 culpam,
996 3297 1027 3344 ut
1038 3290 1149 3361 quando
1185 3297 1297 3360 votum,
1314 3294 1342 3345 et
1357 3286 1455 3359 legem,
1472 3286 1548 3358 quod
1563 3288 1589 3342 iu
1605 3294 1670 3343 voto
1685 3287 1740 3342 fieri
1756 3292 1846 3358 potest
1860 3300 1988 3343 commu·

349 3375 379 3430 aa
393 3373 517 3429 remissio
532 3387 635 3444 poenae
650 3389 697 3446 per
713 3374 799 3447 legem
815 3375 1045 3448 impositae3'nam
1055 3377 1100 3434 illa
1110 3387 1151 3434 et·
1185 3380 1253 3436 tatio
1276 3379 1386 3449 propria
1399 3376 1578 3446 auctoritate,
1594 3377 1617 3432 ai
1631 3378 1667 3432 sit
1680 3377 1707 3432 ιι
1724 3377 1841 3448 melius,
1857 3375 1899 3431 vel
1914 3376 1937 3431 si
1951 3375 1988 3430 sit

351 3464 403 3520 iam
418 3471 460 3520 est
478 3463 612 3534 quaedam
635 3464 702 3537 legis
717 3465 864 3539 relaxatio,
881 3473 913 3522 nt
926 3473 1045 3524 constat.
1061 3468 1096 3525 Et
1110 3470 1150 3525 in·
1183 3469 1209 3524 in
1225 3467 1349 3541 aequale,
1362 3467 1437 3523 iusta
1451 3465 1617 3538 probabilem
1628 3466 1798 3537 opinionem.
1806 3467 1836 3521 ln
1847 3464 1904 3536 lege
1918 3479 1985 3520 vero

349 3552 458 3610 terdum
472 3554 502 3609 lit
516 3554 582 3611 baec
596 3552 763 3626 dispensatio
777 3562 839 3628 post
852 3563 1029 3614 contractum
1042 3564 1148 3615 reatum
1184 3572 1237 3612 non
1252 3564 1344 3628 potest
1356 3557 1412 3612 lieri
1427 3554 1608 3612 commutatio
1619 3555 1645 3611 ιι
1657 3563 1916 3628 quantumcumque
1928 3569 1986 3611 me·

351 3658 468 3716 poenae,
493 3658 558 3700 cum
583 3642 705 3700 nondum
728 3652 770 3701 εει
790 3661 878 3717 poena
895 3648 954 3719 ipsa
976 3648 1104 3716 incursa,
1120 3654 1151 3704 ut
1185 3645 1254 3717 lius,
1272 3647 1322 3702 nisi
1336 3645 1496 3701 interveniat
1509 3644 1663 3702 auctoritas
1683 3642 1877 3715 dispensantis.
1894 3647 1929 3702 Et
1941 3661 1986 3703 ra-

350 3734 461 3806 quando
475 3739 517 3788 est
530 3740 638 3790 tantum
653 3733 777 3806 lerenda,
788 3743 816 3792 et
830 3736 951 3794 nondum
965 3744 1007 3794 est
1022 3739 1075 3795 lata
1089 3755 1152 3794 sen·
1184 3737 1222 3792 tio
1241 3734 1407 3792 differentiae
1427 3740 1485 3804 est,
1506 3733 1572 3806 quia
1593 3740 1687 3791 sotum
1707 3737 1818 3806 proprio
1843 3733 1986 3793 voluntale

351 3825 450 3882 tentia:
470 3822 613 3895 aliquando
635 3839 702 3881 aero
722 3826 752 3882 dt
773 3825 941 3899 indulgentia
956 3835 1020 3899 post
1035 3844 1149 3899 poenam
1185 3824 1287 3882 laetum
1303 3832 1361 3896 est,
1381 3830 1409 3882 et
1422 3839 1470 3896 por
1484 3839 1513 3880 εε
1528 3824 1614 3896 ριιιιι
1628 3824 1718 3880 sotum
1732 3825 1847 3896 respicit
1861 3824 1986 3882 divinum

350 3913 465 3985 illatam,
481 3915 521 3970 ael
537 3929 584 3986 per
599 3914 683 3984 ipsam
698 3914 796 3987 legem,
809 3915 850 3972 rel
867 3931 914 3987 per
929 3919 1106 3974 sententiam:
1122 3925 1152 3976 ει
1185 3914 1342 3984 certumst
1356 3914 1416 3971 ideo
1430 3913 1453 3969 si
1467 3919 1596 3985 respectu
1610 3913 1655 3968 bei
1671 3913 1756 3969 maior
1769 3921 1814 3970 est
1828 3913 1935 3986 cultus,
1947 3915 1987 3971 in·

350 4004 417 4060 tales
439 4009 504 4059 sunt
523 4002 740 4075 dispensationes
761 4004 787 4059 ιι
803 4005 1066 4079 irregularitatibus,
1081 4015 1109 4064 et
1123 4009 1149 4064 ιι
1185 4005 1318 4077 telligitur
1342 4005 1467 4061 satisfieri
1491 4003 1664 4075 promissioni
1688 4003 1725 4061 illi
1745 4003 1849 4072 iactae,
1866 4002 1986 4078 ideoque

350 4093 409 4150 aliis
424 4094 529 4164 paenis,
542 4107 613 4165 quae
627 4109 679 4148 noo
695 4101 760 4151 sunt
773 4107 918 4153 censurae.
931 4097 1001 4159 Nam
1013 4113 1149 4154 censurae
1186 4111 1233 4167 per
1254 4095 1423 4152 voluntatem
1439 4093 1622 4164 promittentis
1637 4099 1729 4164 potest
1744 4095 1919 4151 commutari.
1928 4095 1985 4150 Lex

350 4197 404 4238 non
419 4180 625 4254 dispensantur,
642 4188 788 4256 postquam
802 4182 930 4242 incursae
944 4193 1025 4251 sunt,
1042 4187 1089 4243 sed
1104 4187 1152 4244 ab·
1186 4193 1296 4258 autem,
1317 4191 1346 4242 et
1364 4185 1492 4255 materia,
1513 4199 1546 4239 ac
1562 4182 1691 4256 obligatio
1709 4185 1770 4241 eius
1786 4183 1987 4241 determinatur

351 4272 512 4343 solvuntur,
529 4277 559 4327 ut
573 4273 662 4344 capite
677 4272 853 4344 praecedenti
867 4276 1010 4346 explicari.
1028 4278 1151 4335 Possunt
1184 4292 1234 4348 per
1249 4275 1420 4332 voluntatem
1436 4273 1599 4344 superioris,
1615 4279 1643 4328 et
1657 4272 1792 4344 perillam
1806 4274 1987 4334 constituitur

271 4357 279 4376 '
351 4367 443 4418 autem
457 4361 607 4433 dispensari
622 4361 705 4432 priori
720 4361 811 4433 modo,
824 4364 1096 4440 scilicet,antequam
1106 4369 1148 4425 in·
1188 4373 1269 4424 actus
1283 4367 1309 4421 in
1326 4364 1371 4421 tali
1384 4364 1474 4436 specie
1487 4363 1748 4435 virtutis,tanquam
1766 4365 1939 4420 necessarius
1951 4362 1986 4421 ad

350 4453 592 4524 currantur,sicut
609 4451 638 4507 lit
652 4467 700 4522 ρει
715 4451 904 4525 privilegia,nt
914 4455 1011 4528 aliquis
1022 4472 1075 4512 non
1088 4470 1151 4528 pos·
1186 4455 1357 4513 honestatem
1371 4455 1442 4526 eius,
1455 4460 1484 4510 ot
1497 4451 1557 4515 ideo
1571 4452 1620 4508 nisi
1634 4453 1766 4527 obligatio
1782 4452 1924 4510 auleratur
1937 4469 1988 4511 au·

350 4542 385 4598 sit
398 4540 643 4611 excommunicari,
663 4541 704 4598 vel
720 4542 772 4598 sub
786 4558 873 4614 poene
889 4547 1151 4605 excommunicatio·
1186 4548 1315 4603 ctoritate
1329 4544 1532 4616 dispensantis,
1547 4558 1601 4600 uon
1616 4550 1708 4617 ριιεει
1722 4559 1791 4614 ιριε
1808 4549 1986 4620 praeceptum

350 4633 392 4687 nis
406 4630 645 4702 obligari,etiamsi
660 4639 806 4703 praecepto
821 4633 936 4705 simplici
956 4634 1072 4708 obligari
1087 4653 1150 4710 pos·
1186 4635 1211 4691 io
1226 4633 1422 4708 quodcumque
1437 4648 1507 4704 opus
1523 4633 1629 4691 consilii
1644 4634 1919 4706 commutari,aeque
1932 4647 1986 4689 una

349 4719 444 4776 sitiit
463 4734 533 4791 quae
552 4719 626 4776 dicta
640 4725 705 4775 sunt
719 4720 752 4776 de
770 4737 871 4793 poena,
888 4724 1019 4794 applicari
1035 4733 1150 4796 possunt
1185 4739 1272 4796 poena
1297 4725 1322 4779 in
1347 4722 1449 4795 aliam,
1476 4731 1505 4779 et
1524 4722 1585 4779 ideo
1604 4721 1671 4779 baec
1690 4724 1871 4780 commutatio
1886 4725 1911 4780 in
1927 4724 1987 4796 lege

349 4809 384 4866 ad
398 4809 575 4865 irritationem
591 4815 686 4880 actus,
699 4816 728 4866 et
742 4810 774 4867 ad
791 4813 954 4870 taxationem
968 4815 1056 4885 pretii,
1072 4823 1099 4872 at
1114 4817 1150 4872 si·
1185 4815 1273 4887 magis
1298 4811 1402 4869 inducit
1427 4813 1560 4869 rationem
1581 4811 1807 4884 dispensationis,
1829 4820 1858 4868 ει
1878 4819 1984 4870 εειιιιε

348 4897 426 4955 aniles
447 4901 581 4970 ellectus3
597 4914 659 4956 nam
679 4906 763 4971 prout
775 4911 841 4959 ειιιι
854 4919 870 4958 a
885 4903 940 4976 lege
956 4902 1085 4976 bumana,
1102 4920 1149 4976 per
1186 4905 1382 4977 proportione,
1398 4903 1425 4958 in
1440 4901 1567 4958 omnibus
1582 4901 1654 4958 illam
1671 4900 1805 4957 imitatur.

348 4986 573 5059 dispensationem
588 4989 689 5046 ιιιιειιι
710 4999 835 5062 ριεειιιι,
848 4992 889 5048 εει
904 4992 983 5051 simul
997 5010 1062 5050 cum
1076 4995 1148 5066 aliis,
1225 4997 1250 5053 i.
1266 4994 1365 5060 Quaeri
1386 5007 1451 5048 vero
1474 4997 1583 5062 potest,
1605 4988 1718 5063 quando
1733 4989 1902 5062 dispensatio
1912 4991 1987 5056 inei·

348 5077 390 5134 vel
409 5081 490 5136 etiam
510 5094 557 5150 ρει
580 5095 608 5136 se
628 5079 698 5152 soli,
718 5082 828 5154 quando
847 5083 881 5140 ab
902 5083 960 5141 aliis
984 5085 1149 5158 separabiles
1184 5084 1240 5157 piat
1259 5081 1359 5139 babere
1379 5079 1508 5138 ellectum
1529 5095 1629 5136 suum:
1646 5080 1671 5136 ιι
1687 5095 1743 5158 qoa
1763 5081 1939 5154 quaestione,
1955 5087 1987 5138 ut

348 5175 423 5228 suot.
1071 5247 1073 5251 Ι
1185 5173 1279 5230 locum
1300 5170 1414 5242 babeat,
1435 5167 1646 5242 supponendum
1660 5177 1719 5241 est,
1737 5169 1871 5236 absolute,
1887 5176 1916 5227 et
1930 5171 1987 5228 sina

388 5264 415 5318 5.
440 5261 528 5336 litque
547 5258 610 5320 bine
630 5259 707 5320 laoile
726 5261 863 5322 declarari
878 5271 971 5338 potest
984 5263 1037 5323 alia
1049 5263 1148 5323 divisio
1183 5277 1316 5340 expressa
1340 5260 1470 5321 dilatione
1495 5275 1556 5320 esse
1579 5275 1595 5319 a
1614 5260 1789 5336 dispensante
1804 5275 1983 5337 concessam,
