4290 6222
407 377 470 439 400
1092 384 1193 433 arnan
1209 383 1283 432 vnn.

366 519 472 589 dicam,
494 516 572 590 qrrasi
592 513 626 571 da
647 529 716 570 onoc
737 513 775 568 tt.
792 511 866 569 Unde
885 509 1099 569 communicatio
1121 508 1166 564 illo
1202 509 1272 582 legia
1286 523 1438 580 concessa,
1453 515 1482 565 et
1494 507 1680 567 concedenda.
1697 511 1769 570 liaeo
1784 525 1854 584 ergo
1869 509 2016 578 clausula,

366 609 448 666 ctiam
457 607 512 664 dici
523 609 611 676 potest
624 601 815 674 multiplicatio
825 600 963 658 numerica
974 596 1097 655 eiusdem
1111 598 1165 668 pri·
1201 597 1242 653 vel
1259 597 1312 654 alia
1325 597 1512 670 aepisinalens,
1524 601 1680 656 necessaria
1689 608 1733 657 est
1742 600 1776 656 ad
1788 600 1860 656 illam
1875 601 2016 656 annosio-

367 697 472 770 vilegii,
489 703 522 752 ut
540 708 623 765 supra
639 691 809 748 declaratum
824 696 879 746 est.
897 688 997 746 Deinde
1018 703 1083 744 cnm
1098 686 1167 771 dici·
1201 701 1277 756 nem,
1294 703 1364 759 quae
1384 687 1453 744 solet
1466 689 1548 744 otiam
1563 687 1624 745 addi
1639 691 1665 746 io
1680 689 1823 762 privilegio
1837 688 1879 746 od
1896 693 2013 755 instar,

366 794 427 848 tur,
450 785 502 841 boc
523 783 695 857 privilegium
716 780 932 850 communicari,
948 777 1012 836 nibil
1027 776 1101 834 alind
1117 791 1166 848 par
1201 780 1232 830 ul
1244 781 1354 831 constat
1367 790 1399 831 ea
1414 775 1472 848 lege
1486 780 1598 842 onerato,
1615 779 1646 834 C.
1661 777 1694 834 de
1707 780 1829 849 episcop.
1845 784 1874 834 et
1896 777 1970 833 cler.
1986 783 2017 832 et

366 873 418 930 boc
433 872 620 947 significatur,
635 871 685 927 nisi
699 867 772 942 quod
788 868 959 940 privilegium
972 875 1003 923 ut
1020 871 1163 936 receptum
1204 863 1240 918 ita
1255 865 1281 918 in
1299 862 1350 919 boc
1365 880 1418 920 noa
1433 870 1476 920 est
1489 864 1640 922 ditlercntia
1654 867 1726 922 iuter
1741 867 1809 923 baec
1825 865 1984 938 privilegia.

364 965 390 1019 in
406 978 457 1033 eo,
473 963 520 1018 cni
535 960 771 1026 communicatur,
787 957 822 1012 sit
835 957 957 1013 eiusdem
973 955 1084 1012 rationis
1099 967 1164 1008 cum
1243 957 1286 1010 12.
1302 952 1386 1010 Sinnili
1402 952 1482 1010 modo
1496 953 1644 1012 dicendum
1655 966 1698 1012 est
1710 954 1744 1011 de
1759 956 1910 1012 mutatione
1925 955 2016 1024 prisi-

367 1051 428 1121 illo,
441 1050 517 1125 qnod
530 1049 770 1105 communicatur:
784 1046 838 1102 boc
853 1052 945 1101 nartem
957 1042 1018 1100 ideo
1033 1048 1087 1110 est,
1101 1041 1165 1113 quia
1201 1040 1263 1114 legii
1274 1043 1470 1098 communicati
1481 1043 1573 1116 quoad
1586 1043 1809 1112 diminutionem,
1831 1043 1873 1099 vel
1883 1044 2016 1102 amissio-

365 1139 394 1195 iit
407 1138 449 1196 orl
461 1143 574 1204 instar,
597 1144 625 1193 ct
639 1134 841 1192 similitudinem
856 1135 946 1205 illius3
961 1139 1004 1189 est
1016 1148 1084 1205 ergo
1098 1129 1164 1188 illud
1200 1145 1261 1187 nem
1274 1150 1282 1202 3
1294 1131 1356 1202 qnia
1368 1131 1431 1188 licet
1445 1132 1615 1206 privilegium
1631 1133 1781 1202 minuatur,
1794 1131 1838 1187 ael
1852 1133 2014 1193 amittatur,

365 1228 534 1301 privilegium
550 1225 592 1284 nd
611 1229 723 1288 instar,
742 1230 769 1280 et
782 1222 857 1297 qaacd
872 1238 919 1296 per
933 1221 1003 1278 hauc
1018 1235 1114 1278 rocem
1130 1220 1165 1276 si·
1200 1221 1256 1276 sire
1270 1235 1317 1291 per
1332 1221 1549 1292 revocationem,
1561 1223 1617 1278 siae
1630 1237 1677 1293 per
1688 1237 1742 1278 uon
1755 1237 1853 1290 usum,
1867 1223 1926 1277 siae
1938 1237 2015 1293 quo-

365 1320 512 1390 gniiicatur
532 1317 609 1390 quasi
629 1319 655 1372 in
674 1324 740 1373 actn
755 1315 876 1386 signato,
893 1328 941 1384 per
957 1311 1072 1368 uerbum
1088 1325 1164 1366 com·
1200 1323 1322 1381 cumque
1335 1308 1388 1365 alio
1407 1309 1489 1366 modo
1510 1311 1535 1366 in
1550 1325 1599 1379 eo,
1614 1311 1661 1367 cni
1675 1312 1754 1382 prins
1767 1310 1872 1366 directe
1889 1324 2015 1366 coaoes
2127 1301 2129 1378 3

365 1407 558 1463 municatinnis
572 1406 740 1480 significatur
751 1405 777 1460 iu
790 1410 853 1460 actu
865 1403 1003 1474 sacruto,
1018 1416 1061 1456 res
1073 1404 1164 1454 antam
1201 1412 1262 1452 snm
1276 1396 1340 1467 luit,
1356 1398 1416 1454 inde
1432 1398 1506 1455 narlla
1521 1398 1637 1456 resultat
1648 1401 1763 1456 mulatio
1774 1402 1801 1454 iu
1815 1413 1860 1466 eo,
1872 1400 2015 1468 cnipost·

362 1495 456 1552 eadem
471 1502 522 1552 est.
1199 1501 1231 1542 ea
1255 1486 1306 1543 init
1326 1489 1582 1556 communicatum,
1602 1490 1667 1561 quia
1688 1487 1757 1545 laneo
1778 1489 1916 1560 posterior
1940 1502 2014 1542 cno-

406 1589 448 1642 tl.
466 1586 608 1640 Praeterea
629 1581 717 1656 (qnod
737 1580 771 1637 ad
793 1595 849 1636 rem
871 1578 1003 1635 rnornlom
1018 1575 1164 1647 praecipuo
1203 1576 1291 1632 cessio
1307 1591 1360 1632 oon
1378 1578 1477 1648 pendet
1491 1594 1508 1634 s
1522 1579 1624 1649 prima,
1636 1579 1700 1651 quis
1711 1594 1765 1634 nnn
1776 1577 1943 1634 conceditur
1961 1593 2012 1648 pc·

363 1673 480 1745 spectati
503 1671 565 1728 binc
586 1671 630 1743 tit,
653 1677 684 1728 ut
703 1669 882 1742 proprietates
904 1681 989 1738 supra
1008 1663 1164 1721 declaratae
1186 1666 1312 1722 ¹steriori
1327 1673 1456 1740 tanquam
1471 1667 1640 1738 accessorio,
1653 1683 1701 1726 seu
1713 1683 1840 1724 connexo
1856 1681 1921 1724 cnm
1935 1667 2014 1738 prio·

362 1766 389 1818 iu
405 1761 545 1842 privilegio
561 1757 603 1818 od
615 1762 729 1824 instar,
747 1761 771 1814 in
787 1757 932 1829 privilegiis
946 1754 1161 1810 communicatis
1200 1756 1244 1827 ri,
1260 1755 1308 1811 sed
1327 1771 1375 1826 per
1390 1771 1435 1824 se,
1452 1771 1484 1812 ac
1500 1755 1605 1814 directe
1619 1773 1653 1813 ex
1668 1757 1793 1830 propria,
1810 1761 1838 1812 et
1851 1759 1878 1812 in
1896 1755 2013 1828 propria

362 1852 508 1922 absoluto,
530 1857 559 1907 et
578 1848 702 1922 perlecto
723 1846 806 1904 modo
831 1846 924 1902 locum
944 1843 1069 1900 babeant.
1096 1843 1164 1897 Nam
1199 1859 1331 1914 persona,
1348 1845 1494 1918 solumque
1505 1852 1547 1902 cst
1558 1847 1627 1903 inter
1639 1846 1698 1903 illos
1713 1849 1912 1904 concessiones
1927 1853 2012 1902 sote·

362 1955 411 2012 per
424 1939 702 1996 communicationem
721 1935 793 1992 hauc
809 1935 845 1992 ita
858 1935 887 1990 nt
901 1933 1042 2005 proprium
1054 1930 1164 2001 privile·
1198 1935 1289 1989 cessio
1311 1934 1456 2004 temporis,
1473 1940 1500 1990 et
1513 1933 1647 2006 quaedam
1666 1934 1867 2009 multplicatio,
1890 1934 2011 2006 ideoque

360 2032 436 2102 parm
458 2028 483 2082 ia
504 2042 551 2098 ea,
567 2027 614 2083 cui
627 2026 866 2094 communicatur,
884 2030 916 2079 ut
930 2023 1049 2078 mutatio
1064 2020 1088 2074 in
1105 2033 1160 2074 uno
1199 2021 1313 2078 mutatio
1328 2023 1354 2078 in
1370 2038 1424 2078 uno
1439 2021 1513 2080 iacta
1528 2039 1581 2080 non
1597 2024 1774 2095 potestalteri
1786 2038 1898 2088 nocere.
1917 2027 2011 2096 Atque

361 2119 434 2174 iacta
458 2132 511 2172 nnn
526 2116 683 2172 necessario
698 2115 744 2170 dat
758 2113 783 2169 in
798 2112 882 2168 altero
895 2153 902 2182 ,
917 2125 969 2166 nec
983 2125 998 2164 e
1013 2122 1160 2176 converso,
1199 2111 1236 2167 ita
1250 2109 1330 2168 tradit
1344 2111 1493 2168 Panormit.
1507 2112 1533 2168 in
1545 2129 1571 2169 c.
1586 2114 1663 2170 Com
1673 2116 1875 2178 morosiorem,
1898 2112 2011 2168 decca-

362 2207 419 2261 sivc
439 2204 484 2260 illa
507 2205 543 2260 sit
557 2219 605 2276 per
619 2203 730 2260 modum
746 2200 899 2274 augmenti,
916 2201 971 2254 siro
986 2211 1034 2268 per
1046 2195 1159 2253 modum
1199 2201 1256 2256 stit.
1273 2205 1300 2254 et
1314 2214 1380 2254 cnm
1396 2200 1441 2256 illn
1456 2201 1575 2275 sylvest.
1592 2201 1676 2258 verbo
1688 2199 1890 2275 priuilegium,
1910 2217 1939 2272 q.
1962 2203 2007 2258 tl.

361 2291 561 2360 diminutionis,
581 2299 629 2348 aut
643 2291 838 2362 corruptionis.
851 2289 930 2345 ilatio
943 2293 995 2357 cst,
1008 2287 1072 2360 quia
1084 2299 1160 2341 com·
1198 2289 1223 2344 in
1239 2290 1301 2358 fine,
1318 2289 1447 2346 llaudosa
1461 2305 1545 2361 supra
1558 2296 1668 2363 quaest.
1681 2294 1708 2361 a,
1720 2289 1877 2348 tiodericus
1896 2298 1965 2346 tom.
1984 2294 2009 2360 t,

362 2383 510 2440 manicatio
532 2380 674 2453 privilegii,
686 2395 735 2436 seu
749 2379 961 2451 privilegiorum,
974 2377 997 2432 si
1010 2374 1074 2431 nibil
1090 2372 1163 2430 aliud
1198 2393 1225 2450 q.
1240 2383 1287 2450 55,
1301 2385 1353 2435 art.
1371 2382 1415 2450 19,
1429 2378 1474 2434 unt
1487 2380 1512 2435 ia
1525 2379 1577 2436 boc
1593 2394 1675 2436 seusu
1690 2381 1736 2451 ait,
1750 2395 1798 2452 pea-
1813 2383 2011 2437 communic..

327 2497 335 2510 ·
363 2472 492 2542 addatur,
510 2471 669 2544 intelligitur
682 2470 737 2527 lieri
749 2469 782 2525 de
796 2466 943 2546 privilegiis
956 2461 1162 2533 conmutaret
1198 2467 1301 2522 tionem
1314 2464 1447 2539 privilegii
1458 2465 1517 2524 dari
1528 2467 1571 2524 ius
1583 2468 1675 2525 utendi
1687 2469 1744 2541 illo,
1755 2485 1808 2526 ooo
1826 2476 1918 2526 umen
1931 2484 2009 2526 ccm-

361 2560 513 2618 secundum
535 2573 693 2616 mensuram
707 2556 893 2615 concessionis
912 2557 965 2612 iam
980 2553 1084 2622 iactae,
1099 2551 1163 2624 quia
1198 2557 1333 2612 municari
1355 2570 1453 2624 arsum,
1470 2558 1579 2634 selinon
1596 2575 1677 2614 usum
1697 2559 1773 2628 eins,
1790 2559 1837 2616 cui
1859 2560 1938 2631 prius
1955 2560 2014 2615 tale.

360 2652 402 2708 vel
418 2650 532 2708 verbnm
554 2645 799 2706 communicandi
814 2645 977 2718 regulariter
990 2640 1065 2699 cadit
1078 2655 1162 2712 super
1198 2644 1370 2716 privilegium
1394 2644 1489 2702 dutum
1513 2653 1564 2702 est.
1584 2647 1663 2715 Quod
1688 2663 1751 2706 aere
1770 2648 1875 2706 dictum
1897 2656 1960 2716 est,
1980 2657 2008 2706 et

359 2739 473 2796 verbum
489 2738 523 2796 de
542 2739 706 2810 praeterito,
722 2735 797 2810 quod
813 2734 1001 2812 adiuturum,
1017 2729 1049 2786 de
1064 2744 1092 2785 se
1107 2743 1161 2784 oon
1198 2732 1270 2789 idem
1290 2732 1345 2789 dici
1365 2740 1455 2804 potest
1474 2733 1508 2790 dc
1527 2749 1704 2808 quacumque
1723 2737 1929 2810 renuntiatione
1950 2739 2006 2809 pri-

357 2829 524 2900 eatenditur,
547 2833 578 2884 ut
592 2825 726 2896 dicendo,
744 2825 1010 2882 Communicamus
1025 2819 1096 2876 bnic
1111 2818 1162 2874 bo·
1198 2821 1303 2894 vilegii,
1321 2823 1361 2879 rel
1376 2837 1462 2880 causa
1477 2825 1510 2880 ab
1527 2817 1583 2881 nno
1596 2826 1658 2882 data
1672 2825 1705 2883 ad
1720 2828 1794 2884 illius
1814 2827 2003 2896 amissionem,

359 2915 461 2994 spirali
474 2913 633 2991 priuilegio
653 2928 792 2970 concesso
806 2906 1032 2984 tnltbospitoli:
1048 2906 1088 2962 vel
1099 2905 1163 2962 licet
1198 2926 1260 2967 nam
1276 2912 1302 2966 in
1317 2911 1360 2970 lais
1374 2927 1427 2966 nno
1442 2917 1485 2968 est
1498 2912 1571 2970 lacta
1584 2899 1810 2972 communicatio.
1834 2917 1865 2971 ln
1882 2915 1926 2971 bis
1940 2931 2006 2988 ergo

358 3021 412 3062 non
436 3004 552 3063 addatur
575 3001 691 3059 verbum
713 3016 869 3066 concesso,
887 2999 934 3056 sed
949 2997 1108 3081 simpliciter
1122 2995 1161 3051 di·
1198 3015 1251 3064 uon
1271 3001 1406 3057 invenitur
1424 2999 1576 3059 differentia
1591 3004 1661 3059 iuter
1675 3003 1846 3079 privilegium
1864 3019 1915 3075 par
1929 3020 2003 3060 eom.

357 3101 455 3152 catur:
471 3093 534 3150 'l'alc
552 3092 687 3163 hospitale
701 3090 819 3164 gaudeat
834 3087 978 3162 privilegiis
999 3087 1059 3143 talis
1073 3086 1163 3143 eccle·
1197 3091 1427 3160 manicationem,
1440 3098 1469 3147 et
1479 3089 1521 3147 ccl
1531 3094 1639 3158 instar,
1652 3107 1702 3149 nec
1713 3095 1794 3150 etiarn
1806 3095 1831 3148 in
1844 3092 1919 3160 aliis,
1933 3108 2002 3165 quse

359 3184 426 3249 siae,
445 3182 606 3254 intelligitur
619 3179 652 3236 de
667 3181 808 3236 concessis
820 3217 827 3248 ,
837 3181 901 3252 quia
913 3193 966 3233 non
977 3177 1043 3233 sunt
1053 3192 1085 3232 eo
1095 3181 1163 3231 tem·
1197 3194 1283 3250 supra
1298 3184 1390 3236 notata
1405 3184 1480 3236 siant.

357 3288 424 3343 pore
440 3271 580 3345 privilegia
595 3269 658 3326 talis
669 3269 813 3337 ecclesiae,
827 3267 877 3323 nisi
891 3280 962 3338 quas
977 3263 1013 3322 illi
1024 3278 1160 3322 concessa

274 3371 284 3388 ¹
357 3369 434 3418 saint.
444 3361 479 3416 Et
490 3359 550 3415 ideo
561 3358 607 3416 ubi
619 3356 745 3430 princeps
757 3357 815 3414 vult
823 3355 969 3427 largiorem
980 3354 1070 3410 lacere
1082 3368 1158 3409 com·
1460 3369 1600 3439 CAPUT
1623 3369 1727 3440 xvfl·

356 3451 587 3519 nundinationem,
603 3447 675 3504 addit
688 3446 814 3518 specialia
825 3443 918 3516 verba,
931 3443 1033 3516 quibus
1046 3455 1158 3514 expres·

357 3555 386 3597 se
396 3539 526 3606 declaret,
536 3553 588 3594 non
601 3543 707 3594 tanturn
719 3535 926 3592 communicare
937 3533 1078 3605 privilagio
1089 3547 1157 3586 con·

356 3643 452 3698 cessa,
468 3627 515 3684 sed
529 3628 611 3682 ctiam
625 3623 818 3692 concedenda,
835 3624 909 3684 sicut
922 3622 987 3679 iecit
1002 3623 1065 3678 Pius
1079 3620 1112 3676 V.
1132 3619 1157 3674 io

355 3720 428 3776 dicta
450 3717 541 3774 Bulla:
563 3721 593 3772 et
613 3713 715 3771 similes
735 3720 802 3769 sunt
822 3713 916 3784 plures
936 3714 963 3766 in
978 3707 1154 3782 compendio,

357 3808 440 3865 aerbo
454 3805 696 3870 commaerentem
708 3809 737 3859 et
748 3804 783 3858 ita
794 3799 886 3874 qraoad
899 3799 950 3856 boc
966 3799 1034 3855 idem
1046 3798 1156 3854 omuino
1643 3859 1651 3874 .

356 3893 527 3952 sentiendum
545 3897 588 3948 est
601 3891 633 3947 de
649 3889 787 3962 privilegio
802 3903 850 3960 per
864 3888 1155 3956 communicationem,
1433 3913 1439 3924 ·
1485 3861 1710 3923 Sflfflfflfflllss

1198 3579 1309 3634 Utrum
1324 3580 1546 3634 communicato
1557 3576 1725 3650 priuilegio,
1743 3579 1836 3634 etiarn
1851 3581 2002 3635 restrictio

1432 3669 1494 3724 eius
1508 3671 1752 3725 conrmunicctnr.

356 3989 384 4041 st
398 3983 431 4040 ad
446 3983 543 4038 instar.
560 3979 596 4036 lit
609 3980 644 4034 ita
658 3980 742 4035 sentit
756 3977 878 4035 llaudos.
895 3977 967 4034 dicto
983 3981 1064 4032 tract.
1079 3976 1157 4032 Glos-

1193 4043 1217 4092 l.
1231 4043 1327 4107 Duplex
1344 4044 1430 4108 opinio
1447 4043 1479 4093 dc
1492 4045 1721 4096 communicatione
1738 4046 1871 4110 privilegii
1885 4061 1946 4098 cum
1959 4061 1997 4096 re·

349 4075 451 4142 «sati,
467 4069 513 4127 ubi
527 4070 566 4126 ita
581 4068 776 4138 interpretatur
789 4064 936 4139 qnamdam
951 4064 1155 4136 privilegiorum
1225 4114 1361 4165 wicum
1388 4112 1448 4162 —2
1473 4113 1702 4164 mammio
1732 4116 1792 4164 mn
1827 4117 1843 4128 ,,
1869 4141 1904 4152 κ
1914 4117 1932 4167 3
1953 4118 1996 4166 S&

354 4157 632 4217 communicationem
647 4155 776 4212 societati
792 4154 892 4211 iactam
911 4155 987 4210 aPio
1001 4155 1033 4210 V.
1052 4155 1077 4210 in
1093 4154 1159 4211 Bul·
1224 4182 1306 4230 canda
1326 4149 1465 4233 „„'„;„„,',
1477 4209 1512 4220 ,
1521 4183 1548 4233 4,
1566 4183 1653 4234 Tem,
1673 4129 1863 4234 „Jsspfflffffi
1873 4186 1900 4235 5·
1916 4155 1996 4248 Q'mm

355 4249 381 4305 la
394 4251 524 4321 AEqnum
543 4247 733 4319 reputamus,
758 4243 820 4299 auni
844 4245 931 4315 1565,
945 4241 1048 4299 ntideo
1062 4250 1152 4314 putnt;
1227 4252 1276 4301 vim
1292 4250 1369 4302 babet
1383 4252 1515 4302 restrictio
1527 4253 1553 4302 in
1565 4253 1829 4304 communicabitttste
1843 4257 1985 4318 privilegii.

355 4337 635 4396 communicationem
655 4332 856 4405 privilegiorum
877 4332 1004 4389 societati
1024 4331 1155 4388 iactama

356 4429 402 4484 Pio
418 4426 450 4482 ll.
466 4441 519 4481 nou
533 4421 642 4480 extendi
654 4421 688 4479 ad
700 4422 840 4496 priuilegia
854 4420 1033 4478 concedenda
1045 4421 1096 4476 nisi
1107 4436 1155 4493 per
1234 4425 1258 4476 l.
1275 4421 1405 4478 Occurrit
1419 4428 1508 4479 tamea
1524 4424 1550 4478 iu
1567 4423 1619 4480 bac
1630 4425 1855 4498 aequiparatione
1867 4426 1991 4498 speciali·

355 4517 434 4572 aliam
445 4511 720 4573 communicationem
731 4512 810 4583 (perosi
822 4511 961 4582 redonam,
971 4526 1019 4566 seu
1031 4512 1056 4564 ia
1068 4524 1155 4582 quan·
1192 4517 1233 4566 ter
1258 4509 1469 4584 inquirendum,
1484 4527 1518 4568 an
1538 4513 1709 4585 privilegium
1730 4514 1814 4571 alieni
1830 4529 1997 4572 concessum

356 4612 416 4661 tuna
437 4603 473 4659 illi
492 4601 733 4659 communicantur
754 4599 894 4672 privilegia
914 4600 1030 4656 aliarum
1045 4598 1156 4670 religio·
1189 4615 1253 4656 cum
1268 4607 1343 4656 certa
1359 4601 1548 4672 restrictione,
1562 4609 1588 4674 et
1600 4609 1693 4673 postea
1707 4604 1946 4662 communicatum
1956 4603 1997 4659 al-

354 4709 431 4766 num,
441 4691 578 4764 inquibus
591 4689 635 4746 illa
646 4689 769 4746 extensio
780 4691 948 4746 continetur.
958 4688 1012 4746 Sed
1024 4689 1088 4745 licet
1099 4688 1152 4744 boc
1190 4691 1258 4761 teri,
1273 4689 1439 4762 intelligatur
1453 4687 1689 4749 communicatum
1703 4708 1768 4749 cum
1789 4691 1886 4750 eadem
1901 4695 1999 4751 restri-

354 4785 391 4840 sit
405 4779 562 4855 probabile,
578 4783 682 4835 attento
696 4777 755 4858 solo
771 4784 865 4836 tenore
876 4779 948 4835 illius
960 4777 1070 4850 Bullae,
1086 4777 1154 4834 nibi·
1188 4782 1294 4852 ctioae,
1309 4780 1413 4837 etiamsi
1427 4779 1474 4836 illa
1489 4796 1541 4836 nun
1553 4783 1737 4854 exprimatur,
1759 4783 1807 4838 scd
1817 4782 1998 4840 absolutsdi-

353 4871 472 4928 lominus
485 4873 527 4924 est
541 4866 592 4923 alia
605 4865 683 4923 Bulla
696 4865 818 4924 eiusdem
830 4867 869 4923 Pii
882 4868 914 4923 V.
931 4869 1009 4925 Cum
1022 4865 1153 4942 indesec—
1188 4875 1280 4939 catur,
1292 4869 1490 4927 communicari
1505 4869 1569 4926 huic
1582 4870 1762 4944 privilegium,
1776 4872 1856 4944 quod
1866 4871 1938 4931 alter
1949 4875 1997 4929 ba·

353 4974 405 5019 sos
426 4961 525 5032 tquam
546 4956 589 5013 ille
610 4962 707 5012 auctor
728 4957 786 5014 sina
804 4954 886 5012 dnbio
906 4971 958 5012 nnn
982 4957 1065 5027 vidit,
1087 4959 1152 5031 quia
1188 4957 1244 5014 bct.
1257 4957 1325 5014 Nam
1337 4955 1457 5029 videtur,
1470 4973 1502 5014 en
1514 4958 1593 5014 dictis
1605 4961 1683 5032 sequi
1696 4975 1758 5032 pars
1773 4960 1930 5033 atlirmaas,
1942 4965 1997 5035 pri-

352 5051 467 5106 iortesse
481 5053 543 5104 ante
557 5045 630 5103 illam
645 5045 766 5118 editam,
783 5051 933 5103 tractatum
948 5045 1023 5101 illum
1037 5061 1152 5118 compo·
1189 5062 1234 5103 mo
1249 5062 1298 5118 per
1312 5053 1506 5120 argumentum
1521 5063 1535 5103 a
1550 5049 1705 5121 contrario,
1716 5050 1780 5122 quia
1796 5049 1840 5105 illa
1853 5053 1997 5109 restrictio

353 5141 422 5208 snit,
437 5152 500 5194 nam
520 5135 572 5192 init
591 5142 654 5207 post
668 5149 714 5191 sea
729 5149 815 5191 annos
829 5149 845 5191 a
859 5133 993 5206 superiori
1007 5134 1078 5192 adita
1090 5133 1109 5206 l,
1126 5136 1151 5192 io
1187 5151 1242 5192 noo
1258 5136 1417 5208 superuenit
1431 5135 1692 5208 communicationi,
1712 5138 1761 5195 ssd
1786 5141 1955 5212 supponitur
1969 5141 1996 5196 ia

353 5240 408 5300 qua
421 5224 558 5297 expressis
571 5223 661 5280 verbis
677 5223 920 5279 communicantur
930 5223 1059 5280 Societati
1072 5224 1152 5295 priai·
1188 5226 1274 5297 prima
1289 5226 1476 5284 concessione.
1493 5225 1547 5282 Sed
1562 5228 1718 5298 restrictio,
1733 5243 1804 5302 qraae
1819 5231 1992 5300 supervenit,
