4294 6238
839 411 945 462 curor
960 411 1070 460 xxvrr.
1665 395 1731 457 255*
1751 477 1757 486 .

390 533 530 603 CAPUT
545 533 682 602 XXVII,
972 533 1061 591 solum
1083 532 1136 589 sub
1157 532 1248 605 aliqua
1269 533 1372 590 ratione
1394 534 1482 607 magle
1502 533 1632 606 generali.
1656 534 1768 602 Quando
1801 595 1805 603 ,

971 639 1039 695 ergo
1051 624 1076 678 in
1093 637 1162 680 nova
1175 623 1234 697 lege
1246 627 1415 695 repugnante
1426 623 1509 694 priori
1522 623 1631 681 additur
1643 623 1768 681 clausula

255 727 372 804 (ΝΜ
386 725 481 784 „wag
488 726 550 800 flag
565 728 720 801 apr09ag⁰
734 727 817 802 1395„
973 712 1124 769 formaliter
1138 712 1304 778 revocativa,
1320 719 1386 767 tunc
1403 712 1492 768 solum
1509 719 1573 768 sunt
1592 712 1770 770 consideran·

342 823 370 875 ,g
384 833 457 890 quo,
470 814 594 890 effectu,
608 818 728 876 habeat,
972 799 1105 857 daverba
1120 802 1318 874 revocationis,
1334 815 1367 856 en
1383 803 1437 856 sint
1456 801 1598 874 specialia,
1614 802 1657 858 vel
1672 803 1768 858 saltem

974 887 1120 945 sufficienti
1148 889 1228 946 modo
1256 890 1392 962 generalia
1421 891 1455 947 ad
1487 891 1771 964 comprehendendam

974 980 1092 1051 priorem
1114 977 1216 1052 legem,
1233 980 1348 1036 alterum
1369 982 1441 1037 enim
1463 979 1561 1036 borum
1583 983 1770 1038 necessarium

973 1075 1031 1138 est,
1049 1074 1080 1124 ut
1099 1067 1218 1124 formalis
1232 1069 1369 1127 revocatio
1384 1068 1456 1125 facta
1474 1069 1656 1142 intelligatur,
1670 1071 1771 1144 alioqui

132 1201 156 1249 ,¹
171 1199 274 1262 auplex
286 1203 327 1248 ω
341 1200 375 1249 ab
376 1200 476 1261 rogatio
490 1199 562 1264 ,effi
575 1227 607 1236 -
622 1199 648 1250 ἰ
662 1199 746 1250 ,mm
760 1197 938 1249 conclusio.—
974 1159 1026 1215 erit
1041 1165 1151 1215 tantum
1165 1159 1309 1231 implicita,
1325 1167 1352 1215 et
1365 1157 1421 1214 fere
1440 1158 1564 1215 eiusdem
1582 1159 1692 1216 rationis
1706 1175 1771 1216 cum

165 1269 194 1318 3.
210 1267 330 1318 &unda
347 1270 559 1320 ,oncrum-4,
572 1269 644 1318 Unde
658 1268 830 1330 colligandum
840 1275 890 1328 est,
903 1269 938 1318 pe.
975 1248 1080 1318 altere,
1095 1250 1122 1304 in
1144 1264 1200 1320 qua
1214 1248 1288 1304 nulla
1301 1248 1426 1304 clausula
1440 1263 1571 1319 expressa
1588 1247 1771 1320 derogationis

167 1351 229 1402 gem
249 1351 307 1388 esse
327 1337 531 1388 odiosam-d.
545 1339 642 1402 Duplex
660 1338 872 1389 limitatio—ti.
887 1337 939 1387 Lex
975 1336 1101 1408 additur,
1123 1353 1193 1410 quae
1215 1355 1268 1394 non
1290 1353 1399 1410 parvum
1421 1338 1613 1396 difficultatem
1636 1339 1708 1412 apud
1723 1355 1772 1396 au-

167 1408 305 1470 ⁸⁴³¹¹⁰¹²¹³⁸
324 1409 578 1490 ⁹⁰³‘efif'rflbmssal
594 1409 716 1490 mrem·
730 1437 764 1445 “
774 1405 939 1488 eriduteen-
974 1436 1066 1485 stores
1082 1427 1179 1499 habet,
1195 1427 1266 1484 illam
1281 1436 1371 1485 tamen
1387 1428 1505 1484 breviter
1519 1429 1671 1500 expediam.

166 1477 233 1526 dum
246 1477 278 1526 de
293 1478 351 1538 lege
364 1478 479 1540 speciali.
488 1506 522 1513 -
532 1477 597 1539 Quid
611 1478 672 1528 facit
687 1479 726 1527 les
739 1476 867 1539 generalis
880 1489 940 1526 con-

168 1555 211 1596 ιη
233 1547 318 1608 legem
338 1547 529 1609 sp,„,1,„,„
541 1547 565 1594 7,
583 1549 634 1598 L„
653 1548 771 1612 specim„
790 1545 850 1610 quid
872 1547 939 1595 ..ΜΗ
1014 1523 1041 1576 2.
1059 1519 1123 1574 bico
1144 1533 1209 1590 ergo
1225 1518 1326 1589 primo:
1344 1520 1397 1574 Lex
1412 1518 1523 1575 inferior
1540 1518 1677 1575 interdum
1691 1519 1771 1577 obro·
1816 1541 1818 1546 ¹

167 1621 262 1666 contra
278 1615 435 1676 generalem.
447 1617 517 1666 -u
532 1617 664 1668 Resolutio
676 1617 760 1666 dubit.
974 1617 1020 1679 get
1043 1607 1268 1679 praecedentem,
1286 1609 1389 1663 etiamsi
1409 1607 1511 1663 nnllam
1532 1608 1591 1664 eius
1609 1610 1772 1664 mentionem

865 1715 868 1721 ·
974 1694 1066 1752 faciet.
1082 1699 1155 1752 llaec
1175 1697 1289 1752 assertio
1309 1697 1463 1753 communis
1483 1703 1525 1752 est
1538 1703 1565 1753 et
1579 1704 1665 1753 certa.
1683 1697 1773 1752 Sumi-

182 1792 209 1846 t.
227 1789 258 1844 ln
273 1787 327 1843 boc
340 1788 428 1858 capite
439 1785 636 1859 explicabimus
648 1786 763 1842 formam
774 1783 940 1845 servandam
975 1792 1021 1842 tur
1040 1801 1073 1842 en
1094 1801 1155 1858 cap.
1177 1793 1201 1844 t.
1216 1785 1250 1841 de
1271 1788 1418 1843 constitut.
1441 1788 1468 1841 in
1491 1791 1517 1844 6.
1540 1801 1605 1842 cum
1628 1787 1723 1843 Glossa
1736 1786 1773 1842 ibi
1814 1815 1818 1824 ·

135 1877 160 1932 in
176 1877 358 1950 abrogatione
374 1875 456 1948 legis,
470 1877 605 1948 simulque
619 1877 653 1934 de
667 1877 808 1933 effectibus
824 1877 883 1933 eius
900 1875 941 1932 di·
978 1875 1063 1932 verbo
1078 1890 1225 1942 revocure,
1244 1882 1272 1932 et
1288 1875 1370 1930 verbo
1382 1878 1538 1942 'avoscoiuq
1555 1882 1584 1930 et
1597 1891 1629 1932 ex
1644 1876 1663 1931 l.
1683 1873 1734 1932 scd
1747 1881 1775 1932 et

133 1982 248 2038 cemus,
262 1969 330 2039 quia
351 1981 396 2023 res
410 1974 453 2023 est
467 1965 567 2038 facilis,
579 1976 608 2024 et
621 1967 739 2022 breviter
750 1964 881 2037 explicari
893 1980 941 2035 po·
972 1968 1160 2038 posteriores,
1179 1965 1205 2020 tf.
1224 1964 1257 2020 de
1271 1963 1351 2036 legib.
1367 1965 1421 2029 ibi,
1439 1967 1498 2020 eise·
1513 1969 1683 2022 contrariae
1701 1967 1770 2020 siut.

133 2061 198 2112 test.
217 2059 350 2128 Supponu
369 2055 622 2128 igitur,‘duplioem
637 2054 765 2128 distingui
780 2069 859 2126 posse
875 2054 940 2125 legis
975 2055 1053 2111 Ratio
1063 2055 1186 2128 est,quia
1197 2055 1326 2110 voluntas
1336 2055 1471 2125 posterior
1490 2057 1630 2126 supposito
1641 2059 1774 2126 potestate

134 2140 361 2218 abrogationem
385 2160 467 2200 unam
497 2160 599 2202 vocare
619 2161 768 2218 possumus
793 2159 846 2200 non
871 2144 941 2199 scri·
976 2146 1077 2214 vincit,
1100 2149 1128 2199 et
1154 2149 1265 2199 revocat
1289 2145 1418 2214 priorem.
1440 2145 1578 2200 Posterior
1605 2151 1698 2202 autem
1719 2144 1772 2215 lex,

135 2241 229 2306 ptam,
250 2250 323 2306 quae
338 2249 385 2306 per
404 2233 627 2306 desuetudinem,
640 2235 681 2290 vel
697 2235 863 2291 contrariam
875 2249 940 2289 oon·
978 2231 1087 2306 quando
1099 2231 1260 2288 concordari
1276 2247 1329 2287 non
1345 2239 1435 2304 potest
1447 2249 1511 2289 cum
1523 2235 1621 2306 priori,
1637 2233 1789 2290 suffimen--

136 2323 317 2381 suetudinem
336 2324 379 2394 lit,
396 2323 430 2380 de
448 2339 502 2397 qua
516 2325 541 2379 iu
558 2325 625 2382 libro
641 2325 765 2397 sequenti
781 2322 879 2379 dicturi
896 2337 941 2378 su·
976 2329 1017 2379 ter
1029 2319 1130 2379 indicat
1142 2321 1310 2377 voluntatem
1323 2321 1404 2392 priori
1416 2323 1595 2392 contrariam,
1614 2323 1709 2380 saltem
1721 2324 1775 2378 vir·

135 2430 216 2484 mus,
234 2413 280 2469 hic
294 2421 385 2470 autem
406 2413 439 2470 de
459 2414 634 2487 abrogatione
654 2415 756 2486 scripta
778 2421 940 2480 tractamus,
976 2411 1098 2483 tualem,
1120 2426 1191 2485 quae
1212 2409 1318 2467 turmali
1340 2412 1511 2486 aequivalet,
1537 2427 1603 2486 ergo
1624 2411 1729 2469 suflicit
1742 2411 1775 2468 ud

136 2519 208 2575 quae
225 2502 293 2558 licet
309 2503 470 2574 generaliter
483 2504 539 2559 lieri
554 2506 640 2575 possit
656 2519 704 2574 per
720 2503 801 2560 verba
815 2517 862 2558 ore
874 2517 942 2573 pro·
977 2503 1188 2575 abrogationem.

418 1011 661 1078 summarium

136 2592 192 2649 lata
209 2593 245 2649 ab
265 2592 380 2666 habente
395 2599 571 2664 potestatem,
588 2593 761 2650 nibilominus
777 2593 941 2664 regulariter
1016 2597 1044 2650 3.
1059 2593 1124 2648 ilico
1136 2588 1273 2648 secundo:
1287 2591 1358 2646 llaec
1368 2591 1518 2666 ,abrogatio
1534 2591 1722 2662 restringenda
1733 2598 1777 2649 est

136 2682 273 2738 scribitur
297 2685 373 2738 siout
393 2682 512 2740 bumana
532 2684 591 2754 les,
607 2691 719 2756 propter
733 2682 941 2751 certitudinem,
978 2681 1069 2755 quoad
1083 2682 1139 2737 fieri
1156 2681 1257 2752 possit,
1272 2679 1435 2752 regulariter
1446 2679 1595 2752 loquendo.
1609 2682 1682 2737 Haec
1693 2682 1775 2737 etiam

138 2779 166 2828 et
180 2771 373 2842 durationem,
390 2772 510 2844 aliasque
529 2775 681 2844 scripturae
697 2772 839 2830 utilitates.
977 2771 1118 2828 conclusio
1133 2770 1286 2826 communis
1300 2775 1343 2826 est
1355 2813 1362 2840 ,
1373 2768 1407 2825 de
1423 2785 1478 2842 qua
1494 2771 1579 2827 videri
1597 2777 1686 2842 potest
1698 2772 1773 2826 Bert⁴

178 2863 263 2918 Circa
277 2861 349 2918 banc
359 2875 426 2934 ergo
442 2862 642 2919 revocationem
656 2863 681 2918 in
694 2863 787 2934 primis
798 2860 940 2918 adverten-
977 2863 1005 2917 in
1020 2861 1039 2917 l.
1054 2863 1081 2918 si
1091 2863 1257 2924 constante,
1273 2860 1300 2915 tf.
1315 2858 1396 2915 solut.
1415 2863 1535 2916 matrim.
1552 2877 1579 2916 n.
1596 2865 1641 2933 39,
1654 2867 1681 2917 et
1694 2859 1719 2916 in
1734 2875 1775 2916 re-

139 2949 207 3008 dum
224 2957 282 3023 est,
299 2951 381 3007 variis
396 2950 483 3008 modis
498 2953 553 3008 lieri
568 2967 658 3023 posse.
673 2953 764 3008 Primo
778 2967 846 3022 pure
862 2951 942 3008 abro·
979 2952 1055 3023 petit.
1073 2951 1092 3006 l.
1113 2952 1238 3014 Caesar,
1258 2949 1284 3004 lt.
1302 2948 1334 3005 de
1350 2948 1452 3020 public.
1471 2956 1545 3006 rect.
1563 2951 1666 3007 colum.
1684 2955 1709 3018 8,
1725 2951 1777 3006 oe-

138 3041 231 3115 grndo
250 3041 355 3114 legem,
376 3040 402 3097 id
420 3048 464 3097 est
479 3040 596 3098 tollendo
617 3042 808 3115 obligationem
823 3043 900 3111 eius,
916 3045 944 3096 et
979 3041 1039 3098 cius
1058 3040 1083 3096 in
1104 3056 1166 3112 cap.
1187 3043 1211 3097 l.
1227 3039 1260 3094 de
1275 3038 1386 3096 constit.
1405 3040 1467 3094 lect.
1488 3046 1562 3111 t,o.
1585 3042 1634 3108 lt,
1653 3039 1736 3096 felin.
1753 3041 1778 3096 in

140 3131 247 3188 nullam
265 3131 343 3187 eliam
363 3129 541 3202 imponendo,
554 3139 582 3187 et
595 3131 662 3187 baec
676 3131 817 3204 abrogatio
832 3137 874 3186 est
886 3146 943 3184 om·
979 3147 1042 3201 cap.
1065 3127 1224 3195 lioranullt,
1242 3127 1276 3184 de
1296 3129 1422 3200 rescript.
1443 3145 1471 3184 n·
1488 3133 1515 3187 6.
1532 3135 1558 3185 et
1588 3130 1778 3204 sequentibus,

139 3222 217 3277 nium
237 3218 384 3290 facillima,
400 3220 462 3292 quia
477 3226 505 3277 et
518 3226 625 3292 oportet
638 3222 695 3277 lieri
716 3236 764 3293 per
782 3218 943 3276 declaratio·
979 3219 1115 3291 firaquel.
1139 3217 1164 3272 in
1186 3213 1300 3289 praefat.
1317 3218 1350 3274 ad
1365 3223 1478 3274 retract.
1494 3235 1525 3275 n.
1542 3223 1587 3277 62.
1608 3220 1731 3276 Sumitur
1745 3237 1780 3278 es

140 3325 203 3366 nero
217 3311 376 3367 contrariae
388 3309 534 3366 voluntatis
545 3351 552 3380 ,
563 3317 591 3367 et
603 3312 736 3368 minorem
749 3311 863 3382 requirit
874 3325 940 3365 cau·
980 3323 1043 3380 cap.
1061 3310 1137 3364 Cum
1154 3304 1310 3380 expediet,
1327 3305 1360 3361 de
1378 3307 1457 3364 elect.
1474 3309 1501 3363 in
1517 3313 1550 3380 6,
1566 3307 1612 3365 ubi
1636 3308 1777 3386 doctores,

141 3414 201 3455 sam
212 3399 305 3471 ,quia
321 3413 375 3454 non
390 3397 503 3469 imponit
516 3415 605 3469 ontis,
622 3399 670 3456 sed
686 3398 763 3456 tollit.
781 3399 864 3455 ttliter
879 3414 943 3454 vero
980 3405 1007 3454 et
1020 3413 1053 3454 er
1068 3396 1087 3452 l.
1107 3401 1130 3452 t.
1148 3396 1179 3451 G.
1195 3395 1228 3451 de
1242 3395 1344 3451 inoflic.
1360 3394 1482 3468 dotibus,
1499 3398 1517 3453 l.
1530 3414 1589 3454 uon
1604 3403 1774 3466 estensem,

141 3489 170 3544 ot
188 3488 331 3544 revocatio
356 3502 437 3544 unam
459 3487 650 3560 obligationem
664 3487 803 3559 tollendo,
818 3495 846 3544 et
859 3503 944 3560 oppo-
981 3501 1045 3542 cum
1066 3484 1260 3557 sequentibus,
1277 3485 1304 3540 u.
1320 3482 1354 3541 de
1369 3484 1486 3557 legibus.
1504 3488 1571 3542 ltem
1591 3502 1623 3542 ex
1642 3487 1699 3543 eliis
1714 3489 1779 3544 iuri·

142 3579 221 3634 sitarn
237 3575 403 3634 inducendo.
426 3577 500 3644 Quae
514 3578 647 3649 oppositio
662 3584 826 3649 potestesse
841 3577 883 3632 vel
898 3591 945 3633 ue·
981 3575 1049 3647 bus,
1071 3590 1142 3647 quae
1163 3581 1306 3644 asserunt,
1327 3559 1526 3631 correctionem
1552 3576 1651 3632 iurium
1666 3593 1726 3634 esse
1742 3581 1779 3636 vi·

140 3669 231 3741 gatira
253 3673 385 3738 tantum,
406 3673 434 3723 et
456 3667 532 3739 quasi
553 3668 781 3738 contradictoria,
799 3665 942 3739 obligando
980 3663 1208 3737 tandem,quoad
1221 3663 1278 3719 fieri
1292 3664 1681 3738 possit,utsumiturexeap.
1702 3669 1780 3724 cuna

105 3783 108 3788 Δ
142 3757 252 3814 scilicet
278 3755 313 3813 ad
333 3771 387 3812 non
409 3755 563 3813 faciendum
583 3755 624 3828 id,
640 3755 713 3830 quod
735 3763 813 3813 antee
835 3770 946 3827 praece·
983 3754 1119 3820 dilectus.
1134 3754 1167 3810 de
1181 3752 1374 3811 consuetudin.
1390 3760 1418 3809 et
1433 3754 1506 3827 leges
1520 3757 1684 3826 posteriores
1700 3773 1779 3830 saepe

142 3852 223 3917 pturn
250 3852 327 3916 erat,
343 3842 417 3916 (quod
432 3848 540 3916 proprie
556 3844 636 3902 babet
649 3845 759 3916 locum,
775 3844 885 3918 quaudo
904 3843 946 3900 lex
983 3845 1016 3902 ad
1031 3845 1178 3902 anteriores
1193 3843 1280 3916 trabi,
1296 3851 1324 3900 et
1338 3842 1434 3900 similia
1448 3845 1514 3900 facit
1527 3847 1609 3902 etiam
1625 3845 1721 3919 regula
1739 3848 1780 3904 iu-

143 3938 222 4008 prior
247 3933 410 3992 affirmative
430 3941 502 3991 erat:
518 3949 580 3992 nain
602 3935 623 3990 si
642 3940 716 3991 esset
729 3934 876 4006 prohibens
892 3933 947 3990 for·
981 3937 1034 3992 ris:
1055 3938 1139 4011 Quae
1154 3950 1175 3993 c
1190 3937 1254 3992 iure
1268 3932 1453 4002 exorbitarit,
1470 3950 1530 3990 uec
1544 3950 1606 3991 esse
1623 3935 1780 3994 extendere·

144 4026 226 4083 malis
244 4023 442 4096 contradictio,
455 4030 528 4080 esset
542 4025 698 4097 praecipere
711 4024 946 4096 posteaeumdem
981 4023 1033 4082 da.
1051 4027 1119 4082 Nam
1140 4031 1264 4095 constat,
1286 4023 1375 4097 legem
1396 4025 1596 4082 revocatoriam
1619 4041 1652 4082 er
1667 4043 1718 4082 suo
1732 4043 1782 4101 ge·

144 4123 259 4185 actum,
275 4115 324 4186 qui
345 4121 424 4171 antea
438 4114 673 4186 eratpruhibitus.
690 4116 726 4170 Et
738 4114 791 4170 lroc
805 4115 885 4170 etiam
900 4127 947 4186 gc·
982 4130 1046 4172 nere
1061 4115 1256 4171 exorbitantem
1270 4128 1341 4169 esse.
1355 4113 1394 4170 tu
1406 4114 1478 4170 idem
1491 4114 1555 4170 facit
1567 4115 1673 4188 regula:
1694 4115 1781 4191 Quod

145 4222 199 4262 nus
229 4204 410 4277 abrogationis
436 4208 480 4259 est
504 4206 569 4260 satis
589 4219 749 4276 expressum
773 4210 801 4260 et
820 4201 945 4274 formale,
981 4203 1052 4261 odia
1066 4211 1135 4262 suat
1149 4201 1367 4276 restringenda,
1387 4203 1675 4276 quiamonstravimus
1691 4207 1780 4278 capite

145 4293 223 4367 quod
245 4293 321 4350 nulla
342 4293 397 4349 fere
417 4292 518 4364 indiget
536 4281 768 4365 interpretatione.
795 4291 946 4366 Aliquando
980 4295 1073 4351 livill.
1096 4294 1273 4350 mutationem
1294 4293 1360 4364 legis
1381 4291 1414 4349 de
1428 4309 1457 4349 ee
1472 4294 1597 4351 nocivam
1613 4311 1683 4350 esse.
1702 4296 1781 4352 Unde

146 4400 213 4441 vero
237 4385 373 4456 oppositio
394 4383 462 4439 inter
484 4385 604 4454 priorem
623 4390 651 4439 et
665 4383 843 4454 posteriorem
858 4382 946 4454 legem
981 4385 1020 4440 sic
1034 4381 1218 4440 concluditur:
1231 4381 1370 4454 abrogatio
1382 4381 1448 4454 legis
1459 4398 1509 4454 per
1522 4399 1551 4440 se
1563 4382 1712 4456 loquendo,
1725 4400 1779 4441 non

145 4480 189 4530 est
206 4488 256 4545 per
271 4472 413 4544 positivam
427 4471 635 4544 repugnantiam
646 4512 654 4542 ,
665 4477 692 4528 et
706 4471 785 4544 quasi
797 4472 946 4528 contrarie·
981 4459 1089 4543 expedit
1108 4471 1290 4544 reipublicae,
1307 4471 1357 4527 nisi
1378 4473 1529 4530 necessitas
1550 4479 1632 4549 cogat
1645 4515 1653 4546 ,
1668 4475 1731 4546 quia
1746 4490 1779 4532 err

147 4569 251 4634 tatem,
270 4575 342 4634 quae
360 4563 468 4633 proprie
482 4562 621 4618 invenitur
636 4560 705 4616 inter
720 4559 791 4633 leges
805 4559 946 4616 affirmati·
982 4575 1011 4616 se
1026 4560 1107 4617 infert
1120 4567 1332 4632 nocumentum,
1345 4576 1409 4634 ergo
1424 4561 1614 4635 restringenda
1632 4569 1675 4621 est
1688 4563 1780 4636 quoad

148 4669 195 4710 vas
209 4653 407 4725 praecipientes
428 4656 508 4706 actus
520 4657 713 4722 repugnantes,
726 4666 843 4723 quarum
856 4655 947 4721 poste·
981 4651 1037 4706 fieri
1059 4653 1155 4722 possit.
1178 4651 1212 4707 Et
1233 4652 1428 4723 confirmatur,
1445 4667 1506 4708 nam
1526 4651 1561 4708 ob
1580 4653 1652 4710 banc
1667 4668 1780 4712 causam
1837 4667 1839 4672 ·

146 4742 205 4798 rior
224 4757 279 4798 non
300 4741 367 4796 facit
382 4741 546 4796 mentionem
568 4741 683 4812 prioris,
703 4739 778 4796 illem
796 4739 947 4795 formaliter
981 4739 1048 4812 legis
1069 4742 1207 4813 abrogatio
1229 4741 1564 4813 magnaocnsideratione
1587 4741 1710 4800 facienda
1725 4752 1777 4818 est;

148 4828 322 4903 abrogando,
345 4829 436 4886 addita
457 4828 590 4900 particula
610 4845 670 4884 nore
689 4827 837 4895 obstante,
862 4827 903 4883 vel
922 4828 947 4882 in
981 4843 1048 4902 ergo
1069 4847 1123 4886 non
1141 4836 1183 4887 est
1196 4830 1356 4903 verisimile,
1372 4831 1407 4887 ait
1422 4833 1541 4899 becius,
1558 4831 1683 4890 voluisse
1693 4837 1779 4908 prire-

148 4918 279 4991 speciali,
296 4917 339 4975 vel
361 4919 456 4974 saltem
478 4919 503 4972 in
525 4931 634 4990 genere.
650 4918 685 4974 fit
704 4917 771 4973 haec
787 4922 879 4989 potest
892 4915 947 4973 dici
982 4921 1077 4992 cipem
1094 4935 1154 4975 uuo
1168 4919 1266 4988 verbo,
1287 4925 1315 4977 et
1328 4924 1414 4992 quasi
1429 4919 1514 4978 alfard
1528 4927 1680 4994 agentem,
1698 4940 1780 4980 revo-

149 5009 292 5083 abrogatio
311 5007 444 5079 implicita
458 5013 487 5063 et
500 5005 638 5078 virtualis,
654 5019 725 5079 quae
747 5007 829 5062 babet
842 5005 944 5077 locum,
981 5023 1052 5064 core
1062 5007 1155 5082 legem
1166 5008 1370 5076 observatam·
1384 5026 1437 5066 uon
1449 5017 1569 5084 asterga
1581 5010 1779 5072 admittendum

149 5115 202 5155 non
223 5100 315 5155 solum
334 5095 444 5170 quando
460 5101 609 5168 utrumque
623 5103 802 5168 praeceptum
816 5102 859 5152 est
873 5095 946 5151 affir-
982 5098 1031 5153 nisi
1046 5099 1194 5155 necessitas
1209 5114 1316 5156 suruma
1329 5101 1373 5156 eit.
1439 5084 1441 5092 ’

150 5190 298 5260 mativum,
313 5187 361 5242 sed
375 5187 456 5243 etiam
470 5184 581 5258 quaudo
596 5184 713 5242 alterum
723 5191 766 5241 est
776 5185 944 5258 negativum,
1020 5191 1048 5245 t.
1065 5190 1152 5261 Atque
1174 5188 1235 5245 binc
1257 5189 1399 5262 sequitur,
1420 5187 1487 5245 idem
1508 5205 1569 5246 esse
1583 5189 1731 5248 dicendum
1746 5193 1780 5251 de

151 5279 173 5336 si
194 5294 248 5335 nou
267 5278 305 5335 sit
324 5275 476 5334 immediate
496 5282 523 5334 et
543 5274 691 5336 formaliter
707 5275 878 5349 oppositum,
898 5274 946 5333 scd
981 5277 1780 5356 quacumquecorrectiono,seuderogationelegis,etiam-
