4294 6238
413 355 477 425 310
1106 333 1209 420 menn
1223 370 1283 420 vu.

371 497 491 558 exterius
516 496 680 570 signilioots:
702 502 731 554 et
750 493 820 552 baec
839 494 928 552 omnia
943 499 1060 569 possunt
1074 495 1100 550 in
1117 492 1168 550 bac
1209 493 1300 552 luntas
1320 491 1462 550 sullleiens
1481 493 1556 565 eius,
1577 492 1624 567 qui
1643 498 1805 567 potestatem
1818 491 1900 552 babet
1915 495 1995 552 iutro·

372 584 570 645 consuetudine
585 599 766 644 concurrere.
779 587 817 642 De
833 584 946 641 muteris
959 583 1116 658 putet,quia
1132 589 1173 640 ta·
1208 582 1326 642 ducendi
1341 583 1440 658 legem.
1454 583 1548 642 Solum
1563 589 1606 640 eat
1620 583 1664 640 bie
1683 581 1996 658 considerandum,quod

372 677 405 734 lis
426 672 600 733 consuetudo
620 673 700 732 debet
719 689 780 730 esso
800 673 984 745 retionnbilis;
1007 673 1060 729 erit
1080 678 1172 729 autern
1207 672 1273 730 lieet
1287 672 1413 731 voluntas
1434 673 1564 746 principis
1583 672 1624 729 rel
1644 673 1756 745 praelati
1776 675 1802 730 in
1824 673 1877 731 boe
1893 677 1997 750 negotio

374 765 433 822 telis
455 765 480 820 in
502 763 597 820 ordine
618 763 650 819 ad
673 762 746 820 bunc
769 762 919 836 ellectum,
941 764 963 818 si
983 763 1097 818 materia
1112 761 1172 818 eius
1208 761 1243 819 sit
1258 764 1417 835 praecipue,
1433 761 1608 820 nibilominus
1624 763 1710 837 magis
1723 762 1925 836 quodammodo
1940 781 1999 835 pen·

372 871 428 912 non
449 854 484 910 sit
504 859 603 910 contro
622 852 710 926 legem
732 851 904 922 naturalem,
926 851 968 908 vel
989 852 1130 920 divinam,
1145 855 1174 906 et
1208 849 1254 908 det
1267 867 1301 909 ex
1316 852 1459 910 uoluntate
1472 852 1647 932 populi3'quie
1662 851 1697 909 illi
1712 868 1741 909 se
1756 852 1999 926 incommodaque

373 945 409 1003 sit
428 943 505 1001 utilis
525 942 666 1000 communi
686 942 779 1016 bono,
801 948 828 1000 et
842 956 897 999 non
911 941 1022 998 nimium
1038 939 1171 1012 difficilis,
1208 942 1247 998 sic
1261 940 1367 1012 diuam,
1384 943 1530 1016 princeps,
1545 943 1623 1016 quasi
1639 940 1775 999 licentium
1794 942 1958 1014 concedens,
1973 947 2001 1003 ui

372 1033 414 1090 vel
430 1049 445 1090 a
459 1033 599 1090 communi
614 1046 689 1088 more
704 1031 820 1088 honeste
835 1030 946 1087 vivendi
961 1030 1126 1100 exorbitans;
1139 1044 1172 1085 ec
1206 1033 1251 1087 ius
1275 1031 1484 1088 consuetudinis
1509 1030 1685 1102 introducat,
1710 1036 1795 1103 prout
1810 1030 1945 1102 noluerit,
1962 1031 2001 1088 rel

372 1123 490 1196 denique
511 1120 589 1194 talis,
610 1120 685 1195 quod
706 1120 748 1178 lex
764 1121 866 1194 scripta
879 1121 908 1177 in
922 1120 969 1177 tali
984 1120 1098 1176 materis
1111 1118 1167 1175 lato
1209 1126 1339 1193 tanquam
1364 1121 1533 1192 approbans,
1556 1127 1584 1177 et
1602 1119 1780 1193 confirmans,
1795 1119 1869 1193 quod
1887 1121 2001 1193 populus

373 1217 468 1286 posset
480 1225 541 1268 esse
555 1211 639 1282 iusta,
658 1216 688 1266 ut
703 1208 755 1266 late
770 1211 797 1266 in
812 1208 1086 1282 cap.lll.deoloravi.
1097 1209 1171 1280 Ergo
1207 1209 1331 1269 intendit.
1344 1211 1378 1266 Ει
1391 1209 1451 1267 ideo
1466 1209 1499 1267 ed
1514 1209 1589 1266 bunc
1603 1209 1734 1267 ellectum
1754 1209 1869 1268 maxime
1884 1211 2003 1268 conside·

373 1317 407 1359 ex
420 1301 472 1358 bac
488 1305 568 1378 parte
581 1306 645 1371 apta
659 1305 703 1358 ast
714 1298 888 1356 consuetudo
899 1297 1069 1354 rationabilis
1081 1296 1115 1352 ad
1131 1299 1173 1352 in·
1209 1300 1325 1357 randum
1343 1307 1403 1371 est,
1422 1314 1455 1356 es
1471 1305 1548 1371 parte
1563 1299 1657 1372 populi
1671 1314 1726 1356 non
1740 1300 1805 1356 satis
1819 1315 1899 1372 esse,
1917 1309 1947 1358 ut
1960 1301 2004 1358 ali·

372 1389 530 1448 ducendam
549 1389 647 1462 legem.
661 1387 740 1446 Unde
754 1389 829 1445 iuxta
843 1390 1026 1458 copiositatem
1041 1388 1173 1444 materiae
1208 1404 1280 1462 quos
1293 1393 1374 1444 aetus
1389 1388 1561 1461 frequentet,
1582 1404 1615 1446 ex
1636 1389 1737 1463 quibus
1755 1387 1931 1447 consuetudo
1944 1389 2004 1448 iacti

373 1479 435 1538 tulis
456 1477 508 1536 erit
527 1479 607 1535 etiam
622 1476 684 1550 len;
702 1493 763 1534 uam
779 1479 802 1534 si
816 1480 930 1535 materia
944 1477 979 1534 sit
992 1476 1097 1550 gravis,
1112 1491 1174 1532 esse
1210 1477 1390 1548 resultet,sed
1402 1483 1582 1550 oporters,ut
1593 1477 1765 1536 consuetudo
1776 1479 1836 1550 ipsa
1847 1479 1882 1536 sit
1895 1479 2003 1550 intente,

374 1568 475 1642 poterit
494 1582 579 1641 grave
600 1575 778 1639 praeceptum
800 1567 852 1624 sub
869 1565 979 1624 mortali
993 1566 1135 1639 obliguns3
1151 1565 1174 1622 si
1210 1574 1242 1626 ut
1254 1569 1293 1626 ita
1309 1573 1390 1624 actus
1405 1568 1614 1640 frequententur
1628 1567 1662 1624 ad
1678 1566 1911 1625 introducendam
1926 1568 2004 1624 telem

374 1672 442 1714 nero
456 1657 491 1714 sit
505 1657 583 1727 leuis,
599 1657 652 1712 erit
666 1656 708 1712 les
723 1654 877 1713 seeundum
892 1653 957 1729 quid
974 1661 1092 1726 tentum,
1109 1654 1175 1711 leri·
1210 1656 1439 1714 consuetudinem
1463 1663 1575 1729 propter
1589 1657 1733 1714 utilitatem
1747 1671 1936 1729 communem,
1961 1664 2006 1716 aut

374 1753 417 1806 ter
437 1745 573 1818 obligans:
597 1751 625 1802 et
644 1745 667 1800 si
686 1747 802 1802 motoria
820 1746 954 1816 pertinent
973 1744 1007 1801 nd
1028 1743 1179 1816 spirituale
1209 1747 1382 1804 honestatem
1398 1745 1546 1819 religionis,
1559 1744 1600 1803 rel
1616 1745 1696 1803 oliam
1708 1746 1825 1804 similem
1838 1748 2007 1804 ineuinreu·

374 1837 499 1906 bouum,
522 1833 669 1906 pertinebit
689 1833 862 1891 cousuetudo
886 1834 921 1891 ad
949 1834 1172 1892 ecclesiasticum
1211 1836 1324 1893 tumltu
1338 1835 1436 1893 dicunt
1449 1840 1544 1906 aperte
1558 1833 1667 1908 glossae
1681 1834 1850 1892 etdoetores
1865 1835 1958 1894 statim
1969 1838 2006 1893 ei·

374 1925 481 1998 iorum;
504 1924 527 1981 si
548 1939 612 1982 vero
628 1923 755 1996 respiciat
770 1922 919 1994 temporale
933 1923 1122 1994 commodum,
1140 1919 1173 1980 ad
1208 1925 1292 1982 tandi.
1310 1926 1345 1982 Et
1366 1939 1450 1997 supra
1470 1929 1613 1983 ostensum
1633 1931 1698 1996 est,
1715 1925 1767 1982 boe
1781 1941 1845 1982 esse
1859 1922 1894 1983 de
1909 1928 2006 1984 radone

375 2014 455 2072 civile
477 2015 567 2072 lorum
588 2014 742 2087 spectabit,
766 2019 797 2069 ut
811 2027 896 2086 supra
910 2015 994 2087 tetigi.
1012 2015 1131 2086 lienique
1147 2013 1173 2068 io
1208 2012 1431 2084 consuetudinis,
1447 2015 1579 2087 quianon
1595 2019 1688 2086 potest
1706 2029 1768 2071 esse
1782 2013 1947 2086 voluntaria,
1960 2015 2007 2072 uisi

376 2103 428 2163 bae
450 2110 527 2177 parte
547 2105 574 2160 in
588 2103 715 2161 omuibus
736 2110 828 2160 servat
849 2104 1054 2175 proportionem
1080 2102 1113 2160 ad
1135 2101 1172 2159 le·
1209 2103 1243 2158 sit
1256 2105 1371 2160 intenta.
1383 2102 1497 2160 Ostendi
1506 2103 1587 2160 etiem
1599 2107 1690 2175 potest
1700 2119 1733 2161 ex
1744 2105 1852 2160 ratione
1864 2103 1941 2176 legis3
1949 2120 2006 2160 nam

374 2209 436 2267 gem
461 2193 605 2265 scriptam.
946 2261 948 2266 ,
1209 2190 1242 2247 de
1258 2191 1330 2248 illius
1345 2191 1451 2248 ratione
1464 2198 1519 2260 est,
1535 2199 1567 2250 ut
1583 2193 1618 2248 sit
1631 2192 1734 2249 intentu
1749 2207 1764 2248 o
1778 2193 1917 2264 principe,
1932 2191 2008 2266 quid·

415 2288 442 2340 3.
453 2281 552 2339 Deinde
567 2280 642 2355 quod
656 2286 777 2354 potestas
792 2296 846 2337 non
860 2279 941 2350 desit,
955 2286 1031 2354 putet
1044 2298 1079 2340 ex
1093 2282 1175 2342 dictis
1209 2280 1275 2354 quid
1290 2287 1383 2338 autem
1396 2289 1439 2338 est
1453 2279 1486 2336 de
1501 2281 1604 2338 ratione
1620 2279 1688 2353 legis
1703 2282 1730 2336 in
1746 2281 1905 2354 communi,
1920 2283 1960 2338 rel
1974 2282 2007 2338 le·

375 2373 464 2445 cupite
487 2371 678 2444 praecedeuti,
701 2373 766 2444 quia
780 2371 954 2429 consuetudo
977 2370 1111 2445 legitime,
1132 2373 1174 2432 rel
1209 2371 1249 2444 gis
1265 2372 1410 2442 positivae,
1435 2376 1478 2427 est
1491 2369 1525 2428 de
1543 2372 1645 2427 ratione
1661 2370 1728 2445 legis
1743 2370 2008 2446 consuetudinariae,

375 2468 418 2518 est
438 2459 532 2532 populi
555 2453 651 2532 liberi,
673 2467 701 2518 et
722 2475 878 2532 supremam
896 2466 1057 2532 potestatem
1074 2462 1175 2520 baben·
1210 2461 1274 2532 quie
1293 2462 1361 2517 rotie
1383 2459 1509 2533 superior
1522 2461 1550 2515 iu
1566 2458 1689 2516 interiori
1701 2458 1783 2517 debet
1796 2458 1915 2517 includi.
1930 2461 1964 2516 Et
1976 2476 2007 2516 es

376 2553 436 2624 tis,
462 2556 490 2606 et
511 2550 537 2605 in
559 2548 604 2605 illo
625 2565 678 2605 non
699 2548 776 2606 deest
795 2555 916 2621 potestas
943 2549 1046 2607 ferendi
1073 2552 1173 2626 legem,
1210 2549 1263 2607 boe
1288 2551 1422 2622 principio
1445 2548 1520 2606 soleo
1539 2548 1702 2620 admouere,
1720 2549 1746 2605 in
1759 2548 2005 2606 consuetudinibus

376 2640 419 2696 vel
439 2645 482 2696 est
502 2639 596 2711 populi
612 2639 732 2695 habentis
752 2646 901 2712 pastorem,
918 2639 960 2696 vel
983 2639 1143 2712 principem,
1160 2657 1176 2698 a
1212 2646 1317 2697 attente
1330 2637 1561 2695 considerandum
1575 2653 1689 2710 esse,nn
1705 2639 1757 2696 siot
1772 2653 1821 2709 per
1837 2655 1866 2696 se
1879 2641 2003 2710 intentes,

376 2745 431 2804 quo
453 2735 582 2803 regatur,
604 2729 672 2785 etsi
694 2729 867 2787 consuetudo
887 2729 1006 2803 legitima
1022 2747 1076 2788 noo
1091 2733 1178 2788 sumi·
1211 2730 1254 2788 vel
1281 2727 1390 2788 aliunde
1416 2734 1639 2800 consequentum
1664 2743 1727 2786 nam
1750 2729 1771 2784 si
1797 2728 1852 2785 boc
1874 2727 2007 2801 posteriori

378 2827 423 2878 tur
436 2826 576 2892 tamquam
591 2818 683 2890 populi
698 2818 832 2892 acephali,
842 2818 890 2877 sed
908 2827 940 2878 ut
953 2821 1095 2878 coniuncti
1110 2836 1176 2878 cum
1211 2817 1292 2878 modo
1309 2819 1485 2892 contingant,
1504 2833 1558 2874 nou
1574 2825 1641 2874 sunt
1657 2819 1783 2890 propriae
1798 2817 2007 2876 consuetudines

376 2925 428 2967 suo
449 2908 553 2981 capite,
577 2912 606 2963 et
623 2907 747 2964 bebeutis
766 2909 857 2982 aliquo
873 2907 1023 2966 sufficienti
1039 2908 1118 2966 modo
1135 2910 1175 2966 in·
1210 2908 1276 2982 legis
1297 2907 1489 2981 obligationem
1511 2904 1684 2963 inducentes.
1701 2907 1737 2964 Ut
1749 2905 1930 2980 ⁴consuetudo
1945 2909 2005 2964 satis

376 2999 480 3056 iluxum
495 2999 566 3070 eius,
583 2996 625 3054 rel
640 3012 689 3070 per
704 2996 863 3055 facultatem
878 2997 911 3054 ad
926 2997 1083 3056 condendus
1101 2998 1174 3072 leges
1209 3004 1321 3070 recepte
1336 3004 1390 3068 est,
1398 3005 1429 3054 ut
1443 2997 1514 3053 iuter
1527 3010 1642 3051 coenum
1653 3001 1683 3052 et
1693 2997 1918 3054 communionem
1930 2998 2007 3054 inter·

377 3087 556 3159 municipales
571 3102 620 3144 seu
634 3085 750 3159 stituta,
764 3087 805 3144 rel
817 3103 866 3160 per
876 3087 1098 3160 approbationem
1110 3104 1177 3145 con·
1210 3088 1291 3145 cedat
1306 3101 1431 3158 somnus,
1445 3084 1480 3142 od
1495 3085 1547 3142 boc
1565 3099 1619 3142 non
1633 3091 1674 3141 est
1689 3099 1737 3156 per
1751 3101 1781 3143 se
1798 3085 1945 3158 intentum,
1960 3080 2004 3142 sed

377 3177 544 3249 suetudinis,
565 3183 614 3233 aut
632 3177 693 3234 iure
706 3179 766 3249 ipso
781 3176 966 3248 declaratum,
983 3184 1032 3234 aut
1045 3193 1093 3249 per
1109 3179 1176 3234 taci·
1210 3177 1391 3250 consequitur
1412 3191 1445 3232 ex
1467 3175 1606 3233 ordinario
1627 3172 1708 3231 modo
1730 3173 1841 3232 vivendi
1857 3175 2002 3232 bominum.

375 3272 431 3324 tom
445 3266 613 3323 voluntatem
628 3264 857 3323 demonstrntam:
870 3265 895 3321 io
912 3265 1013 3337 populo
1029 3272 1120 3322 autem
1135 3268 1175 3323 sie
1209 3265 1285 3325 Unde
1300 3265 1360 3322 talis
1374 3262 1546 3321 consuetudo
1561 3263 1754 3337 obligationem
1770 3279 1826 3321 nou
1842 3264 1960 3336 inducit,
1975 3270 2003 3320 ut

376 3359 526 3415 coniuncto
545 3357 626 3428 cupiti
644 3362 687 3413 est
704 3356 844 3412 sullioiens
858 3361 979 3428 potestus
1001 3354 1037 3411 ad
1052 3354 1124 3429 leges
1138 3356 1177 3412 ie·
1210 3355 1271 3412 alibi
1294 3355 1361 3412 dixi.

374 3445 486 3518 rendae,
498 3453 529 3502 ut
542 3450 662 3520 constut3
675 3444 834 3518 ergosolet
847 3453 940 3502 autem
954 3444 998 3502 bic
1015 3445 1122 3518 quaeri,
1140 3461 1176 3502 an
1250 3448 1276 3499 5.
1286 3442 1369 3509 Adde,
1384 3457 1438 3499 uon
1452 3440 1542 3497 solum
1558 3441 1662 3513 requiri
1677 3441 1847 3498 voluntatem
1861 3441 2004 3500 inducendi

378 3553 432 3594 uua
454 3536 552 3594 iamilia
570 3539 659 3608 possit
679 3535 912 3593 consuetudinem
933 3533 1109 3591 introducere
1126 3550 1176 3606 per
1210 3531 1439 3589 consuetudinem
1459 3530 1542 3602 lecti,
1563 3529 1611 3586 sed
1626 3529 1708 3586 etiam
1724 3530 1874 3588 inducendi
1888 3533 1931 3590 ius
1945 3548 2004 3589 con·

375 3628 564 3685 continuatam
589 3625 811 3697 successionem,
837 3631 865 3681 et
889 3639 939 3696 pro
953 3623 1068 3693 familia,
1091 3629 1177 3681 otest
1211 3621 1379 3692 suetudinis,
1401 3637 1451 3678 seu
1467 3619 1559 3694 (quud
1575 3619 1645 3676 idem
1660 3619 1716 3692 esti
1732 3619 1883 3678 inducendi
1896 3637 2006 3678 consue-

376 3714 582 3791 perpetua.Sed
598 3717 648 3773 iam
663 3713 825 3787 supradixi,
841 3715 980 3786 propriam
999 3711 1177 3770 cousuetudi-
1211 3711 1335 3768 tudinem
1355 3709 1530 3783 obligantem.
1547 3711 1617 3765 Sunt
1634 3708 1706 3764 enim
1726 3708 1795 3766 haec
1809 3708 1867 3767 duo
1881 3710 1958 3767 rnlde
1970 3709 2005 3766 di·

376 3823 437 3864 nem
452 3822 506 3864 non
521 3805 615 3863 induci
629 3821 644 3861 a
660 3805 763 3878 privata
777 3803 887 3860 familia.
903 3801 981 3860 Unde
998 3801 1063 3858 licet
1077 3801 1176 3858 lumiliu
1211 3815 1304 3873 versa,
1327 3815 1388 3856 narn
1412 3805 1502 3872 potest
1522 3801 1569 3870 per'
1590 3813 1619 3854 se
1640 3798 1741 3855 intendi
1759 3799 1959 3870 consuetudo,
1979 3806 2004 3856 et

377 3912 486 3969 semper
500 3895 598 3966 duret,
618 3909 716 3966 purum
732 3892 833 3964 refert,
848 3891 913 3966 quio
927 3907 1069 3963 uunquam
1087 3896 1177 3962 potest
1211 3907 1264 3947 noo
1286 3889 1406 3962 intendi,
1429 3896 1461 3946 ut
1482 3887 1592 3961 obliget,
1616 3887 1663 3944 scd
1683 3904 1717 3944 ex
1737 3887 1906 3960 devotione,
1928 3895 1956 3948 et
1975 3887 2005 3946 ad

375 3985 410 4042 ab
427 3985 473 4042 illa
491 3983 663 4042 consuetudo
688 3981 826 4052 inchoari,
843 3997 875 4038 ac
891 3979 1007 4037 subinde
1024 3995 1073 4037 nec
1089 3979 1176 4037 couti·
1211 3981 1308 4039 melius
1328 3994 1399 4036 esse.
1416 3976 1492 4046 Quod
1513 3977 1539 4032 io
1561 3976 1750 4048 personalibus
1765 3993 1798 4034 ae
1815 3981 1927 4050 privatis
1941 3995 2000 4036 eon-

377 4075 467 4131 nuari.
483 4076 548 4130 ltem
569 4074 595 4129 in
616 4071 660 4128 lib.
678 4073 699 4142 l,
715 4087 777 4143 cop.
794 4072 840 4128 ill.
861 4076 1004 4126 ostensum
1018 4075 1075 4142 est,
1094 4084 1176 4126 unum
1211 4069 1401 4128 suetudinibus
1425 4074 1468 4124 est
1491 4065 1621 4138 evidens,
1649 4066 1720 4124 idem
1738 4083 1805 4124 vero
1824 4076 1868 4127 est
1886 4068 1965 4126 etiam
1978 4068 2002 4124 in

376 4163 505 4222 familiam
528 4176 577 4218 nec
599 4161 700 4218 babere
719 4165 881 4233 potestatem
903 4158 1102 4233 legislativum,
1126 4174 1176 4216 uec
1211 4157 1458 4217 consuetudinibus
1479 4157 1562 4213 totius
1583 4155 1686 4230 populi.
1704 4157 1750 4214 Sic
1773 4159 1802 4214 in
1825 4159 1926 4232 populo
1940 4159 2004 4216 obri·

376 4269 437 4310 esse
459 4265 590 4324 coponem
612 4249 706 4324 legis,
718 4250 767 4304 nisi
788 4262 836 4319 per
857 4247 969 4306 modum
985 4247 1132 4320 privilegii3
1150 4254 1178 4305 et
1211 4252 1300 4306 stiauo
1315 4253 1428 4318 receptu
1440 4245 1666 4302 esteonsnetudo
1678 4245 1817 4307 sulutondi
1834 4245 2003 4322 virgineum

376 4341 436 4400 ideo
459 4355 509 4398 neo
532 4340 620 4413 legem
642 4337 752 4411 propris
767 4337 967 4394 consuetudine
982 4343 1074 4410 potest
1089 4338 1176 4396 intro·
1211 4341 1320 4411 signum
1333 4349 1483 4406 campanae
1498 4335 1586 4391 noctis
1600 4335 1676 4390 initio
1689 4351 1722 4392 ex
1742 4335 1884 4394 devotione
1896 4343 2002 4406 tantum,

377 4431 497 4500 ducere,
519 4429 585 4486 licet
604 4427 772 4500 privilegium
786 4427 872 4498 possit
885 4427 1044 4501 acquirere,
1063 4434 1094 4484 ut
1107 4428 1177 4487 inire
1211 4442 1265 4485 nou
1278 4441 1312 4483 ex
1326 4422 1584 4497 obligationeieles
1594 4427 1676 4482 etiam
1687 4427 1798 4481 censuit
1817 4425 1941 4483 Bellarm.
1953 4425 2001 4482 bl.

379 4521 476 4579 dicam.
486 4521 521 4577 Et
535 4516 569 4576 de
584 4516 637 4575 boe
652 4523 756 4589 puncto
771 4515 851 4589 plura
862 4516 946 4573 videri
959 4524 1074 4588 possunt
1086 4517 1111 4574 in
1123 4522 1177 4576 Ro·
1211 4515 1247 4574 de
1261 4531 1385 4573 romono
1403 4512 1554 4586 Ponttfiee,
1571 4529 1634 4585 cap.
1653 4515 1697 4587 18,
1715 4512 1816 4570 multos
1836 4511 2003 4572 consuetudi·

378 4611 431 4668 eho
452 4625 537 4681 supra
557 4611 766 4680 sect.l,num.
785 4610 813 4678 6,
830 4613 858 4663 ει
871 4607 1112 4680 sequentibus,et
1125 4609 1179 4666 bn·
1211 4623 1260 4664 nes
1275 4606 1300 4662 in
1315 4604 1416 4678 populo
1430 4603 1590 4676 christiano,
1603 4610 1635 4661 ut
1649 4602 1774 4660 sumendi
1794 4605 1914 4661 cinerem
1930 4603 2028 4660 bene·
2126 4605 2127 4682 l

288 4755 291 4772 ,
380 4701 463 4757 touin.
478 4698 558 4776 Gebr.
575 4696 622 4753 lib.
640 4700 667 4764 6,
684 4698 727 4755 tit.
744 4695 777 4753 de
790 4701 916 4754 consuet.
934 4695 1025 4752 conci.
1044 4701 1078 4772 5,
1211 4695 1316 4753 dictum
1337 4696 1362 4751 io
1382 4697 1471 4766 primo
1492 4692 1536 4750 die
1555 4693 1801 4766 Quadragesimee,
1817 4701 1847 4751 et
1864 4709 1966 4752 romum
1978 4694 2002 4750 io

418 4794 446 4847 t.
463 4789 608 4845 Praeterea
630 4786 701 4843 idem
724 4790 834 4842 constat
849 4784 883 4841 de
897 4785 1053 4854 voluntate3
1074 4800 1137 4842 nam
1152 4786 1178 4843 io
1211 4787 1352 4844 Dominice
1373 4785 1543 4857 pulmarum,
1566 4789 1594 4840 et
1613 4797 1713 4857 aquam
1732 4779 1903 4841 benedictum
1921 4785 1947 4839 io
1966 4783 2003 4837 io-

379 4876 488 4952 populr's
511 4875 594 4933 libere
612 4875 778 4950 supponitur
793 4889 961 4932 concurrere
978 4873 1130 4934 voluntarie
1143 4875 1179 4932 ad
1212 4891 1312 4951 gressu
1326 4873 1523 4932 ecclesiae.Sie
1537 4873 1618 4930 etiam
1630 4872 1658 4928 in
1670 4872 1762 4929 multis
1773 4872 1881 4945 populis
1895 4879 2002 4930 estcon-

380 4964 610 5025 oonsuetudiuem
626 4966 756 5022 maiorem
771 4969 876 5037 partem
886 4965 979 5038 populi
994 4971 1021 5022 et
1034 4967 1179 5039 magistra·
1213 4965 1333 5024 suetudo
1348 4963 1466 5023 adeundi
1479 4963 1627 5020 eeclesiam
1640 4978 1749 5019 summo
1763 4978 1859 5039 mune,
1876 4963 1915 5019 rel
1929 4963 2002 5020 etism

380 5063 441 5130 tus,
457 5056 481 5111 io
496 5054 595 5113 ceteris
609 5069 675 5112 reru
689 5053 723 5111 ad
737 5055 909 5111 voluntatem
924 5054 1079 5127 populi,rel
1096 5058 1179 5113 maio·
1213 5055 1340 5115 audiendi
1359 5056 1470 5112 missam
1491 5069 1525 5111 ex
1545 5053 1689 5110 devotione
1709 5053 1737 5110 in
1756 5052 1853 5111 diebus
1871 5068 1924 5110 non
1937 5049 2002 5108 lesti-

379 5147 417 5202 ris
431 5145 515 5218 partis
530 5147 589 5202 eius
607 5144 716 5202 accedit
728 5158 882 5201 cousensus
896 5144 1026 5216 principis
1041 5143 1134 5218 sliquo
1145 5161 1179 5202 es
1213 5148 1270 5220 ris,
1290 5151 1318 5202 et
1339 5144 1365 5201 iu
1380 5143 1484 5203 lestinis
1498 5159 1559 5201 esse
1572 5143 1644 5202 solet
1659 5159 1727 5200 usus
1741 5159 1796 5201 noo
1818 5142 1940 5202 sumendi
1953 5142 2001 5198 ieo-

381 5233 470 5296 modis
487 5237 541 5292 iam
561 5233 721 5302 declaratis,
746 5240 776 5291 et
795 5235 833 5291 ito
853 5248 960 5306 semper
973 5236 1119 5293 concurrit
1131 5251 1200 5326 νε.
1215 5235 1339 5294 taculum
1352 5239 1414 5292 ante
1425 5235 1625 5308 missemrquae
1640 5234 1731 5292 omnia
1745 5239 1773 5290 et
1786 5234 1891 5306 similia,
1907 5229 2001 5292 emnri
