4256 6224
863 387 1031 441 aaronis.
1652 374 1718 442 533

112 527 179 583 ros,
200 508 242 570 vel
262 510 331 570 ordo
353 517 566 585 praeceptorum
586 511 640 570 suh
659 511 775 588 singulis
795 514 925 572 membris
958 516 1011 586 ria,
1025 517 1158 591 tumqula
1172 513 1275 575 serebat
1288 515 1400 576 illumin
1415 515 1556 576 ordineed
1570 518 1649 576 linem
1663 534 1761 592 super-

111 608 311 661 contentorum
336 605 423 678 magis
451 604 614 676 explicetur.
631 603 835 662 advertendum
856 620 923 677 ergo
958 606 1121 678 naturalem,
1138 608 1201 682 quia
1217 623 1269 664 non
1283 614 1375 680 polest
1388 609 1604 681 supernaturalis
1620 609 1759 668 rectitudo

112 702 170 766 est,
184 695 327 752 materiam
338 695 456 752 alicuius
468 695 607 766 praecepti
618 694 730 752 duobus
741 696 828 752 modis
841 707 923 766 posse
957 695 1016 752 sine
1029 696 1146 754 naturali
1165 697 1330 771 subsistere,
1345 705 1405 755 tum
1420 699 1518 772 etiam,
1534 683 1598 774 quia
1611 704 1644 755 bt
1661 707 1760 758 auctor

110 799 178 840 esse
196 787 378 842 necessariam
392 783 427 842 ad
447 784 615 843 honestatem
630 799 749 841 morum.
767 785 858 842 Primo
879 800 921 842 se·
956 787 1057 857 gratiae
1071 785 1179 843 adiurat
1193 789 1274 844 etiam
1290 795 1427 862 naturam,
1440 789 1512 846 sicut
1525 795 1553 846 et
1566 788 1701 845 naturalia
1716 805 1759 847 re·

111 875 240 932 cundum
255 891 294 946 se,
306 881 335 931 et
348 881 432 947 prout
442 874 665 948 praeintelligitur
676 873 709 931 ad
729 879 918 946 praeceptum.
956 873 1039 947 velat,
1053 883 1083 932 et
1102 877 1232 934 auxilium
1248 877 1361 950 praebet
1375 879 1409 936 ad
1429 880 1498 936 bene
1513 877 1682 952 operandum
1700 895 1759 936 mo·

111 963 244 1022 &condo
257 971 288 1021 ut
297 979 469 1037 consequens
481 964 514 1021 ad
525 973 717 1037 praeceptum,
727 964 842 1037 eiusque
853 962 922 1020 obli·
955 964 1059 1038 raliter,
1074 968 1155 1025 etiam
1169 969 1242 1024 intra
1255 973 1371 1025 naturae
1386 968 1519 1041 ordinem,
1530 961 1573 1026 'ut
1587 968 1614 1026 in
1636 973 1756 1026 tractatu

110 1055 262 1126 gestionem.
278 1056 307 1110 ln
326 1053 474 1110 assertione
489 1055 573 1127 igitur
592 1052 796 1126 indifferenter,
812 1069 862 1111 seu
875 1071 922 1126 ge·
955 1050 988 1110 de
1002 1054 1094 1112 Gratia
1107 1054 1241 1113 dicemus.

111 1145 228 1202 ncratim
239 1145 358 1202 sumitur
373 1144 440 1202 haec
452 1144 579 1212 materia,
597 1160 659 1200 narn
676 1151 823 1217 ptramque
836 1152 921 1202 mate·
997 1147 1040 1202 te.
1057 1146 1152 1203 Potest
1164 1161 1229 1203 vero
1242 1145 1353 1204 etiams
1372 1148 1512 1205 contrario
1527 1147 1706 1222 interrogari,
1723 1163 1758 1205 an

113 1233 196 1306 riam,
217 1251 267 1292 seu
287 1242 368 1292 nctus
382 1234 416 1291 od
436 1234 510 1292 illam
531 1236 698 1306 pertinentes
713 1234 756 1292 lex
777 1235 822 1292 illa
843 1252 921 1294 eom·
954 1233 1055 1291 lexilla
1069 1234 1221 1292 secundum
1237 1244 1384 1308 praecepta
1398 1236 1511 1294 moralia
1534 1237 1680 1296 tantumin
1701 1253 1756 1295 ma·

112 1323 310 1396 prebendebat.
326 1325 437 1382 niverso
453 1333 545 1384 tamen
560 1326 659 1396 mod03
676 1341 738 1382 nam
753 1324 795 1383 les
810 1325 855 1382 illa
877 1343 921 1384 se·
954 1324 1022 1381 teria
1034 1325 1162 1396 naturali,
1172 1326 1199 1384 id
1210 1333 1252 1384 est
1263 1342 1312 1398 per
1323 1343 1352 1384 se
1362 1327 1560 1385 necessariaed
1573 1327 1756 1399 honestatem,

112 1413 238 1472 eundum
250 1416 361 1472 moralia
373 1421 520 1488 praecepta
530 1415 693 1473 versabatur
704 1417 731 1472 iu
743 1416 855 1474 materia
870 1432 919 1487 per
953 1417 1133 1472 verseturtct
1143 1416 1212 1473 ratio
1224 1417 1366 1475 dubitandi
1377 1434 1437 1475 esse
1453 1424 1553 1490 potest,
1566 1417 1630 1491 quia
1642 1418 1756 1474 tertium

112 1521 143 1562 se
167 1507 320 1564 necessaria
340 1505 373 1561 ad
402 1505 569 1562 honestatem
591 1521 707 1562 morum.
724 1506 800 1564 Unde
825 1507 918 1579 quoad
954 1510 1130 1576 praeceptum
1147 1504 1181 1562 de
1195 1507 1408 1565 sanctificatione
1421 1508 1528 1566 sabbati
1543 1507 1691 1579 positivum
1705 1508 1756 1565 luit

112 1595 186 1651 hanc
200 1603 307 1667 partem
327 1596 440 1652 materia
452 1595 498 1652 ille
512 1611 567 1651 uon
588 1601 647 1652 erat
661 1597 768 1668 propriu
793 1596 859 1668 legis
873 1611 918 1652 ve·
952 1594 978 1649 in
992 1593 1037 1650 illo
1052 1593 1122 1666 lege,
1136 1601 1164 1650 st
1179 1602 1269 1652 tamen
1284 1598 1396 1669 ponitur
1408 1599 1479 1655 inter
1493 1597 1618 1669 moralia,
1631 1597 1696 1670 quia
1710 1613 1757 1669 po·

112 1685 192 1749 teris,
209 1684 256 1742 sed
271 1687 347 1758 quasi
361 1692 486 1758 accepte,
502 1685 543 1742 rel
560 1692 714 1744 muluatna
733 1685 792 1758 lege
806 1694 917 1744 natura·
953 1683 1026 1739 nitur
1041 1684 1065 1739 in
1082 1683 1231 1758 beealogo.
1243 1686 1317 1743 Idem
1332 1686 1516 1745 videturesse
1530 1686 1665 1760 deprimo
1680 1701 1758 1758 pree·

111 1775 145 1831 li:
170 1781 316 1847 praecepta
334 1782 427 1833 autem
448 1775 664 1850 caeremonialia,
687 1781 715 1832 et
734 1775 869 1833 iudicialis
884 1794 917 1834 ex
951 1781 1031 1844 cepto
1045 1774 1134 1846 quoad
1145 1775 1218 1833 illam
1233 1784 1349 1848 partem,
1363 1775 1532 1848 Noasooies
1544 1776 1597 1834 ttot
1610 1774 1755 1849 scrupetis.-

110 1865 212 1938 genere
223 1881 275 1922 suo
290 1866 469 1922 versabantur
480 1867 505 1922 in
521 1866 634 1923 materia
644 1881 697 1923 non
712 1867 867 1924 necessaria
882 1865 916 1923 de
951 1879 1013 1920 nam
1029 1863 1176 1935 positivum
1197 1865 1249 1922 luit
1263 1867 1289 1922 in
1309 1866 1353 1923 illa
1366 1866 1441 1940 lege,
1457 1873 1484 1924 et
1497 1866 1558 1924 ideo
1572 1866 1708 1938 cessavit,
1724 1873 1756 1924 nt

111 1972 155 2026 se,
169 1972 217 2027 per
227 1958 286 2028 ipsa
296 1963 386 2014 numm
397 1963 542 2028 praccepta
553 1957 632 2013 habat
643 1956 797 2013 necessaria
809 1955 843 2014 ad
858 1972 916 2013 mo·
951 1953 1033 2010 sentit
1053 1953 1080 2010 d.
1094 1954 1188 2012 Thom.
1202 1971 1231 2028 q.
1248 1959 1317 2025 ltili,
1337 1963 1391 2013 art.
1405 1961 1432 2015 3.
1449 1955 1601 2014 Dicendum
1622 1955 1756 2014 nihilomi-

111 2062 177 2102 rum
193 2045 372 2103 honestatem.
389 2045 465 2104 Unde
479 2046 632 2120 generalius
647 2045 782 2118 loquendo
802 2053 917 2116 possent
951 2058 1003 2100 nus
1013 2050 1067 2115 est,
1079 2052 1229 2117 praecepta
1243 2046 1360 2117 positiva
1371 2062 1425 2102 nou
1440 2047 1605 2120 pertinuisse
1614 2045 1649 2102 ad
1665 2061 1754 2102 mora·

112 2137 207 2192 omnia
216 2130 261 2193 illa
274 2141 419 2207 praecepta
429 2138 521 2193 vocari
538 2136 661 2206 moralia,
674 2136 778 2209 quiere
792 2152 857 2193 aera
872 2152 915 2194 re·
950 2131 995 2203 lla,
1011 2131 1059 2190 sed
1073 2133 1108 2190 ad
1122 2134 1339 2206 caeremonialia,
1356 2135 1397 2192 vel
1411 2136 1446 2193 ad
1460 2135 1615 2208 iudicialia,
1631 2134 1706 2208 quod
1719 2151 1753 2192 es

111 2225 279 2283 ctitudinem
294 2225 425 2283 moralem
439 2225 655 2297 constituebant,
668 2233 758 2282 tamen
773 2241 823 2298 per
838 2234 916 2283 anto·
950 2222 1054 2279 ratione
1069 2221 1251 2283 sollicientiae
1265 2241 1350 2298 supra
1363 2224 1442 2284 datae
1456 2231 1545 2299 patet,
1561 2233 1589 2283 et
1609 2225 1753 2299 quisalius

114 2316 266 2372 nemesium
281 2321 446 2387 usirrpatum
464 2321 507 2372 est
520 2331 616 2372 nomen
631 2321 843 2387 praeceptorum
858 2331 916 2372 mo·
950 2312 1040 2368 omnia
1061 2320 1209 2387 praecepta
1222 2322 1315 2372 essent
1334 2315 1451 2372 dicenda
1465 2316 1594 2385 moralia,
1615 2317 1680 2388 quia
1700 2315 1752 2372 snb

112 2404 213 2462 salium
229 2403 263 2461 ad
279 2405 338 2477 ille,
354 2421 425 2479 quae
438 2421 471 2463 ex
485 2411 584 2464 natura
598 2421 649 2462 sua
663 2404 724 2462 talia
738 2412 804 2462 sunt
817 2405 913 2480 signib-
948 2401 1066 2475 generali
1089 2403 1268 2476 appellatione
1289 2405 1378 2462 omnia
1397 2411 1477 2462 erant
1500 2405 1534 2482 de
1556 2404 1678 2462 moribus
1702 2404 1751 2462 ho·

110 2495 211 2552 canda.
949 2493 1064 2565 minum,
1086 2501 1115 2552 et
1137 2495 1291 2553 observatio
1316 2495 1438 2553 omnium
1457 2503 1517 2553 erat
1541 2497 1698 2553 necessaria
1718 2494 1752 2553 ad

155 2589 199 2644 la.
217 2585 296 2641 Circa
317 2585 437 2657 priorem
450 2600 517 2658 ergo
538 2585 677 2642 materiem
692 2585 792 2659 inquiri
813 2591 912 2656 potest,
949 2582 1120 2642 honestatem
1135 2600 1259 2656 morum,
1273 2585 1417 2658 supposita
1431 2585 1477 2643 illa
1491 2584 1560 2658 lege.
1577 2586 1612 2642 Et
1625 2587 1647 2642 si
1668 2587 1752 2643 semel

111 2675 180 2749 quid
194 2690 306 2732 necesse
320 2674 401 2732 luerit
413 2674 447 2732 de
463 2675 590 2747 operibus
605 2675 657 2732 illis
671 2675 728 2732 deri
744 2675 861 2732 divinem
876 2676 915 2732 le·
949 2673 1111 2732 admittatur
1132 2673 1243 2749 aliquod
1265 2681 1444 2748 praeceptum
1466 2677 1613 2751 positivum
1632 2675 1684 2730 sub
1705 2675 1751 2732 illo

109 2779 175 2837 gem
191 2765 344 2836 positivam,
355 2779 420 2821 eum
435 2765 568 2821 naturalis
582 2764 624 2822 lex
637 2766 671 2822 nd
681 2765 725 2822 illa
740 2764 914 2838 obligetlmo
949 2764 1083 2836 membro,
1103 2763 1197 2820 eadem
1218 2765 1287 2822 ratio
1302 2767 1354 2821 erit
1366 2764 1399 2821 de
1421 2763 1532 2837 reliquis
1548 2764 1684 2821 omnibus.
1699 2765 1752 2838 lgi-

110 2854 221 2911 videtur
235 2869 295 2910 esse
309 2854 577 2926 repugnantia,quod
592 2855 634 2911 lex
648 2854 738 2911 divina
751 2855 864 2926 positiva
879 2854 915 2911 sit
948 2858 994 2910 tur
1007 2852 1051 2910 illa
1066 2860 1184 2926 tantum,
1197 2869 1268 2928 quae
1282 2869 1329 2926 per
1343 2869 1372 2910 se
1386 2854 1458 2911 bona
1472 2858 1583 2924 sunt,et
1598 2855 1751 2911 necessaria

109 2945 137 2999 in
151 2943 199 3001 tali
214 2944 337 3014 materia,
350 2959 417 3000 cum
430 2943 464 3000 de
478 2943 572 3000 eadem
585 2943 649 3000 dota
664 2944 697 3000 sit
712 2943 754 2998 les
770 2943 911 3016 naturalis,
948 2943 981 3000 ad
996 2943 1163 3002 honestatem
1181 2942 1395 3017 naturalem,vcl
1410 2941 1679 3014 inlusum,dicuntur
1693 2957 1751 2999 mo·

109 3049 183 3108 quae
196 3034 285 3090 divina
300 3037 382 3091 etiam
397 3040 448 3090 est.
462 3033 583 3105 hecedit,
596 3034 672 3108 qnod
685 3032 728 3090 lex
743 3036 818 3090 circa
831 3033 912 3091 talem
947 3034 1023 3094 retia.

110 3125 252 3181 rnateriam
274 3124 354 3180 datur
376 3139 391 3180 a
411 3125 480 3196 beo,
503 3131 584 3197 prout
603 3131 647 3180 est
666 3131 765 3181 auctor
784 3130 909 3194 naturae,
985 3125 1115 3182 taliaes
1127 3124 1271 3182 autemsic
1283 3123 1550 3198 distinguunturad.
1563 3122 1676 3197 Thoma3
1688 3140 1751 3182 nam

109 3216 179 3270 haec
192 3229 257 3270 vero
268 3213 310 3271 lex
324 3219 391 3269 esta
405 3215 470 3284 Deo,
484 3220 516 3270 ut
529 3220 643 3270 anctore
657 3213 769 3286 gratiae,
782 3219 814 3268 ut
827 3227 912 3284 supra
946 3211 1092 3287 quaedam,
1103 3214 1201 3287 inquit,
1218 3213 1285 3270 adeo
1299 3221 1364 3271 sunt
1379 3229 1427 3285 per
1440 3230 1469 3270 se
1485 3221 1548 3269 nota
1561 3218 1589 3269 et
1603 3213 1748 3286 generalia,

107 3301 298 3360 diximusseo
315 3301 489 3359 nihilominus
500 3304 594 3375 negari
607 3317 660 3358 non
677 3308 776 3372 potest,
788 3303 853 3375 quin
868 3301 911 3358 lex
947 3310 978 3359 ut
991 3304 1047 3359 sine
1062 3302 1116 3360 ullo
1131 3302 1261 3362 discursu
1275 3303 1310 3360 ed
1324 3303 1451 3360 omnibus
1462 3303 1585 3359 solantur
1597 3319 1645 3374 per
1657 3302 1749 3359 lumen

108 3399 200 3462 votus,
213 3401 244 3449 ut
254 3408 269 3446 a
281 3394 334 3448 beo
345 3390 408 3449 data
417 3398 471 3464 est,
484 3391 630 3463 praecipue
642 3389 857 3463 comprehendat
868 3397 911 3448 to·
946 3400 1071 3463 naturae,
1084 3399 1133 3450 aut
1148 3392 1359 3464 fidei3qnaedam
1374 3399 1439 3450 sunt
1452 3392 1644 3449 conclusiones
1659 3392 1749 3463 prori-

108 3490 166 3540 tem
179 3483 318 3539 materiam
330 3481 398 3554 legis
411 3481 557 3552 naturalis;
570 3480 594 3536 id
609 3480 678 3537 enim
694 3480 834 3537 manifeste
846 3496 912 3536 con-
945 3497 1016 3554 maa,
1034 3496 1105 3555 quae
1119 3482 1191 3538 sacili
1205 3481 1335 3539 discursu
1349 3498 1382 3538 er
1397 3482 1447 3538 illis
1461 3482 1599 3554 principiis
1616 3481 1748 3553 colligun-

111 3579 170 3628 stnt
189 3587 222 3628 ex
242 3571 330 3628 Esod.
344 3576 392 3629 20.
408 3577 436 3627 et
458 3575 504 3638 31,
527 3576 554 3625 et
573 3572 775 3627 Deuteronomii
788 3573 821 3640 9,
836 3577 863 3626 et
878 3584 911 3626 ex
945 3579 1002 3642 tur,
1018 3572 1069 3629 alia
1082 3579 1147 3630 stant
1162 3579 1196 3628 ut
1208 3571 1403 3629 conclusiones
1418 3555 1550 3642 remotae,
1566 3584 1636 3642 quae
1655 3571 1749 3627 maiori

109 3661 197 3718 Paulo
211 3661 244 3717 ad
265 3661 345 3718 Ronr.
357 3664 385 3718 2.
402 3658 536 3731 usquead
552 3663 578 3727 i,
593 3666 621 3716 et
634 3659 752 3730 explicat
766 3659 817 3716 late
832 3660 912 3716 divus
946 3663 1079 3734 sapientia
1092 3661 1222 3735 indigent,
1239 3669 1271 3718 ot
1284 3669 1497 3735 cognoscantur.
1515 3659 1603 3717 Prima
1619 3657 1749 3716 dicuntur

108 3753 226 3808 Thomas
237 3751 311 3808 dicta
321 3756 428 3823 quaest.
439 3755 486 3821 99,
496 3757 546 3807 art.
556 3755 583 3820 2,
593 3755 619 3806 et
629 3756 736 3822 quaest.
749 3753 873 3819 100,art.
887 3755 910 3807 l.
945 3752 1120 3825 praeambula
1134 3751 1168 3810 ad
1182 3751 1363 3824 Deculogum,
1379 3757 1517 3824 postrema
1531 3749 1680 3820 illationes,
1699 3765 1748 3805 seu

111 3850 140 3898 et
154 3839 429 3912 sequentibus.llatio
442 3845 544 3909 numm,
554 3854 604 3896 seu
619 3840 768 3896 necessitas
780 3839 839 3908 luit,
849 3837 912 3910 quia
945 3841 1091 3899 corollaria
1104 3857 1137 3897 er
1150 3840 1206 3898 illo.
1220 3840 1305 3898 bledla
1318 3856 1383 3897 rere
1393 3839 1524 3897 dicuntur
1535 3839 1643 3910 pceprie
1654 3844 1682 3895 et
1692 3838 1749 3895 lor·

110 3933 181 3989 ratio
202 3930 319 3986 humana
340 3928 417 3986 valde
436 3936 497 3986 erat
517 3930 663 3986 obscurata
685 3943 733 4000 per
752 3935 909 4000 peccatum,
946 3931 1050 3988 meliter
1068 3937 1214 4002 praecepta
1235 3930 1375 4002 becalogi,
1397 3935 1428 3987 ut
1447 3935 1601 3986 constater
1617 3931 1697 3986 beot.
1716 3933 1744 3998 l.

109 4023 194 4078 etiam
208 4021 284 4076 eirca
302 4019 415 4076 moralia
428 4026 458 4074 et
476 4019 610 4076 naturalia
625 4025 788 4090 praecepta,
803 4024 832 4075 et
850 4016 911 4075 ideo
946 4020 992 4077 ubi
1010 4019 1140 4077 dicuntur
1161 4020 1255 4076 decern
1277 4019 1370 4091 verbe,
1387 4025 1478 4076 tamen
1492 4020 1593 4076 virtute
1607 4018 1749 4076 continent

109 4113 150 4168 ait
163 4110 190 4167 d.
203 4109 335 4166 Thomas:
361 4109 502 4182 Oportelt
517 4109 630 4166 homini
643 4111 677 4164 ic
694 4109 749 4164 hoc
762 4107 912 4165 subveniri
944 4109 1032 4166 multa
1044 4109 1156 4181 alia,vel
1171 4107 1375 4180 antecedenter,
1385 4108 1427 4164 vel
1441 4114 1654 4181 consequenter,
1663 4112 1696 4164 ut
1708 4106 1748 4162 di-

106 4215 163 4276 per
176 4197 471 4271 auctoritatemlepts
489 4195 625 4263 divinoe,
643 4199 783 4271 sicutper
801 4195 910 4254 doctri·
943 4197 1255 4270 ri,etlateexponitd.
1272 4197 1575 4270 Thomastotalereq.
1592 4196 1747 4254 100.Circa
1825 4255 1835 4266 5

108 4305 183 4346 nom
196 4293 224 4344 et
235 4286 444 4345 revelationem
450 4285 524 4364 fidei
537 4286 707 4344 subvenitur
721 4288 835 4344 homini
851 4302 911 4343 coe
943 4303 1027 4361 quam
1042 4288 1230 4360 quaestionem
1244 4287 1335 4344 soleat
1349 4287 1383 4343 ab
1397 4286 1601 4359 expositoribus
1614 4286 1747 4358 disputari
1762 4278 1767 4290 '

108 4382 228 4435 tantum
238 4377 583 4450 trahis,qstoerattoocm
594 4381 745 4450 superorat,
756 4373 909 4432 sedetiam
942 4377 999 4434 iere
1013 4377 1058 4433 illa
1071 4377 1171 4448 omnia,
1186 4392 1257 4449 quae
1271 4392 1322 4433 nos
1336 4391 1421 4447 supra
1435 4375 1482 4432 lib.
1496 4377 1528 4434 lt.
1544 4375 1578 4433 de
1593 4375 1651 4448 lege
1666 4381 1746 4431 natu·

107 4471 143 4524 irs
156 4469 213 4538 his,
226 4481 302 4540 quae
313 4464 349 4522 de
362 4464 905 4539 Deoomicraittercoqnosctposscnt,
942 4466 992 4522 rali
1010 4465 1208 4532 disseruimus,
1228 4467 1293 4538 qnia
1311 4465 1345 4522 ad
1364 4465 1439 4521 illum
1458 4465 1549 4521 locum
1564 4464 1673 4536 proprie
1687 4479 1748 4535 per·

108 4557 144 4613 ad
157 4555 360 4613 excludendum
375 4557 489 4612 rationis
504 4555 638 4613 humanae
651 4570 787 4626 errorem,
802 4556 850 4626 qui
862 4571 908 4611 ac·
942 4556 1076 4626 tinebant,
1096 4561 1125 4612 et
1144 4554 1188 4612 hic
1207 4554 1355 4627 repetenda
1369 4569 1423 4611 non
1438 4560 1512 4610 sunt.
1529 4557 1565 4610 be
1582 4553 1746 4626 obligatione

107 4646 218 4703 chlebat
232 4644 257 4700 in
271 4644 372 4702 snulbs.
390 4645 434 4701 Sic
448 4659 514 4718 ergo
528 4659 581 4701 non
601 4652 751 4717 repugnat,
770 4643 855 4716 legem
869 4644 909 4700 di·
942 4652 1034 4702 autem
1054 4643 1162 4701 illorum
1185 4651 1415 4717 praeceptorum,
1433 4649 1464 4700 ut
1477 4642 1630 4716 specialiter
1644 4644 1672 4700 in
1687 4642 1746 4714 lege

108 4737 200 4791 vinam
221 4733 364 4804 positivam
385 4734 487 4790 versari
506 4735 581 4791 circa
602 4735 743 4790 materiam
756 4733 791 4789 ab
810 4732 908 4790 eedem
942 4735 1025 4791 veteri
1039 4735 1100 4792 data
1114 4741 1189 4804 sunt,
1205 4733 1297 4790 dicam
1310 4734 1337 4790 in
1352 4749 1414 4805 cap.
1430 4733 1475 4789 vt.
1725 4785 1733 4806 Ι

107 4826 162 4880 Deo
179 4827 351 4896 praeceptam
364 4836 413 4895 per
431 4824 518 4896 legent
532 4831 660 4896 naturae,
676 4825 743 4897 quia
756 4824 908 4895 ignorantia
980 4826 1027 4882 21.
1038 4826 1072 4883 Ut
1082 4822 1384 4880 autemsetislaciamus
1395 4821 1491 4878 rationi
1501 4820 1745 4894 dubitandi,apor·

107 4913 227 4970 humena
238 4912 343 4970 induxit
352 4915 542 4970 necessitatem
555 4912 615 4968 talis
626 4913 756 4985 positivae
766 4911 907 4984 legis,siae
941 4919 980 4970 tet
994 4913 1152 4986 advertere,
1166 4911 1345 4970 differentiam
1359 4926 1420 4968 esse
1433 4913 1504 4968 inter
1517 4919 1660 4968 auctores.
1676 4912 1744 4968 Nam

106 5002 154 5060 illa
167 5002 257 5076 quoad
276 5002 346 5059 banc
361 5011 465 5074 partem
480 5001 587 5059 dicatur
603 5008 708 5059 tantum
729 4999 906 5074 declarativa,
941 5002 1019 5060 multi
1037 5003 1209 5075 distinguunt
1223 5011 1344 5076 quatuor
1359 5007 1505 5074 praecepte
1518 5016 1585 5074 erge
1598 5003 1701 5073 Mum,
1716 5007 1745 5058 et

106 5095 163 5150 sive
177 5093 259 5147 etiam
272 5107 358 5148 novae
374 5091 544 5164 obligationis
558 5091 710 5161 inductiva,
722 5089 798 5163 qood
812 5096 908 5162 postea
941 5108 989 5150 sex
1001 5100 1182 5166 tantumerga
1193 5093 1361 5165 proximum,
1372 5087 1570 5149 contundentes
1582 5090 1637 5149 duo
1650 5090 1744 5148 ultima

106 5181 270 5238 ridebimus.
280 5181 419 5238 Eteadem
431 5183 533 5237 ratione
547 5187 667 5251 constat,
682 5180 804 5252 potuisse
818 5181 906 5235 mum
940 5183 966 5238 in
991 5198 1076 5239 unum
1097 5183 1254 5255 negativum
1268 5187 1335 5240 Noas
1347 5184 1547 5254 concupisces.
1562 5182 1597 5239 Et
1610 5181 1664 5237 hoc
1678 5196 1744 5253 sup·

105 5271 187 5334 eliam
203 5277 235 5332 ut
255 5277 398 5333 auctorem
412 5270 516 5352 gratiae
530 5270 616 5350 legem
630 5270 701 5330 terre
714 5271 740 5330 in
761 5267 808 5329 tali
822 5274 905 5326 mate·
940 5273 1019 5348 ponit
1031 5273 1141 5332 Hieron.
1158 5271 1192 5328 ed
1206 5271 1306 5343 Ephes.
1317 5274 1342 5340 6,
1362 5286 1428 5330 cum
1442 5270 1488 5342 ait,
1499 5277 1677 5346 praeceptum
1694 5269 1743 5328 ho·
