4232 6220
385 398 447 468 658
799 425 803 436 ’
1098 419 1251 470 ainana.

344 545 507 604 missiones,
525 541 551 599 lt
568 542 602 599 de
616 543 682 600 iust.
697 549 726 600 et
740 543 945 618 iur.etinl.2,
958 545 988 602 C.
1002 543 1141 603 deservit.
1181 545 1214 602 de
1228 551 1383 604 consecrat.
1400 543 1462 602 dist.
1479 550 1507 616 i,
1523 548 1587 604 hot.
1600 551 1632 621 3,
1645 563 1672 619 p.
1689 547 1731 605 tit.
1750 549 1794 618 13,
1807 563 1870 622 cap.
1885 553 1915 618 s,
1930 548 1944 616 i
1959 551 1983 621 t,

342 635 444 692 ¹Verum
458 640 501 690 est
516 639 605 689 tameo
617 675 624 706 ,
637 632 731 704 plures
742 633 851 692 illarum
864 635 981 692 cuuluse
992 635 1077 709 loqui,
1091 650 1144 692 non
1179 641 1206 691 et
1221 635 1343 692 nonnulli
1360 635 1403 691 alii
1418 634 1685 693 modernilertium
1697 636 1851 710 exemplum
1862 637 1926 694 eddi
1941 653 1985 694 so·

343 722 537 797 distinguendo
558 723 628 781 inter
648 724 689 780 ius
710 724 835 782 naturale
858 733 886 781 et
906 726 1055 797 positivum
1079 725 1145 782 divi·
1179 723 1218 782 let
1235 725 1268 782 de
1292 724 1499 797 dispensatione
1523 727 1550 782 in
1574 725 1722 784 residentia
1736 728 1896 802 episcopali,
1912 743 1986 801 quae

343 831 421 872 num.
437 817 494 871 lmo
508 811 645 870 interdum
661 814 784 888 loquitur
798 814 832 871 de
848 815 906 872 iure
917 816 1008 872 divino
1021 815 1088 888 legis
1100 831 1145 871 ve·
1179 815 1262 872 etiam
1276 821 1319 871 est
1332 816 1365 873 de
1380 819 1440 873 iure
1453 815 1555 872 divino.

344 905 428 969 teris,
444 920 475 962 ac
495 904 517 960 si
538 919 612 959 nrrnc
631 904 780 976 obligaret3
798 919 878 975 saepe
896 904 976 962 etiam
992 905 1146 961 indistincte
1222 909 1247 961 5.
1264 907 1380 977 Propter
1392 903 1461 961 haec
1477 912 1569 963 autem
1584 905 1894 964 tundamentanonuulli
1907 907 1985 966 theo·

343 995 499 1068 loquuntur
513 992 547 1050 de
561 992 759 1065 dispensatione
773 999 803 1049 et
822 996 1062 1066 interpretatione,
1078 1009 1147 1066 quas
1181 993 1235 1070 logi
1250 994 1315 1051 licet
1329 1011 1382 1051 non
1397 995 1539 1052 admittant
1553 1011 1619 1052 cum
1633 997 1796 1068 iurisperitis
1811 1003 1981 1068 potestatem

342 1099 394 1142 uos
415 1089 511 1157 postea
531 1081 742 1156 distinguemus.
765 1085 844 1140 lluuc
859 1098 925 1140 vero
941 1084 1080 1140 intellecta
1095 1083 1146 1140 hae
1181 1083 1354 1156 dispensandi
1364 1086 1392 1140 in
1403 1090 1461 1142 toto
1472 1087 1532 1142 iure
1543 1086 1714 1157 evangelico,
1726 1094 1753 1142 et
1763 1085 1893 1142 omnihus
1906 1102 1984 1158 prae·

344 1175 478 1232 sententia
491 1174 525 1231 de
539 1172 648 1244 propria
663 1171 881 1245 dispensatione,
893 1180 921 1230 et
936 1174 969 1231 de
983 1173 1095 1247 proprio
1105 1173 1147 1230 iu·
1180 1173 1268 1245 ceptis
1283 1174 1357 1244 eius3
1372 1173 1546 1230 nihilominus
1557 1175 1721 1246 admittunt,
1732 1177 1758 1230 in
1770 1176 1910 1247 aliquibus
1923 1192 1985 1247 pos·

342 1279 373 1322 re
386 1262 476 1320 divino
490 1263 605 1336 positivo
620 1261 689 1335 legis
703 1277 807 1330 norae,
824 1263 932 1320 lundari
948 1271 1053 1336 potest.
1181 1281 1211 1321 se
1232 1263 1331 1322 cadere
1351 1263 1581 1336 dispensationem
1602 1265 1775 1336 pontificiam.
1792 1266 1832 1320 lta
1852 1265 1929 1322 Cano
1942 1281 1985 1320 re-

382 1357 411 1411 i.
427 1353 517 1409 Primo
532 1352 558 1408 in
577 1351 666 1408 verbis
681 1351 781 1408 Christi
796 1352 891 1410 llatth.
913 1357 957 1410 ld:
978 1351 1145 1428 modaram-
1179 1349 1245 1411 lect.
1261 1354 1294 1410 de
1315 1355 1415 1426 poenit.
1433 1371 1460 1426 p.
1478 1361 1512 1425 5,
1529 1354 1561 1410 ad
1577 1355 1667 1424 tinem,
1682 1363 1711 1412 et
1724 1356 1851 1428 sequitur
1866 1356 1984 1412 Saucius

342 1458 400 1518 que
420 1441 562 1516 ligaveris
581 1457 671 1515 reaper
690 1447 820 1510 terram,
844 1447 900 1501 erit
920 1443 1050 1517 ligatum
1070 1449 1097 1501 et
1116 1447 1147 1500 iu
1180 1443 1241 1500 libr.
1259 1451 1285 1503 8.
1301 1443 1334 1500 de
1349 1445 1469 1500 matrim.
1490 1443 1558 1516 disp.
1577 1447 1609 1515 6,
1626 1461 1704 1500 num.
1721 1449 1747 1502 6.
1763 1447 1797 1502 Ut
1812 1453 1908 1501 autem
1924 1460 1984 1500 cer-

343 1534 449 1601 eoelis;
465 1539 493 1592 et
505 1530 708 1607 quodcumque
719 1532 841 1590 solveris
851 1549 938 1608 super
949 1539 1072 1600 terram,
1089 1536 1145 1590 erit
1181 1543 1236 1590 tam
1250 1534 1368 1606 aliquam
1382 1533 1505 1606 regulum
1517 1535 1698 1604 constituunt,
1711 1533 1885 1608 distinguunt
1895 1533 1984 1606 dupli·

343 1623 473 1682 sobitum
487 1627 515 1680 et
531 1627 566 1680 tra
578 1621 677 1680 coelis.
698 1623 766 1678 Nam
781 1622 848 1679 haec
861 1628 916 1679 tarn
930 1621 1065 1696 generalis
1080 1637 1145 1679 con·
1180 1625 1222 1681 cia
1235 1629 1380 1696 praecepta
1391 1623 1497 1679 divina:
1511 1622 1648 1696 quaedam
1661 1630 1741 1691 sunt,
1754 1639 1875 1696 quorum
1888 1623 1983 1680 obser·

343 1717 433 1773 cessio
447 1713 510 1771 nihil
529 1712 671 1787 excludit,
686 1712 762 1786 quod
776 1713 928 1770 secundum
943 1721 1049 1771 rectam
1063 1713 1147 1769 ratio·
1180 1715 1254 1770 vatio
1275 1727 1415 1785 nunquam
1434 1718 1526 1784 potest
1539 1713 1563 1768 in
1579 1712 1735 1784 particulari
1749 1727 1802 1768 non
1818 1727 1880 1768 esse
1896 1715 1984 1783 magis

341 1821 405 1862 nem
415 1807 501 1877 possit
511 1804 679 1875 subsistere;
692 1802 849 1859 huiusmodi
860 1810 952 1861 autem
964 1810 1007 1862 est
1019 1803 1087 1860 haec
1099 1817 1147 1873 po·
1178 1801 1323 1874 expediens
1335 1803 1394 1857 sine
1405 1800 1598 1872 impedimenta
1611 1803 1723 1857 maioris
1735 1801 1910 1873 boni,qualia
1919 1807 1984 1858 sunt

342 1902 445 1968 testas,
462 1901 494 1951 ut
513 1892 707 1964 ostendamus3
723 1907 790 1966 ergo
809 1908 862 1949 non
882 1900 926 1950 est
938 1893 1063 1951 iacienda
1075 1893 1144 1949 haec
1180 1897 1358 1963 praeceptum
1380 1889 1572 1960 contessionis,
1588 1897 1616 1946 et
1633 1889 1773 1962 baptismi,
1787 1893 1852 1947 item
1870 1906 1985 1962 praece·

342 1985 466 2057 exceptio
482 1985 523 2040 rel
539 1982 664 2040 limitatio
680 1983 827 2053 potestatis
837 1985 1002 2057 pontificiae.
1017 1981 1145 2040 Secundo
1180 1986 1257 2052 ptum
1279 1978 1372 2036 utendi
1393 1981 1419 2034 in
1436 1984 1608 2036 sacramento
1624 1980 1711 2036 lorma
1725 1984 1909 2053 praescripta.
1926 1981 1986 2037 Alia

342 2089 375 2131 ex
396 2074 448 2132 illis
468 2073 558 2131 verbis
578 2072 735 2146 colligimus
749 2081 916 2145 potestatem
930 2072 1104 2146 dispensandi
1119 2074 1145 2128 in
1180 2075 1260 2140 sunt,
1276 2083 1397 2141 quorum
1413 2068 1566 2124 observatio
1585 2069 1610 2124 in
1631 2068 1788 2140 particulari
1806 2084 1876 2126 casu
1893 2077 1986 2141 potest

341 2163 521 2235 iuramentis,
536 2168 564 2220 et
578 2163 666 2236 rotis,
682 2168 710 2220 et
723 2162 749 2218 in
763 2163 938 2220 matrimonio
951 2170 1029 2233 rato,
1044 2168 1074 2218 et
1088 2161 1146 2217 ain·
1180 2157 1310 2230 impedire
1325 2158 1412 2214 maius
1426 2157 1566 2229 spirituale
1581 2157 1696 2227 bonum,
1711 2166 1743 2215 ut
1757 2166 1823 2215 sunt
1837 2161 1886 2232 tait
1899 2160 1983 2232 Canni

342 2252 407 2310 culo
428 2253 563 2326 spirituali
583 2253 652 2309 inter
672 2253 834 2324 episcopum
854 2258 884 2308 et
901 2250 1049 2309 ecclesiam
1064 2267 1145 2323 spon·
1180 2255 1273 2304 votum
1288 2254 1316 2304 et
1330 2248 1650 2318 iuramentum3Sancius
1665 2263 1731 2306 vero
1751 2247 1864 2306 adhibet
1877 2248 1984 2306 dictum

340 2357 401 2400 sam
416 2358 510 2414 suam,
526 2341 601 2416 quod
615 2357 676 2400 esse
690 2341 759 2399 iuris
773 2341 872 2415 divini,
890 2342 972 2399 sentit
986 2343 1082 2398 lnnoc.
1098 2341 1144 2396 lll.
1179 2337 1333 2409 exemplum
1355 2338 1389 2395 de
1410 2339 1616 2394 consecratione
1639 2341 1667 2394 in
1689 2355 1744 2395 una
1764 2341 1869 2410 specie.
1889 2342 1985 2396 Priora

340 2432 368 2487 in
390 2445 452 2502 cap.
474 2435 558 2488 Inter
581 2429 765 2504 corporolia,
785 2430 818 2488 dc
837 2432 963 2489 translat.
980 2431 1103 2502 episcop.
1119 2435 1146 2485 et
1179 2444 1246 2502 ergo
1268 2433 1416 2500 praecepta
1435 2426 1531 2484 dicunt
1550 2427 1860 2500 esseindispensabilia,
1877 2430 1983 2502 quirin

339 2521 474 2578 rationem
489 2519 594 2591 reddit,
609 2535 681 2593 quae
696 2523 723 2577 in
738 2527 796 2578 toto
811 2519 870 2576 iure
885 2520 977 2577 diuino
990 2519 1083 2576 locum
1098 2519 1145 2574 ha·
1178 2518 1219 2574 eis
1234 2516 1306 2574 nulle
1323 2523 1413 2589 potest
1425 2533 1575 2574 occurrere
1589 2520 1660 2574 ratio
1672 2517 1863 2590 dispensandi,
1875 2530 1905 2576 et
1918 2535 1986 2576 con-

339 2610 403 2680 bet,
426 2612 551 2688 scilicet,
566 2609 632 2682 quin
652 2611 763 2682 quando
781 2609 905 2667 Pontifex
919 2609 987 2686 illud
1001 2608 1145 2666 uinculum
1179 2613 1324 2678 sequenter
1342 2621 1393 2662 nea
1411 2613 1533 2678 potestas
1547 2622 1596 2679 pro
1611 2607 1663 2663 illis
1676 2607 1740 2664 data
1754 2615 1813 2680 est,
1829 2611 1985 2680 posteriora

341 2700 436 2770 solvit,
451 2717 506 2756 non
525 2699 610 2756 utitur
629 2705 764 2772 potestate
779 2698 916 2766 humana,
933 2698 981 2756 sed
996 2699 1100 2770 divina,
1116 2697 1145 2755 id
1179 2712 1245 2753 vero
1260 2695 1355 2753 dieunt
1368 2711 1428 2752 esse
1439 2695 1626 2768 dispensabilis
1637 2707 1749 2768 propter
1760 2701 1931 2755 contrariam
1943 2714 1986 2754 ra·

313 2813 314 2816 ¹
339 2796 383 2847 est
397 2788 525 2846 divinitus
539 2804 683 2862 concessa.
695 2788 773 2845 Unde
787 2787 870 2860 aliqui
886 2788 938 2844 boc
952 2789 1035 2845 etiam
1051 2793 1145 2845 eaten-
1180 2787 1282 2843 tionem
1296 2829 1302 2858 ,
1318 2793 1346 2843 et
1360 2786 1537 2842 fundamenta
1551 2787 1680 2858 superius
1694 2786 1824 2844 adducta.

339 2876 408 2934 dunt
422 2875 457 2935 ad
470 2876 581 2934 carnale
591 2877 797 2944 matrimonium
812 2877 892 2933 etiam
905 2884 1141 2950 consummatum,
1217 2879 1244 2933 6.
1261 2875 1350 2947 Siquis
1370 2881 1461 2938 tamen
1476 2882 1553 2932 recte
1566 2875 1738 2946 consideret,
1756 2877 1823 2933 haec
1841 2881 1984 2949 posterior

339 2975 367 3026 et
378 2967 412 3024 ud
423 2967 653 3039 dispensationem
668 2967 694 3022 in
705 2967 876 3038 professione
888 2966 1027 3040 religiosa,
1039 2967 1144 3023 etiamsi
1179 2967 1269 3037 opinio
1284 2981 1337 3021 nun
1347 2964 1437 3022 differt
1450 2964 1602 3021 iormaliter
1615 2979 1631 3022 a
1645 2965 1834 3037 praecedenti,
1843 2967 1892 3024 sed
1903 2970 1984 3041 quasi

338 3056 373 3113 de
387 3056 444 3114 iure
458 3056 548 3113 divino
562 3057 679 3127 positivo
695 3071 756 3111 esse
772 3063 919 3128 censeapt;
935 3071 1002 3129 ergo
1017 3056 1089 3114 idem
1105 3055 1145 3112 di·
1178 3055 1362 3124 materialiter,
1378 3055 1441 3111 licet
1454 3062 1584 3112 auctores
1598 3056 1659 3112 eius
1673 3054 1748 3112 aliud
1763 3056 1918 3114 intendant.
1933 3061 1984 3114 lle-

339 3147 457 3204 ccndum
473 3151 515 3202 est
529 3145 562 3202 de
581 3144 784 3217 dispensatione
803 3147 835 3207 iu
847 3145 907 3217 lege
921 3133 1037 3218 gratiae.
1053 3145 1143 3204 Tertio
1178 3144 1312 3216 claretur,
1334 3146 1399 3217 quia
1419 3146 1500 3201 etiam
1521 3145 1670 3216 iurisperiti
1690 3147 1805 3218 docent,
1820 3147 1983 3205 interiorem

238 3259 241 3264 ·
338 3243 432 3312 potest
446 3237 551 3293 ratione
565 3235 619 3292 hoo
635 3234 811 3306 confirmari,
827 3237 891 3307 quia
906 3237 1010 3292 attenta
1025 3235 1144 3292 humana
1178 3249 1232 3290 non
1252 3250 1333 3306 posse
1354 3233 1512 3306 dispensare
1529 3236 1556 3289 in
1570 3233 1630 3308 lege
1644 3237 1795 3308 superioris
1810 3237 1868 3292 sine
1882 3253 1983 3310 causa,

339 3328 508 3400 conditione,
524 3326 584 3383 talis
603 3332 724 3396 potestas
739 3325 895 3382 necessaria
908 3331 951 3382 est
965 3323 991 3380 in
1006 3323 1141 3397 Ecclesia,
1177 3330 1204 3379 et
1219 3322 1289 3396 ideo,
1305 3321 1368 3380 licet
1382 3322 1407 3380 id
1422 3323 1511 3379 lacere
1530 3329 1627 3395 tentet,
1643 3324 1707 3380 nihil
1722 3323 1827 3382 lacere:
1846 3327 1922 3384 unde
1936 3345 1984 3384 ne-

339 3419 403 3492 quia
417 3431 498 3489 saepe
512 3414 637 3472 accidere
651 3422 745 3487 petest
758 3429 857 3486 casus,
874 3415 900 3469 in
914 3429 971 3492 quq
985 3413 1143 3472 observatio
1177 3415 1296 3471 cessario
1308 3415 1390 3470 etiam
1402 3411 1515 3483 docent,
1528 3412 1722 3487 legemChristi
1734 3431 1788 3472 non
1799 3431 1861 3473 esse
1872 3416 1985 3490 dispen·

338 3507 454 3566 alicuius
474 3507 541 3579 legis
554 3504 661 3562 divinae
676 3505 712 3562 sit
727 3504 811 3577 magis
826 3505 940 3574 nociva,
958 3504 998 3560 rel
1015 3503 1143 3576 impediat
1176 3503 1287 3560 sabilem
1301 3503 1335 3560 ab
1350 3502 1457 3560 homine
1472 3503 1530 3560 sine
1545 3519 1642 3573 causa,
1653 3506 1850 3562 etPontiticem
1866 3523 1921 3563 non
1934 3507 1983 3564 ha-

338 3599 426 3670 ruagis
436 3597 538 3653 bonum
550 3635 557 3666 ,
570 3601 599 3652 et
609 3602 754 3666 propterea
765 3593 936 3666 dispensatio
948 3593 973 3650 in
985 3592 1029 3649 illa
1041 3595 1075 3650 sit
1086 3609 1142 3650 nra·
1177 3593 1240 3650 here
1255 3593 1325 3649 hanc
1337 3598 1512 3664 potestatem.
1525 3593 1581 3651 lioc
1593 3602 1684 3651 autem
1697 3593 1767 3651 idem
1782 3594 1873 3652 dicere
1885 3603 1985 3653 tenen-

337 3687 411 3744 xime
432 3691 614 3742 consentanea
634 3683 747 3756 rationi,
765 3698 831 3754 ergo
851 3697 905 3739 non
927 3689 970 3738 est
985 3682 1140 3754 verisimile,
1177 3689 1224 3740 tur
1242 3687 1371 3739 austures
1390 3681 1527 3738 secundae
1549 3684 1712 3756 sententiae,
1732 3699 1784 3740 nec
1798 3685 1870 3742 enim
1885 3685 1985 3744 dicere

338 3775 479 3834 Christum
504 3773 648 3846 reliquisse
668 3772 823 3829 Ecclesiam
844 3773 900 3828 sine
922 3771 973 3829 hnc
993 3778 1142 3844 potestates
1176 3770 1984 3848 possunt,ChriaturndedissePontificipotestatemdispen·

338 3866 403 3938 quia
418 3863 571 3921 secundum
593 3862 683 3935 legem
702 3862 870 3920 ordinariam
891 3877 945 3918 non
958 3869 1077 3934 possunt
1093 3861 1142 3919 ho·
1177 3862 1253 3918 sandi
1273 3862 1298 3917 in
1319 3859 1366 3917 tali
1386 3861 1428 3917 vel
1449 3860 1496 3917 lali
1516 3860 1590 3934 lege,
1610 3862 1675 3935 quia
1689 3862 1780 3920 inillis
1794 3866 1984 3936 praesciebat,

321 3990 324 3996 -
339 3953 425 4010 mines
439 3969 454 4009 a
468 3955 523 4009 beo
542 3953 603 4025 ipso
624 3951 779 4008 immediate
794 3958 884 4022 petere
898 3949 1140 4023 dispensationem,
1176 3967 1257 4024 posse
1277 3965 1426 4008 occurrere
1440 3951 1573 4024 legitimas
1586 3967 1697 4010 causas.
1713 3954 1782 4010 llam
1799 3955 1901 4014 Christi
1914 3973 1986 4014 con·

337 4058 390 4100 nec
404 4042 504 4098 dehent
521 4042 676 4098 necessario
692 4040 737 4098 illa
751 4056 848 4098 carere
863 4041 889 4096 in
904 4041 950 4097 tali
963 4040 1138 4113 necessitate,
1175 4041 1265 4098 cessio
1274 4040 1435 4114 generaliter
1447 4040 1520 4098 iacta
1530 4049 1585 4115 est,
1597 4047 1629 4098 ut
1639 4050 1793 4101 constater
1804 4046 1898 4102 verbis
1908 4048 1984 4118 eius3

338 4147 428 4206 neque
437 4131 550 4205 obligari
562 4147 611 4203 per
622 4131 765 4203 positivam
777 4131 865 4203 legem
877 4113 996 4186 divinam
1006 4145 1071 4187 oum
1083 4136 1141 4186 tan·
1174 4130 1277 4186 nullam
1288 4142 1353 4202 ergo
1365 4128 1454 4202 legem
1465 4130 1492 4185 in
1502 4130 1663 4202 particulari
1674 4132 1836 4207 designarit3
1845 4137 1906 4192 sine
1918 4135 1985 4193 iun-

340 4229 368 4280 to
383 4224 489 4294 rigore,
506 4224 571 4294 quia
584 4235 638 4276 non
659 4226 701 4276 est
718 4228 934 4278 consentaneum
953 4221 1101 4291 sapientiae
1115 4229 1143 4277 et
1174 4217 1302 4276 damento
1325 4233 1391 4290 ergo
1416 4217 1467 4275 hoc
1492 4221 1717 4294 excogitaretur,
1743 4229 1792 4279 aut
1815 4225 1982 4297 tingeretur:

338 4311 465 4368 suavitati
473 4309 1098 4382 providentiae.Quartopotesthocconhrmari
1107 4324 1140 4366 ex
1175 4323 1241 4380 ergo
1260 4309 1283 4364 ei
1301 4306 1426 4365 Christus
1446 4305 1520 4364 dedit
1538 4307 1655 4381 aliquam
1675 4318 1839 4382 potestatem
1857 4313 1986 4371 adhunc

339 4417 392 4459 usu
405 4400 487 4457 variis
496 4398 637 4471 exemplis.
648 4401 804 4456 Primumet
815 4399 1007 4472 gravissimum
1018 4398 1140 4454 omnium
1173 4397 1415 4470 dispensationem,
1428 4395 1479 4453 luit
1489 4394 1523 4452 ad
1533 4397 1747 4472 dispensandum
1758 4401 1786 4456 in
1798 4416 1986 4478 quacumque

337 4497 397 4562 est,
409 4490 473 4561 quia
486 4489 544 4544 iure
558 4487 649 4544 divino
664 4487 741 4544 solus
752 4488 952 4561 episcopusest
962 4489 1086 4544 minister
1097 4503 1140 4543 sa·
1174 4487 1234 4560 lege
1253 4503 1318 4560 sua,
1339 4487 1360 4542 si
1378 4501 1465 4544 causa
1486 4486 1654 4545 rationabilis
1667 4498 1842 4549 occurreret.
1855 4493 1895 4550 Et
1907 4493 1985 4551 hanc

338 4579 470 4635 crementi
485 4578 715 4651 confirmationis,
726 4583 755 4636 et
764 4578 940 4636 nihilominus
950 4579 1022 4651 Papa
1032 4579 1140 4650 dispen·
1173 4593 1245 4634 voco
1265 4576 1405 4633 formalem
1420 4577 1636 4634 convenientiam
1650 4579 1788 4637 dictarum
1802 4583 1983 4653 opinionum.

338 4667 422 4725 sanda
443 4667 469 4723 in
490 4665 560 4740 hoc,
576 4667 635 4723 iure
656 4672 747 4738 potest
767 4667 948 4724 ministerium
967 4669 1140 4724 committere
1173 4666 1317 4724 Materialis
1328 4673 1419 4722 autem
1430 4664 1563 4723 dissensio
1573 4669 1637 4741 erit,
1649 4684 1683 4726 an
1697 4671 1723 4726 in
1739 4671 1786 4727 tali
1803 4673 1845 4728 rel
1862 4674 1909 4730 tali
1921 4673 1986 4749 lege

337 4757 452 4829 simplici
463 4756 609 4812 sacerdoti.
623 4755 781 4813 Secundum
793 4764 847 4829 est,
858 4759 921 4830 quia
933 4755 1086 4813 secundum
1097 4757 1140 4812 ius
1174 4757 1259 4828 possit
1276 4754 1415 4840 sufficiens
1436 4771 1522 4813 causa
1536 4771 1683 4816 occurrere
1698 4759 1731 4816 ad
1744 4758 1980 4833 dispensandum:

336 4847 458 4904 divinum
473 4845 645 4902 Eucharistia
666 4861 717 4901 ner.
731 4845 846 4919 conhci,
861 4861 913 4902 nec
928 4847 1077 4903 sacriticari
1091 4861 1140 4916 po·
1173 4845 1198 4900 in
1214 4861 1269 4918 qua
1283 4861 1312 4902 re
1326 4850 1490 4916 potestesse
1504 4847 1606 4904 infinita
1621 4849 1754 4923 varietas,
1771 4866 1863 4923 nequa
1877 4853 1912 4909 ab
1926 4854 1983 4912 illis

337 4942 406 5007 test,
420 4935 470 4990 nisi
484 4933 511 4989 in
524 4934 632 4990 duabus
646 4934 808 5006 speciebus,
825 4941 853 4991 et
866 4941 957 4990 tamen
972 4934 1006 4991 ob
1021 4935 1140 4990 necessi·
1173 4932 1332 4990 auctoribus
1347 4933 1503 5006 assignatur
1516 4935 1663 5005 probabilis
1677 4937 1774 5010 regula
1788 4940 1823 4996 ad
1836 4941 1862 4998 id
1873 4941 1984 5001 discer-

336 5033 435 5097 tatem‚
450 5030 478 5080 et
497 5024 647 5081 carentiam
667 5025 721 5079 vini
736 5022 903 5096 dispensavit
918 5024 1057 5083 interdum
1070 5027 1139 5082 Pon·
1172 5023 1302 5081 nendum.
1317 5024 1384 5080 Nam
1404 5023 1425 5079 si
1446 5038 1532 5082 causa
1548 5025 1690 5082 sufficiens
1705 5035 1762 5100 est,
1778 5030 1856 5102 quod
1873 5033 1984 5105 inpar·

337 5113 418 5188 tilex,
435 5119 466 5169 ut
481 5113 506 5168 iu
521 5113 579 5170 solo
594 5126 661 5184 pane
674 5114 837 5170 conficiatur
847 5155 855 5185 ,
867 5121 899 5171 ut
909 5113 992 5186 aliqui
1002 5115 1136 5187 relerunt,
1170 5114 1281 5171 tioulari
1302 5129 1370 5170 ausu
1385 5115 1470 5187 magis
1486 5114 1625 5186 spirituale
1643 5117 1745 5175 bonum
1759 5120 1912 5195 perlegam
1930 5125 1988 5180 im·

336 5212 365 5260 st
376 5209 541 5276 sequuntur,
551 5216 620 5273 quos
632 5201 712 5257 retuli
722 5203 749 5257 in
763 5206 789 5259 ι.
802 5209 869 5259 tom.
881 5207 907 5260 3.
920 5211 992 5275 part.
1005 5201 1076 5276 disp.
1090 5208 1136 5278 lt,
1171 5202 1258 5277 pediri
1276 5201 1416 5275 rideatur,
1431 5205 1474 5262 vir
1491 5205 1607 5278 cogitari
1622 5209 1722 5279 poterit
1736 5207 1778 5266 lex
1792 5201 1887 5284 aliqua
1899 5213 1982 5272 Chri·

337 5295 406 5349 sect.
424 5296 455 5363 t,
471 5298 499 5348 et
518 5290 643 5364 sequitur
657 5290 770 5349 Turrec.
788 5291 813 5348 in
833 5307 895 5365 cap.
915 5294 1131 5368 Comperimus,
1172 5295 1218 5364 sti,
1231 5294 1257 5350 iu
1272 5307 1327 5367 qua
1339 5308 1391 5350 nou
1405 5295 1493 5365 possit
1503 5291 1621 5353 occurre
1634 5296 1753 5371 legitima
1768 5314 1855 5358 causa
1867 5301 1980 5379 dispen-
