4260 6222
880 331 1087 429 oaaurxxx.
1686 363 1748 428 tue

144 502 216 562 dens
230 503 264 560 ab
278 509 378 561 eventu
403 503 520 576 tuturo,
543 503 666 562 nondum
686 505 757 560 enim
784 503 953 560 substitutus
990 504 1024 561 sd
1038 502 1137 578 legem,
1152 519 1215 562 usna
1231 505 1397 578 privilegium
1409 510 1451 560 est
1462 501 1596 578 quaedem
1608 504 1660 576 lex,
1675 514 1703 562 et
1715 511 1790 563 tanto

145 600 341 664 successerat,
356 599 384 651 et
398 594 556 650 substitutio
570 594 726 652 includebat
740 593 864 650 eamdem
887 607 955 649 con·
989 593 1158 661 mutabilior,
1177 599 1279 668 quanto
1294 594 1452 666 specialior,
1468 595 1543 651 iuxta
1558 594 1646 667 legem
1660 597 1722 650 eius
1735 597 1792 650 ust-

145 683 295 752 ditionem,
315 697 398 755 quam
418 682 603 755 privilegium,
619 683 740 752 scilicet,
757 683 807 738 nisi
820 681 891 738 lilius
906 682 955 738 bs·
988 679 1061 748 litis,
1079 689 1091 756 p
1108 687 1136 750 t,
1153 683 1181 739 ff.
1194 683 1227 739 de
1247 682 1354 740 militar.
1368 689 1476 740 testam.
1489 683 1535 740 ubi
1555 683 1649 740 Glossa
1670 681 1696 739 id
1717 690 1793 740 notet

146 773 214 829 bere
228 778 322 843 posset
337 770 494 828 haeredem.
506 769 583 829 linds
597 771 700 830 dicitur
714 771 837 829 secundo
851 778 880 829 et
898 770 954 828 cla·
989 773 1072 829 verbo
1091 787 1272 846 quocumque
1285 771 1381 838 modo,
1400 773 1475 829 stibi
1489 772 1532 829 alii
1547 772 1689 843 doctores,
1704 779 1733 828 et
1748 771 1790 829 'li-

147 864 220 931 rius,
237 860 407 932 privilegium
423 860 505 932 illud,
523 868 555 918 ut
566 868 640 918 esset
652 864 775 931 iustum,
791 877 807 917 a
821 861 953 933 principio
987 860 1093 933 rnquel.
1111 862 1186 918 dicto
1201 868 1284 918 tract.
1298 861 1402 918 limitat.
1418 865 1462 920 tt.
1477 861 1510 918 ad
1525 861 1614 932 bnem3
1631 877 1706 935 ergo.
1787 849 1792 857 “

147 953 233 1008 tuisse
247 966 415 1008 concessum
429 953 486 1007 sins
502 950 670 1023 praeiudicio
688 953 810 1024 tertii,et
826 950 885 1008 ideo
899 966 953 1007 non
1028 955 1056 1008 6.
1073 950 1165 1008 Altera
1183 967 1249 1008 vero
1269 967 1350 1024 pars,
1366 951 1474 1010 scilieet
1488 952 1658 1025 privilegium
1672 967 1705 1009 ex
1726 967 1792 1008 vera

148 1043 235 1098 luisse
252 1040 479 1122 substitutionem
495 1042 605 1098 omnino
625 1040 796 1110 absolutam,
812 1040 860 1096 sed
873 1041 953 1114 qivasi
989 1044 1016 1096 et
1029 1038 1194 1098 subsistente
1217 1056 1304 1098 causa
1324 1041 1442 1114 legitime
1462 1040 1605 1098 obtentum
1625 1056 1681 1098 non
1704 1041 1792 1098 emitti

147 1131 202 1188 sub
220 1131 394 1200 conditione,
411 1130 452 1186 rel
468 1131 722 1204 praesuppositione
742 1132 876 1187 amentiae
895 1129 952 1201 tilii,
989 1135 1101 1200 propter
1119 1130 1205 1187 solam
1220 1133 1399 1188 cessationem
1411 1147 1513 1187 cnusee
1523 1131 1688 1204 negativam,
1700 1129 1791 1187 decla-

146 1225 177 1276 et
192 1220 366 1292 impotentiae
388 1219 422 1276 ad
444 1220 616 1291 testandum,
639 1235 671 1278 ac
693 1220 808 1277 subinde
827 1225 953 1276 cessante
988 1227 1075 1276 ratur.
1084 1221 1173 1278 Primo
1189 1221 1328 1294 exemplis,
1342 1237 1404 1278 nam
1419 1220 1587 1294 privilegium
1599 1237 1652 1278 non
1667 1220 1790 1278 solvendi

149 1309 196 1367 ills
211 1299 382 1380 conditione,
397 1326 448 1365 non
463 1311 574 1383 proprie
588 1316 756 1368 retractatur
771 1310 886 1367 effectus
901 1309 953 1381 pri·
987 1307 1220 1366 decimasdatum
1237 1312 1399 1368 monasterio
1415 1316 1526 1383 propter
1541 1309 1724 1382 indigentiam,
1736 1324 1791 1367 noa

149 1395 308 1472 vilegii'iam
328 1400 436 1471 lactus,
453 1400 500 1457 sed
522 1415 617 1472 perse
638 1400 751 1469 desinit,
767 1406 794 1456 et
813 1400 952 1468 irritatur,
988 1405 1095 1468 cessat,
1117 1399 1222 1456 etiamsi
1242 1401 1438 1456 monasterium
1453 1399 1504 1455 iam
1519 1414 1572 1455 non
1592 1397 1725 1470 indigeat,
1742 1399 1790 1456 ssd

147 1497 264 1560 propter
274 1488 458 1546 conditionem
470 1506 524 1546 non
537 1489 687 1562 impletam,
700 1489 765 1563 quia
776 1505 829 1546 non
840 1490 891 1547 iuit
905 1490 952 1546 ab·
988 1487 1096 1544 aliunde
1116 1488 1223 1562 habeut,
1234 1490 1304 1547 unde
1315 1487 1484 1546 sufficienter
1496 1487 1529 1544 ali
1545 1489 1642 1559 possit.
1652 1490 1720 1544 ltem
1736 1490 1791 1560 pri-

146 1579 242 1636 soluta
256 1579 427 1647 substitutio,
440 1579 487 1638 sed
501 1581 553 1637 sub
568 1581 725 1638 conditione
739 1583 884 1650 amentiae,
899 1581 952 1637 uti·
988 1577 1116 1652 vilegium
1137 1579 1268 1635 retinendi
1284 1577 1364 1651 plura
1383 1579 1511 1635 beneficia
1527 1577 1624 1649 simul,
1640 1577 1704 1650 quie
1725 1592 1791 1635 neu·

146 1684 203 1741 que
218 1684 306 1741 usque
320 1666 361 1725 ad
369 1677 503 1741 mortem,
519 1667 570 1726 seu¹
590 1669 714 1727 durantis
730 1684 818 1742 usque
832 1668 867 1726 ad
886 1669 952 1726 elle·
987 1673 1060 1724 trum
1072 1667 1227 1724 sufficiebat
1237 1667 1269 1724 ed
1284 1669 1523 1738 sustentationem,
1538 1683 1591 1722 non
1605 1668 1783 1738 extinguitur,
1891 1705 1895 1713 -

146 1764 228 1815 ctum
245 1757 391 1816 decedendi
407 1760 463 1816 sine
478 1766 642 1818 testamento
657 1762 761 1817 ratione
776 1760 859 1818 illius.
986 1758 1094 1814 etiamsi
1112 1773 1197 1814 unum
1218 1757 1381 1814 beneficium
1400 1763 1521 1828 crescat,
1537 1763 1564 1814 et
1582 1757 1628 1814 liat
1648 1757 1790 1836 sufficiens

190 1855 217 1906 5.
229 1849 320 1906 tertio
333 1849 395 1905 binc
409 1849 533 1921 ndverto,
545 1852 952 1920 necessariumesse,utcausa
986 1846 1020 1903 nd
1041 1863 1192 1920 congruam
1219 1848 1453 1904 sustentationem.
1470 1848 1540 1902 ltem
1561 1845 1729 1919 privilegium
1756 1846 1790 1904 sd

145 1949 250 2007 cesset,
263 1955 316 1995 non
330 1945 437 1996 tantum
449 1941 585 2013 negative,
598 1940 647 1996 sed
660 1941 743 1998 etiam
759 1941 907 2012 contrarie,
920 1947 953 1997 ut
986 1936 1191 2008 anticipandum
1207 1943 1315 2008 tempus
1331 1934 1458 1992 recitandi
1472 1935 1594 1993 divinum
1611 1935 1731 1992 officium
1748 1936 1791 1993 ul·

145 2044 180 2085 ea
194 2037 333 2098 cessante,
345 2037 437 2086 cesset
450 2029 620 2102 privilegium
633 2029 734 2088 babens
749 2035 869 2086 tractum
886 2045 952 2087 suo·
988 2030 1030 2082 tra
1048 2028 1247 2083 commuueius
1261 2025 1357 2084 datum
1368 2025 1450 2082 alicui
1463 2031 1573 2098 propter
1584 2025 1693 2082 nimiam
1704 2041 1790 2084 occu·

144 2109 285 2175 cessirum
301 2119 381 2175 etiam
397 2118 489 2191 quoad
505 2118 614 2176 iuturus
629 2119 892 2176 uetustissimum
907 2135 950 2175 ra·
986 2114 1123 2186 potionem
1155 2115 1274 2172 alicuius
1300 2117 1438 2185 muneris,
1460 2131 1513 2172 non
1538 2113 1646 2171 videtur
1669 2131 1789 2190 cessare,

145 2208 231 2276 tione,
246 2205 407 2279 explicando
423 2209 561 2264 terminos:
577 2213 644 2265 ωηο
659 2209 730 2265 onim
744 2208 818 2278 dico,
835 2224 949 2265 causam
985 2207 1094 2263 etiamsi
1108 2223 1209 2262 munus
1225 2206 1372 2278 relinquat,
1388 2205 1437 2260 nisi
1452 2206 1480 2260 in
1494 2205 1553 2276 ipso
1567 2204 1705 2276 privilegio
1715 2205 1789 2263 dica·

145 2297 280 2369 privilegii
292 2311 403 2354 cessare
417 2301 552 2370 negative,
566 2296 675 2370 quando
692 2298 774 2370 rstio,
786 2313 857 2370 quas
871 2298 951 2355 indu·
985 2303 1039 2352 tur:
1062 2294 1218 2371 Quamdiu
1233 2295 1294 2353 tale
1309 2311 1418 2353 munus
1432 2296 1612 2359 exercueris,
1630 2293 1673 2350 vel
1687 2293 1789 2367 aliquid

144 2387 184 2442 xit
195 2387 349 2458 principem
362 2386 395 2444 ad
410 2385 619 2445 concedendum
634 2387 817 2460 privilegium,
830 2389 883 2444 iam
895 2403 948 2444 non
984 2386 1167 2457 aequivalens.
1182 2388 1248 2442 item
1262 2387 1289 2442 in
1301 2383 1486 2457 Religionibus
1501 2389 1567 2440 sunt
1580 2383 1666 2440 multa
1678 2383 1787 2457 privile·

144 2475 287 2548 subsistit,
303 2476 478 2542 nibilominus
493 2481 582 2533 tamen
599 2491 666 2533 usus
682 2477 815 2550 privilegii
831 2493 885 2533 nou
907 2485 950 2534 est
984 2477 1027 2549 gia
1046 2483 1159 2548 propter
1172 2475 1450 2546 censeretrationes,
1462 2488 1533 2547 quae
1545 2488 1649 2530 revera
1661 2489 1708 2545 per
1720 2482 1789 2532 tem·

144 2565 276 2634 iniustus,
290 2579 339 2621 nec
352 2579 399 2636 per
410 2580 439 2620 se
450 2566 673 2637 contrealiquvm
686 2566 826 2636 virtutem,
840 2574 871 2623 ut
882 2582 949 2623 eon·
983 2580 1082 2636 porum
1099 2566 1258 2621 varietatem
1273 2572 1302 2621 et
1319 2579 1427 2620 morum
1442 2562 1619 2620 mutationem
1630 2571 1787 2636 cessarunt,

146 2655 226 2727 tingit
246 2669 336 2726 saepe,
358 2660 386 2710 et
403 2653 492 2710 statim
513 2652 698 2718 declarabitur
717 2654 860 2727 exemplis.
877 2657 949 2712 Gon·
982 2661 1009 2711 et
1023 2655 1201 2713 nibilominus
1216 2671 1271 2712 non
1287 2659 1419 2710 censetur
1434 2667 1558 2709 cessasse
1574 2651 1722 2726 privilegis.
1735 2655 1787 2710 lia·

144 2743 228 2798 trarie
239 2751 330 2798 autem
341 2741 412 2814 dico,
423 2757 546 2799 cessasse
558 2759 671 2800 causam
684 2742 824 2817 privilegii,
836 2744 946 2818 quando
983 2745 1020 2800 tio
1035 2759 1099 2801 vero
1113 2751 1165 2815 est,
1179 2746 1244 2817 quia
1259 2751 1325 2801 tunc
1341 2742 1406 2799 licet
1418 2743 1486 2798 ratic
1501 2743 1661 2810 cessaverit,
1676 2749 1788 2801 nonest

145 2847 216 2889 usus
229 2832 358 2905 privilegii
374 2838 487 2904 propter
499 2836 679 2891 mutationem
695 2837 823 2891 materiae
837 2835 879 2892 vel
894 2835 946 2892 cir·
983 2835 1086 2892 lactum
1113 2835 1239 2907 iniquum
1266 2832 1447 2905 privilegium,
1469 2833 1534 2904 quia
1558 2847 1626 2888 usus
1651 2833 1710 2888 eius
1733 2847 1786 2890 nec

143 2922 375 2978 crvnvstantiarum
395 2921 487 2978 lactus
506 2931 549 2978 est
567 2924 703 2994 iniustus,
719 2924 900 2997 veliniquos,
917 2933 949 2982 ut
982 2924 1110 2994 iniustus,
1128 2930 1175 2980 nut
1190 2925 1370 2995 perniciosus,
1388 2937 1438 2977 nec
1454 2921 1562 2978 illicitus
1582 2920 1672 2978 lactus
1686 2927 1738 2992 est,
1756 2930 1787 2980 ut

144 3029 170 3066 r.
189 3027 216 3084 g.
233 3003 257 3065 =si
271 3012 439 3068 monasterio
454 3012 588 3083 applicata
603 3019 676 3069 esset
689 3013 779 3086 aliqua
794 3029 856 3085 pars
874 3012 948 3070 deci·
981 3015 1154 3086 suppositum
1170 3029 1235 3086 ergo
1249 3019 1366 3081 nonest,
1380 3027 1432 3066 cur
1449 3009 1618 3083 privilegium
1638 3017 1785 3068 censeatur

142 3117 252 3157 marum
268 3100 384 3157 alicuius
402 3101 555 3172 ecclesiae,
570 3103 634 3175 quia
649 3109 771 3174 tempore
790 3105 948 3161 concessio·
981 3106 1072 3160 statim
1084 3118 1212 3160 eversum
1225 3118 1257 3158 ac
1269 3101 1454 3158 destructum.
1466 3101 1500 3157 Et
1511 3101 1691 3157 confirmatur
1702 3099 1784 3156 etiam

142 3191 183 3246 nis
199 3207 231 3248 ex
246 3190 351 3263 reliquo
367 3197 475 3261 poterat
487 3191 606 3248 ecclesia
621 3191 791 3251 sufficienter
810 3199 947 3250 sustenta·
980 3193 1104 3265 exemplo
1120 3193 1186 3265 legis
1207 3191 1373 3262 communis,
1390 3193 1455 3264 qaria
1476 3206 1530 3246 non
1545 3196 1637 3246 cessat
1656 3190 1785 3263 obligatio

141 3281 181 3352 ri,
197 3289 227 3336 et
240 3278 387 3351 provideri,
403 3287 495 3351 postes
512 3292 577 3336 vero
592 3281 704 3336 mutetis
719 3281 800 3338 rebus
815 3298 867 3338 non
883 3297 946 3354 pos-
979 3286 1039 3340 eius
1054 3299 1088 3340 ex
1108 3297 1152 3354 eo,
1170 3283 1246 3356 quod
1260 3283 1384 3354 negative
1403 3285 1510 3338 tentum
1530 3286 1622 3337 cesset
1637 3281 1706 3337 ratio
1725 3282 1784 3339 eius

142 3371 178 3426 sit
191 3370 350 3440 sustentari,
365 3371 385 3425 si
398 3371 422 3424 in
440 3375 496 3426 tota
507 3369 549 3425 illa
563 3376 640 3440 parte
651 3370 820 3428 decimarum
832 3371 943 3429 delrau·
979 3374 1007 3430 in
1021 3373 1192 3445 particulari.

141 3458 235 3531 detur,
252 3465 319 3514 tunc
335 3464 428 3514 cessat
441 3473 526 3514 esusa
542 3459 670 3533 privilegii
682 3497 690 3530 ,
704 3466 732 3516 et
745 3468 946 3533 consequenter
1020 3464 1046 3519 i.
1060 3460 1112 3519 Sed
1127 3458 1304 3517 contrahens
1320 3464 1423 3530 partem
1435 3458 1587 3529 retorqueri
1606 3463 1697 3529 potest
1707 3462 1783 3514 utra-

142 3555 236 3604 cessat
249 3547 430 3620 privilegium.
448 3549 517 3604 ilinc
532 3561 599 3621 ergo
613 3548 699 3605 incilis
713 3556 756 3605 est
775 3551 841 3607 ratio
856 3565 945 3607 asser·
980 3566 1033 3624 que
1047 3551 1204 3614 ratio.Nam
1218 3549 1243 3604 in
1259 3548 1364 3620 primis,
1376 3557 1408 3604 ut
1420 3547 1593 3621 privilegium
1605 3553 1705 3616 cesset,
1718 3549 1784 3610 setis

142 3638 222 3694 tionis
237 3637 274 3692 sic
291 3635 462 3706 declaratae,
479 3638 542 3710 quia
562 3637 731 3710 privilegium
750 3638 783 3694 de
803 3654 831 3694 re
852 3639 946 3698 illicita
979 3647 1032 3710 est,
1049 3640 1123 3714 quod
1145 3638 1318 3696 conservatio
1340 3638 1475 3710 privilegii
1490 3636 1536 3692 fiat
1557 3635 1652 3692 illicita
1672 3643 1784 3707 propter
1863 3681 1869 3692 .

142 3724 250 3782 nullum
265 3733 325 3800 est,
341 3741 408 3798 ergo
423 3727 605 3798 privilegium,
620 3729 702 3784 cuius
718 3743 785 3784 usus
800 3728 890 3786 lectus
904 3737 947 3788 est
980 3732 1160 3786 mutationem
1175 3728 1216 3785 vel
1232 3727 1413 3784 cessationem
1430 3739 1547 3796 causae,
1563 3721 1627 3780 licet
1642 3741 1709 3780 usus
1730 3725 1783 3797 pri·
1891 3797 1892 3802 η

141 3817 268 3888 illicitus,
287 3815 389 3872 laetum
404 3824 447 3872 est
461 3817 585 3888 nullum,
601 3819 664 3889 quia
678 3817 769 3890 quoad
783 3817 835 3874 buc
850 3819 944 3876 eadem
979 3819 1078 3892 vilegii,
1094 3817 1120 3873 id
1134 3825 1177 3874 est
1191 3823 1272 3874 actus
1286 3819 1355 3887 ipse,
1372 3807 1420 3888 pul
1434 3829 1467 3870 ex
1485 3813 1623 3885 privilegio
1640 3813 1696 3870 lieri
1711 3813 1782 3871 sole-

141 3915 186 3964 est
201 3906 270 3962 retio
286 3905 321 3962 de
336 3909 559 3978 conservatione,
571 3921 642 3980 quse
657 3906 691 3963 de
706 3907 868 3980 inceptione,
881 3910 943 3982 quia
978 3909 1035 3989 bat,
1053 3924 1101 3980 per
1115 3924 1143 3964 se
1157 3923 1211 3964 non
1225 3908 1260 3962 sit
1271 3905 1393 3975 illicitus,
1410 3902 1458 3959 sed
1474 3908 1504 3960 ut
1520 3903 1653 3974 privilegii
1670 3917 1783 3959 conser-

143 4002 244 4051 neutro
258 3993 340 4050 modo
359 4001 449 4066 potest
462 3994 520 4051 dari
534 3995 643 4053 licentia
657 3995 691 4052 ad
711 3996 835 4053 illicitum
850 4014 945 4071 perpe·
979 3999 1048 4055 vatio
1063 3999 1098 4054 sit
1111 3996 1214 4067 illicita,
1230 3995 1296 4051 satis
1310 4001 1367 4065 est,
1384 3991 1458 4066 quod
1472 3998 1562 4048 cesset
1576 3992 1645 4048 ratio
1663 3993 1720 4048 eius
1735 4009 1782 4050 ne·

141 4083 282 4142 trandum.
302 4085 403 4157 Sicque
419 4084 499 4142 babet
513 4085 556 4141 bic
577 4086 669 4143 locum
684 4087 850 4160 principium
865 4089 941 4146 iuris:
977 4079 1076 4160 gativ'e3
1093 4102 1181 4158 neque
1196 4089 1322 4157 oportet,
1338 4088 1369 4139 ut
1382 4085 1407 4138 iu
1423 4082 1481 4154 ipso
1497 4097 1549 4137 usu
1564 4088 1625 4139 orte
1640 4080 1676 4137 sit
1690 4080 1782 4153 eliqua

145 4171 235 4251 Quod
251 4177 387 4248 pervenit
406 4173 448 4232 nd
467 4179 590 4242 statum,
607 4178 641 4231 in
661 4193 716 4249 pato
735 4180 865 4252 incipere
884 4197 944 4237 uon
977 4177 1091 4248 malitia,
1107 4175 1150 4231 vel
1168 4175 1295 4247 iniquitas
1309 4173 1437 4230 distincta
1452 4172 1486 4227 ab
1506 4171 1564 4242 illa,
1581 4186 1652 4244 quae
1668 4170 1784 4229 resultat

138 4269 247 4338 posset,
263 4267 296 4319 tu
307 4279 340 4320 eo
353 4278 510 4321 remanere
520 4281 580 4322 uon
589 4270 694 4340 potest,
710 4265 728 4322 l.
741 4270 882 4336 Uruus'us,
894 4274 942 4342 it,
974 4283 1007 4323 es
1021 4267 1173 4323 cessatione
1188 4263 1335 4336 privilegii,
1351 4277 1428 4333 ergo.
1441 4262 1523 4318 ltaior
1537 4266 1627 4331 patet,
1648 4262 1712 4332 quia
1727 4277 1781 4317 non

138 4351 222 4421 §sed
234 4368 303 4409 caeru
316 4353 384 4420 duo,
401 4353 428 4410 il.
438 4353 471 4409 de
485 4354 605 4410 fideiuss.
619 4355 665 4411 ubi
679 4356 767 4413 Gloss.
777 4356 834 4413 lere
848 4359 943 4430 aequi·
975 4363 1018 4412 est
1035 4353 1287 4428 praesumendum,
1308 4351 1459 4424 principem
1473 4350 1565 4406 tacere
1585 4347 1688 4421 aliquid
1705 4348 1782 4405 illici·

140 4440 295 4498 valeutibus
307 4443 396 4498 verbis
407 4442 453 4498 ait:
468 4442 554 4518 (lvsod
564 4441 878 4517 impedttsaeieudum,
894 4445 942 4504 de·
975 4453 1044 4516 tum,
1056 4461 1122 4518 ergo
1137 4460 1225 4516 neque
1235 4441 1311 4515 qued
1323 4447 1470 4497 conservet
1481 4437 1653 4510 privilegium
1669 4453 1702 4493 eo
1713 4443 1784 4494 tem·

139 4537 256 4590 struere
272 4545 383 4604 meoque
397 4531 601 4606 inresectum.
618 4533 653 4589 Et
672 4533 697 4589 in
713 4533 731 4590 l.
741 4539 846 4608 petre,
864 4535 891 4593 tt.
907 4535 940 4592 de
975 4551 1052 4608 pore,
1069 4550 1124 4607 quo
1138 4533 1214 4590 iacta
1226 4539 1270 4588 est
1283 4530 1375 4587 illicita
1389 4532 1449 4586 eius
1465 4524 1716 4599 conservatio,sed
1732 4543 1782 4599 po·

138 4622 193 4691 his,
209 4620 256 4692 qui
270 4623 323 4692 sui,
335 4628 391 4678 etc.
404 4621 488 4677 verbo
501 4625 636 4684 retinere,
652 4622 786 4690 declarat,
801 4625 851 4682 boc
867 4627 940 4698 prin·
972 4627 1028 4682 tius
1044 4621 1278 4696 praesumendum
1290 4621 1342 4686 es't,
1355 4634 1370 4675 a
1381 4619 1515 4693 principio
1526 4617 1591 4674 illud
1610 4619 1783 4676 concessisse

137 4711 243 4783 cipium
267 4710 434 4782 procedere,
462 4712 572 4785 quando
599 4713 817 4785 impedimentum
842 4721 885 4773 est
906 4731 940 4774 ex
973 4730 1039 4771 cum
1053 4729 1084 4771 ea
1105 4713 1267 4780 intentione,
1285 4715 1315 4766 ut
1333 4716 1422 4777 esset,
1442 4709 1646 4782 quamprimum
1670 4706 1780 4765 duratio

138 4805 220 4876 purte
239 4813 340 4857 carinae
361 4799 458 4858 finalis.
471 4802 530 4875 Ego
552 4817 616 4859 vero
637 4801 720 4872 eddo,
740 4803 939 4878 intelligendum
972 4807 1031 4863 eius
1046 4805 1118 4861 tecta
1140 4803 1234 4871 luerit,
1251 4800 1357 4857 illicita.
1372 4799 1457 4856 ltinor
1477 4803 1571 4854 autern
1596 4796 1728 4868 probatur
1747 4812 1780 4854 ex

137 4906 201 4948 esse
211 4889 245 4946 de
257 4889 447 4962 impedimento
459 4893 609 4963 contrario,
622 4899 651 4948 et
661 4899 727 4948 tuns
739 4892 853 4967 destrui,
864 4895 939 4968 quod
973 4895 1104 4968 principio
1117 4892 1182 4950 iuris
1196 4907 1280 4963 supra
1295 4891 1395 4962 posito:
1408 4885 1500 4970 Quod
1510 4885 1657 4960 trs-otique
1675 4891 1779 4943 euentu

138 4982 245 5038 lactum
260 4986 313 5052 est,
325 4987 461 5054 quatenus
472 4987 515 5038 est
529 4983 695 5053 principium
709 4989 789 5038 aetus
804 4984 901 5054 luturl,
913 4992 942 5041 et
973 4985 1110 5042 inclinari
1124 4999 1185 5038 unu
1202 4983 1297 5056 possit
1317 4978 1406 5044 licite,
1429 4995 1489 5034 mon
1505 4981 1602 5052 potest
1619 4979 1652 5031 tu
1677 4974 1779 5033 eodem

138 5069 269 5141 lactendi,
285 5071 311 5125 in
326 5085 382 5142 quo
396 5070 448 5127 tale
462 5069 686 5142 impedimentum
703 5072 847 5128 invenitur.
861 5073 939 5131 beni·
973 5073 1145 5138 subsistere,
1163 5087 1216 5128 seu
1236 5072 1416 5127 romercurt.
1434 5069 1501 5124 Nam
1517 5066 1569 5123 boe
1593 5064 1725 5123 eumdem·
1736 5081 1780 5122 ra-

138 5174 194 5235 que
217 5159 373 5216 confirmari
388 5159 441 5216 boc
462 5167 553 5232 potest
573 5175 606 5218 ex
625 5158 708 5218 dictis
723 5176 805 5233 supra
825 5162 859 5220 de
880 5163 939 5237 lege
973 5165 1077 5220 tionem
1088 5161 1209 5218 veritatis
1221 5160 1301 5216 babet
1311 5159 1336 5215 in
1351 5160 1411 5230 ipso
1422 5156 1572 5229 privilegio,
1587 5169 1670 5228 quam
1681 5155 1710 5209 in
1724 5171 1778 5211 usu

138 5250 290 5323 communi,
303 5263 413 5307 cessare
423 5256 548 5307 cessante
560 5263 645 5307 cause
655 5265 704 5324 per
717 5251 937 5311 contrarietatem
973 5253 1042 5312 eius.
1058 5253 1095 5312 ut
1111 5252 1209 5310 lortius
1224 5257 1308 5324 urget
1321 5246 1387 5307 illud
1401 5246 1582 5320 principium,
1598 5250 1683 5317 prout
1695 5243 1777 5301 bebe-
