<?xml version="1.0" encoding="UTF-8"?>
<!DOCTYPE html PUBLIC "-//W3C//DTD XHTML 1.0 Transitional//EN"
    "http://www.w3.org/TR/xhtml1/DTD/xhtml1-transitional.dtd">
<html xmlns="http://www.w3.org/1999/xhtml" xml:lang="en" lang="en">
 <head>
  <title>
</title>
<meta http-equiv="Content-Type" content="text/html;charset=utf-8" />
  <meta name='ocr-system' content='tesseract 3.04.00' />
  <meta name='ocr-capabilities' content='ocr_page ocr_carea ocr_par ocr_line ocrx_word'/>
</head>
<body>
  <div class='ocr_page' id='page_1' title='image "./tractatusdelegi00sugoog_0225.png"; bbox 0 0 4284 6246; ppageno 0'>
   <div class='ocr_carea' id='block_1_1' title="bbox 378 339 1246 404">
    <p class='ocr_par' dir='ltr' id='par_1_1' title="bbox 378 339 1246 404">
     <span class='ocr_line' id='line_1_1' title="bbox 378 339 1246 404; baseline -0.002 -4"><span class='ocrx_word' id='word_1_1' title='bbox 378 339 440 404; x_wconf 79' lang='lat'><strong>200</strong></span> <span class='ocrx_word' id='word_1_2' title='bbox 1083 350 1184 400; x_wconf 82' lang='lat' dir='ltr'><strong>aranu</strong></span> <span class='ocrx_word' id='word_1_3' title='bbox 1198 353 1246 401; x_wconf 86' lang='lat' dir='ltr'><strong>vr.</strong></span> 
     </span>
    </p>
   </div>
   <div class='ocr_carea' id='block_1_2' title="bbox 336 461 1981 1179">
    <p class='ocr_par' dir='ltr' id='par_1_2' title="bbox 336 461 1981 910">
     <span class='ocr_line' id='line_1_2' title="bbox 337 461 1981 553; baseline 0.002 -19"><span class='ocrx_word' id='word_1_4' title='bbox 337 461 551 535; x_wconf 86' lang='lat' dir='ltr'><strong>iurisdictionem</strong></span> <span class='ocrx_word' id='word_1_5' title='bbox 566 479 643 534; x_wconf 90' lang='lat' dir='ltr'><strong>circe</strong></span> <span class='ocrx_word' id='word_1_6' title='bbox 655 476 741 550; x_wconf 85' lang='lat' dir='ltr'><strong>legem</strong></span> <span class='ocrx_word' id='word_1_7' title='bbox 754 475 913 548; x_wconf 87' lang='lat' dir='ltr'><strong>superioris,</strong></span> <span class='ocrx_word' id='word_1_8' title='bbox 923 489 975 532; x_wconf 87' lang='lat' dir='ltr'><strong>nec</strong></span> <span class='ocrx_word' id='word_1_9' title='bbox 987 475 1063 531; x_wconf 88' lang='lat' dir='ltr'><strong>cirea</strong></span> <span class='ocrx_word' id='word_1_10' title='bbox 1074 489 1138 545; x_wconf 91' lang='lat' dir='ltr'><strong>per·</strong></span> <span class='ocrx_word' id='word_1_11' title='bbox 1173 471 1271 532; x_wconf 83' lang='lat' dir='ltr'><strong>babere</strong></span> <span class='ocrx_word' id='word_1_12' title='bbox 1292 476 1318 532; x_wconf 95' lang='lat' dir='ltr'><strong>in</strong></span> <span class='ocrx_word' id='word_1_13' title='bbox 1338 482 1394 534; x_wconf 89' lang='lat' dir='ltr'><strong>tota</strong></span> <span class='ocrx_word' id='word_1_14' title='bbox 1412 493 1463 534; x_wconf 90' lang='lat' dir='ltr'><strong>sua</strong></span> <span class='ocrx_word' id='word_1_15' title='bbox 1481 475 1598 536; x_wconf 86' lang='lat' dir='ltr'><strong>dioecesi</strong></span> <span class='ocrx_word' id='word_1_16' title='bbox 1613 483 1700 536; x_wconf 90' lang='lat' dir='ltr'><strong>totam</strong></span> <span class='ocrx_word' id='word_1_17' title='bbox 1714 485 1897 552; x_wconf 88' lang='lat' dir='ltr'><strong>potestatem,</strong></span> <span class='ocrx_word' id='word_1_18' title='bbox 1913 481 1981 553; x_wconf 91' lang='lat' dir='ltr'><strong>quia</strong></span> 
     </span>
     <span class='ocr_line' id='line_1_3' title="bbox 338 563 1978 642; baseline 0.001 -18"><span class='ocrx_word' id='word_1_19' title='bbox 338 583 419 625; x_wconf 89' lang='lat' dir='ltr'><strong>sonas</strong></span> <span class='ocrx_word' id='word_1_20' title='bbox 435 567 472 624; x_wconf 94' lang='lat' dir='ltr'><strong>illi</strong></span> <span class='ocrx_word' id='word_1_21' title='bbox 487 566 621 638; x_wconf 87' lang='lat' dir='ltr'><strong>subditas,</strong></span> <span class='ocrx_word' id='word_1_22' title='bbox 638 565 787 623; x_wconf 79' lang='lat' dir='ltr'><strong>formaliter</strong></span> <span class='ocrx_word' id='word_1_23' title='bbox 801 566 826 621; x_wconf 94' lang='lat' dir='ltr'><strong>in</strong></span> <span class='ocrx_word' id='word_1_24' title='bbox 841 566 880 620; x_wconf 91' lang='lat' dir='ltr'><strong>eis</strong></span> <span class='ocrx_word' id='word_1_25' title='bbox 895 565 975 621; x_wconf 91' lang='lat' dir='ltr'><strong>talem</strong></span> <span class='ocrx_word' id='word_1_26' title='bbox 991 563 1138 621; x_wconf 87' lang='lat' dir='ltr'><strong>subiectio·</strong></span> <span class='ocrx_word' id='word_1_27' title='bbox 1173 579 1206 620; x_wconf 92' lang='lat' dir='ltr'><strong>ex</strong></span> <span class='ocrx_word' id='word_1_28' title='bbox 1221 565 1246 620; x_wconf 87' lang='lat' dir='ltr'><strong>vi</strong></span> <span class='ocrx_word' id='word_1_29' title='bbox 1260 569 1380 624; x_wconf 89' lang='lat' dir='ltr'><strong>muueris</strong></span> <span class='ocrx_word' id='word_1_30' title='bbox 1395 565 1567 638; x_wconf 81' lang='lat' dir='ltr'>conceditur,</span> <span class='ocrx_word' id='word_1_31' title='bbox 1582 574 1611 624; x_wconf 90' lang='lat' dir='ltr'><strong>et</strong></span> <span class='ocrx_word' id='word_1_32' title='bbox 1624 575 1654 624; x_wconf 90' lang='lat' dir='ltr'><strong>ut</strong></span> <span class='ocrx_word' id='word_1_33' title='bbox 1667 569 1705 625; x_wconf 86' lang='lat' dir='ltr'><strong>sic</strong></span> <span class='ocrx_word' id='word_1_34' title='bbox 1720 575 1845 642; x_wconf 90' lang='lat' dir='ltr'><strong>spectata</strong></span> <span class='ocrx_word' id='word_1_35' title='bbox 1860 585 1915 627; x_wconf 91' lang='lat' dir='ltr'><strong>nou</strong></span> <span class='ocrx_word' id='word_1_36' title='bbox 1929 569 1978 626; x_wconf 92' lang='lat' dir='ltr'><strong>ba·</strong></span> 
     </span>
     <span class='ocr_line' id='line_1_4' title="bbox 338 653 1978 731; baseline 0.001 -18"><span class='ocrx_word' id='word_1_37' title='bbox 338 671 400 713; x_wconf 91' lang='lat' dir='ltr'><strong>uem</strong></span> <span class='ocrx_word' id='word_1_38' title='bbox 422 655 637 727; x_wconf 88' lang='lat' dir='ltr'><strong>considerando,</strong></span> <span class='ocrx_word' id='word_1_39' title='bbox 657 654 720 728; x_wconf 92' lang='lat' dir='ltr'><strong>quia</strong></span> <span class='ocrx_word' id='word_1_40' title='bbox 734 661 776 711; x_wconf 89' lang='lat' dir='ltr'><strong>est</strong></span> <span class='ocrx_word' id='word_1_41' title='bbox 790 655 891 711; x_wconf 92' lang='lat' dir='ltr'><strong>altioris</strong></span> <span class='ocrx_word' id='word_1_42' title='bbox 907 655 1036 724; x_wconf 91' lang='lat' dir='ltr'><strong>rationis,</strong></span> <span class='ocrx_word' id='word_1_43' title='bbox 1052 660 1084 710; x_wconf 88' lang='lat' dir='ltr'><strong>ut</strong></span> <span class='ocrx_word' id='word_1_44' title='bbox 1098 653 1138 710; x_wconf 89' lang='lat' dir='ltr'><strong>sic</strong></span> <span class='ocrx_word' id='word_1_45' title='bbox 1174 654 1221 710; x_wconf 92' lang='lat' dir='ltr'><strong>bet</strong></span> <span class='ocrx_word' id='word_1_46' title='bbox 1240 654 1312 712; x_wconf 91' lang='lat' dir='ltr'><strong>unde</strong></span> <span class='ocrx_word' id='word_1_47' title='bbox 1331 655 1470 712; x_wconf 90' lang='lat' dir='ltr'><strong>limitetur.</strong></span> <span class='ocrx_word' id='word_1_48' title='bbox 1493 659 1640 728; x_wconf 89' lang='lat' dir='ltr'><strong>Postquam</strong></span> <span class='ocrx_word' id='word_1_49' title='bbox 1655 673 1720 714; x_wconf 83' lang='lat' dir='ltr'><strong>vero</strong></span> <span class='ocrx_word' id='word_1_50' title='bbox 1735 659 1860 716; x_wconf 80' lang='lat' dir='ltr'><strong>Pontifex</strong></span> <span class='ocrx_word' id='word_1_51' title='bbox 1874 658 1978 731; x_wconf 89' lang='lat' dir='ltr'><strong>aliquid</strong></span> 
     </span>
     <span class='ocr_line' id='line_1_5' title="bbox 337 743 1978 820; baseline 0.001 -17"><span class='ocrx_word' id='word_1_52' title='bbox 337 746 443 818; x_wconf 82' lang='lat' dir='ltr'><strong>dicum3</strong></span> <span class='ocrx_word' id='word_1_53' title='bbox 463 761 530 820; x_wconf 92' lang='lat' dir='ltr'><strong>ergo</strong></span> <span class='ocrx_word' id='word_1_54' title='bbox 552 762 604 801; x_wconf 94' lang='lat' dir='ltr'><strong>non</strong></span> <span class='ocrx_word' id='word_1_55' title='bbox 625 744 706 801; x_wconf 90' lang='lat' dir='ltr'><strong>babet</strong></span> <span class='ocrx_word' id='word_1_56' title='bbox 724 744 833 800; x_wconf 91' lang='lat' dir='ltr'><strong>inferior</strong></span> <span class='ocrx_word' id='word_1_57' title='bbox 852 750 1014 816; x_wconf 87' lang='lat' dir='ltr'><strong>potestatem</strong></span> <span class='ocrx_word' id='word_1_58' title='bbox 1027 743 1138 814; x_wconf 89' lang='lat' dir='ltr'><strong>dispeu-</strong></span> <span class='ocrx_word' id='word_1_59' title='bbox 1174 745 1339 815; x_wconf 75' lang='lat' dir='ltr'><strong>particulare</strong></span> <span class='ocrx_word' id='word_1_60' title='bbox 1360 761 1408 817; x_wconf 92' lang='lat' dir='ltr'><strong>per</strong></span> <span class='ocrx_word' id='word_1_61' title='bbox 1427 761 1504 802; x_wconf 89' lang='lat' dir='ltr'><strong>suom</strong></span> <span class='ocrx_word' id='word_1_62' title='bbox 1525 745 1612 820; x_wconf 85' lang='lat' dir='ltr'><strong>legem</strong></span> <span class='ocrx_word' id='word_1_63' title='bbox 1631 747 1806 818; x_wconf 84' lang='lat' dir='ltr'><strong>praescribit,</strong></span> <span class='ocrx_word' id='word_1_64' title='bbox 1823 755 1872 804; x_wconf 88' lang='lat' dir='ltr'><strong>aut</strong></span> <span class='ocrx_word' id='word_1_65' title='bbox 1886 747 1978 819; x_wconf 89' lang='lat' dir='ltr'><strong>probi·</strong></span> 
     </span>
     <span class='ocr_line' id='line_1_6' title="bbox 336 833 1978 910; baseline 0.001 -18"><span class='ocrx_word' id='word_1_66' title='bbox 336 836 412 892; x_wconf 91' lang='lat' dir='ltr'><strong>sandi</strong></span> <span class='ocrx_word' id='word_1_67' title='bbox 431 838 457 892; x_wconf 92' lang='lat' dir='ltr'><strong>io</strong></span> <span class='ocrx_word' id='word_1_68' title='bbox 476 836 534 910; x_wconf 90' lang='lat' dir='ltr'><strong>lege</strong></span> <span class='ocrx_word' id='word_1_69' title='bbox 549 836 709 906; x_wconf 89' lang='lat' dir='ltr'><strong>superioris,</strong></span> <span class='ocrx_word' id='word_1_70' title='bbox 725 834 775 890; x_wconf 88' lang='lat' dir='ltr'><strong>uisi</strong></span> <span class='ocrx_word' id='word_1_71' title='bbox 789 835 812 890; x_wconf 89' lang='lat' dir='ltr'><strong>ai</strong></span> <span class='ocrx_word' id='word_1_72' title='bbox 827 833 1008 891; x_wconf 82' lang='lat' dir='ltr'><strong>concedatur.</strong></span> <span class='ocrx_word' id='word_1_73' title='bbox 1173 833 1234 905; x_wconf 90' lang='lat' dir='ltr'><strong>bet,</strong></span> <span class='ocrx_word' id='word_1_74' title='bbox 1256 850 1288 891; x_wconf 92' lang='lat' dir='ltr'><strong>eo</strong></span> <span class='ocrx_word' id='word_1_75' title='bbox 1309 835 1368 906; x_wconf 91' lang='lat' dir='ltr'><strong>ipso</strong></span> <span class='ocrx_word' id='word_1_76' title='bbox 1388 837 1491 908; x_wconf 84' lang='lat' dir='ltr'><strong>excipit</strong></span> <span class='ocrx_word' id='word_1_77' title='bbox 1505 836 1571 893; x_wconf 93' lang='lat' dir='ltr'><strong>illud</strong></span> <span class='ocrx_word' id='word_1_78' title='bbox 1586 836 1620 892; x_wconf 90' lang='lat' dir='ltr'><strong>ab</strong></span> <span class='ocrx_word' id='word_1_79' title='bbox 1634 837 1771 894; x_wconf 89' lang='lat' dir='ltr'><strong>ordinaria</strong></span> <span class='ocrx_word' id='word_1_80' title='bbox 1785 837 1978 896; x_wconf 89' lang='lat' dir='ltr'><strong>iurisdictione</strong></span> 
     </span>
    </p>

    <p class='ocr_par' dir='ltr' id='par_1_3' title="bbox 336 920 1976 1179">
     <span class='ocr_line' id='line_1_7' title="bbox 374 920 1976 999; baseline 0 -16"><span class='ocrx_word' id='word_1_81' title='bbox 374 928 470 997; x_wconf 87' lang='lat' dir='ltr'><strong>ilices,</strong></span> <span class='ocrx_word' id='word_1_82' title='bbox 486 927 591 982; x_wconf 90' lang='lat' dir='ltr'><strong>ratione</strong></span> <span class='ocrx_word' id='word_1_83' title='bbox 612 923 694 980; x_wconf 87' lang='lat' dir='ltr'><strong>oflicii</strong></span> <span class='ocrx_word' id='word_1_84' title='bbox 716 923 829 980; x_wconf 89' lang='lat' dir='ltr'><strong>concedi</strong></span> <span class='ocrx_word' id='word_1_85' title='bbox 850 940 882 980; x_wconf 93' lang='lat' dir='ltr'><strong>eo</strong></span> <span class='ocrx_word' id='word_1_86' title='bbox 897 923 972 993; x_wconf 90' lang='lat' dir='ltr'><strong>ipso,</strong></span> <span class='ocrx_word' id='word_1_87' title='bbox 988 921 1063 994; x_wconf 90' lang='lat' dir='ltr'><strong>quod</strong></span> <span class='ocrx_word' id='word_1_88' title='bbox 1078 920 1136 977; x_wconf 87' lang='lat' dir='ltr'><strong>offi-</strong></span> <span class='ocrx_word' id='word_1_89' title='bbox 1172 922 1318 979; x_wconf 91' lang='lat' dir='ltr'><strong>inferioris.</strong></span> <span class='ocrx_word' id='word_1_90' title='bbox 1336 926 1370 981; x_wconf 86' lang='lat' dir='ltr'><strong>Et</strong></span> <span class='ocrx_word' id='word_1_91' title='bbox 1384 924 1443 982; x_wconf 92' lang='lat' dir='ltr'><strong>ideo</strong></span> <span class='ocrx_word' id='word_1_92' title='bbox 1455 927 1504 981; x_wconf 88' lang='lat' dir='ltr'><strong>nisi</strong></span> <span class='ocrx_word' id='word_1_93' title='bbox 1515 926 1624 983; x_wconf 89' lang='lat' dir='ltr'><strong>aliunde</strong></span> <span class='ocrx_word' id='word_1_94' title='bbox 1635 927 1659 982; x_wconf 89' lang='lat' dir='ltr'><strong>ei</strong></span> <span class='ocrx_word' id='word_1_95' title='bbox 1671 927 1841 984; x_wconf 88' lang='lat' dir='ltr'><strong>coucedatur</strong></span> <span class='ocrx_word' id='word_1_96' title='bbox 1852 933 1976 999; x_wconf 89' lang='lat' dir='ltr'><strong>potestas</strong></span> 
     </span>
     <span class='ocr_line' id='line_1_8' title="bbox 336 1011 1976 1086; baseline 0.001 -15"><span class='ocrx_word' id='word_1_97' title='bbox 336 1015 408 1072; x_wconf 93' lang='lat' dir='ltr'><strong>cium</strong></span> <span class='ocrx_word' id='word_1_98' title='bbox 425 1013 517 1071; x_wconf 86' lang='lat' dir='ltr'><strong>datur.</strong></span> <span class='ocrx_word' id='word_1_99' title='bbox 535 1013 587 1072; x_wconf 90' lang='lat' dir='ltr'><strong>Sed</strong></span> <span class='ocrx_word' id='word_1_100' title='bbox 603 1013 654 1069; x_wconf 89' lang='lat' dir='ltr'><strong>boc</strong></span> <span class='ocrx_word' id='word_1_101' title='bbox 665 1019 720 1086; x_wconf 90' lang='lat' dir='ltr'><strong>est,</strong></span> <span class='ocrx_word' id='word_1_102' title='bbox 731 1012 804 1085; x_wconf 94' lang='lat' dir='ltr'><strong>quod</strong></span> <span class='ocrx_word' id='word_1_103' title='bbox 817 1011 1018 1076; x_wconf 78' lang='lat' dir='ltr'><strong>contendimus,</strong></span> <span class='ocrx_word' id='word_1_104' title='bbox 1032 1012 1099 1067; x_wconf 89' lang='lat' dir='ltr'><strong>falso</strong></span> <span class='ocrx_word' id='word_1_105' title='bbox 1111 1019 1138 1070; x_wconf 93' lang='lat' dir='ltr'><strong>et</strong></span> <span class='ocrx_word' id='word_1_106' title='bbox 1173 1011 1364 1086; x_wconf 91' lang='lat' dir='ltr'><strong>dispensandi,</strong></span> <span class='ocrx_word' id='word_1_107' title='bbox 1387 1030 1439 1071; x_wconf 91' lang='lat' dir='ltr'><strong>non</strong></span> <span class='ocrx_word' id='word_1_108' title='bbox 1455 1014 1537 1071; x_wconf 90' lang='lat' dir='ltr'><strong>habet</strong></span> <span class='ocrx_word' id='word_1_109' title='bbox 1548 1015 1620 1072; x_wconf 90' lang='lat' dir='ltr'><strong>illam</strong></span> <span class='ocrx_word' id='word_1_110' title='bbox 1635 1031 1669 1073; x_wconf 88' lang='lat' dir='ltr'><strong>ex</strong></span> <span class='ocrx_word' id='word_1_111' title='bbox 1686 1017 1711 1072; x_wconf 85' lang='lat' dir='ltr'><strong>ai</strong></span> <span class='ocrx_word' id='word_1_112' title='bbox 1725 1015 1809 1072; x_wconf 91' lang='lat' dir='ltr'><strong>solius</strong></span> <span class='ocrx_word' id='word_1_113' title='bbox 1823 1016 1976 1074; x_wconf 86' lang='lat' dir='ltr'><strong>ordinariae</strong></span> 
     </span>
     <span class='ocr_line' id='line_1_9' title="bbox 336 1091 1975 1179; baseline 0.001 -19"><span class='ocrx_word' id='word_1_114' title='bbox 336 1091 403 1161; x_wconf 62' lang='lat' dir='ltr'><strong>sine‘</strong></span> <span class='ocrx_word' id='word_1_115' title='bbox 416 1105 591 1161; x_wconf 88' lang='lat' dir='ltr'><strong>fundamento</strong></span> <span class='ocrx_word' id='word_1_116' title='bbox 610 1103 679 1174; x_wconf 77' lang='lat' dir='ltr'><strong>dici3</strong></span> <span class='ocrx_word' id='word_1_117' title='bbox 696 1104 761 1176; x_wconf 92' lang='lat' dir='ltr'><strong>quia</strong></span> <span class='ocrx_word' id='word_1_118' title='bbox 776 1102 820 1158; x_wconf 88' lang='lat' dir='ltr'><strong>illa</strong></span> <span class='ocrx_word' id='word_1_119' title='bbox 835 1101 963 1173; x_wconf 90' lang='lat' dir='ltr'><strong>implicita</strong></span> <span class='ocrx_word' id='word_1_120' title='bbox 978 1103 1132 1174; x_wconf 84' lang='lat' dir='ltr'><strong>concessio,</strong></span> <span class='ocrx_word' id='word_1_121' title='bbox 1174 1103 1327 1174; x_wconf 89' lang='lat' dir='ltr'><strong>potestatis.</strong></span> <span class='ocrx_word' id='word_1_122' title='bbox 1344 1103 1464 1178; x_wconf 85' lang='lat' dir='ltr'><strong>Denique</strong></span> <span class='ocrx_word' id='word_1_123' title='bbox 1479 1104 1532 1162; x_wconf 94' lang='lat' dir='ltr'><strong>dici</strong></span> <span class='ocrx_word' id='word_1_124' title='bbox 1549 1111 1650 1177; x_wconf 90' lang='lat' dir='ltr'><strong>potest,</strong></span> <span class='ocrx_word' id='word_1_125' title='bbox 1663 1105 1750 1179; x_wconf 90' lang='lat' dir='ltr'><strong>legem</strong></span> <span class='ocrx_word' id='word_1_126' title='bbox 1762 1106 1846 1178; x_wconf 87' lang='lat' dir='ltr'><strong>ipsam</strong></span> <span class='ocrx_word' id='word_1_127' title='bbox 1857 1122 1889 1163; x_wconf 94' lang='lat' dir='ltr'><strong>eo</strong></span> <span class='ocrx_word' id='word_1_128' title='bbox 1901 1108 1975 1178; x_wconf 91' lang='lat' dir='ltr'><strong>ipso,</strong></span> 
     </span>
    </p>
   </div>
   <div class='ocr_carea' id='block_1_3' title="bbox 337 1192 2090 1268">
    <p class='ocr_par' dir='ltr' id='par_1_4' title="bbox 337 1192 2090 1268">
     <span class='ocr_line' id='line_1_10' title="bbox 337 1192 2090 1268; baseline 0 -17"><span class='ocrx_word' id='word_1_129' title='bbox 337 1211 386 1252; x_wconf 91' lang='lat' dir='ltr'><strong>seu</strong></span> <span class='ocrx_word' id='word_1_130' title='bbox 401 1195 574 1264; x_wconf 84' lang='lat' dir='ltr'><strong>consecutio,</strong></span> <span class='ocrx_word' id='word_1_131' title='bbox 587 1208 674 1265; x_wconf 92' lang='lat' dir='ltr'><strong>neque</strong></span> <span class='ocrx_word' id='word_1_132' title='bbox 686 1208 717 1250; x_wconf 88' lang='lat' dir='ltr'><strong>err</strong></span> <span class='ocrx_word' id='word_1_133' title='bbox 730 1200 827 1250; x_wconf 88' lang='lat' dir='ltr'><strong>natura</strong></span> <span class='ocrx_word' id='word_1_134' title='bbox 839 1193 878 1250; x_wconf 89' lang='lat' dir='ltr'><strong>rei</strong></span> <span class='ocrx_word' id='word_1_135' title='bbox 888 1192 1016 1264; x_wconf 91' lang='lat' dir='ltr'><strong>babetur,</strong></span> <span class='ocrx_word' id='word_1_136' title='bbox 1030 1199 1061 1268; x_wconf 83' lang='lat' dir='ltr'><strong>qt</strong></span> <span class='ocrx_word' id='word_1_137' title='bbox 1072 1208 1136 1263; x_wconf 92' lang='lat' dir='ltr'><strong>pro·</strong></span> <span class='ocrx_word' id='word_1_138' title='bbox 1172 1192 1246 1265; x_wconf 94' lang='lat' dir='ltr'><strong>quod</strong></span> <span class='ocrx_word' id='word_1_139' title='bbox 1261 1194 1410 1266; x_wconf 88' lang='lat' dir='ltr'><strong>superioris</strong></span> <span class='ocrx_word' id='word_1_140' title='bbox 1423 1201 1475 1259; x_wconf 87' lang='lat' dir='ltr'><strong>est,</strong></span> <span class='ocrx_word' id='word_1_141' title='bbox 1492 1210 1586 1252; x_wconf 89' lang='lat' dir='ltr'><strong>secum</strong></span> <span class='ocrx_word' id='word_1_142' title='bbox 1602 1195 1699 1252; x_wconf 82' lang='lat' dir='ltr'><strong>efferre</strong></span> <span class='ocrx_word' id='word_1_143' title='bbox 1711 1195 1930 1268; x_wconf 89' lang='lat' dir='ltr'><strong>prohibitionem,</strong></span> <span class='ocrx_word' id='word_1_144' title='bbox 1945 1202 1976 1252; x_wconf 91' lang='lat' dir='ltr'><strong>ut</strong></span> <span class='ocrx_word' id='word_1_145' title='bbox 2082 1207 2090 1218; x_wconf 93' lang='lat'>·</span> 
     </span>
    </p>
   </div>
   <div class='ocr_carea' id='block_1_4' title="bbox 280 1281 1979 5302">
    <p class='ocr_par' dir='ltr' id='par_1_5' title="bbox 280 1281 1979 5302">
     <span class='ocr_line' id='line_1_11' title="bbox 335 1281 1974 1360; baseline -0.002 -17"><span class='ocrx_word' id='word_1_146' title='bbox 335 1285 402 1343; x_wconf 90' lang='lat' dir='ltr'><strong>baut</strong></span> <span class='ocrx_word' id='word_1_147' title='bbox 421 1287 542 1342; x_wconf 90' lang='lat' dir='ltr'><strong>mtiones</strong></span> <span class='ocrx_word' id='word_1_148' title='bbox 556 1284 659 1354; x_wconf 87' lang='lat' dir='ltr'><strong>factae,</strong></span> <span class='ocrx_word' id='word_1_149' title='bbox 676 1282 817 1356; x_wconf 91' lang='lat' dir='ltr'><strong>quiaillud</strong></span> <span class='ocrx_word' id='word_1_150' title='bbox 833 1298 934 1340; x_wconf 89' lang='lat' dir='ltr'><strong>munus</strong></span> <span class='ocrx_word' id='word_1_151' title='bbox 948 1299 997 1339; x_wconf 89' lang='lat' dir='ltr'><strong>seu</strong></span> <span class='ocrx_word' id='word_1_152' title='bbox 1013 1281 1134 1338; x_wconf 85' lang='lat' dir='ltr'><strong>officium</strong></span> <span class='ocrx_word' id='word_1_153' title='bbox 1174 1282 1268 1339; x_wconf 89' lang='lat' dir='ltr'><strong>nullus</strong></span> <span class='ocrx_word' id='word_1_154' title='bbox 1283 1283 1395 1342; x_wconf 90' lang='lat' dir='ltr'><strong>inferior</strong></span> <span class='ocrx_word' id='word_1_155' title='bbox 1409 1284 1509 1342; x_wconf 91' lang='lat' dir='ltr'><strong>audeat</strong></span> <span class='ocrx_word' id='word_1_156' title='bbox 1523 1286 1549 1342; x_wconf 92' lang='lat' dir='ltr'><strong>iu</strong></span> <span class='ocrx_word' id='word_1_157' title='bbox 1563 1302 1623 1342; x_wconf 93' lang='lat' dir='ltr'><strong>eam</strong></span> <span class='ocrx_word' id='word_1_158' title='bbox 1638 1285 1735 1342; x_wconf 91' lang='lat' dir='ltr'><strong>falcem</strong></span> <span class='ocrx_word' id='word_1_159' title='bbox 1751 1288 1868 1360; x_wconf 88' lang='lat' dir='ltr'><strong>mittere,</strong></span> <span class='ocrx_word' id='word_1_160' title='bbox 1887 1286 1939 1342; x_wconf 90' lang='lat' dir='ltr'><strong>uisi</strong></span> <span class='ocrx_word' id='word_1_161' title='bbox 1949 1287 1974 1342; x_wconf 92' lang='lat' dir='ltr'><strong>ei</strong></span> 
     </span>
     <span class='ocr_line' id='line_1_12' title="bbox 336 1371 1976 1450; baseline -0.002 -17"><span class='ocrx_word' id='word_1_162' title='bbox 336 1374 460 1433; x_wconf 88' lang='lat' dir='ltr'><strong>obsolute</strong></span> <span class='ocrx_word' id='word_1_163' title='bbox 478 1374 589 1431; x_wconf 89' lang='lat' dir='ltr'><strong>iuferius</strong></span> <span class='ocrx_word' id='word_1_164' title='bbox 603 1379 655 1444; x_wconf 89' lang='lat' dir='ltr'><strong>est,</strong></span> <span class='ocrx_word' id='word_1_165' title='bbox 666 1379 694 1429; x_wconf 88' lang='lat' dir='ltr'><strong>ct</strong></span> <span class='ocrx_word' id='word_1_166' title='bbox 708 1372 915 1429; x_wconf 86' lang='lat' dir='ltr'><strong>subordinatum</strong></span> <span class='ocrx_word' id='word_1_167' title='bbox 927 1371 1073 1444; x_wconf 84' lang='lat' dir='ltr'><strong>superiori,</strong></span> <span class='ocrx_word' id='word_1_168' title='bbox 1087 1387 1135 1428; x_wconf 90' lang='lat' dir='ltr'><strong>ne·</strong></span> <span class='ocrx_word' id='word_1_169' title='bbox 1174 1372 1358 1429; x_wconf 88' lang='lat' dir='ltr'><strong>coucedatur:</strong></span> <span class='ocrx_word' id='word_1_170' title='bbox 1374 1390 1463 1446; x_wconf 92' lang='lat' dir='ltr'><strong>neque</strong></span> <span class='ocrx_word' id='word_1_171' title='bbox 1479 1381 1586 1448; x_wconf 91' lang='lat' dir='ltr'><strong>praeter</strong></span> <span class='ocrx_word' id='word_1_172' title='bbox 1600 1374 1671 1431; x_wconf 90' lang='lat' dir='ltr'><strong>banc</strong></span> <span class='ocrx_word' id='word_1_173' title='bbox 1684 1376 1841 1446; x_wconf 78' lang='lat' dir='ltr'><strong>virtualem,</strong></span> <span class='ocrx_word' id='word_1_174' title='bbox 1851 1383 1881 1450; x_wconf 82' lang='lat' dir='ltr'><strong>¹et</strong></span> <span class='ocrx_word' id='word_1_175' title='bbox 1895 1375 1976 1448; x_wconf 90' lang='lat' dir='ltr'><strong>quasi</strong></span> 
     </span>
     <span class='ocr_line' id='line_1_13' title="bbox 335 1462 1974 1538; baseline -0.001 -17"><span class='ocrx_word' id='word_1_176' title='bbox 335 1480 389 1538; x_wconf 89' lang='lat' dir='ltr'><strong>que</strong></span> <span class='ocrx_word' id='word_1_177' title='bbox 410 1465 435 1521; x_wconf 94' lang='lat' dir='ltr'><strong>in</strong></span> <span class='ocrx_word' id='word_1_178' title='bbox 456 1465 499 1520; x_wconf 90' lang='lat' dir='ltr'><strong>illa</strong></span> <span class='ocrx_word' id='word_1_179' title='bbox 521 1463 680 1535; x_wconf 78' lang='lat' dir='ltr'><strong>intelligitur</strong></span> <span class='ocrx_word' id='word_1_180' title='bbox 700 1478 832 1519; x_wconf 89' lang='lat' dir='ltr'><strong>concessa</strong></span> <span class='ocrx_word' id='word_1_181' title='bbox 848 1463 935 1519; x_wconf 87' lang='lat' dir='ltr'><strong>virtus</strong></span> <span class='ocrx_word' id='word_1_182' title='bbox 951 1475 1035 1534; x_wconf 87' lang='lat' dir='ltr'><strong>supra</strong></span> <span class='ocrx_word' id='word_1_183' title='bbox 1050 1463 1134 1519; x_wconf 92' lang='lat' dir='ltr'><strong>actio·</strong></span> <span class='ocrx_word' id='word_1_184' title='bbox 1173 1462 1290 1520; x_wconf 87' lang='lat' dir='ltr'><strong>innatam</strong></span> <span class='ocrx_word' id='word_1_185' title='bbox 1313 1463 1521 1534; x_wconf 89' lang='lat' dir='ltr'><strong>prohibitionem</strong></span> <span class='ocrx_word' id='word_1_186' title='bbox 1535 1465 1588 1522; x_wconf 90' lang='lat' dir='ltr'><strong>alia</strong></span> <span class='ocrx_word' id='word_1_187' title='bbox 1603 1464 1725 1521; x_wconf 91' lang='lat' dir='ltr'><strong>formalis</strong></span> <span class='ocrx_word' id='word_1_188' title='bbox 1738 1473 1766 1522; x_wconf 90' lang='lat' dir='ltr'><strong>et</strong></span> <span class='ocrx_word' id='word_1_189' title='bbox 1779 1481 1907 1537; x_wconf 90' lang='lat' dir='ltr'><strong>expressa</strong></span> <span class='ocrx_word' id='word_1_190' title='bbox 1926 1480 1974 1536; x_wconf 92' lang='lat' dir='ltr'><strong>per</strong></span> 
     </span>
     <span class='ocr_line' id='line_1_14' title="bbox 335 1551 1974 1625; baseline 0.001 -17"><span class='ocrx_word' id='word_1_191' title='bbox 335 1568 414 1618; x_wconf 85' lang='lat' dir='ltr'><strong>nem,</strong></span> <span class='ocrx_word' id='word_1_192' title='bbox 431 1551 472 1608; x_wconf 86' lang='lat' dir='ltr'><strong>rel</strong></span> <span class='ocrx_word' id='word_1_193' title='bbox 489 1553 616 1608; x_wconf 85' lang='lat' dir='ltr'><strong>ellectum</strong></span> <span class='ocrx_word' id='word_1_194' title='bbox 630 1553 791 1623; x_wconf 89' lang='lat' dir='ltr'><strong>superioris.</strong></span> <span class='ocrx_word' id='word_1_195' title='bbox 809 1553 901 1623; x_wconf 77' lang='lat' dir='ltr'><strong>licque</strong></span> <span class='ocrx_word' id='word_1_196' title='bbox 915 1552 996 1608; x_wconf 88' lang='lat' dir='ltr'><strong>etiarn</strong></span> <span class='ocrx_word' id='word_1_197' title='bbox 1010 1551 1056 1608; x_wconf 91' lang='lat' dir='ltr'><strong>illa</strong></span> <span class='ocrx_word' id='word_1_198' title='bbox 1070 1567 1136 1608; x_wconf 90' lang='lat' dir='ltr'><strong>cou-</strong></span> <span class='ocrx_word' id='word_1_199' title='bbox 1173 1568 1201 1608; x_wconf 90' lang='lat' dir='ltr'><strong>se</strong></span> <span class='ocrx_word' id='word_1_200' title='bbox 1216 1554 1377 1625; x_wconf 89' lang='lat' dir='ltr'><strong>requiritur.</strong></span> <span class='ocrx_word' id='word_1_201' title='bbox 1394 1553 1470 1612; x_wconf 88' lang='lat' dir='ltr'><strong>Unde</strong></span> <span class='ocrx_word' id='word_1_202' title='bbox 1484 1553 1551 1610; x_wconf 94' lang='lat' dir='ltr'><strong>illud</strong></span> <span class='ocrx_word' id='word_1_203' title='bbox 1566 1555 1672 1611; x_wconf 86' lang='lat' dir='ltr'><strong>axioma</strong></span> <span class='ocrx_word' id='word_1_204' title='bbox 1687 1554 1728 1611; x_wconf 88' lang='lat' dir='ltr'><strong>vel</strong></span> <span class='ocrx_word' id='word_1_205' title='bbox 1744 1555 1844 1611; x_wconf 91' lang='lat' dir='ltr'><strong>falsum</strong></span> <span class='ocrx_word' id='word_1_206' title='bbox 1857 1562 1910 1624; x_wconf 90' lang='lat' dir='ltr'><strong>est,</strong></span> <span class='ocrx_word' id='word_1_207' title='bbox 1930 1554 1974 1611; x_wconf 84' lang='lat' dir='ltr'><strong>rel</strong></span> 
     </span>
     <span class='ocr_line' id='line_1_15' title="bbox 335 1641 1975 1717; baseline -0.001 -19"><span class='ocrx_word' id='word_1_208' title='bbox 335 1644 443 1701; x_wconf 90' lang='lat' dir='ltr'><strong>secutio</strong></span> <span class='ocrx_word' id='word_1_209' title='bbox 459 1643 539 1700; x_wconf 87' lang='lat' dir='ltr'><strong>babet</strong></span> <span class='ocrx_word' id='word_1_210' title='bbox 554 1642 578 1698; x_wconf 95' lang='lat' dir='ltr'><strong>iu</strong></span> <span class='ocrx_word' id='word_1_211' title='bbox 594 1643 651 1698; x_wconf 92' lang='lat' dir='ltr'><strong>iure</strong></span> <span class='ocrx_word' id='word_1_212' title='bbox 666 1641 888 1714; x_wconf 90' lang='lat' dir='ltr'><strong>fundamentum,</strong></span> <span class='ocrx_word' id='word_1_213' title='bbox 905 1642 969 1714; x_wconf 90' lang='lat' dir='ltr'><strong>quie</strong></span> <span class='ocrx_word' id='word_1_214' title='bbox 983 1642 1074 1712; x_wconf 91' lang='lat' dir='ltr'><strong>potius</strong></span> <span class='ocrx_word' id='word_1_215' title='bbox 1086 1657 1132 1714; x_wconf 88' lang='lat' dir='ltr'><strong>ge-</strong></span> <span class='ocrx_word' id='word_1_216' title='bbox 1172 1642 1241 1700; x_wconf 93' lang='lat' dir='ltr'><strong>male</strong></span> <span class='ocrx_word' id='word_1_217' title='bbox 1261 1643 1294 1700; x_wconf 93' lang='lat' dir='ltr'><strong>ad</strong></span> <span class='ocrx_word' id='word_1_218' title='bbox 1317 1652 1488 1716; x_wconf 90' lang='lat' dir='ltr'><strong>praesentem</strong></span> <span class='ocrx_word' id='word_1_219' title='bbox 1508 1644 1649 1701; x_wconf 90' lang='lat' dir='ltr'><strong>materiam</strong></span> <span class='ocrx_word' id='word_1_220' title='bbox 1668 1644 1838 1717; x_wconf 91' lang='lat' dir='ltr'><strong>applicatur,</strong></span> <span class='ocrx_word' id='word_1_221' title='bbox 1861 1644 1927 1716; x_wconf 90' lang='lat' dir='ltr'><strong>quia</strong></span> <span class='ocrx_word' id='word_1_222' title='bbox 1948 1641 1975 1698; x_wconf 92' lang='lat' dir='ltr'><strong>in</strong></span> 
     </span>
     <span class='ocr_line' id='line_1_16' title="bbox 335 1730 1974 1806; baseline -0.001 -18"><span class='ocrx_word' id='word_1_223' title='bbox 335 1732 442 1788; x_wconf 91' lang='lat' dir='ltr'><strong>uerales</strong></span> <span class='ocrx_word' id='word_1_224' title='bbox 456 1730 566 1803; x_wconf 86' lang='lat' dir='ltr'><strong>regulae</strong></span> <span class='ocrx_word' id='word_1_225' title='bbox 580 1730 645 1788; x_wconf 90' lang='lat' dir='ltr'><strong>iuris</strong></span> <span class='ocrx_word' id='word_1_226' title='bbox 661 1736 725 1786; x_wconf 88' lang='lat' dir='ltr'><strong>sunt</strong></span> <span class='ocrx_word' id='word_1_227' title='bbox 739 1731 765 1785; x_wconf 89' lang='lat' dir='ltr'><strong>in</strong></span> <span class='ocrx_word' id='word_1_228' title='bbox 780 1730 962 1796; x_wconf 86' lang='lat' dir='ltr'><strong>contrarium,</strong></span> <span class='ocrx_word' id='word_1_229' title='bbox 979 1735 1010 1786; x_wconf 90' lang='lat' dir='ltr'><strong>ut</strong></span> <span class='ocrx_word' id='word_1_230' title='bbox 1023 1745 1057 1786; x_wconf 90' lang='lat' dir='ltr'><strong>ex</strong></span> <span class='ocrx_word' id='word_1_231' title='bbox 1070 1730 1135 1787; x_wconf 90' lang='lat' dir='ltr'><strong>alle·</strong></span> <span class='ocrx_word' id='word_1_232' title='bbox 1172 1731 1375 1803; x_wconf 87' lang='lat' dir='ltr'><strong>dispensatione</strong></span> <span class='ocrx_word' id='word_1_233' title='bbox 1387 1733 1453 1806; x_wconf 89' lang='lat' dir='ltr'><strong>legis</strong></span> <span class='ocrx_word' id='word_1_234' title='bbox 1464 1734 1623 1805; x_wconf 88' lang='lat' dir='ltr'><strong>superioris,</strong></span> <span class='ocrx_word' id='word_1_235' title='bbox 1635 1733 1675 1789; x_wconf 84' lang='lat' dir='ltr'><strong>ael</strong></span> <span class='ocrx_word' id='word_1_236' title='bbox 1692 1732 1805 1790; x_wconf 83' lang='lat' dir='ltr'><strong>involvit</strong></span> <span class='ocrx_word' id='word_1_237' title='bbox 1815 1741 1974 1804; x_wconf 86' lang='lat' dir='ltr'><strong>repugnan-</strong></span> 
     </span>
     <span class='ocr_line' id='line_1_17' title="bbox 335 1820 1974 1895; baseline 0.001 -18"><span class='ocrx_word' id='word_1_238' title='bbox 335 1823 404 1895; x_wconf 89' lang='lat' dir='ltr'><strong>gatis</strong></span> <span class='ocrx_word' id='word_1_239' title='bbox 425 1828 544 1879; x_wconf 89' lang='lat' dir='ltr'><strong>constat.</strong></span> <span class='ocrx_word' id='word_1_240' title='bbox 567 1822 602 1877; x_wconf 83' lang='lat' dir='ltr'><strong>Et</strong></span> <span class='ocrx_word' id='word_1_241' title='bbox 622 1823 756 1891; x_wconf 91' lang='lat' dir='ltr'><strong>optimum</strong></span> <span class='ocrx_word' id='word_1_242' title='bbox 776 1826 970 1892; x_wconf 79' lang='lat' dir='ltr'><strong>argumentum</strong></span> <span class='ocrx_word' id='word_1_243' title='bbox 991 1827 1051 1891; x_wconf 92' lang='lat' dir='ltr'><strong>est,</strong></span> <span class='ocrx_word' id='word_1_244' title='bbox 1071 1821 1136 1892; x_wconf 93' lang='lat' dir='ltr'><strong>quia</strong></span> <span class='ocrx_word' id='word_1_245' title='bbox 1171 1820 1247 1888; x_wconf 83' lang='lat' dir='ltr'><strong>tiam,</strong></span> <span class='ocrx_word' id='word_1_246' title='bbox 1263 1820 1305 1877; x_wconf 86' lang='lat' dir='ltr'><strong>rel</strong></span> <span class='ocrx_word' id='word_1_247' title='bbox 1318 1820 1419 1895; x_wconf 87' lang='lat' dir='ltr'><strong>aliquid</strong></span> <span class='ocrx_word' id='word_1_248' title='bbox 1435 1821 1618 1894; x_wconf 89' lang='lat' dir='ltr'><strong>superfluum,</strong></span> <span class='ocrx_word' id='word_1_249' title='bbox 1634 1823 1728 1879; x_wconf 86' lang='lat' dir='ltr'><strong>eteius</strong></span> <span class='ocrx_word' id='word_1_250' title='bbox 1739 1820 1974 1894; x_wconf 86' lang='lat' dir='ltr'><strong>laudamentore·</strong></span> 
     </span>
     <span class='ocr_line' id='line_1_18' title="bbox 335 1903 1974 1986; baseline 0.001 -20"><span class='ocrx_word' id='word_1_251' title='bbox 335 1911 445 1984; x_wconf 90' lang='lat' dir='ltr'><strong>quaudo</strong></span> <span class='ocrx_word' id='word_1_252' title='bbox 460 1911 519 1966; x_wconf 90' lang='lat' dir='ltr'><strong>iura</strong></span> <span class='ocrx_word' id='word_1_253' title='bbox 534 1910 631 1966; x_wconf 89' lang='lat' dir='ltr'><strong>volunt</strong></span> <span class='ocrx_word' id='word_1_254' title='bbox 644 1907 798 1965; x_wconf 89' lang='lat' dir='ltr'><strong>concedere</strong></span> <span class='ocrx_word' id='word_1_255' title='bbox 812 1908 882 1964; x_wconf 89' lang='lat' dir='ltr'><strong>banc</strong></span> <span class='ocrx_word' id='word_1_256' title='bbox 894 1914 1057 1980; x_wconf 86' lang='lat' dir='ltr'><strong>potestatem</strong></span> <span class='ocrx_word' id='word_1_257' title='bbox 1070 1907 1137 1964; x_wconf 84' lang='lat' dir='ltr'><strong>iufe—</strong></span> <span class='ocrx_word' id='word_1_258' title='bbox 1170 1912 1271 1983; x_wconf 91' lang='lat' dir='ltr'><strong>quirit,</strong></span> <span class='ocrx_word' id='word_1_259' title='bbox 1294 1915 1321 1968; x_wconf 91' lang='lat' dir='ltr'><strong>et</strong></span> <span class='ocrx_word' id='word_1_260' title='bbox 1341 1903 1502 1986; x_wconf 81' lang='lat' dir='ltr'><strong>limitatum,</strong></span> <span class='ocrx_word' id='word_1_261' title='bbox 1519 1919 1549 1969; x_wconf 91' lang='lat' dir='ltr'><strong>ut</strong></span> <span class='ocrx_word' id='word_1_262' title='bbox 1562 1911 1633 1984; x_wconf 89' lang='lat' dir='ltr'><strong>dixi,</strong></span> <span class='ocrx_word' id='word_1_263' title='bbox 1648 1911 1712 1970; x_wconf 85' lang='lat' dir='ltr'><strong>uilril</strong></span> <span class='ocrx_word' id='word_1_264' title='bbox 1727 1913 1760 1970; x_wconf 85' lang='lat' dir='ltr'><strong>iu&#39;</strong></span> <span class='ocrx_word' id='word_1_265' title='bbox 1769 1913 1909 1985; x_wconf 91' lang='lat' dir='ltr'><strong>proposito</strong></span> <span class='ocrx_word' id='word_1_266' title='bbox 1925 1909 1974 1969; x_wconf 93' lang='lat' dir='ltr'><strong>de·</strong></span> 
     </span>
     <span class='ocr_line' id='line_1_19' title="bbox 334 1997 1265 2072; baseline -0.001 -15"><span class='ocrx_word' id='word_1_267' title='bbox 334 2001 411 2072; x_wconf 91' lang='lat' dir='ltr'><strong>riori,</strong></span> <span class='ocrx_word' id='word_1_268' title='bbox 426 2001 452 2057; x_wconf 94' lang='lat' dir='ltr'><strong>id</strong></span> <span class='ocrx_word' id='word_1_269' title='bbox 465 1999 616 2071; x_wconf 88' lang='lat' dir='ltr'><strong>declarant,</strong></span> <span class='ocrx_word' id='word_1_270' title='bbox 632 2003 663 2055; x_wconf 92' lang='lat' dir='ltr'><strong>ut</strong></span> <span class='ocrx_word' id='word_1_271' title='bbox 677 2000 767 2055; x_wconf 87' lang='lat' dir='ltr'><strong>statim</strong></span> <span class='ocrx_word' id='word_1_272' title='bbox 780 1997 915 2055; x_wconf 91' lang='lat' dir='ltr'><strong>dicemus.</strong></span> <span class='ocrx_word' id='word_1_273' title='bbox 928 1999 963 2054; x_wconf 88' lang='lat' dir='ltr'><strong>Et</strong></span> <span class='ocrx_word' id='word_1_274' title='bbox 974 2014 988 2054; x_wconf 87' lang='lat' dir='ltr'><strong>e</strong></span> <span class='ocrx_word' id='word_1_275' title='bbox 1000 2014 1134 2056; x_wconf 85' lang='lat' dir='ltr'><strong>courerso</strong></span> <span class='ocrx_word' id='word_1_276' title='bbox 1171 2001 1265 2058; x_wconf 84' lang='lat' dir='ltr'><strong>servit.</strong></span> 
     </span>
     <span class='ocr_line' id='line_1_20' title="bbox 335 2087 1974 2166; baseline 0.001 -19"><span class='ocrx_word' id='word_1_277' title='bbox 335 2091 437 2147; x_wconf 89' lang='lat' dir='ltr'><strong>multae</strong></span> <span class='ocrx_word' id='word_1_278' title='bbox 459 2089 690 2163; x_wconf 86' lang='lat' dir='ltr'><strong>irregularitates,</strong></span> <span class='ocrx_word' id='word_1_279' title='bbox 706 2089 917 2161; x_wconf 86' lang='lat' dir='ltr'><strong>suspensiones,</strong></span> <span class='ocrx_word' id='word_1_280' title='bbox 932 2094 988 2144; x_wconf 85' lang='lat' dir='ltr'><strong>etc.</strong></span> <span class='ocrx_word' id='word_1_281' title='bbox 1003 2104 1058 2144; x_wconf 90' lang='lat' dir='ltr'><strong>uon</strong></span> <span class='ocrx_word' id='word_1_282' title='bbox 1072 2105 1136 2160; x_wconf 91' lang='lat' dir='ltr'><strong>pos·</strong></span> <span class='ocrx_word' id='word_1_283' title='bbox 1213 2097 1240 2150; x_wconf 83' lang='lat'><strong>5.</strong></span> <span class='ocrx_word' id='word_1_284' title='bbox 1256 2089 1296 2147; x_wconf 79' lang='lat' dir='ltr'><strong>Ad</strong></span> <span class='ocrx_word' id='word_1_285' title='bbox 1311 2106 1338 2147; x_wconf 87' lang='lat' dir='ltr'><strong>e.</strong></span> <span class='ocrx_word' id='word_1_286' title='bbox 1355 2095 1467 2166; x_wconf 83' lang='lat' dir='ltr'><strong>Nuper,</strong></span> <span class='ocrx_word' id='word_1_287' title='bbox 1486 2090 1677 2163; x_wconf 87' lang='lat' dir='ltr'><strong>respondetur,</strong></span> <span class='ocrx_word' id='word_1_288' title='bbox 1694 2106 1848 2149; x_wconf 89' lang='lat' dir='ltr'><strong>sermonem</strong></span> <span class='ocrx_word' id='word_1_289' title='bbox 1863 2087 1898 2147; x_wconf 86' lang='lat' dir='ltr'><strong>fbf</strong></span> <span class='ocrx_word' id='word_1_290' title='bbox 1913 2103 1974 2146; x_wconf 84' lang='lat' dir='ltr'><strong>esse</strong></span> 
     </span>
     <span class='ocr_line' id='line_1_21' title="bbox 336 2177 1975 2255; baseline 0.001 -19"><span class='ocrx_word' id='word_1_291' title='bbox 336 2185 401 2237; x_wconf 90' lang='lat' dir='ltr'><strong>suot</strong></span> <span class='ocrx_word' id='word_1_292' title='bbox 420 2180 453 2236; x_wconf 90' lang='lat' dir='ltr'><strong>ab</strong></span> <span class='ocrx_word' id='word_1_293' title='bbox 471 2179 607 2251; x_wconf 90' lang='lat' dir='ltr'><strong>episcopis</strong></span> <span class='ocrx_word' id='word_1_294' title='bbox 625 2177 776 2251; x_wconf 90' lang='lat' dir='ltr'><strong>dispensari</strong></span> <span class='ocrx_word' id='word_1_295' title='bbox 789 2177 864 2234; x_wconf 87' lang='lat' dir='ltr'><strong>iuxta</strong></span> <span class='ocrx_word' id='word_1_296' title='bbox 878 2184 1017 2250; x_wconf 88' lang='lat' dir='ltr'><strong>receptam</strong></span> <span class='ocrx_word' id='word_1_297' title='bbox 1031 2177 1136 2235; x_wconf 89' lang='lat' dir='ltr'><strong>doetri-</strong></span> <span class='ocrx_word' id='word_1_298' title='bbox 1171 2179 1203 2237; x_wconf 91' lang='lat' dir='ltr'><strong>de</strong></span> <span class='ocrx_word' id='word_1_299' title='bbox 1222 2180 1424 2237; x_wconf 84' lang='lat' dir='ltr'><strong>absolutiones</strong></span> <span class='ocrx_word' id='word_1_300' title='bbox 1440 2181 1576 2250; x_wconf 89' lang='lat' dir='ltr'><strong>censuris,</strong></span> <span class='ocrx_word' id='word_1_301' title='bbox 1593 2181 1626 2238; x_wconf 91' lang='lat' dir='ltr'><strong>de</strong></span> <span class='ocrx_word' id='word_1_302' title='bbox 1639 2198 1696 2255; x_wconf 90' lang='lat' dir='ltr'><strong>qua</strong></span> <span class='ocrx_word' id='word_1_303' title='bbox 1711 2181 1790 2255; x_wconf 91' lang='lat' dir='ltr'><strong>louge</strong></span> <span class='ocrx_word' id='word_1_304' title='bbox 1804 2180 1910 2238; x_wconf 86' lang='lat' dir='ltr'><strong>diversa</strong></span> <span class='ocrx_word' id='word_1_305' title='bbox 1929 2196 1975 2237; x_wconf 88' lang='lat' dir='ltr'><strong>re-</strong></span> 
     </span>
     <span class='ocr_line' id='line_1_22' title="bbox 335 2265 1974 2344; baseline 0 -18"><span class='ocrx_word' id='word_1_306' title='bbox 335 2285 411 2341; x_wconf 91' lang='lat' dir='ltr'><strong>nem,</strong></span> <span class='ocrx_word' id='word_1_307' title='bbox 426 2268 571 2342; x_wconf 90' lang='lat' dir='ltr'><strong>dequibus</strong></span> <span class='ocrx_word' id='word_1_308' title='bbox 586 2284 638 2324; x_wconf 95' lang='lat' dir='ltr'><strong>non</strong></span> <span class='ocrx_word' id='word_1_309' title='bbox 653 2268 789 2324; x_wconf 87' lang='lat' dir='ltr'><strong>iuvenitur</strong></span> <span class='ocrx_word' id='word_1_310' title='bbox 799 2265 955 2340; x_wconf 91' lang='lat' dir='ltr'><strong>probibitio,</strong></span> <span class='ocrx_word' id='word_1_311' title='bbox 969 2267 1017 2324; x_wconf 90' lang='lat' dir='ltr'><strong>sed</strong></span> <span class='ocrx_word' id='word_1_312' title='bbox 1029 2273 1134 2324; x_wconf 89' lang='lat' dir='ltr'><strong>tautum</strong></span> <span class='ocrx_word' id='word_1_313' title='bbox 1170 2269 1208 2326; x_wconf 85' lang='lat' dir='ltr'><strong>tio</strong></span> <span class='ocrx_word' id='word_1_314' title='bbox 1224 2275 1267 2326; x_wconf 90' lang='lat' dir='ltr'><strong>est</strong></span> <span class='ocrx_word' id='word_1_315' title='bbox 1281 2285 1365 2342; x_wconf 92' lang='lat' dir='ltr'><strong>quam</strong></span> <span class='ocrx_word' id='word_1_316' title='bbox 1385 2268 1420 2326; x_wconf 91' lang='lat' dir='ltr'><strong>de</strong></span> <span class='ocrx_word' id='word_1_317' title='bbox 1442 2270 1655 2342; x_wconf 88' lang='lat' dir='ltr'><strong>dispensatione.</strong></span> <span class='ocrx_word' id='word_1_318' title='bbox 1670 2273 1699 2327; x_wconf 93' lang='lat' dir='ltr'><strong>lu</strong></span> <span class='ocrx_word' id='word_1_319' title='bbox 1713 2287 1769 2344; x_wconf 93' lang='lat' dir='ltr'><strong>quo</strong></span> <span class='ocrx_word' id='word_1_320' title='bbox 1784 2269 1862 2326; x_wconf 90' lang='lat' dir='ltr'><strong>multi</strong></span> <span class='ocrx_word' id='word_1_321' title='bbox 1879 2275 1974 2327; x_wconf 88' lang='lat' dir='ltr'><strong>errant</strong></span> 
     </span>
     <span class='ocr_line' id='line_1_23' title="bbox 335 2358 1972 2434; baseline 0.001 -19"><span class='ocrx_word' id='word_1_322' title='bbox 335 2360 399 2432; x_wconf 88' lang='lat' dir='ltr'><strong>quia</strong></span> <span class='ocrx_word' id='word_1_323' title='bbox 419 2375 472 2415; x_wconf 91' lang='lat' dir='ltr'><strong>uon</strong></span> <span class='ocrx_word' id='word_1_324' title='bbox 492 2359 666 2415; x_wconf 87' lang='lat' dir='ltr'><strong>inveniuntur</strong></span> <span class='ocrx_word' id='word_1_325' title='bbox 686 2372 849 2427; x_wconf 61' lang='lat' dir='ltr'><strong>concessam</strong></span> <span class='ocrx_word' id='word_1_326' title='bbox 871 2372 937 2430; x_wconf 91' lang='lat' dir='ltr'><strong>ergo</strong></span> <span class='ocrx_word' id='word_1_327' title='bbox 953 2359 1063 2431; x_wconf 90' lang='lat' dir='ltr'><strong>siguum</strong></span> <span class='ocrx_word' id='word_1_328' title='bbox 1080 2364 1134 2429; x_wconf 89' lang='lat' dir='ltr'><strong>est,</strong></span> <span class='ocrx_word' id='word_1_329' title='bbox 1170 2359 1204 2416; x_wconf 89' lang='lat' dir='ltr'><strong>ab</strong></span> <span class='ocrx_word' id='word_1_330' title='bbox 1227 2375 1282 2416; x_wconf 91' lang='lat' dir='ltr'><strong>uua</strong></span> <span class='ocrx_word' id='word_1_331' title='bbox 1303 2358 1336 2416; x_wconf 95' lang='lat' dir='ltr'><strong>ad</strong></span> <span class='ocrx_word' id='word_1_332' title='bbox 1347 2358 1430 2417; x_wconf 87' lang='lat' dir='ltr'><strong>eliam</strong></span> <span class='ocrx_word' id='word_1_333' title='bbox 1448 2367 1685 2434; x_wconf 82' lang='lat' dir='ltr'><strong>argumentantes,</strong></span> <span class='ocrx_word' id='word_1_334' title='bbox 1702 2376 1755 2420; x_wconf 91' lang='lat' dir='ltr'><strong>uon</strong></span> <span class='ocrx_word' id='word_1_335' title='bbox 1772 2359 1972 2422; x_wconf 88' lang='lat' dir='ltr'><strong>considerando</strong></span> 
     </span>
     <span class='ocr_line' id='line_1_24' title="bbox 334 2445 1973 2526; baseline -0.001 -21"><span class='ocrx_word' id='word_1_336' title='bbox 334 2450 436 2520; x_wconf 88' lang='lat' dir='ltr'><strong>requiri</strong></span> <span class='ocrx_word' id='word_1_337' title='bbox 458 2447 663 2505; x_wconf 88' lang='lat' dir='ltr'><strong>concessionem</strong></span> <span class='ocrx_word' id='word_1_338' title='bbox 683 2453 800 2526; x_wconf 43' lang='lat' dir='ltr'><strong>praeter·</strong></span> <span class='ocrx_word' id='word_1_339' title='bbox 812 2445 953 2519; x_wconf 88' lang='lat' dir='ltr'><strong>officium,</strong></span> <span class='ocrx_word' id='word_1_340' title='bbox 976 2454 1007 2502; x_wconf 91' lang='lat' dir='ltr'><strong>ut</strong></span> <span class='ocrx_word' id='word_1_341' title='bbox 1026 2445 1136 2505; x_wconf 89' lang='lat' dir='ltr'><strong>inferior</strong></span> <span class='ocrx_word' id='word_1_342' title='bbox 1170 2448 1350 2505; x_wconf 82' lang='lat' dir='ltr'><strong>differentiam</strong></span> <span class='ocrx_word' id='word_1_343' title='bbox 1374 2448 1442 2505; x_wconf 91' lang='lat' dir='ltr'><strong>iuter</strong></span> <span class='ocrx_word' id='word_1_344' title='bbox 1458 2448 1533 2524; x_wconf 88' lang='lat' dir='ltr'><strong>illas,</strong></span> <span class='ocrx_word' id='word_1_345' title='bbox 1549 2465 1633 2522; x_wconf 91' lang='lat' dir='ltr'><strong>quam</strong></span> <span class='ocrx_word' id='word_1_346' title='bbox 1647 2463 1732 2522; x_wconf 90' lang='lat' dir='ltr'><strong>supra</strong></span> <span class='ocrx_word' id='word_1_347' title='bbox 1746 2451 1900 2522; x_wconf 86' lang='lat' dir='ltr'><strong>posuimus.</strong></span> <span class='ocrx_word' id='word_1_348' title='bbox 1919 2447 1973 2504; x_wconf 77' lang='lat' dir='ltr'><strong>Ab·</strong></span> 
     </span>
     <span class='ocr_line' id='line_1_25' title="bbox 308 2527 1974 2612; baseline 0 -19"><span class='ocrx_word' id='word_1_349' title='bbox 308 2575 310 2578; x_wconf 92' lang='lat'>-</span> <span class='ocrx_word' id='word_1_350' title='bbox 336 2537 424 2611; x_wconf 88' lang='lat' dir='ltr'><strong>possit</strong></span> <span class='ocrx_word' id='word_1_351' title='bbox 438 2539 464 2593; x_wconf 90' lang='lat' dir='ltr'><strong>iu</strong></span> <span class='ocrx_word' id='word_1_352' title='bbox 480 2527 539 2611; x_wconf 81' lang='lat' dir='ltr'><strong>lege</strong></span> <span class='ocrx_word' id='word_1_353' title='bbox 553 2537 705 2608; x_wconf 91' lang='lat' dir='ltr'><strong>superioris</strong></span> <span class='ocrx_word' id='word_1_354' title='bbox 719 2535 885 2608; x_wconf 89' lang='lat' dir='ltr'><strong>dispensare.</strong></span> <span class='ocrx_word' id='word_1_355' title='bbox 1171 2537 1270 2594; x_wconf 92' lang='lat' dir='ltr'><strong>solutio</strong></span> <span class='ocrx_word' id='word_1_356' title='bbox 1296 2539 1366 2594; x_wconf 90' lang='lat' dir='ltr'><strong>euim</strong></span> <span class='ocrx_word' id='word_1_357' title='bbox 1386 2554 1440 2594; x_wconf 92' lang='lat' dir='ltr'><strong>nou</strong></span> <span class='ocrx_word' id='word_1_358' title='bbox 1455 2546 1499 2595; x_wconf 92' lang='lat' dir='ltr'><strong>est</strong></span> <span class='ocrx_word' id='word_1_359' title='bbox 1513 2547 1625 2608; x_wconf 86' lang='lat' dir='ltr'><strong>contra,</strong></span> <span class='ocrx_word' id='word_1_360' title='bbox 1640 2547 1688 2596; x_wconf 92' lang='lat' dir='ltr'><strong>aut</strong></span> <span class='ocrx_word' id='word_1_361' title='bbox 1702 2545 1812 2612; x_wconf 89' lang='lat' dir='ltr'><strong>praeter</strong></span> <span class='ocrx_word' id='word_1_362' title='bbox 1825 2539 1911 2612; x_wconf 92' lang='lat' dir='ltr'><strong>legem</strong></span> <span class='ocrx_word' id='word_1_363' title='bbox 1926 2554 1974 2594; x_wconf 89' lang='lat' dir='ltr'><strong>su·</strong></span> 
     </span>
     <span class='ocr_line' id='line_1_26' title="bbox 375 2624 1979 2710; baseline -0.002 -27"><span class='ocrx_word' id='word_1_364' title='bbox 375 2631 401 2684; x_wconf 87' lang='lat' dir='ltr'><strong>t.</strong></span> <span class='ocrx_word' id='word_1_365' title='bbox 417 2627 475 2682; x_wconf 91' lang='lat' dir='ltr'><strong>lloc</strong></span> <span class='ocrx_word' id='word_1_366' title='bbox 495 2633 585 2682; x_wconf 90' lang='lat' dir='ltr'><strong>autem</strong></span> <span class='ocrx_word' id='word_1_367' title='bbox 600 2627 645 2682; x_wconf 89' lang='lat' dir='ltr'><strong>liet</strong></span> <span class='ocrx_word' id='word_1_368' title='bbox 658 2626 828 2697; x_wconf 84' lang='lat' dir='ltr'><strong>evidentius,</strong></span> <span class='ocrx_word' id='word_1_369' title='bbox 844 2631 872 2683; x_wconf 89' lang='lat' dir='ltr'><strong>et</strong></span> <span class='ocrx_word' id='word_1_370' title='bbox 884 2624 1063 2696; x_wconf 80' lang='lat' dir='ltr'><strong>explicabitur</strong></span> <span class='ocrx_word' id='word_1_371' title='bbox 1078 2641 1135 2683; x_wconf 91' lang='lat' dir='ltr'><strong>am·</strong></span> <span class='ocrx_word' id='word_1_372' title='bbox 1170 2627 1301 2710; x_wconf 80' lang='lat' dir='ltr'><strong>periuris,</strong></span> <span class='ocrx_word' id='word_1_373' title='bbox 1324 2627 1372 2684; x_wconf 89' lang='lat' dir='ltr'><strong>sad</strong></span> <span class='ocrx_word' id='word_1_374' title='bbox 1387 2626 1541 2685; x_wconf 88' lang='lat' dir='ltr'><strong>secuudum</strong></span> <span class='ocrx_word' id='word_1_375' title='bbox 1556 2629 1644 2700; x_wconf 90' lang='lat' dir='ltr'><strong>illam,</strong></span> <span class='ocrx_word' id='word_1_376' title='bbox 1660 2636 1689 2685; x_wconf 93' lang='lat' dir='ltr'><strong>et</strong></span> <span class='ocrx_word' id='word_1_377' title='bbox 1702 2628 1761 2686; x_wconf 90' lang='lat' dir='ltr'><strong>ideo</strong></span> <span class='ocrx_word' id='word_1_378' title='bbox 1775 2629 1842 2686; x_wconf 90' lang='lat' dir='ltr'><strong>uilril</strong></span> <span class='ocrx_word' id='word_1_379' title='bbox 1858 2629 1979 2700; x_wconf 70' lang='lat' dir='ltr'><strong>mirum,</strong></span> 
     </span>
     <span class='ocr_line' id='line_1_27' title="bbox 335 2713 1974 2793; baseline 0.002 -21"><span class='ocrx_word' id='word_1_380' title='bbox 335 2715 407 2788; x_wconf 90' lang='lat' dir='ltr'><strong>plius</strong></span> <span class='ocrx_word' id='word_1_381' title='bbox 427 2713 615 2788; x_wconf 86' lang='lat' dir='ltr'><strong>respondendo</strong></span> <span class='ocrx_word' id='word_1_382' title='bbox 636 2716 668 2772; x_wconf 90' lang='lat' dir='ltr'><strong>ed</strong></span> <span class='ocrx_word' id='word_1_383' title='bbox 690 2715 867 2772; x_wconf 90' lang='lat' dir='ltr'><strong>fundamenta</strong></span> <span class='ocrx_word' id='word_1_384' title='bbox 887 2717 1034 2770; x_wconf 86' lang='lat' dir='ltr'><strong>contraria.</strong></span> <span class='ocrx_word' id='word_1_385' title='bbox 1057 2716 1093 2772; x_wconf 84' lang='lat' dir='ltr'><strong>Et</strong></span> <span class='ocrx_word' id='word_1_386' title='bbox 1106 2717 1133 2772; x_wconf 92' lang='lat' dir='ltr'><strong>in</strong></span> <span class='ocrx_word' id='word_1_387' title='bbox 1169 2716 1351 2788; x_wconf 87' lang='lat' dir='ltr'><strong>quodpossit</strong></span> <span class='ocrx_word' id='word_1_388' title='bbox 1365 2717 1398 2774; x_wconf 90' lang='lat' dir='ltr'><strong>ab</strong></span> <span class='ocrx_word' id='word_1_389' title='bbox 1413 2717 1533 2775; x_wconf 91' lang='lat' dir='ltr'><strong>inferiori</strong></span> <span class='ocrx_word' id='word_1_390' title='bbox 1548 2718 1618 2790; x_wconf 84' lang='lat' dir='ltr'><strong>dari,</strong></span> <span class='ocrx_word' id='word_1_391' title='bbox 1635 2718 1766 2793; x_wconf 90' lang='lat' dir='ltr'><strong>quamdiu</strong></span> <span class='ocrx_word' id='word_1_392' title='bbox 1780 2735 1834 2776; x_wconf 90' lang='lat' dir='ltr'><strong>non</strong></span> <span class='ocrx_word' id='word_1_393' title='bbox 1848 2735 1974 2776; x_wconf 88' lang='lat' dir='ltr'><strong>reserre-</strong></span> 
     </span>
     <span class='ocr_line' id='line_1_28' title="bbox 334 2804 1972 2880; baseline 0.001 -18"><span class='ocrx_word' id='word_1_394' title='bbox 334 2805 428 2879; x_wconf 93' lang='lat' dir='ltr'><strong>primis</strong></span> <span class='ocrx_word' id='word_1_395' title='bbox 450 2807 557 2864; x_wconf 90' lang='lat' dir='ltr'><strong>axioma</strong></span> <span class='ocrx_word' id='word_1_396' title='bbox 577 2804 658 2861; x_wconf 83' lang='lat' dir='ltr'><strong>illud:</strong></span> <span class='ocrx_word' id='word_1_397' title='bbox 675 2809 841 2879; x_wconf 80' lang='lat' dir='ltr'><strong>Episcopus</strong></span> <span class='ocrx_word' id='word_1_398' title='bbox 851 2808 946 2878; x_wconf 87' lang='lat' dir='ltr'><strong>potest</strong></span> <span class='ocrx_word' id='word_1_399' title='bbox 959 2807 992 2862; x_wconf 85' lang='lat' dir='ltr'><strong>in</strong></span> <span class='ocrx_word' id='word_1_400' title='bbox 1005 2821 1059 2861; x_wconf 81' lang='lat' dir='ltr'><strong>auo</strong></span> <span class='ocrx_word' id='word_1_401' title='bbox 1072 2809 1135 2879; x_wconf 83' lang='lat' dir='ltr'><strong>ept-</strong></span> <span class='ocrx_word' id='word_1_402' title='bbox 1171 2812 1227 2864; x_wconf 91' lang='lat' dir='ltr'><strong>tur.</strong></span> <span class='ocrx_word' id='word_1_403' title='bbox 1252 2809 1395 2864; x_wconf 86' lang='lat' dir='ltr'><strong>Praeterea</strong></span> <span class='ocrx_word' id='word_1_404' title='bbox 1416 2808 1552 2865; x_wconf 85' lang='lat' dir='ltr'><strong>absolutio</strong></span> <span class='ocrx_word' id='word_1_405' title='bbox 1573 2826 1588 2866; x_wconf 90' lang='lat' dir='ltr'><strong>a</strong></span> <span class='ocrx_word' id='word_1_406' title='bbox 1608 2824 1745 2879; x_wconf 89' lang='lat' dir='ltr'><strong>censura,</strong></span> <span class='ocrx_word' id='word_1_407' title='bbox 1764 2807 1923 2880; x_wconf 89' lang='lat' dir='ltr'><strong>praesertim</strong></span> <span class='ocrx_word' id='word_1_408' title='bbox 1938 2807 1972 2864; x_wconf 94' lang='lat' dir='ltr'><strong>ab</strong></span> 
     </span>
     <span class='ocr_line' id='line_1_29' title="bbox 334 2893 1972 2970; baseline 0.002 -19"><span class='ocrx_word' id='word_1_409' title='bbox 334 2899 467 2970; x_wconf 81' lang='lat' dir='ltr'><strong>scopato,</strong></span> <span class='ocrx_word' id='word_1_410' title='bbox 484 2893 630 2969; x_wconf 82' lang='lat' dir='ltr'><strong>quidquid</strong></span> <span class='ocrx_word' id='word_1_411' title='bbox 642 2896 732 2967; x_wconf 87' lang='lat' dir='ltr'><strong>Papo</strong></span> <span class='ocrx_word' id='word_1_412' title='bbox 743 2897 776 2951; x_wconf 85' lang='lat' dir='ltr'><strong>to</strong></span> <span class='ocrx_word' id='word_1_413' title='bbox 790 2893 944 2962; x_wconf 72' lang='lat' dir='ltr'><strong>Ecclesiae,</strong></span> <span class='ocrx_word' id='word_1_414' title='bbox 963 2896 1022 2950; x_wconf 85' lang='lat' dir='ltr'><strong>nisi</strong></span> <span class='ocrx_word' id='word_1_415' title='bbox 1032 2896 1135 2969; x_wconf 79' lang='lat' dir='ltr'><strong>prolat-</strong></span> <span class='ocrx_word' id='word_1_416' title='bbox 1171 2896 1464 2968; x_wconf 86' lang='lat' dir='ltr'><strong>excommunicatione,</strong></span> <span class='ocrx_word' id='word_1_417' title='bbox 1482 2896 1625 2954; x_wconf 89' lang='lat' dir='ltr'><strong>ordinatur</strong></span> <span class='ocrx_word' id='word_1_418' title='bbox 1639 2898 1671 2954; x_wconf 92' lang='lat' dir='ltr'><strong>ad</strong></span> <span class='ocrx_word' id='word_1_419' title='bbox 1688 2896 1791 2955; x_wconf 91' lang='lat' dir='ltr'><strong>bouum</strong></span> <span class='ocrx_word' id='word_1_420' title='bbox 1806 2898 1926 2968; x_wconf 87' lang='lat' dir='ltr'><strong>animae,</strong></span> <span class='ocrx_word' id='word_1_421' title='bbox 1943 2904 1972 2955; x_wconf 90' lang='lat' dir='ltr'><strong>et</strong></span> 
     </span>
     <span class='ocr_line' id='line_1_30' title="bbox 335 2982 1971 3058; baseline 0.001 -18"><span class='ocrx_word' id='word_1_422' title='bbox 335 2983 454 3052; x_wconf 82' lang='lat' dir='ltr'><strong>beator,</strong></span> <span class='ocrx_word' id='word_1_423' title='bbox 472 2992 501 3041; x_wconf 90' lang='lat' dir='ltr'><strong>et</strong></span> <span class='ocrx_word' id='word_1_424' title='bbox 525 2984 599 3040; x_wconf 92' lang='lat' dir='ltr'><strong>nullo</strong></span> <span class='ocrx_word' id='word_1_425' title='bbox 623 2983 681 3040; x_wconf 90' lang='lat' dir='ltr'><strong>iure</strong></span> <span class='ocrx_word' id='word_1_426' title='bbox 696 2982 840 3040; x_wconf 90' lang='lat' dir='ltr'><strong>fundatum</strong></span> <span class='ocrx_word' id='word_1_427' title='bbox 863 2988 926 3050; x_wconf 83' lang='lat' dir='ltr'><strong>est,</strong></span> <span class='ocrx_word' id='word_1_428' title='bbox 948 2989 976 3039; x_wconf 91' lang='lat' dir='ltr'><strong>et</strong></span> <span class='ocrx_word' id='word_1_429' title='bbox 999 2985 1027 3038; x_wconf 94' lang='lat' dir='ltr'><strong>in</strong></span> <span class='ocrx_word' id='word_1_430' title='bbox 1045 2983 1135 3055; x_wconf 91' lang='lat' dir='ltr'><strong>rigore</strong></span> <span class='ocrx_word' id='word_1_431' title='bbox 1170 2991 1213 3041; x_wconf 89' lang='lat' dir='ltr'><strong>est</strong></span> <span class='ocrx_word' id='word_1_432' title='bbox 1227 2985 1381 3042; x_wconf 87' lang='lat' dir='ltr'><strong>necessaria</strong></span> <span class='ocrx_word' id='word_1_433' title='bbox 1396 2986 1430 3043; x_wconf 89' lang='lat' dir='ltr'><strong>ad</strong></span> <span class='ocrx_word' id='word_1_434' title='bbox 1442 3001 1525 3043; x_wconf 91' lang='lat' dir='ltr'><strong>usum</strong></span> <span class='ocrx_word' id='word_1_435' title='bbox 1539 2994 1787 3058; x_wconf 88' lang='lat' dir='ltr'><strong>sacramentorum,</strong></span> <span class='ocrx_word' id='word_1_436' title='bbox 1800 2994 1829 3045; x_wconf 91' lang='lat' dir='ltr'><strong>et</strong></span> <span class='ocrx_word' id='word_1_437' title='bbox 1840 2986 1901 3042; x_wconf 91' lang='lat' dir='ltr'><strong>ideo</strong></span> <span class='ocrx_word' id='word_1_438' title='bbox 1914 3003 1971 3044; x_wconf 91' lang='lat' dir='ltr'><strong>me·</strong></span> 
     </span>
     <span class='ocr_line' id='line_1_31' title="bbox 333 3065 1968 3150; baseline 0.002 -19"><span class='ocrx_word' id='word_1_439' title='bbox 333 3089 434 3131; x_wconf 91' lang='lat' dir='ltr'><strong>censeo</strong></span> <span class='ocrx_word' id='word_1_440' title='bbox 448 3089 509 3131; x_wconf 91' lang='lat' dir='ltr'><strong>esse</strong></span> <span class='ocrx_word' id='word_1_441' title='bbox 523 3073 632 3142; x_wconf 92' lang='lat' dir='ltr'><strong>falsum,</strong></span> <span class='ocrx_word' id='word_1_442' title='bbox 645 3065 799 3130; x_wconf 86' lang='lat' dir='ltr'><strong>nisimultis</strong></span> <span class='ocrx_word' id='word_1_443' title='bbox 811 3065 1051 3128; x_wconf 88' lang='lat' dir='ltr'><strong>modislimiletur.</strong></span> <span class='ocrx_word' id='word_1_444' title='bbox 1066 3074 1135 3129; x_wconf 87' lang='lat' dir='ltr'><strong>Nam</strong></span> <span class='ocrx_word' id='word_1_445' title='bbox 1169 3077 1223 3132; x_wconf 92' lang='lat' dir='ltr'><strong>rito</strong></span> <span class='ocrx_word' id='word_1_446' title='bbox 1244 3091 1378 3133; x_wconf 88' lang='lat' dir='ltr'><strong>concessa</strong></span> <span class='ocrx_word' id='word_1_447' title='bbox 1399 3075 1576 3150; x_wconf 82' lang='lat' dir='ltr'><strong>intelligitur,</strong></span> <span class='ocrx_word' id='word_1_448' title='bbox 1599 3076 1709 3150; x_wconf 90' lang='lat' dir='ltr'><strong>quando</strong></span> <span class='ocrx_word' id='word_1_449' title='bbox 1730 3093 1782 3133; x_wconf 92' lang='lat' dir='ltr'><strong>uon</strong></span> <span class='ocrx_word' id='word_1_450' title='bbox 1799 3082 1968 3134; x_wconf 85' lang='lat' dir='ltr'><strong>reservatur.</strong></span> 
     </span>
     <span class='ocr_line' id='line_1_32' title="bbox 333 3161 1972 3240; baseline 0.001 -20"><span class='ocrx_word' id='word_1_451' title='bbox 333 3165 360 3220; x_wconf 89' lang='lat' dir='ltr'><strong>iu</strong></span> <span class='ocrx_word' id='word_1_452' title='bbox 381 3165 473 3235; x_wconf 91' lang='lat' dir='ltr'><strong>primis</strong></span> <span class='ocrx_word' id='word_1_453' title='bbox 491 3164 635 3236; x_wconf 88' lang='lat' dir='ltr'><strong>supponit,</strong></span> <span class='ocrx_word' id='word_1_454' title='bbox 650 3164 795 3235; x_wconf 90' lang='lat' dir='ltr'><strong>episcopos</strong></span> <span class='ocrx_word' id='word_1_455' title='bbox 810 3162 909 3219; x_wconf 89' lang='lat' dir='ltr'><strong>habere</strong></span> <span class='ocrx_word' id='word_1_456' title='bbox 922 3177 956 3218; x_wconf 92' lang='lat' dir='ltr'><strong>ex</strong></span> <span class='ocrx_word' id='word_1_457' title='bbox 971 3162 1029 3218; x_wconf 88' lang='lat' dir='ltr'><strong>iure</strong></span> <span class='ocrx_word' id='word_1_458' title='bbox 1044 3161 1133 3221; x_wconf 85' lang='lat' dir='ltr'><strong>divino</strong></span> <span class='ocrx_word' id='word_1_459' title='bbox 1170 3165 1248 3234; x_wconf 86' lang='lat' dir='ltr'><strong>Quod</strong></span> <span class='ocrx_word' id='word_1_460' title='bbox 1273 3182 1356 3224; x_wconf 90' lang='lat' dir='ltr'><strong>secus</strong></span> <span class='ocrx_word' id='word_1_461' title='bbox 1375 3174 1419 3224; x_wconf 88' lang='lat' dir='ltr'><strong>est</strong></span> <span class='ocrx_word' id='word_1_462' title='bbox 1439 3166 1472 3224; x_wconf 93' lang='lat' dir='ltr'><strong>de</strong></span> <span class='ocrx_word' id='word_1_463' title='bbox 1492 3166 1694 3240; x_wconf 90' lang='lat' dir='ltr'><strong>dispensatione</strong></span> <span class='ocrx_word' id='word_1_464' title='bbox 1715 3167 1748 3223; x_wconf 91' lang='lat' dir='ltr'><strong>ab</strong></span> <span class='ocrx_word' id='word_1_465' title='bbox 1770 3165 1972 3239; x_wconf 84' lang='lat' dir='ltr'><strong>irregularitate</strong></span> 
     </span>
     <span class='ocr_line' id='line_1_33' title="bbox 334 3251 1971 3329; baseline 0.001 -19"><span class='ocrx_word' id='word_1_466' title='bbox 334 3253 487 3326; x_wconf 86' lang='lat' dir='ltr'><strong>absolutam</strong></span> <span class='ocrx_word' id='word_1_467' title='bbox 510 3259 538 3310; x_wconf 89' lang='lat' dir='ltr'><strong>et</strong></span> <span class='ocrx_word' id='word_1_468' title='bbox 558 3252 739 3310; x_wconf 88' lang='lat' dir='ltr'><strong>universalem</strong></span> <span class='ocrx_word' id='word_1_469' title='bbox 753 3251 968 3309; x_wconf 88' lang='lat' dir='ltr'><strong>iurisdictionem</strong></span> <span class='ocrx_word' id='word_1_470' title='bbox 984 3253 1052 3308; x_wconf 89' lang='lat' dir='ltr'><strong>iutra</strong></span> <span class='ocrx_word' id='word_1_471' title='bbox 1066 3268 1132 3310; x_wconf 89' lang='lat' dir='ltr'><strong>sues</strong></span> <span class='ocrx_word' id='word_1_472' title='bbox 1166 3273 1196 3312; x_wconf 80' lang='lat' dir='ltr'><strong>a.</strong></span> <span class='ocrx_word' id='word_1_473' title='bbox 1208 3272 1236 3329; x_wconf 92' lang='lat' dir='ltr'><strong>g.</strong></span> <span class='ocrx_word' id='word_1_474' title='bbox 1248 3263 1276 3314; x_wconf 88' lang='lat' dir='ltr'><strong>et</strong></span> <span class='ocrx_word' id='word_1_475' title='bbox 1289 3255 1434 3314; x_wconf 88' lang='lat' dir='ltr'><strong>similibus.</strong></span> <span class='ocrx_word' id='word_1_476' title='bbox 1451 3257 1538 3313; x_wconf 85' lang='lat' dir='ltr'><strong>Huius</strong></span> <span class='ocrx_word' id='word_1_477' title='bbox 1552 3258 1634 3313; x_wconf 91' lang='lat' dir='ltr'><strong>etiam</strong></span> <span class='ocrx_word' id='word_1_478' title='bbox 1648 3255 1761 3313; x_wconf 84' lang='lat' dir='ltr'><strong>arideus</strong></span> <span class='ocrx_word' id='word_1_479' title='bbox 1776 3262 1971 3328; x_wconf 89' lang='lat' dir='ltr'><strong>argumentum</strong></span> 
     </span>
     <span class='ocr_line' id='line_1_34' title="bbox 333 3333 1970 3420; baseline 0 -20"><span class='ocrx_word' id='word_1_480' title='bbox 333 3342 481 3414; x_wconf 87' lang='lat' dir='ltr'><strong>dioeceses,</strong></span> <span class='ocrx_word' id='word_1_481' title='bbox 494 3342 660 3400; x_wconf 88' lang='lat' dir='ltr'><strong>limitabilem</strong></span> <span class='ocrx_word' id='word_1_482' title='bbox 672 3348 761 3399; x_wconf 88' lang='lat' dir='ltr'><strong>tamen</strong></span> <span class='ocrx_word' id='word_1_483' title='bbox 773 3358 788 3399; x_wconf 91' lang='lat' dir='ltr'><strong>a</strong></span> <span class='ocrx_word' id='word_1_484' title='bbox 800 3359 908 3399; x_wconf 91' lang='lat' dir='ltr'><strong>summo</strong></span> <span class='ocrx_word' id='word_1_485' title='bbox 920 3344 1057 3400; x_wconf 88' lang='lat' dir='ltr'><strong>Pontifice.</strong></span> <span class='ocrx_word' id='word_1_486' title='bbox 1074 3344 1132 3416; x_wconf 87' lang='lat' dir='ltr'><strong>Ego</strong></span> <span class='ocrx_word' id='word_1_487' title='bbox 1167 3350 1225 3416; x_wconf 88' lang='lat' dir='ltr'><strong>est,</strong></span> <span class='ocrx_word' id='word_1_488' title='bbox 1237 3333 1345 3418; x_wconf 86' lang='lat' dir='ltr'><strong>quia&#39;iu</strong></span> <span class='ocrx_word' id='word_1_489' title='bbox 1360 3344 1433 3402; x_wconf 88' lang='lat' dir='ltr'><strong>dicto</strong></span> <span class='ocrx_word' id='word_1_490' title='bbox 1447 3361 1509 3417; x_wconf 86' lang='lat' dir='ltr'><strong>cap.</strong></span> <span class='ocrx_word' id='word_1_491' title='bbox 1521 3349 1633 3420; x_wconf 84' lang='lat' dir='ltr'><strong>Nuper,</strong></span> <span class='ocrx_word' id='word_1_492' title='bbox 1652 3361 1706 3402; x_wconf 92' lang='lat' dir='ltr'><strong>nou</strong></span> <span class='ocrx_word' id='word_1_493' title='bbox 1722 3344 1812 3402; x_wconf 89' lang='lat' dir='ltr'><strong>solum</strong></span> <span class='ocrx_word' id='word_1_494' title='bbox 1825 3345 1970 3418; x_wconf 85' lang='lat' dir='ltr'><strong>episcopo,</strong></span> 
     </span>
     <span class='ocr_line' id='line_1_35' title="bbox 331 3431 1972 3506; baseline 0.002 -19"><span class='ocrx_word' id='word_1_495' title='bbox 331 3431 864 3506; x_wconf 82' lang='lat' dir='ltr'><strong>aeroexistimo,immediatehabereab</strong></span> <span class='ocrx_word' id='word_1_496' title='bbox 877 3435 935 3504; x_wconf 91' lang='lat' dir='ltr'><strong>ipso</strong></span> <span class='ocrx_word' id='word_1_497' title='bbox 948 3435 1133 3491; x_wconf 90' lang='lat' dir='ltr'><strong>summoPou·</strong></span> <span class='ocrx_word' id='word_1_498' title='bbox 1169 3434 1217 3492; x_wconf 91' lang='lat' dir='ltr'><strong>sed</strong></span> <span class='ocrx_word' id='word_1_499' title='bbox 1242 3436 1323 3491; x_wconf 89' lang='lat' dir='ltr'><strong>etiam</strong></span> <span class='ocrx_word' id='word_1_500' title='bbox 1350 3435 1473 3506; x_wconf 86' lang='lat' dir='ltr'><strong>parocho</strong></span> <span class='ocrx_word' id='word_1_501' title='bbox 1494 3443 1625 3493; x_wconf 90' lang='lat' dir='ltr'><strong>censetur</strong></span> <span class='ocrx_word' id='word_1_502' title='bbox 1644 3450 1777 3493; x_wconf 89' lang='lat' dir='ltr'><strong>concessa</strong></span> <span class='ocrx_word' id='word_1_503' title='bbox 1798 3433 1934 3492; x_wconf 88' lang='lat' dir='ltr'><strong>absolutio</strong></span> <span class='ocrx_word' id='word_1_504' title='bbox 1955 3449 1972 3491; x_wconf 92' lang='lat' dir='ltr'><strong>a</strong></span> 
     </span>
     <span class='ocr_line' id='line_1_36' title="bbox 334 3520 1971 3596; baseline 0.002 -20"><span class='ocrx_word' id='word_1_505' title='bbox 334 3521 417 3596; x_wconf 87' lang='lat' dir='ltr'><strong>tifice,</strong></span> <span class='ocrx_word' id='word_1_506' title='bbox 435 3520 467 3578; x_wconf 89' lang='lat' dir='ltr'><strong>sd</strong></span> <span class='ocrx_word' id='word_1_507' title='bbox 483 3538 565 3595; x_wconf 92' lang='lat' dir='ltr'><strong>quem</strong></span> <span class='ocrx_word' id='word_1_508' title='bbox 579 3521 658 3578; x_wconf 89' lang='lat' dir='ltr'><strong>etiam</strong></span> <span class='ocrx_word' id='word_1_509' title='bbox 673 3527 791 3594; x_wconf 88' lang='lat' dir='ltr'><strong>spectat,</strong></span> <span class='ocrx_word' id='word_1_510' title='bbox 806 3521 923 3596; x_wconf 89' lang='lat' dir='ltr'><strong>gradum</strong></span> <span class='ocrx_word' id='word_1_511' title='bbox 937 3530 966 3579; x_wconf 93' lang='lat' dir='ltr'><strong>et</strong></span> <span class='ocrx_word' id='word_1_512' title='bbox 977 3523 1088 3580; x_wconf 89' lang='lat' dir='ltr'><strong>modum</strong></span> <span class='ocrx_word' id='word_1_513' title='bbox 1101 3526 1133 3580; x_wconf 92' lang='lat' dir='ltr'><strong>il·</strong></span> <span class='ocrx_word' id='word_1_514' title='bbox 1169 3539 1289 3582; x_wconf 90' lang='lat' dir='ltr'><strong>censura</strong></span> <span class='ocrx_word' id='word_1_515' title='bbox 1307 3525 1421 3580; x_wconf 89' lang='lat' dir='ltr'><strong>canonis</strong></span> <span class='ocrx_word' id='word_1_516' title='bbox 1443 3540 1497 3582; x_wconf 91' lang='lat' dir='ltr'><strong>nou</strong></span> <span class='ocrx_word' id='word_1_517' title='bbox 1518 3525 1692 3583; x_wconf 80' lang='lat' dir='ltr'><strong>reservantis.</strong></span> <span class='ocrx_word' id='word_1_518' title='bbox 1716 3527 1802 3581; x_wconf 86' lang='lat' dir='ltr'><strong>Nemo</strong></span> <span class='ocrx_word' id='word_1_519' title='bbox 1820 3530 1913 3582; x_wconf 90' lang='lat' dir='ltr'><strong>autem</strong></span> <span class='ocrx_word' id='word_1_520' title='bbox 1928 3524 1971 3581; x_wconf 92' lang='lat' dir='ltr'><strong>di·</strong></span> 
     </span>
     <span class='ocr_line' id='line_1_37' title="bbox 332 3595 1970 3688; baseline 0.001 -20"><span class='ocrx_word' id='word_1_521' title='bbox 332 3609 386 3668; x_wconf 90' lang='lat' dir='ltr'><strong>lius</strong></span> <span class='ocrx_word' id='word_1_522' title='bbox 408 3612 603 3669; x_wconf 88' lang='lat' dir='ltr'><strong>iurisdictionis</strong></span> <span class='ocrx_word' id='word_1_523' title='bbox 624 3611 747 3684; x_wconf 81' lang='lat' dir='ltr'><strong>definire,</strong></span> <span class='ocrx_word' id='word_1_524' title='bbox 771 3617 801 3668; x_wconf 89' lang='lat' dir='ltr'><strong>nt</strong></span> <span class='ocrx_word' id='word_1_525' title='bbox 815 3627 900 3684; x_wconf 88' lang='lat' dir='ltr'><strong>supra</strong></span> <span class='ocrx_word' id='word_1_526' title='bbox 914 3613 939 3670; x_wconf 95' lang='lat' dir='ltr'><strong>iu</strong></span> <span class='ocrx_word' id='word_1_527' title='bbox 954 3612 1006 3670; x_wconf 91' lang='lat' dir='ltr'><strong>bae</strong></span> <span class='ocrx_word' id='word_1_528' title='bbox 1020 3616 1133 3671; x_wconf 89' lang='lat' dir='ltr'><strong>materie</strong></span> <span class='ocrx_word' id='word_1_529' title='bbox 1168 3621 1234 3685; x_wconf 91' lang='lat' dir='ltr'><strong>cet,</strong></span> <span class='ocrx_word' id='word_1_530' title='bbox 1257 3613 1411 3688; x_wconf 88' lang='lat' dir='ltr'><strong>parocbum</strong></span> <span class='ocrx_word' id='word_1_531' title='bbox 1433 3629 1513 3684; x_wconf 87' lang='lat' dir='ltr'><strong>posse</strong></span> <span class='ocrx_word' id='word_1_532' title='bbox 1534 3595 1691 3686; x_wconf 66' lang='lat' dir='ltr'><strong>dispensare</strong></span> <span class='ocrx_word' id='word_1_533' title='bbox 1704 3616 1732 3670; x_wconf 93' lang='lat' dir='ltr'><strong>iu</strong></span> <span class='ocrx_word' id='word_1_534' title='bbox 1746 3614 1819 3672; x_wconf 89' lang='lat' dir='ltr'><strong>omui</strong></span> <span class='ocrx_word' id='word_1_535' title='bbox 1834 3614 1907 3687; x_wconf 90' lang='lat' dir='ltr'><strong>lege,</strong></span> <span class='ocrx_word' id='word_1_536' title='bbox 1926 3612 1970 3672; x_wconf 84' lang='lat' dir='ltr'><strong>rel</strong></span> 
     </span>
     <span class='ocr_line' id='line_1_38' title="bbox 332 3700 1712 3776; baseline 0.003 -20"><span class='ocrx_word' id='word_1_537' title='bbox 332 3702 418 3774; x_wconf 89' lang='lat' dir='ltr'><strong>tetigi,</strong></span> <span class='ocrx_word' id='word_1_538' title='bbox 433 3708 460 3757; x_wconf 91' lang='lat' dir='ltr'><strong>et</strong></span> <span class='ocrx_word' id='word_1_539' title='bbox 476 3700 597 3758; x_wconf 87' lang='lat' dir='ltr'><strong>latius&#39;iu</strong></span> <span class='ocrx_word' id='word_1_540' title='bbox 613 3708 680 3758; x_wconf 89' lang='lat' dir='ltr'><strong>tom.</strong></span> <span class='ocrx_word' id='word_1_541' title='bbox 698 3701 731 3760; x_wconf 90' lang='lat' dir='ltr'><strong>de</strong></span> <span class='ocrx_word' id='word_1_542' title='bbox 747 3701 895 3773; x_wconf 87' lang='lat' dir='ltr'><strong>poenitent.</strong></span> <span class='ocrx_word' id='word_1_543' title='bbox 912 3709 940 3759; x_wconf 89' lang='lat' dir='ltr'><strong>et</strong></span> <span class='ocrx_word' id='word_1_544' title='bbox 954 3718 1065 3760; x_wconf 87' lang='lat' dir='ltr'><strong>consur.</strong></span> <span class='ocrx_word' id='word_1_545' title='bbox 1082 3706 1133 3761; x_wconf 82' lang='lat' dir='ltr'><strong>lle·</strong></span> <span class='ocrx_word' id='word_1_546' title='bbox 1167 3719 1257 3775; x_wconf 87' lang='lat' dir='ltr'><strong>poena</strong></span> <span class='ocrx_word' id='word_1_547' title='bbox 1274 3720 1327 3760; x_wconf 90' lang='lat' dir='ltr'><strong>non</strong></span> <span class='ocrx_word' id='word_1_548' title='bbox 1343 3703 1496 3776; x_wconf 88' lang='lat' dir='ltr'><strong>specialiter</strong></span> <span class='ocrx_word' id='word_1_549' title='bbox 1510 3703 1548 3760; x_wconf 91' lang='lat' dir='ltr'><strong>illi</strong></span> <span class='ocrx_word' id='word_1_550' title='bbox 1563 3711 1712 3760; x_wconf 77' lang='lat' dir='ltr'><strong>reservata.</strong></span> 
     </span>
     <span class='ocr_line' id='line_1_39' title="bbox 333 3783 1968 3865; baseline 0.001 -19"><span class='ocrx_word' id='word_1_551' title='bbox 333 3789 397 3846; x_wconf 91' lang='lat' dir='ltr'><strong>iude</strong></span> <span class='ocrx_word' id='word_1_552' title='bbox 419 3789 504 3846; x_wconf 93' lang='lat' dir='ltr'><strong>multa</strong></span> <span class='ocrx_word' id='word_1_553' title='bbox 524 3796 603 3860; x_wconf 90' lang='lat' dir='ltr'><strong>suut,</strong></span> <span class='ocrx_word' id='word_1_554' title='bbox 619 3805 690 3864; x_wconf 90' lang='lat' dir='ltr'><strong>quae</strong></span> <span class='ocrx_word' id='word_1_555' title='bbox 703 3797 795 3863; x_wconf 90' lang='lat' dir='ltr'><strong>potest</strong></span> <span class='ocrx_word' id='word_1_556' title='bbox 808 3792 881 3862; x_wconf 89' lang='lat' dir='ltr'><strong>Papa</strong></span> <span class='ocrx_word' id='word_1_557' title='bbox 894 3793 920 3848; x_wconf 89' lang='lat' dir='ltr'><strong>iu</strong></span> <span class='ocrx_word' id='word_1_558' title='bbox 935 3793 1062 3850; x_wconf 78' lang='lat' dir='ltr'><strong>anniversa</strong></span> <span class='ocrx_word' id='word_1_559' title='bbox 1077 3794 1130 3852; x_wconf 86' lang='lat' dir='ltr'><strong>Ec·</strong></span> <span class='ocrx_word' id='word_1_560' title='bbox 1191 3783 1196 3792; x_wconf 82' lang='grc'><strong>’</strong></span> <span class='ocrx_word' id='word_1_561' title='bbox 1209 3797 1236 3850; x_wconf 87' lang='grc'><strong>6.</strong></span> <span class='ocrx_word' id='word_1_562' title='bbox 1252 3793 1332 3850; x_wconf 87' lang='lat' dir='ltr'><strong>Circa</strong></span> <span class='ocrx_word' id='word_1_563' title='bbox 1343 3792 1408 3849; x_wconf 88' lang='lat' dir='ltr'><strong>alias</strong></span> <span class='ocrx_word' id='word_1_564' title='bbox 1420 3807 1484 3850; x_wconf 82' lang='lat' dir='ltr'><strong>sero</strong></span> <span class='ocrx_word' id='word_1_565' title='bbox 1497 3793 1616 3849; x_wconf 87' lang='lat' dir='ltr'><strong>rationes</strong></span> <span class='ocrx_word' id='word_1_566' title='bbox 1627 3791 1817 3865; x_wconf 87' lang='lat' dir='ltr'><strong>explicandum</strong></span> <span class='ocrx_word' id='word_1_567' title='bbox 1829 3799 1968 3864; x_wconf 88' lang='lat' dir='ltr'><strong>superest,</strong></span> 
     </span>
     <span class='ocr_line' id='line_1_40' title="bbox 332 3877 1969 3966; baseline -0.001 -30"><span class='ocrx_word' id='word_1_568' title='bbox 332 3877 426 3950; x_wconf 90' lang='lat' dir='ltr'><strong>clesia,</strong></span> <span class='ocrx_word' id='word_1_569' title='bbox 450 3893 520 3952; x_wconf 90' lang='lat' dir='ltr'><strong>quae</strong></span> <span class='ocrx_word' id='word_1_570' title='bbox 535 3881 561 3935; x_wconf 91' lang='lat' dir='ltr'><strong>iu</strong></span> <span class='ocrx_word' id='word_1_571' title='bbox 575 3878 666 3952; x_wconf 87' lang='lat' dir='ltr'><strong>rigore</strong></span> <span class='ocrx_word' id='word_1_572' title='bbox 681 3891 821 3966; x_wconf 79' lang='lat' dir='ltr'><strong>uunqqam</strong></span> <span class='ocrx_word' id='word_1_573' title='bbox 836 3888 985 3952; x_wconf 90' lang='lat' dir='ltr'><strong>potueruut</strong></span> <span class='ocrx_word' id='word_1_574' title='bbox 999 3883 1131 3956; x_wconf 90' lang='lat' dir='ltr'><strong>episcopi,</strong></span> <span class='ocrx_word' id='word_1_575' title='bbox 1169 3883 1298 3954; x_wconf 90' lang='lat' dir='ltr'><strong>quaudo,</strong></span> <span class='ocrx_word' id='word_1_576' title='bbox 1320 3895 1369 3938; x_wconf 89' lang='lat' dir='ltr'><strong>seu</strong></span> <span class='ocrx_word' id='word_1_577' title='bbox 1390 3880 1491 3955; x_wconf 90' lang='lat' dir='ltr'><strong>quibus</strong></span> <span class='ocrx_word' id='word_1_578' title='bbox 1511 3880 1615 3953; x_wconf 89' lang='lat' dir='ltr'><strong>modis,</strong></span> <span class='ocrx_word' id='word_1_579' title='bbox 1635 3882 1678 3940; x_wconf 84' lang='lat' dir='ltr'><strong>ael</strong></span> <span class='ocrx_word' id='word_1_580' title='bbox 1698 3881 1841 3953; x_wconf 88' lang='lat' dir='ltr'><strong>inquibus</strong></span> <span class='ocrx_word' id='word_1_581' title='bbox 1857 3880 1969 3938; x_wconf 84' lang='lat' dir='ltr'><strong>oasilms</strong></span> 
     </span>
     <span class='ocr_line' id='line_1_41' title="bbox 333 3966 1969 4049; baseline -0.001 -24"><span class='ocrx_word' id='word_1_582' title='bbox 333 3968 427 4025; x_wconf 89' lang='lat' dir='ltr'><strong>saltem</strong></span> <span class='ocrx_word' id='word_1_583' title='bbox 447 3983 480 4024; x_wconf 89' lang='lat' dir='ltr'><strong>eo</strong></span> <span class='ocrx_word' id='word_1_584' title='bbox 501 3967 600 4039; x_wconf 94' lang='lat' dir='ltr'><strong>modo,</strong></span> <span class='ocrx_word' id='word_1_585' title='bbox 621 3983 677 4040; x_wconf 91' lang='lat' dir='ltr'><strong>quo</strong></span> <span class='ocrx_word' id='word_1_586' title='bbox 695 3969 740 4024; x_wconf 93' lang='lat' dir='ltr'><strong>illa</strong></span> <span class='ocrx_word' id='word_1_587' title='bbox 753 3974 844 4040; x_wconf 90' lang='lat' dir='ltr'><strong>potest</strong></span> <span class='ocrx_word' id='word_1_588' title='bbox 856 3969 997 4044; x_wconf 78' lang='lat' dir='ltr'><strong>Pontifex,</strong></span> <span class='ocrx_word' id='word_1_589' title='bbox 1014 3977 1045 4027; x_wconf 92' lang='lat' dir='ltr'><strong>ut</strong></span> <span class='ocrx_word' id='word_1_590' title='bbox 1060 3987 1085 4027; x_wconf 86' lang='lat' dir='ltr'><strong>v.</strong></span> <span class='ocrx_word' id='word_1_591' title='bbox 1102 3989 1130 4045; x_wconf 92' lang='lat' dir='ltr'><strong>g.</strong></span> <span class='ocrx_word' id='word_1_592' title='bbox 1161 3977 1316 4049; x_wconf 84' lang='lat' dir='ltr'><strong>censeatur</strong></span> <span class='ocrx_word' id='word_1_593' title='bbox 1337 3971 1475 4043; x_wconf 91' lang='lat' dir='ltr'><strong>episcopis</strong></span> <span class='ocrx_word' id='word_1_594' title='bbox 1497 3985 1633 4027; x_wconf 89' lang='lat' dir='ltr'><strong>concessa</strong></span> <span class='ocrx_word' id='word_1_595' title='bbox 1653 3977 1775 4042; x_wconf 89' lang='lat' dir='ltr'><strong>potestas</strong></span> <span class='ocrx_word' id='word_1_596' title='bbox 1795 3966 1969 4042; x_wconf 89' lang='lat' dir='ltr'><strong>dispensandi</strong></span> 
     </span>
     <span class='ocr_line' id='line_1_42' title="bbox 333 4058 1969 4134; baseline 0 -18"><span class='ocrx_word' id='word_1_597' title='bbox 333 4059 505 4116; x_wconf 88' lang='lat' dir='ltr'><strong>committere</strong></span> <span class='ocrx_word' id='word_1_598' title='bbox 519 4059 672 4129; x_wconf 89' lang='lat' dir='ltr'><strong>presbitero</strong></span> <span class='ocrx_word' id='word_1_599' title='bbox 685 4058 868 4116; x_wconf 90' lang='lat' dir='ltr'><strong>ministerium</strong></span> <span class='ocrx_word' id='word_1_600' title='bbox 881 4060 1052 4117; x_wconf 87' lang='lat' dir='ltr'><strong>sacramenti</strong></span> <span class='ocrx_word' id='word_1_601' title='bbox 1065 4077 1131 4118; x_wconf 89' lang='lat' dir='ltr'><strong>cou-</strong></span> <span class='ocrx_word' id='word_1_602' title='bbox 1168 4062 1195 4118; x_wconf 89' lang='lat' dir='ltr'><strong>iu</strong></span> <span class='ocrx_word' id='word_1_603' title='bbox 1212 4061 1270 4134; x_wconf 84' lang='lat' dir='ltr'><strong>lege</strong></span> <span class='ocrx_word' id='word_1_604' title='bbox 1290 4061 1452 4132; x_wconf 91' lang='lat' dir='ltr'><strong>superioris.</strong></span> <span class='ocrx_word' id='word_1_605' title='bbox 1468 4060 1555 4128; x_wconf 83' lang='lat' dir='ltr'><strong>Quam</strong></span> <span class='ocrx_word' id='word_1_606' title='bbox 1571 4076 1628 4117; x_wconf 89' lang='lat' dir='ltr'><strong>rem</strong></span> <span class='ocrx_word' id='word_1_607' title='bbox 1644 4060 1712 4118; x_wconf 92' lang='lat' dir='ltr'><strong>bene</strong></span> <span class='ocrx_word' id='word_1_608' title='bbox 1726 4066 1827 4118; x_wconf 91' lang='lat' dir='ltr'><strong>tractat</strong></span> <span class='ocrx_word' id='word_1_609' title='bbox 1838 4061 1924 4118; x_wconf 87' lang='lat' dir='ltr'><strong>Celet.</strong></span> <span class='ocrx_word' id='word_1_610' title='bbox 1941 4061 1969 4116; x_wconf 91' lang='lat' dir='ltr'><strong>iu</strong></span> 
     </span>
     <span class='ocr_line' id='line_1_43' title="bbox 331 4133 1967 4226; baseline 0.001 -23"><span class='ocrx_word' id='word_1_611' title='bbox 331 4146 507 4219; x_wconf 90' lang='lat' dir='ltr'><strong>firmationis,</strong></span> <span class='ocrx_word' id='word_1_612' title='bbox 523 4133 564 4203; x_wconf 76' lang='lat' dir='ltr'><strong>rel</strong></span> <span class='ocrx_word' id='word_1_613' title='bbox 580 4145 692 4218; x_wconf 88' lang='lat' dir='ltr'><strong>ordinis,</strong></span> <span class='ocrx_word' id='word_1_614' title='bbox 708 4146 805 4204; x_wconf 91' lang='lat' dir='ltr'><strong>sallem</strong></span> <span class='ocrx_word' id='word_1_615' title='bbox 818 4148 908 4222; x_wconf 90' lang='lat' dir='ltr'><strong>quoad</strong></span> <span class='ocrx_word' id='word_1_616' title='bbox 924 4150 1061 4222; x_wconf 84' lang='lat' dir='ltr'><strong>minores3</strong></span> <span class='ocrx_word' id='word_1_617' title='bbox 1076 4149 1132 4208; x_wconf 91' lang='lat' dir='ltr'><strong>dis·</strong></span> <span class='ocrx_word' id='word_1_618' title='bbox 1166 4148 1195 4205; x_wconf 92' lang='lat' dir='ltr'><strong>d.</strong></span> <span class='ocrx_word' id='word_1_619' title='bbox 1212 4157 1266 4207; x_wconf 90' lang='lat' dir='ltr'><strong>art.</strong></span> <span class='ocrx_word' id='word_1_620' title='bbox 1280 4153 1309 4222; x_wconf 82' lang='lat' dir='ltr'><strong>l,</strong></span> <span class='ocrx_word' id='word_1_621' title='bbox 1324 4158 1353 4206; x_wconf 93' lang='lat' dir='ltr'><strong>et</strong></span> <span class='ocrx_word' id='word_1_622' title='bbox 1366 4149 1486 4226; x_wconf 78' lang='lat' dir='ltr'><strong>sylvest.</strong></span> <span class='ocrx_word' id='word_1_623' title='bbox 1503 4149 1530 4206; x_wconf 89' lang='lat' dir='ltr'><strong>d.</strong></span> <span class='ocrx_word' id='word_1_624' title='bbox 1547 4165 1574 4205; x_wconf 90' lang='lat' dir='ltr'><strong>n.</strong></span> <span class='ocrx_word' id='word_1_625' title='bbox 1595 4154 1636 4209; x_wconf 83' lang='lat' dir='ltr'><strong>ll.</strong></span> <span class='ocrx_word' id='word_1_626' title='bbox 1652 4153 1760 4208; x_wconf 89' lang='lat' dir='ltr'><strong>Primus</strong></span> <span class='ocrx_word' id='word_1_627' title='bbox 1774 4165 1841 4222; x_wconf 90' lang='lat' dir='ltr'><strong>ergo</strong></span> <span class='ocrx_word' id='word_1_628' title='bbox 1855 4148 1967 4221; x_wconf 92' lang='lat' dir='ltr'><strong>modus,</strong></span> 
     </span>
     <span class='ocr_line' id='line_1_44' title="bbox 331 4236 1969 4312; baseline 0.001 -19"><span class='ocrx_word' id='word_1_629' title='bbox 331 4251 447 4308; x_wconf 91' lang='lat' dir='ltr'><strong>pensare</strong></span> <span class='ocrx_word' id='word_1_630' title='bbox 469 4237 493 4291; x_wconf 90' lang='lat' dir='ltr'><strong>iu</strong></span> <span class='ocrx_word' id='word_1_631' title='bbox 514 4236 764 4294; x_wconf 84' lang='lat' dir='ltr'><strong>matrimoniorum</strong></span> <span class='ocrx_word' id='word_1_632' title='bbox 785 4253 838 4293; x_wconf 91' lang='lat' dir='ltr'><strong>non</strong></span> <span class='ocrx_word' id='word_1_633' title='bbox 859 4246 1067 4310; x_wconf 90' lang='lat' dir='ltr'><strong>consummato,</strong></span> <span class='ocrx_word' id='word_1_634' title='bbox 1089 4240 1131 4297; x_wconf 86' lang='lat' dir='ltr'><strong>rel</strong></span> <span class='ocrx_word' id='word_1_635' title='bbox 1166 4245 1195 4296; x_wconf 88' lang='lat' dir='ltr'><strong>et</strong></span> <span class='ocrx_word' id='word_1_636' title='bbox 1207 4240 1308 4295; x_wconf 91' lang='lat' dir='ltr'><strong>ceteris</strong></span> <span class='ocrx_word' id='word_1_637' title='bbox 1322 4239 1422 4297; x_wconf 88' lang='lat' dir='ltr'><strong>clarior</strong></span> <span class='ocrx_word' id='word_1_638' title='bbox 1435 4237 1671 4311; x_wconf 85' lang='lat' dir='ltr'><strong>est,&#39;quaudeius</strong></span> <span class='ocrx_word' id='word_1_639' title='bbox 1683 4240 1772 4312; x_wconf 91' lang='lat' dir='ltr'><strong>ipsum</strong></span> <span class='ocrx_word' id='word_1_640' title='bbox 1784 4238 1969 4296; x_wconf 89' lang='lat' dir='ltr'><strong>conceditta·</strong></span> 
     </span>
     <span class='ocr_line' id='line_1_45' title="bbox 280 4324 1968 4402; baseline 0.002 -20"><span class='ocrx_word' id='word_1_641' title='bbox 280 4345 284 4356; x_wconf 83' lang='grc'><em>·</em></span> <span class='ocrx_word' id='word_1_642' title='bbox 331 4326 360 4382; x_wconf 90' lang='lat' dir='ltr'><strong>la</strong></span> <span class='ocrx_word' id='word_1_643' title='bbox 372 4330 434 4382; x_wconf 89' lang='lat' dir='ltr'><strong>voto</strong></span> <span class='ocrx_word' id='word_1_644' title='bbox 449 4325 572 4397; x_wconf 79' lang='lat' dir='ltr'><strong>solemni3</strong></span> <span class='ocrx_word' id='word_1_645' title='bbox 586 4324 738 4383; x_wconf 87' lang='lat' dir='ltr'><strong>concedere</strong></span> <span class='ocrx_word' id='word_1_646' title='bbox 749 4325 933 4400; x_wconf 86' lang='lat' dir='ltr'><strong>indulgentias</strong></span> <span class='ocrx_word' id='word_1_647' title='bbox 944 4329 1069 4386; x_wconf 90' lang='lat' dir='ltr'><strong>absolute</strong></span> <span class='ocrx_word' id='word_1_648' title='bbox 1081 4344 1131 4401; x_wconf 88' lang='lat' dir='ltr'><strong>pro</strong></span> <span class='ocrx_word' id='word_1_649' title='bbox 1164 4327 1218 4386; x_wconf 92' lang='lat' dir='ltr'><strong>lem</strong></span> <span class='ocrx_word' id='word_1_650' title='bbox 1234 4327 1407 4402; x_wconf 90' lang='lat' dir='ltr'><strong>dispensandi</strong></span> <span class='ocrx_word' id='word_1_651' title='bbox 1421 4334 1602 4400; x_wconf 79' lang='lat' dir='ltr'><strong>potestatem3</strong></span> <span class='ocrx_word' id='word_1_652' title='bbox 1618 4328 1692 4402; x_wconf 92' lang='lat' dir='ltr'><strong>quod</strong></span> <span class='ocrx_word' id='word_1_653' title='bbox 1704 4343 1784 4402; x_wconf 86' lang='lat' dir='ltr'><strong>saepe</strong></span> <span class='ocrx_word' id='word_1_654' title='bbox 1799 4329 1845 4401; x_wconf 90' lang='lat' dir='ltr'><strong>lit,</strong></span> <span class='ocrx_word' id='word_1_655' title='bbox 1860 4329 1903 4385; x_wconf 80' lang='lat' dir='ltr'><strong>ael</strong></span> <span class='ocrx_word' id='word_1_656' title='bbox 1919 4345 1968 4401; x_wconf 88' lang='lat' dir='ltr'><strong>per</strong></span> 
     </span>
     <span class='ocr_line' id='line_1_46' title="bbox 331 4414 1967 4493; baseline 0.004 -23"><span class='ocrx_word' id='word_1_657' title='bbox 331 4415 401 4471; x_wconf 85' lang='lat' dir='ltr'><strong>rivis</strong></span> <span class='ocrx_word' id='word_1_658' title='bbox 421 4423 449 4472; x_wconf 87' lang='lat' dir='ltr'><strong>et</strong></span> <span class='ocrx_word' id='word_1_659' title='bbox 467 4414 603 4472; x_wconf 88' lang='lat' dir='ltr'><strong>defunctis</strong></span> <span class='ocrx_word' id='word_1_660' title='bbox 617 4431 706 4489; x_wconf 93' lang='lat' dir='ltr'><strong>usque</strong></span> <span class='ocrx_word' id='word_1_661' title='bbox 720 4415 753 4473; x_wconf 91' lang='lat' dir='ltr'><strong>ad</strong></span> <span class='ocrx_word' id='word_1_662' title='bbox 768 4416 916 4489; x_wconf 87' lang='lat' dir='ltr'><strong>plenariam</strong></span> <span class='ocrx_word' id='word_1_663' title='bbox 930 4419 1128 4493; x_wconf 70' lang='lat' dir='ltr'><strong>remissionem,</strong></span> <span class='ocrx_word' id='word_1_664' title='bbox 1165 4418 1285 4491; x_wconf 89' lang='lat' dir='ltr'><strong>aliquam</strong></span> <span class='ocrx_word' id='word_1_665' title='bbox 1307 4417 1462 4476; x_wconf 86' lang='lat' dir='ltr'><strong>clausulam</strong></span> <span class='ocrx_word' id='word_1_666' title='bbox 1482 4419 1654 4491; x_wconf 90' lang='lat' dir='ltr'><strong>generalem,</strong></span> <span class='ocrx_word' id='word_1_667' title='bbox 1675 4425 1706 4476; x_wconf 88' lang='lat' dir='ltr'><strong>ut</strong></span> <span class='ocrx_word' id='word_1_668' title='bbox 1726 4420 1752 4475; x_wconf 90' lang='lat' dir='ltr'><strong>iu</strong></span> <span class='ocrx_word' id='word_1_669' title='bbox 1774 4419 1877 4476; x_wconf 88' lang='lat' dir='ltr'><strong>concil.</strong></span> <span class='ocrx_word' id='word_1_670' title='bbox 1900 4417 1967 4478; x_wconf 91' lang='lat' dir='ltr'><strong>trid.</strong></span> 
     </span>
     <span class='ocr_line' id='line_1_47' title="bbox 331 4504 1969 4581; baseline 0.002 -20"><span class='ocrx_word' id='word_1_671' title='bbox 331 4504 474 4563; x_wconf 87' lang='lat' dir='ltr'><strong>instituere</strong></span> <span class='ocrx_word' id='word_1_672' title='bbox 484 4521 629 4573; x_wconf 84' lang='lat' dir='ltr'><strong>censuras,</strong></span> <span class='ocrx_word' id='word_1_673' title='bbox 640 4505 793 4579; x_wconf 87' lang='lat' dir='ltr'><strong>approbare</strong></span> <span class='ocrx_word' id='word_1_674' title='bbox 803 4508 956 4581; x_wconf 86' lang='lat' dir='ltr'><strong>religiones,</strong></span> <span class='ocrx_word' id='word_1_675' title='bbox 969 4509 1130 4566; x_wconf 88' lang='lat' dir='ltr'><strong>canonizare</strong></span> <span class='ocrx_word' id='word_1_676' title='bbox 1165 4521 1235 4565; x_wconf 91' lang='lat' dir='ltr'><strong>sess.</strong></span> <span class='ocrx_word' id='word_1_677' title='bbox 1251 4511 1303 4580; x_wconf 83' lang='lat' dir='ltr'><strong>at,</strong></span> <span class='ocrx_word' id='word_1_678' title='bbox 1320 4524 1346 4565; x_wconf 89' lang='lat' dir='ltr'><strong>o.</strong></span> <span class='ocrx_word' id='word_1_679' title='bbox 1364 4512 1391 4567; x_wconf 87' lang='grc'><strong>6.</strong></span> <span class='ocrx_word' id='word_1_680' title='bbox 1407 4506 1441 4564; x_wconf 92' lang='lat' dir='ltr'><strong>de</strong></span> <span class='ocrx_word' id='word_1_681' title='bbox 1455 4507 1593 4578; x_wconf 77' lang='lat' dir='ltr'><strong>reformat.</strong></span> <span class='ocrx_word' id='word_1_682' title='bbox 1612 4507 1653 4564; x_wconf 88' lang='lat' dir='ltr'><strong>vel</strong></span> <span class='ocrx_word' id='word_1_683' title='bbox 1669 4508 1695 4564; x_wconf 94' lang='lat' dir='ltr'><strong>in</strong></span> <span class='ocrx_word' id='word_1_684' title='bbox 1710 4508 1800 4581; x_wconf 89' lang='lat' dir='ltr'><strong>aliquo</strong></span> <span class='ocrx_word' id='word_1_685' title='bbox 1824 4523 1892 4566; x_wconf 86' lang='lat' dir='ltr'><strong>casu</strong></span> <span class='ocrx_word' id='word_1_686' title='bbox 1907 4524 1969 4580; x_wconf 90' lang='lat' dir='ltr'><strong>spe·</strong></span> 
     </span>
     <span class='ocr_line' id='line_1_48' title="bbox 332 4594 1966 4682; baseline 0.001 -30"><span class='ocrx_word' id='word_1_687' title='bbox 332 4603 443 4682; x_wconf 68' lang='lat' dir='ltr'><strong>sanctoq</strong></span> <span class='ocrx_word' id='word_1_688' title='bbox 456 4610 489 4651; x_wconf 91' lang='lat' dir='ltr'><strong>eo</strong></span> <span class='ocrx_word' id='word_1_689' title='bbox 504 4594 597 4668; x_wconf 90' lang='lat' dir='ltr'><strong>modo,</strong></span> <span class='ocrx_word' id='word_1_690' title='bbox 609 4611 664 4668; x_wconf 92' lang='lat' dir='ltr'><strong>quo</strong></span> <span class='ocrx_word' id='word_1_691' title='bbox 675 4612 690 4651; x_wconf 93' lang='lat' dir='ltr'><strong>a</strong></span> <span class='ocrx_word' id='word_1_692' title='bbox 702 4596 829 4654; x_wconf 88' lang='lat' dir='ltr'><strong>Pontifice</strong></span> <span class='ocrx_word' id='word_1_693' title='bbox 840 4598 878 4655; x_wconf 85' lang='lat' dir='ltr'><strong>tit.</strong></span> <span class='ocrx_word' id='word_1_694' title='bbox 890 4599 964 4666; x_wconf 83' lang='lat' dir='ltr'><strong>Quae</strong></span> <span class='ocrx_word' id='word_1_695' title='bbox 976 4613 1050 4654; x_wconf 90' lang='lat' dir='ltr'><strong>nuuc</strong></span> <span class='ocrx_word' id='word_1_696' title='bbox 1062 4615 1130 4671; x_wconf 92' lang='lat' dir='ltr'><strong>sup·</strong></span> <span class='ocrx_word' id='word_1_697' title='bbox 1165 4596 1244 4667; x_wconf 88' lang='lat' dir='ltr'><strong>ciali,</strong></span> <span class='ocrx_word' id='word_1_698' title='bbox 1264 4597 1299 4654; x_wconf 91' lang='lat' dir='ltr'><strong>de</strong></span> <span class='ocrx_word' id='word_1_699' title='bbox 1312 4613 1368 4670; x_wconf 94' lang='lat' dir='ltr'><strong>quo</strong></span> <span class='ocrx_word' id='word_1_700' title='bbox 1381 4596 1424 4654; x_wconf 88' lang='lat' dir='ltr'><strong>lex</strong></span> <span class='ocrx_word' id='word_1_701' title='bbox 1446 4597 1582 4670; x_wconf 87' lang='lat' dir='ltr'><strong>loquitur.</strong></span> <span class='ocrx_word' id='word_1_702' title='bbox 1598 4596 1801 4654; x_wconf 74' lang='lat' dir='ltr'><strong>advertendum</strong></span> <span class='ocrx_word' id='word_1_703' title='bbox 1815 4604 1857 4655; x_wconf 91' lang='lat' dir='ltr'><strong>est</strong></span> <span class='ocrx_word' id='word_1_704' title='bbox 1872 4603 1966 4655; x_wconf 90' lang='lat' dir='ltr'><strong>autem</strong></span> 
     </span>
     <span class='ocr_line' id='line_1_49' title="bbox 332 4671 1968 4764; baseline 0.001 -22"><span class='ocrx_word' id='word_1_705' title='bbox 332 4671 422 4757; x_wconf 87' lang='lat' dir='ltr'><strong>pono,</strong></span> <span class='ocrx_word' id='word_1_706' title='bbox 442 4685 572 4754; x_wconf 90' lang='lat' dir='ltr'><strong>quianon</strong></span> <span class='ocrx_word' id='word_1_707' title='bbox 588 4699 736 4764; x_wconf 88' lang='lat' dir='ltr'><strong>possumus</strong></span> <span class='ocrx_word' id='word_1_708' title='bbox 751 4688 842 4742; x_wconf 92' lang='lat' dir='ltr'><strong>omnia</strong></span> <span class='ocrx_word' id='word_1_709' title='bbox 857 4687 994 4760; x_wconf 88' lang='lat' dir='ltr'><strong>persequi.</strong></span> <span class='ocrx_word' id='word_1_710' title='bbox 1012 4688 1131 4760; x_wconf 85' lang='lat' dir='ltr'><strong>benique</strong></span> <span class='ocrx_word' id='word_1_711' title='bbox 1165 4701 1198 4742; x_wconf 81' lang='lat' dir='ltr'><strong>ex</strong></span> <span class='ocrx_word' id='word_1_712' title='bbox 1212 4688 1353 4743; x_wconf 89' lang='lat' dir='ltr'><strong>communi</strong></span> <span class='ocrx_word' id='word_1_713' title='bbox 1368 4688 1501 4744; x_wconf 87' lang='lat' dir='ltr'><strong>sententia</strong></span> <span class='ocrx_word' id='word_1_714' title='bbox 1512 4685 1731 4758; x_wconf 89' lang='lat' dir='ltr'><strong>canonistarum,</strong></span> <span class='ocrx_word' id='word_1_715' title='bbox 1744 4686 1854 4760; x_wconf 88' lang='lat' dir='ltr'><strong>quoties</strong></span> <span class='ocrx_word' id='word_1_716' title='bbox 1866 4687 1894 4742; x_wconf 92' lang='lat' dir='ltr'><strong>iu</strong></span> <span class='ocrx_word' id='word_1_717' title='bbox 1909 4687 1968 4760; x_wconf 83' lang='lat' dir='ltr'><strong>lega</strong></span> 
     </span>
     <span class='ocr_line' id='line_1_50' title="bbox 332 4769 1968 4850; baseline 0.002 -22"><span class='ocrx_word' id='word_1_718' title='bbox 332 4777 355 4830; x_wconf 91' lang='lat' dir='ltr'><strong>sl</strong></span> <span class='ocrx_word' id='word_1_719' title='bbox 370 4777 395 4831; x_wconf 93' lang='lat' dir='ltr'><strong>in</strong></span> <span class='ocrx_word' id='word_1_720' title='bbox 411 4769 502 4847; x_wconf 90' lang='lat' dir='ltr'><strong>aliq&#39;uo</strong></span> <span class='ocrx_word' id='word_1_721' title='bbox 516 4789 597 4830; x_wconf 89' lang='lat' dir='ltr'><strong>sensu</strong></span> <span class='ocrx_word' id='word_1_722' title='bbox 613 4773 639 4830; x_wconf 92' lang='lat' dir='ltr'><strong>id</strong></span> <span class='ocrx_word' id='word_1_723' title='bbox 651 4773 761 4831; x_wconf 91' lang='lat' dir='ltr'><strong>tolerari</strong></span> <span class='ocrx_word' id='word_1_724' title='bbox 774 4782 873 4848; x_wconf 87' lang='lat' dir='ltr'><strong>potest,</strong></span> <span class='ocrx_word' id='word_1_725' title='bbox 887 4776 976 4833; x_wconf 91' lang='lat' dir='ltr'><strong>solum</strong></span> <span class='ocrx_word' id='word_1_726' title='bbox 987 4782 1030 4846; x_wconf 82' lang='lat' dir='ltr'><strong>est</strong></span> <span class='ocrx_word' id='word_1_727' title='bbox 1040 4776 1130 4848; x_wconf 91' lang='lat' dir='ltr'><strong>quoad</strong></span> <span class='ocrx_word' id='word_1_728' title='bbox 1165 4777 1304 4848; x_wconf 89' lang='lat' dir='ltr'><strong>pontificia</strong></span> <span class='ocrx_word' id='word_1_729' title='bbox 1318 4776 1440 4850; x_wconf 92' lang='lat' dir='ltr'><strong>additur,</strong></span> <span class='ocrx_word' id='word_1_730' title='bbox 1455 4776 1525 4833; x_wconf 92' lang='lat' dir='ltr'><strong>utin</strong></span> <span class='ocrx_word' id='word_1_731' title='bbox 1540 4792 1573 4832; x_wconf 92' lang='lat' dir='ltr'><strong>eo</strong></span> <span class='ocrx_word' id='word_1_732' title='bbox 1589 4777 1674 4848; x_wconf 87' lang='lat' dir='ltr'><strong>possit</strong></span> <span class='ocrx_word' id='word_1_733' title='bbox 1686 4775 1851 4849; x_wconf 88' lang='lat' dir='ltr'><strong>dispensari,</strong></span> <span class='ocrx_word' id='word_1_734' title='bbox 1861 4791 1894 4832; x_wconf 92' lang='lat' dir='ltr'><strong>eo</strong></span> <span class='ocrx_word' id='word_1_735' title='bbox 1907 4777 1968 4847; x_wconf 90' lang='lat' dir='ltr'><strong>ipso</strong></span> 
     </span>
     <span class='ocr_line' id='line_1_51' title="bbox 331 4862 1968 4939; baseline 0.002 -19"><span class='ocrx_word' id='word_1_736' title='bbox 331 4877 378 4934; x_wconf 90' lang='lat' dir='ltr'><strong>ee,</strong></span> <span class='ocrx_word' id='word_1_737' title='bbox 400 4879 471 4937; x_wconf 91' lang='lat' dir='ltr'><strong>quae</strong></span> <span class='ocrx_word' id='word_1_738' title='bbox 491 4865 625 4935; x_wconf 86' lang='lat' dir='ltr'><strong>pertinent</strong></span> <span class='ocrx_word' id='word_1_739' title='bbox 639 4862 672 4920; x_wconf 91' lang='lat' dir='ltr'><strong>ed</strong></span> <span class='ocrx_word' id='word_1_740' title='bbox 688 4862 852 4921; x_wconf 89' lang='lat' dir='ltr'><strong>ordinariam</strong></span> <span class='ocrx_word' id='word_1_741' title='bbox 867 4872 894 4922; x_wconf 93' lang='lat' dir='ltr'><strong>et</strong></span> <span class='ocrx_word' id='word_1_742' title='bbox 907 4865 1130 4939; x_wconf 85' lang='lat' dir='ltr'><strong>gubernationem</strong></span> <span class='ocrx_word' id='word_1_743' title='bbox 1166 4866 1276 4939; x_wconf 86' lang='lat' dir='ltr'><strong>intelligi</strong></span> <span class='ocrx_word' id='word_1_744' title='bbox 1289 4867 1517 4938; x_wconf 90' lang='lat' dir='ltr'><strong>dispensationem</strong></span> <span class='ocrx_word' id='word_1_745' title='bbox 1529 4866 1666 4924; x_wconf 90' lang='lat' dir='ltr'><strong>committi</strong></span> <span class='ocrx_word' id='word_1_746' title='bbox 1677 4869 1818 4938; x_wconf 89' lang='lat' dir='ltr'><strong>episcopo,</strong></span> <span class='ocrx_word' id='word_1_747' title='bbox 1828 4873 1889 4922; x_wconf 91' lang='lat' dir='ltr'><strong>tum</strong></span> <span class='ocrx_word' id='word_1_748' title='bbox 1902 4867 1968 4939; x_wconf 88' lang='lat' dir='ltr'><strong>quie</strong></span> 
     </span>
     <span class='ocr_line' id='line_1_52' title="bbox 330 4952 1967 5028; baseline 0.001 -17"><span class='ocrx_word' id='word_1_749' title='bbox 330 4954 472 5012; x_wconf 88' lang='lat' dir='ltr'><strong>moraliter</strong></span> <span class='ocrx_word' id='word_1_750' title='bbox 488 4952 680 5022; x_wconf 85' lang='lat' dir='ltr'><strong>necessariam,</strong></span> <span class='ocrx_word' id='word_1_751' title='bbox 694 4953 734 5010; x_wconf 85' lang='lat' dir='ltr'><strong>vel</strong></span> <span class='ocrx_word' id='word_1_752' title='bbox 750 4955 955 5012; x_wconf 83' lang='lat' dir='ltr'><strong>convenientem</strong></span> <span class='ocrx_word' id='word_1_753' title='bbox 968 4955 1130 5013; x_wconf 90' lang='lat' dir='ltr'><strong>adsalutem</strong></span> <span class='ocrx_word' id='word_1_754' title='bbox 1165 4957 1232 5013; x_wconf 89' lang='lat' dir='ltr'><strong>alias</strong></span> <span class='ocrx_word' id='word_1_755' title='bbox 1248 4956 1332 5014; x_wconf 83' lang='lat' dir='ltr'><strong>verbe</strong></span> <span class='ocrx_word' id='word_1_756' title='bbox 1345 4958 1390 5015; x_wconf 91' lang='lat' dir='ltr'><strong>illa</strong></span> <span class='ocrx_word' id='word_1_757' title='bbox 1406 4963 1500 5014; x_wconf 91' lang='lat' dir='ltr'><strong>esseut</strong></span> <span class='ocrx_word' id='word_1_758' title='bbox 1514 4955 1736 5028; x_wconf 88' lang='lat' dir='ltr'><strong>superflua,cum</strong></span> <span class='ocrx_word' id='word_1_759' title='bbox 1748 4971 1797 5027; x_wconf 91' lang='lat' dir='ltr'><strong>per</strong></span> <span class='ocrx_word' id='word_1_760' title='bbox 1807 4971 1836 5012; x_wconf 90' lang='lat' dir='ltr'><strong>se</strong></span> <span class='ocrx_word' id='word_1_761' title='bbox 1848 4961 1967 5028; x_wconf 88' lang='lat' dir='ltr'><strong>constet,</strong></span> 
     </span>
     <span class='ocr_line' id='line_1_53' title="bbox 331 5043 1969 5121; baseline 0.002 -22"><span class='ocrx_word' id='word_1_762' title='bbox 331 5043 494 5114; x_wconf 89' lang='lat' dir='ltr'><strong>animarum,</strong></span> <span class='ocrx_word' id='word_1_763' title='bbox 506 5049 534 5100; x_wconf 90' lang='lat' dir='ltr'><strong>et</strong></span> <span class='ocrx_word' id='word_1_764' title='bbox 544 5043 744 5101; x_wconf 87' lang='lat' dir='ltr'><strong>considerando</strong></span> <span class='ocrx_word' id='word_1_765' title='bbox 753 5051 915 5116; x_wconf 90' lang='lat' dir='ltr'><strong>potestatem</strong></span> <span class='ocrx_word' id='word_1_766' title='bbox 923 5048 1127 5119; x_wconf 90' lang='lat' dir='ltr'><strong>episcoporum,</strong></span> <span class='ocrx_word' id='word_1_767' title='bbox 1163 5046 1246 5105; x_wconf 92' lang='lat' dir='ltr'><strong>talem</strong></span> <span class='ocrx_word' id='word_1_768' title='bbox 1259 5046 1347 5121; x_wconf 89' lang='lat' dir='ltr'><strong>legem</strong></span> <span class='ocrx_word' id='word_1_769' title='bbox 1359 5063 1420 5105; x_wconf 90' lang='lat' dir='ltr'><strong>esse</strong></span> <span class='ocrx_word' id='word_1_770' title='bbox 1432 5064 1447 5104; x_wconf 91' lang='lat' dir='ltr'><strong>a</strong></span> <span class='ocrx_word' id='word_1_771' title='bbox 1459 5048 1587 5104; x_wconf 88' lang='lat' dir='ltr'><strong>Pontilice</strong></span> <span class='ocrx_word' id='word_1_772' title='bbox 1598 5045 1818 5119; x_wconf 87' lang='lat' dir='ltr'><strong>dispensabilem,</strong></span> <span class='ocrx_word' id='word_1_773' title='bbox 1831 5053 1891 5102; x_wconf 89' lang='lat' dir='ltr'><strong>tum</strong></span> <span class='ocrx_word' id='word_1_774' title='bbox 1901 5046 1969 5119; x_wconf 89' lang='lat' dir='ltr'><strong>quia</strong></span> 
     </span>
     <span class='ocr_line' id='line_1_54' title="bbox 326 5133 1967 5211; baseline 0.003 -22"><span class='ocrx_word' id='word_1_775' title='bbox 326 5133 489 5206; x_wconf 90' lang='lat' dir='ltr'><strong>priusquam</strong></span> <span class='ocrx_word' id='word_1_776' title='bbox 500 5133 624 5190; x_wconf 86' lang='lat' dir='ltr'><strong>Pontifex</strong></span> <span class='ocrx_word' id='word_1_777' title='bbox 637 5133 740 5208; x_wconf 88' lang='lat' dir='ltr'><strong>aliquid</strong></span> <span class='ocrx_word' id='word_1_778' title='bbox 748 5135 883 5208; x_wconf 85' lang='lat' dir='ltr'><strong>agendum</strong></span> <span class='ocrx_word' id='word_1_779' title='bbox 892 5142 1005 5203; x_wconf 89' lang='lat' dir='ltr'><strong>statuat,</strong></span> <span class='ocrx_word' id='word_1_780' title='bbox 1014 5137 1057 5193; x_wconf 82' lang='lat' dir='ltr'><strong>uel</strong></span> <span class='ocrx_word' id='word_1_781' title='bbox 1066 5154 1131 5209; x_wconf 92' lang='lat' dir='ltr'><strong>pro·</strong></span> <span class='ocrx_word' id='word_1_782' title='bbox 1164 5143 1286 5210; x_wconf 88' lang='lat' dir='ltr'><strong>potestas</strong></span> <span class='ocrx_word' id='word_1_783' title='bbox 1306 5136 1480 5211; x_wconf 86' lang='lat' dir='ltr'><strong>dispensandi</strong></span> <span class='ocrx_word' id='word_1_784' title='bbox 1499 5136 1587 5209; x_wconf 89' lang='lat' dir='ltr'><strong>ample</strong></span> <span class='ocrx_word' id='word_1_785' title='bbox 1606 5142 1649 5194; x_wconf 91' lang='lat' dir='ltr'><strong>est</strong></span> <span class='ocrx_word' id='word_1_786' title='bbox 1662 5135 1874 5209; x_wconf 88' lang='lat' dir='ltr'><strong>interpretanda.</strong></span> <span class='ocrx_word' id='word_1_787' title='bbox 1894 5137 1967 5194; x_wconf 85' lang='lat' dir='ltr'><strong>llaec</strong></span> 
     </span>
     <span class='ocr_line' id='line_1_55' title="bbox 330 5219 1967 5302; baseline 0.002 -20"><span class='ocrx_word' id='word_1_788' title='bbox 330 5220 435 5293; x_wconf 71' lang='lat' dir='ltr'><strong>bilseate</strong></span> <span class='ocrx_word' id='word_1_789' title='bbox 458 5223 497 5280; x_wconf 86' lang='lat' dir='ltr'><strong>eie</strong></span> <span class='ocrx_word' id='word_1_790' title='bbox 515 5223 587 5282; x_wconf 91' lang='lat' dir='ltr'><strong>euim</strong></span> <span class='ocrx_word' id='word_1_791' title='bbox 603 5222 761 5298; x_wconf 89' lang='lat' dir='ltr'><strong>intelligitur</strong></span> <span class='ocrx_word' id='word_1_792' title='bbox 776 5219 967 5300; x_wconf 72' lang='lat' dir='ltr'><strong>unisquisque</strong></span> <span class='ocrx_word' id='word_1_793' title='bbox 981 5227 1128 5302; x_wconf 88' lang='lat' dir='ltr'><strong>episeopus</strong></span> <span class='ocrx_word' id='word_1_794' title='bbox 1164 5227 1217 5286; x_wconf 89' lang='lat' dir='ltr'><strong>fuit</strong></span> <span class='ocrx_word' id='word_1_795' title='bbox 1234 5229 1368 5286; x_wconf 87' lang='lat' dir='ltr'><strong>sententia</strong></span> <span class='ocrx_word' id='word_1_796' title='bbox 1386 5228 1536 5286; x_wconf 86' lang='lat' dir='ltr'><strong>iunocentii</strong></span> <span class='ocrx_word' id='word_1_797' title='bbox 1556 5228 1583 5284; x_wconf 94' lang='lat' dir='ltr'><strong>iu</strong></span> <span class='ocrx_word' id='word_1_798' title='bbox 1596 5241 1659 5300; x_wconf 89' lang='lat' dir='ltr'><strong>cap.</strong></span> <span class='ocrx_word' id='word_1_799' title='bbox 1675 5225 1829 5296; x_wconf 75' lang='lat' dir='ltr'><strong>Dilectus,</strong></span> <span class='ocrx_word' id='word_1_800' title='bbox 1847 5226 1882 5286; x_wconf 92' lang='lat' dir='ltr'><strong>de</strong></span> <span class='ocrx_word' id='word_1_801' title='bbox 1897 5233 1967 5285; x_wconf 89' lang='lat' dir='ltr'><strong>tem·</strong></span> 
     </span>
    </p>
   </div>
   <div class='ocr_carea' id='block_1_5' title="bbox 0 0 2146 6246">
    <p class='ocr_par' dir='ltr' id='par_1_6' title="bbox 0 0 2146 6246">
     <span class='ocr_line' id='line_1_56' title="bbox 0 0 2146 6246; baseline 0 1"><span class='ocrx_word' id='word_1_802' title='bbox 0 0 2146 6246; x_wconf 95' lang='lat' dir='ltr'><strong> </strong></span> 
     </span>
    </p>
   </div>
  </div>
 </body>
</html>
