4278 6242
379 353 442 418 158
695 303 704 318 ⁰
1083 369 1185 422 amun
1198 369 1246 420 m.

340 508 397 552 uua
416 495 497 552 etiam
518 493 577 570 lege
598 493 791 568 prohibeatur,
812 495 890 552 iuxta
910 492 976 552 illud
996 493 1134 552 iustiniani
1170 497 1331 561 constante,
1349 497 1376 552 2.
1397 493 1462 550 leot.
1485 493 1745 553 resoluendum.
1768 502 1795 555 et
1815 497 1971 557 bernardus

339 583 514 656 imperatoris
535 585 561 641 in
581 586 600 643 l.
623 583 674 642 ult.
696 585 726 642 C.
743 585 777 642 de
791 584 907 658 nuptiis:
927 586 1005 644 Cum
1019 599 1057 641 es·
1071 600 1136 642 aaa
1169 585 1241 655 iliez,
1268 583 1357 656 regul.
1374 587 1439 643 129.
1455 584 1491 642 Et
1505 591 1570 642 ωηο
1584 584 1693 659 proprie
1707 603 1762 646 non
1772 587 1801 644 lit
1811 588 1973 648 extensio'in

339 674 445 732 radice
458 677 566 732 ollium
577 677 724 747 noscitur,
734 689 910 748 consequens
920 677 971 740 est,
986 678 1021 730 ui
1031 671 1136 730 ecdem
1172 673 1267 732 eadem
1288 675 1363 748 lege,
1383 673 1431 734 sed
1451 689 1507 732 una
1519 667 1640 733 extendit
1657 677 1785 734 ellectum
1799 677 1928 752 alterius3
1943 687 1972 738 et

342 761 403 836 lepe
414 761 550 820 tollatur.
561 763 612 832 Qut
624 763 723 821 modus
733 764 815 820 etiam
826 762 906 820 debet
917 762 1039 834 intelligi,
1050 776 1137 834 quan·
1170 763 1231 821 ideo
1247 764 1316 820 solet
1329 761 1397 820 haec
1411 765 1532 821 extensio
1550 767 1645 822 uocari
1661 783 1676 822 a
1691 767 1792 823 iuristis
1808 770 1930 840 passiva,
1941 776 1971 826 et

340 853 377 911 do
397 853 467 910 ratio
488 860 516 911 et
535 853 612 910 radix
632 852 822 924 prohibitionis
836 869 891 910 una
904 859 932 910 et
945 851 1040 910 eadem
1054 858 1097 908 est
1109 853 1136 908 in
1171 870 1224 910 non
1240 854 1346 928 actius,
1361 862 1393 914 ut
1407 852 1500 912 videre
1514 854 1577 914 lieet
1590 858 1618 912 iu
1633 857 1709 914 Bari.
1725 857 1818 930 supra,
1830 865 1860 917 et
1873 859 1971 918 Rooho

341 952 461 1018 utroque
476 958 560 1012 casu,
572 950 605 1001 ut
618 944 746 1014 exposuit
757 943 853 1001 Glossa
867 945 894 999 iu
906 958 967 1014 cap.
982 945 1138 1001 Fraterui·
1172 958 1250 1000 uum.
1267 947 1294 1001 9.

339 1037 424 1100 tntis,
440 1031 474 1090 de
487 1032 614 1106 testibus,
625 1032 709 1090 verbo
719 1035 810 1090 nocis.
823 1033 890 1089 item
901 1031 1079 1104 explicandus
1093 1037 1137 1088 est
1209 1036 1236 1090 9.
1252 1032 1330 1090 ultus
1350 1034 1415 1090 item
1436 1032 1535 1092 modus
1555 1033 1617 1091 addi
1630 1040 1730 1107 potest,
1746 1035 1857 1109 quando
1871 1037 1914 1097 lex
1929 1038 1970 1096 lo·

339 1122 373 1180 de
388 1120 528 1179 identitate
542 1123 654 1179 rationis
667 1139 700 1179 eo
714 1123 813 1194 modo,
825 1138 881 1195 quo
895 1122 967 1179 illam
985 1115 1134 1179 declaravi·
1170 1123 1264 1194 quitur
1278 1122 1303 1178 in
1314 1121 1492 1181 determinato
1503 1139 1570 1182 casu
1581 1125 1668 1198 gratia
1678 1125 1810 1199 exempll3
1826 1143 1890 1185 nam
1902 1135 1971 1186 ωηο

339 1229 411 1270 mus.
426 1213 485 1270 Erit
497 1219 588 1269 autem
606 1228 650 1269 res
665 1211 826 1284 evidentior,
840 1214 862 1268 si
875 1211 952 1269 radix
963 1214 1022 1284 ipsa
1034 1211 1069 1268 sit
1080 1227 1137 1269 ma·
1170 1211 1340 1270 extendenda
1360 1219 1403 1270 est
1420 1211 1454 1269 ad
1469 1229 1552 1271 casus
1567 1214 1676 1288 similes.
1691 1215 1778 1284 Quem
1792 1216 1905 1276 modum
1920 1234 1970 1291 po·

340 1305 410 1359 teria
432 1301 514 1375 legis3
535 1317 598 1358 unm
613 1301 634 1358 si
649 1302 690 1359 lex
704 1301 833 1359 excludat
848 1301 987 1369 radicem,
1003 1299 1137 1373 quidquid
1171 1309 1242 1359 nunt
1262 1302 1379 1380 sylvest.
1402 1303 1486 1360 verbo
1508 1301 1617 1388 lescaq.
1633 1309 1688 1378 20,
1701 1305 1785 1363 verbo
1799 1313 1922 1379 quarto,
1940 1315 1970 1366 et

339 1407 372 1449 ex
386 1407 417 1448 ea
434 1393 537 1462 oritur,
554 1391 663 1449 videtur
676 1392 831 1463 exclusum,
845 1397 878 1447 ut
891 1388 1044 1448 dixitled.
1058 1391 1083 1446 ln
1096 1389 1137 1447 di·
1172 1391 1267 1464 Angel.
1289 1391 1326 1448 ibi
1346 1409 1376 1448 η.
1400 1395 1427 1450 1.
1448 1391 1500 1452 Sed
1514 1392 1558 1451 hic
1572 1395 1653 1450 etism
1666 1394 1764 1453 modus
1780 1397 1873 1454 locum
1888 1398 1972 1457 habet

338 1489 383 1540 cta
397 1482 450 1555 leg.
467 1484 646 1543 muccinium,
664 1483 693 1539 G.
711 1480 745 1538 de
757 1481 804 1538 lib.
818 1488 937 1554 praeter.
952 1497 980 1537 η.
997 1484 1024 1538 4.
1041 1479 1137 1537 Similis
1170 1481 1246 1538 iuxta
1255 1481 1455 1540 distinctionem
1470 1481 1561 1540 datam
1576 1483 1609 1540 de
1625 1483 1777 1557 identitate,
1790 1488 1831 1543 rel
1843 1489 1970 1546 similitu·

339 1573 439 1629 modus
458 1572 621 1629 extensionis
634 1579 678 1628 est
691 1572 760 1629 inter
772 1588 815 1640 ea,
831 1587 901 1645 quae
916 1585 1137 1643 sevconsequun·
1170 1569 1232 1629 dine
1253 1571 1376 1628 rationis:
1400 1587 1464 1628 nam
1479 1572 1537 1628 sola
1550 1574 1715 1646 similitudo,
1729 1575 1781 1632 nisi
1795 1576 1830 1634 sit
1845 1579 1925 1634 etiam
1940 1579 1971 1634 in

337 1668 394 1732 tur,
414 1677 464 1719 seu
478 1677 600 1719 connexa
614 1668 693 1734 sunt,
708 1677 790 1736 quom
804 1662 914 1718 modum
924 1662 1019 1733 posuit
1031 1663 1132 1717 boton.
1171 1660 1310 1718 identitate
1323 1663 1465 1734 specitica,
1478 1679 1531 1719 ηοη
1543 1663 1657 1736 εο111ο11;
1671 1681 1736 1722 cum
1747 1664 1799 1722 bac
1814 1682 1880 1723 rero
1893 1666 1973 1737 iden·

337 1750 371 1809 de
385 1754 464 1809 Butr.
481 1752 506 1808 tu
523 1767 549 1808 ο.
566 1752 617 1808 ult.
631 1751 664 1808 de
676 1757 802 1809 consuet.
816 1751 920 1808 limitat.
937 1755 964 1821 t,
977 1757 1005 1808 et
1016 1749 1068 1808 late
1080 1752 1134 1808 llo·
1168 1751 1246 1808 titate
1260 1750 1373 1823 sufficit,
1390 1757 1421 1808 ut
1438 1757 1513 1823 patet
1525 1767 1558 1809 ex
1573 1753 1666 1810 multis
1679 1754 1863 1813 decisionibus
1884 1773 1972 1814 cano·

336 1841 407 1899 chus
421 1841 456 1898 ibi
467 1845 536 1897 sect.
550 1845 578 1912 1,
591 1857 618 1897 η.
637 1845 682 1911 ta,
694 1847 722 1898 et
731 1841 838 1914 attingit
847 1842 961 1897 Navarr.
975 1839 1049 1897 dicto
1061 1841 1134 1912 capi·
1173 1856 1254 1913 num;
1268 1847 1296 1897 et
1316 1841 1342 1897 iu
1363 1841 1487 1915 legibus,
1502 1856 1572 1914 quae
1585 1843 1648 1899 terri
1663 1850 1778 1916 possunt
1791 1860 1842 1916 per
1855 1853 1971 1904 senteu-

336 1937 363 1988 le
374 1934 501 1998 Poenae,
521 1945 549 1986 η.
570 1933 613 2000 11,
625 1937 655 1986 et
669 1933 713 2001 12,
725 1947 757 1986 eu
772 1930 884 2001 Glossis,
900 1945 970 2004 quas
980 1927 1088 2004 alleget.
1102 1931 1137 1987 Et
1170 1930 1235 1987 tiam
1250 1930 1381 2002 principis
1398 1931 1424 1987 iu
1438 1931 1598 2002 particulari
1612 1947 1698 2004 cusu,
1713 1942 1844 2005 utsupra
1860 1934 1970 1995 dictum

335 2023 410 2079 varia
423 2020 547 2092 exempla
558 2019 711 2088 adducunt,
724 2035 794 2094 quae
804 2020 897 2076 maiori
908 2017 1133 2092 indigebanloxs·
1169 2026 1221 2086 est,
1230 2027 1258 2076 et
1269 2019 1442 2077 nihilomiuus
1454 2019 1645 2092 intelliguntur
1657 2036 1717 2078 esse
1726 2023 1866 2095 generales
1879 2023 1968 2098 leges.

334 2112 421 2188 mine,
433 2109 481 2169 sed
492 2096 545 2166 nori
557 2125 707 2182 possumus
718 2109 752 2167 ad
763 2109 869 2182 singula
879 2107 1057 2167 descendere.
1070 2110 1133 2166 Esi-
1169 2109 1297 2166 ldeutitus
1314 2117 1406 2166 autem
1428 2108 1474 2166 illa
1488 2110 1588 2180 optime
1601 2109 1756 2181 explicetur
1769 2127 1818 2184 per
1834 2113 1970 2171 motivum

335 2201 415 2257 stimo
433 2201 534 2273 igitur,
550 2199 703 2268 secundum
715 2200 809 2258 eadem
822 2201 954 2272 principia
964 2201 1052 2274 posita
1066 2200 1135 2258 iudi·
1168 2197 1341 2255 strationem
1356 2198 1481 2276 virtutis,
1494 2199 1545 2255 sub
1559 2213 1614 2271 qua
1629 2200 1689 2256 telis
1700 2206 1782 2257 actus
1795 2202 1968 2273 prohibetur,

335 2289 456 2346 candum
476 2305 537 2346 ease
558 2290 594 2347 de
611 2290 787 2361 extensione,
808 2291 927 2362 scilicet,
950 2298 981 2349 ut
1001 2293 1134 2349 connexio
1156 2287 1210 2344 'vel
1225 2289 1407 2360 praecipitum
1429 2303 1492 2344 unm
1514 2290 1536 2343 si
1557 2286 1639 2344 luerit
1656 2288 1702 2366 lex
1721 2288 1775 2346 lata
1790 2291 1817 2345 1η
1832 2290 1880 2348 tali
1896 2306 1969 2350 casu

336 2386 412 2436 tauta
426 2379 482 2451 sit,
497 2385 530 2436 ut
548 2395 601 2436 non
623 2381 721 2452 possit,
737 2396 764 2436 v.
780 2397 807 2454 g.
823 2396 910 2437 unum
927 2379 1076 2452 prudenter
1091 2381 1133 2437 rel
1167 2376 1268 2433 intuitu
1284 2365 1423 2451 religionis
1438 2376 1635 2446 observandae,
1650 2377 1692 2434 vel
1705 2379 1839 2453 sacrilegii
1851 2380 1969 2454 vitandi,

335 2469 406 2525 iuste
422 2467 570 2539 prohiberi,
582 2467 646 2542 quin
658 2469 833 2540 prohibeatur
844 2468 928 2541 alitrd,
942 2470 1016 2526 sicut
1027 2469 1060 2526 de
1071 2483 1134 2525 cor·
1169 2465 1214 2522 ubl
1233 2467 1259 2522 in
1281 2465 1360 2523 simili
1381 2481 1449 2522 casu
1470 2466 1565 2523 eadem
1586 2467 1710 2539 specifica
1730 2470 1797 2524 ratio
1813 2468 1969 2543 religionis,

334 2557 457 2614 relativis
477 2557 583 2615 dictum
604 2565 656 2615 est.
679 2559 840 2633 contingere
860 2560 942 2618 etiam
962 2560 1078 2632 poterit,
1101 2565 1132 2616 ut
1167 2555 1210 2612 vel
1231 2555 1366 2628 sacrilegii
1387 2556 1579 2627 intervenerit,
1595 2556 1637 2613 lex
1656 2557 1834 2629 extendetur,
1849 2565 1878 2616 et
1893 2559 1971 2618 idem

333 2663 420 2704 uuum
446 2648 498 2704 sub
519 2647 571 2704 alio
591 2649 780 2720 contineatur,
796 2656 926 2724 tauquam
940 2650 1132 2721 imperfectum
1168 2654 1211 2703 est
1224 2645 1257 2702 de
1273 2647 1378 2701 ratione
1393 2645 1525 2702 iustitiae.
1533 2645 1566 2701 Et
1580 2644 1632 2702 boc
1648 2644 1803 2707 declaratur
1818 2646 1886 2704 bene
1897 2663 1932 2706 ex
1946 2648 1967 2705 l.

334 2737 386 2792 suh
409 2735 531 2808 perlecto
544 2735 665 2793 eiusdem
679 2739 807 2810 rationis,
823 2745 854 2795 ut
868 2739 985 2795 affinitas
998 2739 1050 2795 sub
1064 2753 1132 2795 cou-
1170 2739 1195 2808 1,
1212 2737 1238 2792 tl.
1258 2735 1298 2792 uti
1313 2751 1386 2807 poss.
1403 2737 1498 2791 iuncto
1512 2741 1529 2800 a
1542 2751 1617 2792 com
1628 2734 1820 2793 interdictum
1831 2741 1971 2811 praetori

333 2826 530 2906 sanguinitate,
554 2827 595 2882 rel
617 2833 746 2900 tanquam
761 2844 825 2900 pars
839 2828 891 2885 sub
905 2834 981 2898 toto,
997 2827 1038 2884 vel
1053 2844 1130 2886 com·
1166 2824 1287 2897 loquens
1301 2823 1335 2880 de
1349 2825 1521 2895 possessione
1536 2823 1647 2894 domus,
1659 2824 1814 2883 extenditur
1824 2826 1857 2883 ad
1880 2830 1970 2900 possi·

332 2915 449 2971 mutatio
469 2914 522 2972 sub
541 2913 758 2987 dispensatione,
772 2923 801 2973 et
814 2922 881 2973 ωηο
897 2917 1021 2988 procedit
1034 2917 1131 2992 regula
1166 2914 1274 2972 dentem
1289 2930 1399 2988 agrum,
1413 2912 1456 2970 rel
1468 2928 1673 2986 quamcumque
1687 2930 1746 2972 rem
1761 2914 1888 2988 similem,
1901 2918 1969 2991 quia

332 3005 478 3074 aminori,
495 3020 548 3061 non
563 3005 743 3078 econtrario,
755 3007 831 3063 etsic
843 3006 969 3081 iutelligit
980 3008 1128 3063 Panormit.
1166 3004 1295 3060 nimirum
1316 3003 1409 3060 eadem
1429 3007 1472 3060 est
1492 3003 1560 3058 ratio
1579 3003 1697 3061 iustitiae
1711 3003 1738 3059 iu
1753 3003 1806 3060 illis
1824 3006 1966 3080 omnibus,

332 3095 359 3150 in
374 3109 436 3164 cap.
457 3092 646 3166 Dilectifits'i,
665 3095 697 3152 de
712 3095 793 3152 arbit.
810 3113 886 3154 uum.
904 3101 932 3167 t,
948 3103 977 3152 et
992 3101 1018 3164 5,
1031 3102 1059 3153 et
1073 3096 1131 3153 col·
1165 3093 1246 3151 cuius
1260 3094 1360 3151 intuitu
1373 3091 1549 3150 interdictum
1563 3092 1649 3150 latum
1664 3099 1715 3150 est.
1731 3095 1767 3151 Et
1779 3095 1815 3152 its
1825 3111 1859 3153 ex
1879 3103 1969 3155 mate·

331 3181 422 3255 ligitur
443 3198 475 3240 es
489 3183 535 3241 illo
547 3190 633 3242 textu.
646 3186 712 3243 item
725 3194 816 3258 potest
826 3187 892 3260 fieri,
905 3194 936 3245 ut
947 3188 1053 3243 ratione
1064 3202 1129 3244 con·
1164 3184 1219 3257 ria,
1236 3183 1278 3240 rel
1296 3199 1329 3241 ex
1344 3183 1447 3241 ratione
1463 3182 1542 3255 legis,
1559 3181 1601 3239 rel
1615 3199 1648 3240 ex
1662 3184 1713 3242 ulia
1728 3185 1796 3258 lege,
1810 3186 1853 3243 rel
1870 3202 1903 3243 ex
1918 3204 1967 3244 na·

239 3313 244 3324 .
331 3273 454 3329 nexionis
479 3289 565 3330 unum
587 3275 783 3347 comprehendi
795 3283 940 3335 censeatur
954 3277 1006 3333 sub
1020 3275 1073 3332 ulio
1088 3291 1130 3332 se·
1165 3274 1247 3331 turali
1267 3273 1387 3344 ratione,
1409 3287 1462 3329 uon
1482 3273 1534 3329 erit
1547 3271 1656 3330 ditllcile
1669 3273 1837 3348 intelligere,
1854 3276 1967 3351 quaudo

330 3361 454 3421 cundum
478 3373 654 3422 communem
670 3381 751 3422 usum
763 3407 770 3436 ,
784 3373 812 3423 et
825 3374 891 3423 ωηο
910 3381 963 3422 ηοη
979 3366 1024 3423 det
1036 3372 1130 3422 exten·
1165 3361 1208 3420 lex
1230 3362 1361 3436 loquatur
1376 3361 1402 3417 iu
1417 3361 1574 3432 particulari
1589 3377 1657 3419 casu
1672 3363 1758 3436 gratia
1770 3366 1902 3438 exempli,
1922 3367 1968 3424 vel

330 3453 370 3509 sio
383 3467 416 3510 ox
430 3453 456 3509 vi
473 3453 559 3510 solius
573 3455 698 3528 rationis,
713 3455 762 3512 sod
776 3459 857 3514 eham
869 3463 981 3529 propter
995 3455 1129 3529 significa·
1165 3467 1214 3523 per
1228 3451 1307 3510 alitm
1323 3451 1507 3508 occasionem.
1521 3452 1555 3508 Et
1564 3450 1604 3507 sic
1618 3454 1699 3508 etiam
1714 3454 1838 3524 procedit
1847 3453 1899 3511 alia
1912 3455 1967 3512 ire·

330 3542 432 3600 tionem
454 3544 618 3614 uerborum,
641 3546 666 3602 in
688 3562 742 3620 qua
757 3547 905 3618 plurimum
919 3546 992 3604 valet
1005 3562 1130 3603 commu·
1164 3557 1254 3615 quens
1265 3538 1454 3614 regula,quod
1466 3539 1508 3595 lex
1519 3523 1669 3612 loquensin
1680 3542 1881 3615 apostolicam,
1901 3546 1968 3616 qula

329 3631 372 3688 nis
386 3649 466 3705 uella,
484 3634 581 3691 utlaio
596 3635 704 3693 Feliuus
720 3637 745 3692 in
760 3637 878 3694 Ppnoem,
894 3639 1004 3696 Deerat.
1021 3653 1049 3694 η.
1065 3641 1092 3696 3,
1104 3643 1131 3694 et
1165 3630 1333 3704 frequentius
1352 3627 1470 3700 decidit,
1485 3628 1639 3685 extenditur
1654 3630 1783 3688 etiamad
1798 3632 1917 3702 simillia,
1934 3632 1967 3689 li·

330 3722 517 3796 sequentibus.
1165 3726 1210 3777 cet
1223 3719 1343 3777 rariores
1358 3719 1428 3790 siut,
1440 3717 1590 3775 dummodo
1605 3718 1726 3776 eiusdem
1737 3723 1850 3778 rationis
1864 3723 1919 3780 siut
1937 3724 1966 3781 in

372 3811 448 3868 Alius
462 3818 604 3881 praeterea
624 3811 722 3871 modus
736 3815 899 3872 extensionis
913 3820 958 3872 est
972 3830 1021 3887 per
1035 3817 1130 3889 aequi·
1165 3808 1270 3866 ratione
1281 3808 1400 3879 virtutis,
1413 3812 1460 3865 aut
1471 3807 1535 3878 vitii,
1548 3806 1581 3863 ad
1593 3824 1675 3881 quam
1687 3811 1806 3882 respexit
1816 3811 1869 3868 lex.
1886 3812 1968 3881 Quod

329 3901 497 3973 perationem
521 3915 639 3958 casuum
659 3918 707 3974 per
727 3901 805 3960 aliam
824 3902 912 3975 legem
927 3907 1002 3976 prius
1016 3905 1127 3978 tactam,
1164 3898 1269 3955 notarit
1283 3896 1378 3954 Glossa
1391 3897 1416 3952 in
1431 3896 1449 3952 l·
1470 3900 1495 3965 l,
1510 3898 1540 3953 C.
1556 3893 1656 3969 dehis,
1672 3901 1720 3971 qui
1733 3897 1767 3955 ad
1778 3899 1887 3956 Eccles.
1904 3917 1967 3960 rer·

330 4004 393 4046 nam
412 3995 480 4046 ωηο
495 3988 659 4062 dispositum
674 3990 701 4047 iu
717 4006 772 4048 uno
788 4007 834 4062 per
848 3991 928 4049 ulium
944 3994 1047 4066 legem,
1062 4011 1129 4052 con·
1164 3989 1199 4046 ¹1⁰
1212 3985 1335 4048 Iudaei»
1353 3993 1381 4043 02
1394 3987 1420 4041 51¹
1436 3987 1510 4043 ⁰⁰5⁰·
1523 3987 1553 4043 C·
1567 3986 1601 4044 de
1612 3992 1684 4060 rapt.
1697 3988 1763 4061 virg.
1778 3990 1966 4063 1111ῧο111011·

330 4083 476 4151 sequenter
498 4085 630 4136 censetur
650 4078 815 4152 dispositum
836 4082 863 4135 in
884 4080 949 4155 alia,
966 4082 1041 4140 iuxta
1054 4083 1131 4141 Glos·
1164 4094 1240 4135 som.
1263 4077 1337 4134 idem
1358 4075 1465 4134 thebuti.
1481 4078 1507 4132 iu
1523 4081 1607 4134 tract.
1622 4078 1755 4137 nominat.
1775 4095 1802 4152 q.
1822 4087 1856 4149 5,
1871 4097 1899 4138 η.
1916 4086 1966 4152 25,

330 4182 401 4239 sam,
416 4173 448 4224 et
462 4165 592 4224 doctores
607 4168 632 4224 1η
647 4167 666 4224 l.
682 4173 708 4224 st
720 4170 786 4242 quis
799 4183 890 4232 seruo.
904 4171 934 4228 C.
948 4169 981 4227 de
997 4171 1074 4229 lurtis
1084 4213 1092 4246 ,
1102 4177 1130 4231 et
1164 4167 1245 4241 Ugol.
1261 4165 1295 4224 de
1314 4181 1492 4225 excommun.
1507 4164 1563 4222 tab.
1581 4171 1610 4235 2,
1625 4181 1686 4238 cap.
1703 4173 1751 4240 23,
1766 4175 1783 4235 s
1798 4175 1825 4240 6,
1841 4186 1869 4227 η.
1886 4175 1913 4229 6.
1928 4173 1966 4230 lit

329 4258 402 4315 Burt.
425 4261 454 4313 et
475 4256 541 4312 alios
562 4258 588 4312 iu
602 4257 621 4314 1.
637 4262 670 4314 ui
682 4261 811 4326 teritum,
829 4259 856 4316 tl.
874 4259 907 4316 de
922 4276 994 4317 serr.
1011 4277 1086 4318 corr.
1103 4269 1131 4320 et
1163 4258 1258 4316 esdem
1272 4255 1368 4330 regula
1383 4271 1450 4312 usus
1465 4271 1527 4312 sum
1538 4255 1564 4311 in
1578 4261 1604 4315 5.
1618 4262 1684 4313 ωιη.
1698 4255 1770 4329 disp.
1789 4263 1833 4330 15,
1850 4268 1919 4317 sect.
1932 4265 1962 4320 t.

329 4353 417 4404 uolat.
429 4345 501 4424 hbb.
515 4345 566 4402 alia
576 4346 696 4403 reterens
708 4347 734 4403 iu
745 4364 807 4420 cap.
819 4349 996 4418 Denseletae,
1007 4351 1039 4408 de
1052 4367 1130 4423 prne·
1164 4349 1237 4406 circs
1250 4347 1329 4403 linem
1341 4387 1349 4419 ,
1361 4345 1522 4417 explicando
1533 4359 1595 4417 cup.
1612 4347 1762 4421 Quoniam
1773 4347 1892 4415 stultos,
1917 4355 1964 4422 11,

328 4435 392 4495 beu.
406 4451 433 4492 η.
453 4434 841 4510 semelpollinatam.
856 4441 899 4508 tt,
915 4439 1131 4498 testatores-
1163 4455 1192 4513 q.
1210 4443 1237 4497 ³.
1259 4438 1356 4495 Omoin
1375 4451 1440 4492 vero
1461 4433 1612 4492 lundahtur
1632 4438 1661 4491 in
1675 4436 1815 4495 identitate
1837 4441 1964 4514 rationis,

273 4525 276 4530 “
328 4529 435 4599 stpere,
453 4526 484 4582 G.
500 4525 534 4582 de
548 4532 680 4583 transact.
696 4527 809 4585 Navarr.
825 4527 899 4586 dicto
913 4544 975 4602 cap.
992 4532 1122 4600 Poenae,
1163 4543 1233 4602 quae
1255 4532 1373 4596 attente,
1394 4531 1422 4581 et
1441 4522 1596 4581 secuudum
1617 4538 1714 4581 omues
1742 4527 1966 4594 circumstantias

328 4632 357 4674 η.
378 4620 422 4686 lt,
438 4614 549 4672 elidem
563 4615 618 4672 lere
632 4631 709 4672 num.
730 4622 773 4674 15.
1164 4617 1265 4689 positas
1279 4613 1428 4689 spectanda
1441 4618 1493 4680 est,
1509 4619 1541 4670 ut
1552 4613 1696 4685 explicavi.

369 4711 396 4763 8.
412 4705 461 4762 llio
481 4721 547 4762 vero
567 4704 666 4762 modus
686 4706 852 4763 extensionis
872 4709 895 4764 si
909 4708 936 4764 lo
952 4707 1010 4765 sole
1022 4708 1127 4766 ratione
1201 4706 1301 4765 Ultimo
1321 4703 1421 4776 inquiri
1441 4708 1547 4776 potest,
1568 4718 1601 4759 sn
1617 4699 1773 4762 huiusmodi
1792 4709 1913 4767 exterum
1926 4709 1969 4768 lo·

329 4793 397 4869 legis
418 4793 564 4868 tundetur,
585 4795 660 4852 iuxta
676 4796 815 4868 praedicta
835 4797 1018 4857 moderandus
1032 4805 1090 4871 est3
1106 4800 1129 4856 si
1163 4810 1228 4853 oum
1248 4795 1344 4852 habant
1364 4775 1419 4849 uor'x
1440 4791 1529 4849 solum
1544 4793 1571 4848 in
1586 4793 1713 4866 casibus,
1728 4811 1778 4852 seu
1796 4799 1964 4873 actionibus,

327 4892 421 4943 sutem
441 4882 575 4942 tundetur
593 4887 620 4941 in
641 4883 815 4958 dispositione
836 4886 947 4944 alterius
962 4888 1043 4962 legis,
1060 4897 1128 4948 tunc
1162 4884 1304 4944 sedetiam
1319 4885 1346 4940 iu
1362 4884 1497 4956 personis,
1513 4882 1595 4954 locis,
1617 4878 1843 4956 ac'temporibus.
1854 4894 1912 4945 etc.
1924 4889 1967 4960 hd

327 4974 502 5048 ponderanda
523 4980 589 5033 sunt
610 4975 694 5032 rerba
707 4975 773 5050 legis
787 4977 911 5034 lactentis
925 4979 1127 5051 aequiparatio·
1162 4973 1236 5050 quod
1251 4979 1341 5048 potest
1357 4973 1516 5046 generaliter
1527 4971 1686 5045 responderi
1702 4972 1875 5046 affirmando,
1889 4979 1968 5036 sira·

328 5083 410 5140 nem,
426 5074 455 5123 et
468 5068 494 5122 in
509 5081 542 5122 eo
556 5065 689 5124 servanda
706 5073 750 5124 est
762 5068 873 5142 regula,
889 5069 914 5125 lu
929 5084 984 5142 quo
999 5069 1071 5128 tacta
1084 5075 1128 5128 est
1161 5067 1213 5137 tio,
1229 5071 1278 5122 aut
1290 5063 1372 5120 verbs
1388 5060 1471 5136 legis,
1487 5069 1595 5119 servata
1611 5065 1799 5137 proportione,
1818 5065 1904 5123 talem
1918 5082 1965 5126 ex·

330 5158 526 5231 aequiparatio,
538 5163 567 5215 st
578 5173 633 5214 uon
644 5157 734 5232 ultra,
746 5166 778 5215 ut
788 5159 896 5232 attingit
906 5161 1025 5234 sylvest.
1041 5159 1126 5217 verbo
1162 5156 1311 5215 tensionem
1325 5153 1367 5210 vel
1381 5151 1580 5224 ampliationem
1596 5153 1747 5226 requirant.
1763 5153 1839 5212 addo
1860 5163 1963 5228 tamen,

323 5262 451 5323 poenae,
470 5263 498 5321 q.
514 5250 544 5321 1,
558 5251 587 5304 et
600 5247 635 5304 ibi
648 5248 745 5323 Auget.
759 5255 787 5306 et
800 5249 883 5307 latius
896 5249 1010 5308 crottus
1024 5251 1052 5307 in
1068 5249 1087 5308 1.
1100 5252 1127 5308 si
1162 5246 1271 5323 proprie
1287 5249 1316 5304 et
1335 5242 1490 5303 immediate
1503 5241 1575 5300 hauc
1590 5245 1779 5305 extensionem
1793 5245 1852 5303 lieri
1868 5246 1903 5303 ad
1916 5263 1965 5304 ca·
