4284 6246
863 409 1082 461 maurxxrv.
1678 397 1740 462 tib

134 555 190 598 oon
202 547 251 597 eet
261 552 416 596 connexum
431 552 496 595 cum
513 543 575 593 roto
586 536 737 608 castitatis,
749 534 798 591 nisi
811 541 940 608 tanquam
980 537 1097 592 utrinam
1112 536 1216 610 datam,
1232 536 1280 596 sed
1294 540 1402 612 potius,
1419 553 1467 611 per
1483 552 1513 594 se
1528 537 1682 612 loquendo,
1697 554 1781 597 unam
1888 526 1895 540 ’

134 629 244 688 addens
265 628 453 686 habitudinem
464 627 498 683 ed
510 628 639 683 maiorem
651 625 859 696 perfectionem,
873 639 944 698 quae
977 626 1208 699 irregularitatem
1236 645 1317 701 posse
1347 629 1403 686 tolli
1440 630 1498 686 eine
1525 629 1592 701 alia,
1619 631 1782 700 praesertim

133 727 194 778 tota
210 717 385 775 sufficienter
396 716 548 789 explicatur
559 718 617 772 sine
628 715 679 770 aliu
692 722 767 770 voto.
778 715 813 770 Et
824 721 943 785 praeter·
978 714 1089 790 quando
1104 715 1165 773 illae
1179 717 1396 792 irregularitatcs
1411 724 1477 776 sunt
1490 717 1598 774 omnino
1614 717 1780 792 disparatae,

133 825 165 867 ea
180 815 278 882 potest
295 823 344 879 per
359 823 388 863 se
406 805 463 862 dari
479 821 565 862 causa
583 803 726 861 sufficiens
741 803 776 859 ad
793 803 943 861 tollendum
977 815 1006 862 et
1020 821 1103 862 unam
1122 807 1200 864 aliam
1216 824 1271 863 non
1292 815 1439 881 aggravat,
1456 817 1487 864 ut
1508 825 1533 864 v.
1550 823 1577 880 g.
1594 823 1655 864 esse
1675 807 1781 881 illegiti-

134 906 235 956 votum
251 899 392 971 religionis
409 894 504 953 relicto
515 895 584 966 alio,
597 902 662 951 tunc
673 909 740 966 ergo
752 899 828 950 recte
842 895 944 965 poterit
978 910 1073 966 muna,
1094 903 1122 953 et
1143 911 1211 952 casu
1231 897 1366 954 hominem
1388 897 1538 969 occidisse,
1560 905 1588 954 et
1608 897 1721 953 similes.
1746 899 1783 957 Et

134 988 274 1062 postulari
297 1003 365 1058 puro
379 987 437 1042 eius
456 984 638 1056 dispensatio,
653 983 709 1038 sine
723 984 861 1039 mentione
877 981 944 1039 alle·
977 984 1069 1058 quoad
1085 985 1137 1042 boc
1159 985 1284 1044 ridentur
1298 987 1363 1044 mibi
1383 988 1509 1045 efficaces
1523 989 1644 1044 rationes
1667 989 1780 1044 Nararri

134 1079 195 1134 rius
217 1079 288 1134 voti.
305 1075 392 1133 secus
408 1090 470 1131 reno
485 1080 574 1146 esset,
591 1074 612 1128 si
626 1089 712 1130 causa
726 1071 872 1129 honestans
887 1074 942 1141 dis·
978 1077 1005 1130 io
1022 1090 1101 1132 eoos.
1119 1077 1143 1132 l.
1160 1074 1194 1132 de
1207 1079 1320 1133 constit.
1338 1083 1444 1148 quaest.
1463 1079 1510 1145 ta,
1526 1073 1588 1134 nain
1604 1075 1669 1133 licet
1681 1076 1715 1133 de
1732 1077 1780 1135 im·

135 1167 329 1241 pausationem
352 1166 406 1221 noti
426 1163 559 1236 religionis
579 1169 735 1220 sumeretur
749 1179 781 1220 aa
801 1163 895 1219 urdine
909 1162 943 1218 ad
978 1163 1141 1234 pedimentis
1158 1167 1321 1223 matrimonii
1336 1173 1449 1238 tractet,
1464 1167 1582 1223 rationes
1594 1173 1660 1224 suot
1670 1181 1782 1239 genera·

135 1257 347 1313 matrimonium
363 1251 590 1320 contrabendum,
603 1253 684 1309 etiarn
695 1253 720 1307 iu
731 1252 863 1325 generati,
878 1266 941 1307 nam
978 1251 1028 1308 les.
1045 1254 1197 1325 Praecipua
1211 1261 1270 1326 est,
1287 1256 1351 1328 quia
1371 1255 1440 1312 inter
1454 1255 1503 1312 bas
1526 1255 1740 1330 irregularitates
1753 1264 1782 1314 et

135 1353 203 1402 tunc
218 1349 364 1416 oporteret
383 1349 476 1398 votum
492 1341 624 1397 castitatis
638 1340 790 1412 explicare,
804 1345 941 1412 quatenus
978 1356 1080 1410 poenas
1095 1357 1149 1397 non
1160 1349 1203 1398 est
1217 1346 1362 1412 connexio,
1374 1359 1425 1400 nec
1442 1346 1617 1402 taciturnitas
1627 1347 1719 1422 ⁵unius
1733 1346 1781 1404 ali-

136 1433 365 1506 impedimentum
386 1437 429 1487 est
449 1430 482 1486 ad
501 1429 642 1503 quodlibet
655 1430 859 1486 matrimonium
873 1447 940 1488 con·
976 1429 1043 1500 quid
1056 1429 1165 1485 conlert
1177 1430 1210 1486 ad
1224 1431 1454 1504 dispensationem
1469 1434 1600 1505 alterius,
1618 1435 1669 1490 nisi
1685 1442 1780 1507 quate·

138 1523 319 1581 trahendum.
977 1533 1030 1574 nus
1045 1519 1114 1575 tollit
1129 1519 1249 1592 aliquam
1265 1524 1395 1578 maiorem
1408 1522 1611 1592 difficultatem,
1629 1538 1711 1595 quam
1726 1524 1780 1580 lor·

176 1619 204 1670 5.
221 1617 259 1670 At
274 1626 340 1668 vero
354 1625 369 1665 e
383 1608 536 1677 contrario,
552 1609 576 1664 ei
589 1608 754 1679 dispensatio
771 1608 941 1665 inchoetura
977 1613 1049 1664 tasse
1064 1607 1176 1665 baberet
1189 1611 1318 1681 princeps
1332 1611 1356 1666 ln
1372 1611 1568 1681 dispensando,
1585 1611 1607 1666 si
1622 1627 1716 1668 omnes
1731 1629 1779 1670 co·

139 1708 203 1760 voto
219 1701 375 1770 eastitatis,
389 1700 573 1754 necessarium
584 1713 692 1768 semper
702 1697 844 1767 existimo,
857 1698 937 1754 simul
976 1705 1135 1770 gnosceratq
1154 1697 1206 1754 hoc
1221 1707 1314 1755 autem
1329 1715 1382 1756 nou
1398 1700 1502 1756 sullioit
1516 1699 1549 1756 ad
1567 1703 1777 1776 surreptionem,

136 1792 278 1863 explicare
301 1798 396 1846 votum
417 1787 555 1860 religionis
577 1794 689 1859 propter
710 1788 827 1842 rationes
850 1795 942 1858 poste·
976 1785 1027 1841 nisi
1047 1785 1088 1841 vol
1105 1787 1148 1843 ius
1168 1786 1279 1860 aliquod
1298 1795 1389 1861 cogat,
1407 1789 1450 1845 rel
1470 1789 1536 1846 aliae
1555 1792 1780 1850 circumstantiae

137 1885 202 1938 riori
219 1882 285 1938 loco
300 1881 399 1937 iactas.
414 1878 530 1936 Habenti
544 1877 614 1934 enim
629 1885 723 1934 volum
739 1877 890 1948 religionis,
905 1878 941 1932 ir·
975 1875 1138 1931 strutiones
1159 1884 1343 1948 concurrant,
1360 1883 1391 1934 ut
1409 1877 1462 1934 diri
1476 1879 1502 1934 in
1517 1879 1587 1935 libro
1604 1885 1631 1938 6.
1648 1880 1682 1937 da
1703 1889 1779 1956 nuto,

137 1969 306 2028 rationabilis
322 1970 399 2040 plane
409 1968 521 2036 ‚videtur
535 1967 658 2024 liberatio
671 1966 703 2022 ab
718 1966 882 2036 obligatione
894 1981 941 2021 ca·
976 1963 1059 2034 capit.
1076 1965 1165 2022 ulum.
1178 1972 1207 2022 et
1221 1964 1339 2022 affirmat
1352 1967 1466 2024 Navarr.
1483 1983 1549 2024 cum
1563 1970 1644 2038 Rota,
1660 1969 1777 2043 AEgidio,

136 2061 259 2132 stitatis3
284 2074 350 2117 cum
371 2073 423 2115 nec
443 2056 476 2114 ad
497 2056 699 2113 matrimonium
720 2054 939 2112 contrabendum
975 2057 1003 2107 ct
1015 2052 1176 2110 Felino.ilic
1191 2060 1283 2110 autem
1298 2055 1405 2112 nullum
1419 2062 1461 2112 est
1474 2057 1527 2128 ius,
1541 2072 1592 2114 nee
1611 2058 1716 2115 ostendi
1731 2075 1778 2131 po·

135 2151 173 2206 illi
187 2149 329 2221 sufficiat,
355 2162 443 2222 neque
464 2147 545 2204 etiem
566 2144 662 2202 liberet
680 2144 820 2230 avincula
834 2144 941 2216 religio·
974 2148 1036 2197 teet.
1056 2143 1135 2210 Quod
1155 2143 1227 2200 enirn
1248 2145 1358 2217 quidam
1378 2145 1496 2218 dicunt,
1521 2148 1573 2203 boo
1596 2147 1729 2204 contineri
1749 2149 1777 2203 in

135 2241 189 2310 nis,
207 2247 237 2296 et
255 2240 321 2312 quia
335 2239 451 2295 maxime
465 2237 560 2308 deoct,
577 2241 608 2291 ut
623 2235 669 2307 qui
685 2234 821 2306 religionis
836 2233 940 2306 obliga·
976 2230 1052 2304 iure,
1068 2233 1132 2303 quia
1148 2232 1190 2288 ius
1211 2235 1342 2305 praecipit
1355 2235 1493 2307 explicare
1508 2251 1616 2292 omnem
1638 2236 1778 2294 veritatem

135 2332 238 2386 donem
267 2313 367 2397 babet,
393 2327 545 2384 castitatem
568 2323 675 2398 interim
700 2329 800 2379 servet.
824 2324 939 2394 Propter
974 2319 1159 2378 conterentem
1181 2320 1215 2376 ad
1240 2320 1494 2396 dispensationem,
1515 2325 1645 2381 frivolum
1665 2331 1728 2397 est,
1750 2333 1779 2384 et

134 2435 208 2493 quae
223 2436 282 2476 non
296 2425 340 2475 est
353 2416 512 2484 verisimile,
526 2413 683 2471 Pontificem
695 2411 777 2467 luisse
789 2426 939 2468 concessu·
973 2409 1137 2481 principium
1155 2411 1235 2483 petit:
1249 2412 1376 2469 namhoc
1390 2421 1450 2484 est,
1466 2412 1540 2486 quod
1555 2414 1730 2487 inquirimus,
1742 2431 1776 2472 an

136 2524 196 2566 rum
219 2509 303 2566 talem
329 2505 559 2579 dispensationem
583 2501 685 2572 solnm,
707 2501 729 2556 si
751 2499 863 2557 alterius
884 2501 938 2556 voti
973 2499 1093 2570 cognitio
1109 2498 1222 2556 ulterius
1237 2501 1453 2573 irregularitatis,
1467 2502 1508 2559 rel
1528 2501 1714 2575 inhabilitatis,
1728 2511 1777 2562 aut

135 2597 395 2656 conscius'iuiaset.
417 2592 546 2664 Accedit,
561 2591 634 2667 quod
656 2606 711 2646 non
729 2589 838 2647 videtur
858 2605 938 2660 posse
974 2588 1138 2647 criminiseit
1154 2589 1519 2663 intrinsecadispensatioul,
1532 2592 1774 2664 quaecircaaliud

135 2688 193 2745 dari
217 2703 306 2745 eausa
319 2689 393 2742 iusta
411 2683 444 2741 ad
459 2680 671 2754 dispensandum
686 2680 711 2736 in
727 2688 791 2734 roto
804 2681 938 2736 castitatis
973 2679 1076 2734 crimen
1093 2678 1136 2735 vel
1155 2678 1385 2753 irregularitatem
1400 2687 1538 2738 versetur.
1555 2683 1614 2738 Hoc
1636 2689 1728 2740 autem
1742 2697 1776 2739 ex

135 2793 201 2834 eum
223 2793 276 2847 eo,
300 2779 348 2848 qui
369 2775 468 2848 ligatus
488 2780 531 2838 est
552 2778 616 2828 voto
630 2769 783 2840 religionis,
799 2776 857 2826 tum
872 2771 937 2842 quia
972 2767 1032 2823 iure
1047 2766 1156 2840 probari
1172 2784 1225 2824 non
1240 2775 1348 2840 potest,
1367 2785 1432 2843 ergo
1447 2785 1542 2828 rerum
1557 2777 1610 2846 est,
1628 2772 1697 2830 banc
1712 2787 1775 2829 sur·

135 2875 233 2924 notum
248 2864 389 2938 religionis
404 2864 484 2920 etiam
499 2861 601 2934 obligat
611 2860 644 2916 ad
659 2875 711 2914 non
729 2858 899 2927 nubendum,
910 2867 938 2916 et
973 2857 1122 2928 reptionem
1140 2873 1194 2914 non
1210 2857 1316 2915 lundari
1331 2860 1356 2916 in
1371 2861 1441 2917 iure.

135 2955 201 3012 licet
221 2971 278 3011 non
300 2954 400 3026 obliget
420 2953 511 3010 statim
531 2951 564 3008 ad
586 2949 760 3016 castitatem,
782 2948 884 3022 obligat
904 2949 938 3006 ad
1011 2947 1101 3034 Altera
1116 2962 1182 3002 vero
1197 2963 1260 3019 pars
1274 2948 1308 3006 de
1322 2949 1426 3007 ratione
1441 2950 1585 3022 probatur,
1603 2951 1667 3024 quia
1681 2951 1773 3008 multi-

137 3044 349 3118 prumittandam
365 3043 449 3115 illam,
462 3041 613 3098 tumeliam
627 3041 690 3113 quia
704 3035 764 3093 talis
779 3053 895 3109 persona
908 3039 937 3095 li·
973 3035 1041 3092 tudo
1062 3035 1304 3110 irregularitatum,
1329 3038 1370 3094 rel
1391 3039 1517 3096 similium
1532 3039 1722 3104 vinculorum,
1738 3041 1773 3098 ad
1839 3057 1843 3062 ’

136 3148 181 3192 cet
193 3134 389 3191 difficultatem
400 3132 496 3189 babeat
511 3133 536 3186 in
548 3127 680 3192 servanda
691 3129 868 3199 continentia,
882 3145 936 3184 non
973 3139 1111 3180 summum
1130 3123 1218 3182 reddit
1239 3141 1383 3196 personam
1398 3130 1484 3202 magis
1505 3127 1665 3199 inhabilem,
1681 3134 1713 3185 ut
1731 3131 1771 3186 sic

135 3227 228 3295 potest
244 3223 281 3279 illi
297 3228 464 3278 succurrere
478 3235 526 3292 per
539 3219 741 3275 matrimonium
753 3219 859 3274 ratione
870 3216 938 3275 alte·
972 3211 1078 3286 dicam,
1092 3215 1248 3287 extensive,
1262 3221 1290 3272 et
1303 3219 1394 3273 miuus
1409 3217 1518 3290 dignam
1533 3233 1710 3291 quocumque
1725 3217 1772 3274 bc·

135 3314 192 3371 rius
214 3313 286 3383 voti,
311 3318 339 3368 et
360 3311 469 3368 secluso
491 3309 544 3365 boe
566 3306 672 3375 medio,
689 3312 799 3362 tenetur
813 3307 937 3364 absolute
972 3302 1083 3374 baliolo,
1103 3302 1156 3361 boc
1178 3311 1338 3361 autemnon
1360 3306 1425 3363 setis
1446 3313 1489 3364 est
1504 3306 1537 3362 ud
1558 3307 1769 3378 surreptlon‘em.

135 3406 249 3460 sincere
269 3400 358 3472 illam,
385 3415 451 3471 ergo
471 3404 538 3454 tunc
561 3411 646 3452 causa
665 3401 708 3451 eat
726 3395 895 3452 insufficiens
909 3405 937 3454 et
972 3391 1007 3448 Et
1021 3394 1138 3448 rationes
1158 3409 1252 3449 omues
1267 3395 1292 3450 in
1314 3398 1497 3464 contrarium,
1513 3411 1584 3468 quae
1605 3396 1695 3453 solum
1710 3397 1771 3452 iun-

136 3491 331 3549 irrationabilis
347 3489 381 3546 ad
393 3489 472 3545 talem
483 3486 720 3558 dispensationem.
734 3486 768 3541 Et
779 3486 871 3556 quoad
882 3487 934 3544 boc
972 3480 1073 3538 dantur
1091 3484 1118 3537 iu
1139 3482 1200 3538 sola
1213 3483 1264 3539 bac
1286 3483 1455 3556 indignitate,
1470 3492 1498 3542 et
1518 3485 1596 3558 quasi
1616 3487 1770 3544 resistentia

135 3581 203 3638 bene
217 3581 436 3654 aequiparantur
450 3578 517 3633 baec
532 3576 588 3632 duo
604 3575 713 3631 vincula
731 3589 796 3632 cum
811 3575 869 3631 aliis
886 3579 937 3634 im·
971 3586 1004 3626 er
1015 3577 1090 3652 parte
1101 3586 1243 3643 personae,
1257 3588 1285 3628 re
1298 3589 1361 3629 vera
1373 3581 1438 3630 eunt
1449 3573 1615 3646 inefficaces,
1628 3576 1692 3648 quia
1702 3591 1769 3633 cum

135 3671 297 3742 pedimentis
312 3666 482 3723 matrimonii.
583 3693 591 3708 ·
973 3658 1018 3716 illu
1032 3667 1097 3730 stat,
1118 3660 1191 3732 quod
1207 3659 1372 3732 dispensatio
1386 3663 1432 3719 liat
1452 3679 1516 3720 cum
1530 3663 1609 3735 plena
1630 3663 1769 3720 voluntate

170 3761 207 3816 Et
223 3757 347 3814 similiter
362 3761 453 3826 potest
466 3753 533 3811 baec
549 3755 618 3810 ratio
630 3751 664 3809 ad
678 3768 722 3823 ea,
734 3767 804 3824 quae
819 3753 939 3811 diximus
972 3755 1079 3806 etcum
1094 3750 1247 3823 cognitione
1261 3753 1401 3824 omnium,
1417 3767 1487 3824 quae
1502 3752 1535 3811 ad
1555 3751 1676 3809 valorem
1690 3760 1769 3810 actara

135 3848 166 3904 de
180 3846 368 3916 matrimonio,
386 3843 523 3916 adaptari;
540 3859 601 3898 nam
616 3858 681 3898 cum
697 3841 838 3915 quodlibet
852 3843 936 3916 impe·
971 3841 1125 3895 necessaria
1146 3846 1220 3896 sunt.
1237 3841 1272 3896 Et
1292 3848 1368 3913 patet
1385 3855 1401 3897 a
1421 3839 1515 3915 simili,
1531 3857 1593 3898 uam
1608 3843 1655 3914 qui
1677 3841 1770 3914 plures

135 3937 289 3994 dimeotum
303 3933 435 4006 impediat
450 3940 539 3990 totum
554 3933 764 4004 matrimonium,
781 3932 814 3988 de
830 3948 858 3989 se
875 3937 936 3990 inu·
971 3928 1054 3985 babet
1072 3930 1389 3999 excommunicationes,
1412 3931 1501 3988 minus
1521 3931 1619 4005 dignus
1639 3937 1682 3988 est
1702 3947 1770 4004 qua·

135 4028 187 4084 tilis
202 4035 233 4084 et
251 4022 445 4083 irrationabilis
459 4030 502 4080 est
516 4023 681 4094 dispensatio
696 4023 777 4077 unius
792 4022 848 4078 eine
864 4023 933 4096 aliis,
972 4034 1092 4092 cumque
1117 4020 1303 4092 absolutione,
1325 4028 1354 4077 et
1375 4027 1462 4078 umen
1484 4022 1504 4078 si
1523 4022 1649 4094 impetret
1662 4020 1770 4079 absolu·

134 4133 186 4174 non
202 4118 277 4174 enim
292 4119 384 4187 potest
395 4112 545 4176 deservire,
555 4111 605 4166 nisi
619 4111 734 4167 iurtasse
748 4110 782 4166 ad
797 4111 936 4183 decipien·
972 4109 1072 4166 tionem
1088 4110 1168 4166 unius
1178 4151 1191 4179 ,
1202 4111 1285 4166 tacita
1305 4109 1406 4184 altera,
1427 4110 1538 4181 valebit,
1555 4116 1585 4167 ut
1604 4118 1648 4167 est
1661 4117 1770 4167 certum

133 4207 198 4263 dum
216 4206 435 4277 dispensantem,
452 4207 482 4258 ut
497 4217 545 4273 per
560 4208 650 4272 partes
664 4201 761 4273 iaciat,
777 4201 850 4274 quod
866 4201 935 4258 iorte
971 4197 1042 4271 apud
1057 4213 1163 4271 omnes,
1175 4200 1240 4280 quia
1254 4199 1329 4256 nullo
1344 4201 1404 4256 iure
1418 4199 1480 4270 plus
1496 4199 1663 4272 postulatur:
1676 4207 1705 4256 at
1718 4216 1769 4258 nec

133 4296 215 4353 simul
237 4309 292 4350 non
315 4279 428 4364 iaceret,
451 4293 474 4346 si
495 4289 583 4348 totuin
607 4299 804 4364 cognosceret,
826 4299 852 4348 et
873 4292 934 4349 ideo
970 4287 996 4341 in
1009 4287 1257 4358 irregularitatibus
1270 4289 1436 4359 postulatur.
1452 4289 1519 4345 item
1533 4289 1580 4362 qui
1596 4288 1674 4360 pluro
1687 4288 1770 4346 babet

133 4401 242 4458 semper
255 4383 316 4440 talis
327 4381 492 4453 dispensatio
504 4384 600 4438 merito
613 4380 834 4438 iudicatureatra
844 4384 932 4439 iuten·
970 4377 1097 4446 crimina,
1110 4377 1202 4432 minus
1218 4376 1315 4448 dignus
1329 4383 1371 4433 est
1385 4377 1526 4448 beneficio,
1539 4384 1568 4434 et
1580 4378 1602 4434 sl
1616 4385 1709 4457 essent
1722 4395 1769 4436 co·

135 4475 236 4532 tionem
252 4471 445 4544 dispensantis.
460 4472 495 4527 Et
509 4476 648 4542 praeterea
662 4486 715 4526 non
733 4471 839 4526 videtur
855 4487 934 4542 posse
969 4466 1058 4539 gnita,
1075 4463 1215 4520 difficilius
1231 4465 1297 4522 illud
1313 4466 1463 4538 obtineret,
1479 4466 1519 4523 rel
1539 4467 1610 4524 sorte
1625 4483 1679 4523 non
1700 4468 1770 4524 obti-

134 4565 234 4621 babere
248 4577 362 4619 causam
377 4561 539 4633 legitimam,
552 4561 592 4616 vel
608 4577 661 4616 uon
673 4575 753 4632 posse
768 4560 831 4616 lerri
842 4560 875 4616 de
890 4561 934 4618 illa
969 4564 1056 4628 neret,
1069 4561 1097 4612 et
1110 4553 1284 4610 nibilominus
1300 4556 1465 4612 collatio'cst
1479 4557 1578 4627 valida,
1592 4559 1702 4614 secluso
1716 4558 1768 4615 alio

133 4653 286 4727 legitimum
305 4649 438 4708 iudicium
448 4649 506 4706 sine
520 4639 675 4722 cognitione
685 4650 803 4706 aliorum
818 4649 931 4722 impedi·
969 4646 1064 4702 maiori
1079 4643 1284 4716 impedimento·
1298 4645 1366 4701 ltam
1382 4645 1429 4718 qui
1445 4657 1559 4719 propter
1573 4645 1698 4704 distincta
1715 4651 1768 4704 cri·

133 4750 305 4812 mentorum,
322 4739 459 4813 quietalis
475 4754 558 4794 causa
573 4741 644 4794 sumi
664 4739 746 4794 debet
758 4754 790 4795 ea
813 4741 931 4795 necessi·
969 4738 1043 4791 mina
1057 4735 1191 4791 obnoxius
1206 4741 1249 4791 est
1268 4735 1361 4790 multis
1377 4735 1485 4807 poenis,
1502 4737 1591 4793 minus
1607 4737 1706 4810 dignus
1726 4745 1770 4795 est

133 4841 205 4904 tate,
226 4831 270 4888 rel
285 4829 402 4887 utilitate
417 4828 476 4884 talis
498 4827 677 4900 matrimonii,
693 4828 725 4884 de
745 4843 801 4900 quo
819 4826 935 4884 iudicari
968 4825 1118 4881 cuiuslibet
1136 4823 1312 4894 remissione,
1330 4831 1357 4880 et
1375 4821 1514 4880 difficilius
1528 4823 1601 4882 illam
1621 4827 1767 4899 obtineret,

132 4939 183 4980 non
200 4927 302 4995 potest,
317 4933 370 4974 noo
382 4918 498 4989 cognitis
509 4918 636 4973 omnibus
651 4917 849 4987 impedimentis
860 4917 931 4973 eius.
969 4915 990 4970 si
1005 4916 1094 4970 omnia
1114 4913 1194 4970 simul
1214 4911 1377 4969 remittenda
1393 4921 1572 4987 proponeret,
1589 4922 1618 4970 et
1635 4916 1769 4973 nibilomi-

132 5014 166 5070 Et
180 5013 248 5068 baec
263 5010 333 5065 ratio
347 5005 456 5063 videtur
471 5005 534 5062 mibi
547 5008 614 5062 satis
627 5005 726 5061 allieas
741 5014 769 5062 et
782 5007 910 5063 notanda.
968 5020 1020 5061 nus
1034 5004 1122 5062 ralida
1143 5010 1186 5059 eet
1202 5002 1325 5059 remissio
1345 5002 1575 5076 uniuscuiusque,
1593 5006 1681 5060 tacitis
1698 5004 1767 5077 aliie,

170 5106 197 5160 6.
214 5103 243 5157 ln
263 5095 509 5171 dispensationibus
529 5101 620 5151 autern
639 5093 889 5168 irregularitatum,
905 5104 933 5153 et
968 5096 1018 5151 nisi
1033 5095 1079 5151 ubi
1094 5095 1136 5150 lex
1151 5091 1225 5150 aliud
1240 5091 1370 5164 disponit,
1380 5092 1422 5149 vel
1438 5109 1524 5150 unum
1539 5109 1593 5151 uon
1608 5099 1698 5165 potest
1711 5095 1769 5151 siue

134 5193 246 5249 aliarum
267 5186 483 5256 inhabilitatum,
499 5201 531 5242 ac
552 5200 719 5257 poenarum,
736 5186 862 5242 existimo
879 5202 932 5242 non
968 5186 1019 5243 alio
1034 5184 1202 5242 sufficienter
1216 5181 1357 5256 explicari,
1370 5183 1433 5255 quia
1447 5183 1557 5255 quando
1573 5189 1638 5240 suot
1652 5184 1763 5240 coruino

134 5281 231 5340 babere
243 5280 340 5337 locum
355 5277 488 5334 nunonem
503 5275 592 5345 istam,
605 5289 694 5349 oeque
708 5275 869 5348 regulariter
884 5275 933 5332 do·
968 5276 1087 5348 diversa,
1102 5273 1206 5330 nullam
1220 5272 1418 5330 connexionem
1432 5272 1531 5330 babent
1545 5275 1572 5330 in
1596 5273 1789 5344 remissione,·
