4256 6224
382 341 445 408 380
1082 363 1252 416 nmenrx.

343 491 401 544 lur.
422 485 491 544 Tum
510 493 652 559 praeterea
669 488 736 561 quia
754 493 822 547 tunc
836 486 974 562 complete
987 494 1030 547 est
1042 486 1150 546 redem·
1183 491 1332 576 crementi
1344 491 1477 565 prnttoe,
1496 497 1629 567 nuquam
1642 489 1708 568 quid
1722 489 1899 566 dirt'mctum,
1915 489 1993 567 qnod

341 576 411 648 ptio,
427 592 491 633 unu
504 577 576 634 enim
586 575 735 638 ntmttone
746 583 964 637 consummarit
974 579 1149 653 sonctifica-
1183 586 1277 652 postea
1289 580 1498 654 explicabimus.
1510 583 1566 640 Nec
1575 584 1611 640 ab
1621 582 1675 644 hec
1687 586 1822 642 sententia
1832 583 1942 642 alicnus
1952 589 1997 640 eet

342 669 398 723 tos.
413 665 481 722 Tum
500 665 619 741 denique
638 670 704 742 quie
721 670 825 742 figurae
844 685 957 742 omnes,
972 677 1001 726 et
1014 670 1149 726 sacrificia
1184 669 1416 746 hieronymusin
1428 673 1509 743 epist.
1523 676 1570 743 83,
1583 672 1651 728 alias
1662 676 1670 729 l
1681 678 1706 732 1.
1719 671 1792 745 apud
1803 673 1994 746 Augustinum

342 762 411 812 ωηο
423 756 723 832 completasunt3ergn
735 764 802 816 tunc
813 758 946 816 etiamlex
957 758 1147 816 luitertr‘ncta.
1184 757 1306 816 reterens
1329 760 1492 818 sententiam
1513 761 1680 838 Hieronymi,
1698 761 1782 819 inille
1802 777 1859 820 nnn
1871 760 1994 833 dubitat,

381 850 409 902 2.
427 846 462 902 Et
479 845 660 904 confirmatur
676 849 763 917 primo
779 864 810 904 er
828 854 854 908 8.
872 853 899 905 et
913 852 940 905 3.
959 848 1042 904 Hebr.
1056 846 1104 904 ubi
1117 861 1150 904 ex
1185 864 1236 906 nec
1250 849 1330 908 aliter
1343 848 1467 908 declarat
1479 857 1599 925 tempus,
1612 853 1638 908 in
1651 867 1706 926 quo
1718 851 1760 910 les
1771 850 1816 909 ille
1829 851 1923 924 coepit
1933 867 1993 908 esse

343 934 518 993 similitudine
541 937 696 994 testamenti
717 929 860 1009 probatur,
875 939 1082 994 Testamentum
1101 951 1150 992 no·
1186 945 1308 1016 mortue,
1324 941 1371 997 sed
1386 939 1512 998 absolute
1527 940 1603 1012 dicit,
1617 947 1680 1013 post
1692 940 1866 1014 evangelium
1880 940 1991 1010 Christi,

344 1040 411 1081 vum
426 1040 478 1080 non
495 1024 579 1082 luisse
594 1027 787 1083 confirmatum
802 1028 936 1100 usquead
948 1025 1151 1084 mortemChri·
1185 1044 1277 1103 neque
1290 1030 1398 1087 invenio
1411 1030 1517 1100 locum,
1534 1030 1560 1086 in
1574 1047 1630 1104 quo
1646 1030 1745 1089 dixerit
1759 1038 1822 1103 post
1835 1032 1994 1104 pensionem

343 1114 399 1186 sri3
419 1129 481 1172 nam
496 1113 591 1172 eodem
606 1115 731 1187 exemplo
745 1116 890 1190 probatur,
906 1116 991 1172 inisse
1006 1115 1151 1173 confirme-
1185 1118 1229 1176 rel
1247 1120 1489 1178 resurrectionem.
1506 1122 1583 1178 llenc
1598 1135 1664 1194 ergo
1678 1123 1841 1180 sententiam
1855 1124 1994 1180 veriorem

279 1283 283 1294 Ι
344 1211 406 1262 tum
429 1205 456 1260 in
477 1205 535 1276 ipse
551 1212 659 1278 morte,
676 1220 743 1278 ergo
757 1212 825 1262 tunc
838 1207 920 1262 etiam
933 1211 977 1263 est
989 1209 1149 1262 revocatum
1184 1208 1318 1281 existimo,
1329 1209 1419 1266 tribus
1430 1216 1522 1268 autern
1532 1211 1731 1270 assertionibus
1740 1211 1816 1270 illam
1829 1210 1992 1269 declarabo.

342 1295 550 1352 Testamentum
561 1301 659 1369 vetus3
675 1310 740 1368 ergo
754 1302 782 1352 et
795 1295 847 1352 lex.
861 1293 991 1352 Similiter
1007 1294 1151 1351 conflrma-
1224 1301 1252 1355 4.
1268 1298 1336 1354 Dico
1350 1299 1453 1369 nmmo:
1470 1301 1525 1357 Lex
1539 1305 1619 1358 vetus
1638 1316 1691 1357 non
1709 1299 1760 1357 luit
1774 1307 1888 1359 mortue
1902 1300 1995 1376 quned

342 1391 391 1442 tur
402 1384 526 1442 secunda
537 1387 606 1444 exi.
621 1384 657 1442 ed
667 1385 747 1442 Rom.
760 1385 806 1442 ubi
818 1400 866 1457 per
877 1382 1084 1441 similitudinem
1093 1399 1150 1441 ma·
1185 1384 1377 1460 obligationem
1402 1387 1429 1443 in
1452 1388 1561 1446 instanti
1584 1391 1682 1446 mortis
1705 1390 1820 1446 Christi.
1843 1389 1993 1462 Probatur,

342 1474 466 1532 trimcnii
479 1473 588 1531 duratio
602 1475 670 1548 legis
685 1473 930 1532 declaretur.Nam
944 1469 1031 1545 sicut,
1043 1473 1149 1529 virente
1185 1476 1250 1547 quia
1264 1475 1307 1532 lex
1321 1484 1402 1533 setus
1411 1491 1474 1549 ,ηοη
1487 1479 1577 1536 amisit
1588 1477 1783 1551 obligationem
1793 1495 1888 1549 sunm,
1904 1479 1994 1537 donec

343 1565 413 1636 viro,
427 1561 525 1621 mulier
540 1564 718 1622 subiecisset
732 1564 795 1638 legi,
811 1567 860 1635 ite,
875 1565 935 1620 viro
950 1569 1072 1633 mortuo,
1085 1563 1149 1620 libe·
1187 1561 1229 1621 ler
1250 1580 1320 1622 nora
1340 1567 1433 1638 coepit
1452 1565 1660 1640 obligare3sed
1682 1568 1725 1625 lex
1745 1582 1816 1624 nora
1830 1583 1888 1625 non
1904 1569 1997 1641 coepit

343 1661 424 1712 ratur
438 1671 453 1710 a
467 1655 526 1728 lege
537 1654 639 1726 ipsius,
652 1670 720 1728 ergo
731 1653 854 1712 similiter
867 1668 901 1710 ex
914 1655 1050 1710 sententia
1060 1651 1150 1723 Pauli,
1186 1652 1305 1728 obligare
1325 1654 1360 1711 ad
1374 1655 1485 1714 instanti
1498 1655 1593 1714 mortis
1608 1655 1726 1724 Christi3
1741 1672 1808 1730 ergo
1822 1673 1875 1716 nec
1892 1657 1937 1716 lex
1953 1675 1996 1714 ve-

346 1753 461 1804 mortuo
476 1731 596 1817 Christo,
612 1745 727 1802 liberata
740 1753 784 1802 est
797 1759 935 1819 synagoga
947 1757 963 1800 e
974 1743 1038 1815 legis
1049 1741 1153 1828 obliga·
1185 1749 1230 1801 tus
1244 1759 1277 1801 ex
1292 1752 1359 1802 tunc
1375 1746 1466 1803 amisit
1480 1745 1670 1819 obligationem
1687 1761 1777 1803 suam.
1790 1748 1996 1820 consequentis

348 1836 433 1893 tione.
455 1836 639 1893 confirmatur
659 1832 786 1906 tandem,
802 1835 866 1907 quie
885 1832 919 1890 ab
932 1833 1045 1890 instanti
1058 1829 1153 1888 mortis
1187 1849 1236 1906 per
1257 1847 1286 1892 se
1307 1841 1372 1892 nota
1384 1840 1436 1893 cst.
1452 1835 1585 1892 llinnrem
1599 1850 1664 1893 nero
1679 1851 1806 1908 suppono
1820 1853 1916 1907 uunc;
1935 1853 1997 1893 nam

349 1925 448 1982 Christi
463 1939 604 1997 nunquam
622 1923 700 1981 licuit
714 1939 789 1996 spem
805 1937 907 1995 ponere
919 1923 947 1979 in
962 1918 1151 1990 caeremoniis,
1186 1923 1213 1980 in
1227 1923 1297 1981 libro
1311 1926 1437 1998 sequenti
1450 1924 1533 1982 latius
1552 1931 1596 1983 est
1613 1924 1778 1984 declaranda
1791 1933 1821 1982 et
1841 1927 1995 1998 prebenda.

176 1993 181 2000 ’
231 2029 237 2040 ’
322 2013 776 2088 ¹uelsacrumentlsilliuslcgis,
793 2010 1150 2085 utinteturhug.inepist.
1185 2013 1998 2087 lleicrsutempropositecommunitcrreceptacstEnm·

349 2105 384 2163 ad
398 2106 554 2181 Hieronym.
570 2103 640 2160 inire
654 2103 809 2176 tractanda,
824 2109 852 2160 et
865 2101 1004 2175 colligitur
1017 2114 1049 2158 er
1062 2100 1108 2156 illo
1119 2097 1152 2155 ad
1187 2119 1243 2176 que
1257 2102 1331 2162 clare
1345 2102 1443 2162 docuit
1454 2103 1609 2162 bernardus
1623 2106 1649 2162 in
1662 2119 1707 2176 ep·
1725 2107 1772 2164 ll.
1788 2105 1823 2162 ed
1838 2107 1997 2178 llugonem,

349 2195 436 2255 Galat
455 2199 488 2253 5:
514 2197 574 2269 Qut
591 2196 625 2249 tn
643 2191 704 2267 lepe
716 2191 935 2266 testificamini,
952 2206 974 2250 ο
985 2191 1091 2264 grotta
1102 2203 1154 2245 err·
1188 2193 1269 2250 cuius
1287 2196 1450 2252 sententiam
1466 2195 1492 2250 in
1506 2194 1683 2268 sequentibus
1697 2195 1778 2252 latins
1796 2195 1996 2268 expendemus.

349 2284 471 2352 cedma
494 2283 616 2355 scilicet,
637 2281 762 2355 ponendo
784 2297 859 2355 spem
879 2281 905 2337 in
919 2280 992 2354 lege:
1009 2295 1073 2336 num
1086 2277 1154 2336 alias
1188 2283 1275 2351 Quam
1297 2285 1379 2340 etiem
1400 2299 1530 2356 expresse
1550 2286 1674 2359 sequitur
1693 2286 1772 2359 Ilugo
1788 2285 1823 2342 de
1836 2293 1940 2343 sancto
1954 2287 1999 2343 lli-

350 2391 406 2432 non
426 2388 533 2446 semper
549 2373 601 2430 luit
620 2370 723 2428 malum
738 2371 778 2428 uti
793 2369 936 2444 legnlibus,
952 2375 983 2426 ut
994 2368 1065 2426 inira
1078 2367 1152 2424 ride·
1189 2381 1266 2430 ctore
1280 2370 1328 2429 lib.
1343 2377 1372 2432 2.
1388 2372 1422 2430 de
1437 2374 1561 2432 Sacram.
1576 2390 1604 2447 p.
1624 2378 1654 2445 6,
1669 2389 1731 2446 cap.
1745 2378 1773 2432 4.
1785 2375 1904 2432 llultum
1916 2377 1999 2432 etiem

349 2463 453 2521 bimus.
468 2463 574 2518 Ponere
588 2467 680 2518 eutem
696 2475 772 2532 spem
787 2460 880 2517 inillis
895 2457 1075 2516 sacramentis
1087 2456 1152 2514 nihil
1190 2459 1260 2520 levet
1273 2461 1301 2519 d.
1316 2461 1410 2520 Thom.
1425 2463 1449 2522 in
1464 2467 1491 2535 4,
1506 2463 1535 2520 d.
1551 2469 1579 2536 3,
1591 2471 1643 2522 art.
1660 2469 1688 2534 3,
1699 2465 1878 2537 quaestiunc.
1891 2469 1923 2536 ³3
1937 2481 1998 2522 nem

352 2553 425 2610 eliud
440 2559 509 2622 erat,
525 2567 608 2625 quem
624 2552 750 2623 accipere
765 2549 811 2607 illa
826 2559 856 2608 ut
870 2551 1027 2608 necessaria
1037 2549 1070 2606 sd
1082 2547 1155 2606 salu·
1189 2551 1223 2609 de
1237 2553 1372 2625 baptismo
1386 2552 1513 2627 loquens,
1529 2555 1634 2628 inquit:
1650 2556 1721 2611 Post
1733 2556 1910 2628 poemorum
1926 2553 1998 2611 obli·

352 2649 419 2713 tem,
436 2648 468 2698 ut
481 2642 602 2699 sentiunt
615 2642 684 2715 llrg.
700 2639 727 2698 d.
744 2639 840 2697 Thom.
856 2647 885 2696 et
898 2639 942 2696 alii
957 2638 1115 2697 scholastici
1130 2637 1155 2694 in
1189 2645 1324 2718 putemus
1337 2639 1414 2713 suit,
1437 2642 1559 2717 mundo
1580 2645 1769 2700 circumcisio
1786 2648 1914 2701 mosten
1921 2641 1996 2716 snit,

352 2737 382 2802 4,
398 2730 462 2788 dist.
482 2736 507 2803 l,
523 2737 551 2788 et
564 2735 591 2789 3.
609 2732 681 2804 Ergo
695 2745 834 2804 nunquam
849 2729 928 2786 licuit
941 2728 993 2787 illis
1008 2729 1049 2785 uti
1064 2735 1155 2786 utne·
1189 2736 1339 2806 quantum
1354 2729 1397 2789 ad
1407 2747 1515 2798 ornnes,
1529 2731 1571 2790 ad
1580 2749 1651 2806 quoe
1662 2735 1920 2806 tatstttntlopotutt
1931 2749 2000 2808 per-

352 2821 494 2893 cessaris,
510 2837 577 2894 ergo
592 2822 701 2895 signum
714 2827 767 2888 est,
783 2835 908 2877 cessasse
924 2820 1035 2876 omnino
1052 2817 1153 2892 obliga·
1189 2823 1299 2879 uentre.
1318 2821 1404 2878 Sentit
1418 2836 1485 2895 ergo
1499 2836 1553 2878 non
1568 2828 1667 2892 anua,
1683 2836 1734 2879 nec
1748 2821 1826 2880 aliter
1840 2823 1927 2881 luisse
1943 2839 2000 2880 om·

353 2913 457 2968 tionem
471 2910 550 2982 legis.
1193 2911 1257 2967 nino
1278 2915 1415 2967 mortuam
1436 2909 1673 2968 circumcisionem
1694 2918 1830 2986 quantum
1845 2912 1880 2968 nd
1898 2911 2001 2985 obliga·

394 3004 421 3057 3.
437 2998 614 3056 Nihilominus
631 3005 674 3054 est
691 2996 815 3055 secunde
827 2997 959 3054 sententie
973 2992 1109 3068 asserens,
1126 2996 1157 3053 li·
1193 3001 1306 3057 tionem.
1330 3001 1366 3057 Et
1385 2999 1517 3056 rationem
1536 2999 1715 3057 subindicens
1727 2998 1816 3057 sedit:
1836 3004 1901 3057 Nec
1911 3016 2002 3076 prue-

237 3093 243 3116 '
354 3096 402 3150 cet
420 3078 515 3148 verum
537 3087 589 3162 sit,
612 3088 701 3161 legem
722 3094 841 3145 reserem
863 3102 911 3159 per
925 3092 1041 3144 mortem
1056 3085 1155 3143 Christi
1190 3093 1307 3164 ceptum
1328 3087 1458 3163 ohllput,
1479 3092 1641 3162 comptam
1659 3092 1697 3146 sit
1715 3087 1918 3162 divulgatum.
1940 3091 2001 3163 Agit

310 3215 315 3224 ·
353 3185 491 3237 mortuam
504 3178 599 3250 lusisse,
612 3176 791 3234 nihilominus
804 3191 858 3235 non
868 3191 929 3234 csse
942 3175 994 3232 hcc
1004 3175 1158 3249 intelligen·
1193 3186 1284 3237 autem
1306 3179 1340 3237 de
1360 3179 1450 3236 divino
1472 3183 1618 3250 praecepto
1631 3178 1777 3252 baptismi,
1792 3186 1821 3236 et
1836 3180 1923 3237 tacite
1937 3197 2001 3250 sup-

354 3271 422 3328 dum
442 3271 480 3325 ita
501 3270 625 3342 rigorose
641 3275 669 3324 et
682 3265 886 3339 mathematice,
901 3273 933 3323 ut
947 3265 974 3321 in
988 3265 1085 3322 eodem
1100 3281 1157 3322 mo·
1191 3270 1271 3341 ponit
1285 3269 1461 3342 principium,
1477 3268 1511 3325 de
1527 3284 1583 3342 quo
1597 3276 1761 3340 tractamus,
1776 3269 1908 3328 videlicet
1918 3273 2000 3327 unius

354 3365 447 3416 mento
468 3357 589 3414 emiserit
603 3355 647 3415 iila
660 3355 703 3414 lex
719 3356 771 3412 rim
786 3353 939 3430 obligandi,
955 3355 1003 3413 sed
1018 3354 1157 3412 moraliter
1190 3357 1259 3430 legis
1279 3355 1471 3428 obligationem
1493 3373 1548 3413 non
1569 3357 1651 3415 luisse
1665 3358 1827 3429 exclusam,
1853 3359 1905 3416 nisi
1919 3367 2001 3432 prout

354 3450 381 3507 id
401 3446 610 3520 intelligendum
630 3461 706 3518 esse,
728 3445 835 3504 scilicet
854 3445 936 3517 paulo
951 3451 1014 3517 post
1029 3451 1157 3518 mortem;
1191 3447 1302 3504 alterius
1311 3445 1443 3520 obligatio
1456 3444 1651 3506 inducebatur.
1664 3446 1742 3515 Quod
1766 3449 1935 3521 principium
1950 3449 2001 3506 lete

353 3541 390 3596 ita
411 3546 442 3597 ut
462 3553 511 3610 per
531 3543 647 3596 mortem
661 3536 760 3592 Christi
774 3537 913 3608 acceperit
926 3535 969 3592 lex
982 3532 1082 3593 lethale
1097 3533 1156 3591 nul·
1191 3536 1353 3608 comprobet
1362 3537 1428 3592 Sotn
1442 3549 1527 3608 supra
1535 3535 1641 3604 dicens,
1660 3551 1709 3608 pro
1723 3545 1801 3594 certo
1815 3553 1878 3596 csse
1901 3538 2001 3595 balten-

355 3646 424 3700 nus,
441 3636 473 3686 ut
490 3629 532 3684 sic
545 3627 651 3700 dicam,
665 3628 770 3684 ratione
784 3626 864 3684 cuius
883 3625 974 3683 statim
990 3625 1081 3696 coepit
1094 3625 1159 3682 deli·
1192 3624 2002 3704 dum,erl’euloadllebracosl.dicente:1ieprobnttofit

354 3734 430 3789 cere,
451 3725 480 3776 et
498 3717 582 3791 paulo
603 3722 667 3791 post
686 3718 807 3784 extincte
826 3721 878 3772 est.
900 3717 940 3772 lte
954 3716 1074 3771 sentiunt
1087 3716 1113 3770 in
1129 3720 1157 3788 t,
1189 3713 1394 3792 praecedentis
1405 3713 1545 3773 mandeti
1554 3720 1678 3790 propter
1692 3715 1907 3788 infirntltutern
1928 3721 1998 3784 eius,

354 3809 384 3866 d.
402 3815 434 3882 3,
449 3811 549 3866 Bonas.
566 3825 593 3880 p.
610 3813 646 3878 2,
662 3811 714 3864 art.
732 3811 764 3877 3,
783 3821 811 3879 q.
828 3810 856 3864 2.
874 3805 898 3862 in
914 3805 977 3876 line,
992 3805 1111 3879 Scot.·q.
1127 3808 1157 3877 4,
1190 3811 1219 3863 et
1229 3807 1332 3862 statim:
1343 3802 1602 3862 introductionem
1613 3803 1747 3863 melioris
1757 3808 1894 3882 spei‚per
1908 3823 2003 3880 prtum

354 3901 415 3957 Sot.
428 3915 455 3971 q.
471 3903 498 3966 l,
510 3904 564 3956 art.
578 3902 606 3966 3,
618 3903 647 3954 et
658 3896 705 3952 lib.
718 3901 746 3956 2.
760 3893 793 3952 de
805 3897 873 3952 lust.
887 3911 914 3969 q.
930 3901 957 3965 5,
969 3902 1021 3952 art.
1035 3898 1063 3964 4,
1076 3893 1156 3954 Gebr.
1192 3899 1443 3971 approximemus
1456 3892 1499 3956 ud
1511 3898 1619 3961 mum,
1637 3895 1685 3953 ulti
1697 3895 1797 3968 sentit,
1818 3895 2003 3954 introductis·

355 3989 383 4046 in
399 3993 427 4058 4,
442 3987 473 4044 d.
492 3989 518 4057 l,
534 4001 562 4058 q.
579 3990 614 4057 4,
628 3984 745 4043 llaldon.
760 3984 856 4042 liatth.
874 3989 901 4056 5,
916 3984 991 4041 circa
1005 3983 1089 4042 rerba
1101 3983 1156 4041 ille:
1191 3999 1254 4041 nem
1268 3985 1349 4041 unius
1369 3983 1453 4041 luisse
1467 3983 1685 4054 reprobationem
1700 3983 1829 4056 ulterius,
1849 3991 2000 4058 escape.

264 4119 266 4124 -
355 4081 422 4136 Non
439 4077 506 4132 ueni
519 4075 612 4148 legem
626 4073 748 4141 solome,
767 4080 822 4130 etc.
837 4075 873 4131 Et
885 4075 1010 4131 existimo
1023 4088 1083 4130 esse
1097 4089 1160 4131 sen·
1193 4073 1227 4132 ad
1249 4072 1301 4131 hoc
1316 4072 1415 4148 allegat
1437 4073 1647 4141 promissionem
1667 4074 1713 4132 liei
1731 4087 1780 4146 per
1801 4075 1948 4132 leremiam
1963 4074 2003 4130 his

275 4165 278 4172 '
356 4166 468 4224 tentiam
483 4168 602 4237 August.
617 4169 645 4220 et
659 4164 841 4224 ilieron.nem
852 4166 923 4235 hug.
936 4164 1020 4234 epist.
1035 4169 1061 4222 8.
1071 4165 1158 4222 etti.
1194 4165 1298 4221 verbisr
1318 4163 1537 4221 Consummcbo
1558 4161 1782 4238 superdonans
1793 4163 1897 4222 Israel
1914 4169 2003 4222 eles·

356 4257 428 4314 inter
447 4252 577 4326 epistolas
596 4253 771 4328 Hieronymi,
787 4252 854 4310 haec
868 4251 950 4309 habet
970 4251 1066 4309 verber
1088 4255 1160 4310 Post
1190 4250 1383 4327 perdoctum
1403 4249 1484 4308 Indu
1504 4255 1715 4310 uolumenum
1734 4268 1855 4310 nonum.
1875 4253 1916 4310 itt
1933 4253 2004 4310 inlra

352 4347 525 4421 passionem
536 4347 565 4399 et
573 4345 822 4399 resurrectionem
830 4343 954 4410 Christi,
965 4339 1036 4398 doto
1046 4355 1084 4398 ac
1095 4354 1158 4398 mo·
1192 4340 1316 4399 declnrat
1332 4341 1385 4400 hoc
1401 4347 1598 4399 testamentum
1611 4342 1720 4401 dicens:
1740 4345 1823 4418 Quia
1835 4343 1893 4406 linc
1906 4351 1952 4402 cet
1965 4349 2003 4401 te·

356 4432 501 4505 niseetuto
515 4435 710 4492 Scorurnento
723 4435 841 4504 gratiae
852 4428 1012 4488 secundum
1026 4428 1160 4488 ordinent
1193 4435 1391 4498 stertentum,
1416 4429 1497 4504 quod
1515 4429 1675 4506 disponam
1694 4429 1797 4490 ἀοηωῑ
1816 4433 1920 4491 lsrael
1936 4439 2003 4508 post

357 4520 566 4588 Melchisedec,
579 4521 845 4596 odhucpntobnnt,
858 4524 1161 4578 octercsocrcnrentc
1193 4521 1255 4580 dies
1270 4520 1354 4588 illos,
1377 4519 1450 4594 dicit
1463 4524 1627 4579 Dominus:
1646 4520 1749 4580 duodo
1768 4521 1848 4596 leger
1872 4539 1961 4582 mene
1975 4528 2003 4580 is

356 4630 418 4670 non
439 4629 478 4670 en
498 4610 709 4670 consuetudine
726 4609 932 4676 solemnitatis,
949 4608 1002 4668 sed
1013 4625 1052 4666 ec
1065 4624 1159 4666 neces·
1192 4611 1460 4676 missilibuseorum,
1474 4615 1502 4669 et
1513 4613 1547 4668 tn
1562 4609 1702 4669 cordibus
1715 4627 1819 4669 eornm
1834 4618 2002 4688 superscri-

356 4705 448 4760 eltate
461 4700 568 4760 salotis
583 4695 856 4762 esee-celebrundnr
868 4699 913 4757 ubi
927 4699 1018 4756 ludaei
1029 4697 1159 4756 subintel·
1193 4700 1262 4758 hcm
1275 4716 1342 4767 ecs,
1358 4707 1413 4758 etc.
1428 4705 1456 4758 et
1469 4701 1494 4756 in
1510 4701 1561 4758 fine
1575 4701 1674 4773 capitis
1687 4700 1846 4758 concludit:
1866 4703 2002 4760 Dicendo

357 4790 458 4864 ligendi
473 4798 554 4849 sunt:
569 4807 632 4848 nam
648 4789 721 4847 hunc
737 4805 859 4848 errorem
869 4791 1076 4862 ponithugust.
1089 4791 1160 4846 inter
1192 4795 1295 4847 numm
1307 4805 1428 4856 nonum,
1446 4792 1587 4847 veteravit
1597 4793 1698 4865 priua,
1717 4789 1791 4847 sicut
1803 4791 1889 4848 etism
1904 4809 1920 4850 e
1938 4809 2003 4849 ecn-

356 4895 416 4954 eos,
430 4897 500 4955 quos
514 4881 617 4938 Paulus
631 4879 656 4935 in
671 4879 774 4936 iudaeis
785 4878 1009 4953 reprehendebat.
1021 4881 1081 4936 Non
1091 4893 1159 4951 ergo
1193 4894 1273 4936 verso
1284 4877 1351 4936 dixit
1364 4878 1388 4934 in
1405 4894 1431 4934 c.
1446 4881 1489 4935 tc:
1506 4877 1614 4952 Aufert
1621 4882 1772 4954 priorum,
1789 4883 1823 4934 ut
1836 4880 2003 4938 secundum

357 4968 487 5027 intellexit
495 4968 774 5041 Augustinus,statim
785 4975 848 5040 post
859 4971 1012 5040 passionem
1026 4967 1114 5041 legem
1129 4967 1159 5024 il·
1192 4973 1321 5030 statuat:
1332 4984 1398 5041 ergo
1413 4967 1455 5025 lex
1469 4973 1549 5025 retus
1560 4983 1608 5038 per
1622 4967 1857 5027 introductionem
1870 4969 1941 5043 legis
1957 4986 2002 5028 no·

358 5057 412 5114 lam
434 5059 546 5116 desiisse
565 5074 626 5116 esse
646 5061 847 5128 necessariam,
869 5057 942 5131 quod
957 5063 1073 5115 estesse
1087 5073 1159 5116 mor·
1194 5074 1243 5116 veo
1257 5057 1347 5115 ablata
1361 5057 1422 5129 luit,
1438 5072 1492 5112 non
1508 5072 1576 5132 ergo
1591 5058 1669 5129 prius
1683 5060 1806 5114 cessarit
1819 5057 1948 5133 obligare
1964 5061 2001 5118 lm

359 5154 433 5204 tuam
447 5147 538 5221 qrroad
552 5148 756 5222 obligationem,
772 5147 820 5205 sed
836 5152 898 5220 post
911 5149 1068 5219 passionem
1077 5155 1107 5206 et
1117 5164 1159 5206 re·
1193 5156 1284 5222 vetus,
1297 5163 1380 5223 quam
1395 5162 1465 5203 nova
1477 5147 1612 5220 inceperit
1625 5146 1846 5220 obligaretiuod
1859 5149 1946 5206 etiam
1962 5166 2000 5206 re·

358 5237 568 5295 surrectionem:
582 5237 635 5296 imo
646 5227 721 5294 addit
729 5237 809 5296 etiam
820 5232 1159 5310 ntcnveelctloncmda·
1193 5243 1239 5298 cte
1248 5239 1410 5297 confirmant
1420 5235 1504 5300 rerba
1513 5235 1588 5296 Pruli
1598 5235 1633 5296 ad
1643 5235 1781 5311 Ephesi:
1790 5241 1905 5314 Legem
1918 5256 2002 5301 mus·
