4256 6224
842 383 1041 434 unrurxru.
1656 369 1718 430 585

115 511 259 582 tenderet,
275 516 375 568 nutne
393 509 533 568 rideretur
552 508 640 584 legem
659 508 817 581 reprobare.
833 513 922 582 htque
958 510 1087 566 virtutem
1110 515 1137 566 et
1157 508 1308 565 elhcnciom
1329 509 1462 580 passionis
1484 509 1582 566 Christi
1604 510 1758 566 mortificati

115 605 153 659 ito
168 602 324 674 explicetur
339 601 383 657 hic
399 601 480 657 locus
495 602 521 656 in
534 616 563 656 re
578 601 635 671 ipso
649 601 793 657 reducitur
807 599 840 656 nd
855 598 922 655 illud
956 615 1053 655 sumus
1065 600 1126 672 legi,
1139 598 1179 654 rel
1192 599 1234 654 len
1246 599 1304 670 ipss
1317 604 1425 655 mortun
1439 605 1489 655 cst.
1500 598 1538 656 hd
1550 598 1757 656 occurrendum

114 691 201 748 ilebr.
217 694 248 747 l:
268 689 426 749 translato
440 688 620 754 sacerdotio,
638 705 753 746 necesse
766 693 818 754 esi,
835 695 870 745 ut
883 686 922 742 ie·
956 696 1047 745 nutem
1067 689 1182 760 repllcno
1202 688 1304 760 lnctne,
1325 694 1416 759 potest
1428 691 1454 743 in
1475 689 1610 760 praesenti
1625 688 1757 760 npplicnri

111 785 159 854 cis
170 779 337 838 translatio
341 779 413 851 fici,
426 786 453 836 et
464 781 567 836 virtute
579 781 702 835 continet
713 780 921 850 rationemque
956 777 1093 834 distinctio
1104 775 1177 846 dats,
1190 793 1252 833 nem
1264 776 1355 849 quood
1368 776 1563 834 sufficientium
1575 781 1601 833 iu
1614 782 1672 851 ipsu
1683 794 1756 834 mor·

113 886 204 942 supro
219 886 284 927 cum
297 871 325 926 d.
337 869 440 926 Thomu
454 871 498 925 usi
516 884 614 926 sumus
629 867 662 925 nd
677 867 864 939 probandum,
881 870 923 923 iu·
956 872 982 922 ie
997 865 1096 921 Christi
1113 873 1274 922 mortuaest
1289 865 1441 939 lex3quood
1454 866 1606 923 ellicocinm
1622 883 1756 938 vero,seu

113 960 225 1016 ‹licislin
241 975 378 1029 cessosss,
390 961 454 1033 quis
469 966 576 1016 mutato
590 965 665 1015 stetu
680 959 751 1014 illius
766 958 858 1029 populi
873 973 922 1030 per
957 972 1022 1013 cum
1037 955 1207 1027 effectuoso
1222 954 1382 1026 stetim,sed
1395 963 1489 1027 posteo
1500 963 1622 1028 tempore
1632 973 1757 1030 congruo

111 1049 216 1104 Christi
231 1049 396 1117 ndventum,
412 1055 617 1120 consequenter
631 1053 766 1104 evucunto
781 1053 855 1103 suut.
957 1050 1069 1102 mortun
1088 1052 1141 1118 ost,
1164 1047 1266 1102 virtute
1285 1046 1409 1102 eiusdem
1431 1048 1554 1118 corporis
1568 1046 1685 1118 Christi,
1708 1062 1758 1102 seu

29 1157 47 1182 ο
160 1141 204 1195 lb.
225 1138 347 1211 lienique
368 1136 449 1194 lscile
470 1138 586 1193 solvitur
606 1137 724 1208 obiectio
745 1153 829 1208 supro
849 1137 923 1193 lacte
956 1136 1052 1190 mortis
1067 1135 1142 1207 eius,
1163 1142 1191 1191 et
1210 1135 1360 1208 unicuique
1384 1135 1503 1192 lidelium
1519 1136 1672 1207 oppilentur
1692 1151 1758 1192 cunt

115 1226 264 1285 londstsin
275 1227 365 1283 verbis
376 1226 609 1301 illispereorpus
621 1227 745 1293 Christi,
756 1241 826 1299 quoe
838 1227 921 1284 otium
957 1221 1057 1280 ellectu
1074 1225 1141 1280 hoec
1156 1225 1326 1280 mortiticstio
1347 1239 1396 1294 per
1416 1224 1496 1280 tidem
1508 1225 1607 1294 Christi
1624 1231 1651 1280 et
1670 1224 1759 1296 bspti-

115 1319 192 1374 rorie
206 1325 393 1390 exponunturr
409 1317 538 1374 omuibus
551 1323 642 1374 sutem
658 1315 745 1373 modis
759 1317 922 1373 confirment
955 1329 1055 1370 smum.
1072 1315 1165 1388 Neque
1185 1314 1270 1370 refert
1294 1313 1367 1385 quod
1393 1315 1419 1370 in
1439 1313 1522 1371 nlloto
1549 1313 1689 1386 exemplo,
1709 1329 1758 1385 per

110 1409 316 1479 expositionem
334 1406 436 1476 domm,
458 1414 485 1463 et
499 1405 562 1462 nihil
584 1406 693 1463 obstent
710 1408 851 1463 intentioni
873 1422 922 1461 no·
954 1410 1070 1460 mortem
1091 1405 1142 1460 viri
1162 1403 1312 1460 ellicoolter
1332 1409 1360 1460 et
1378 1405 1469 1460 stetim
1489 1405 1613 1461 solvetur
1627 1403 1757 1461 muliero

110 1499 299 1554 strnc.l>rimo
312 1498 384 1553 euim
398 1496 573 1568 interpretari
587 1511 798 1570 possumusper
813 1511 921 1568 eorpus
954 1493 1013 1566 lege
1037 1493 1103 1564 riri,
1129 1493 1210 1566 quis,
1237 1500 1269 1550 ut
1290 1491 1367 1562 dixi,
1389 1509 1444 1549 non
1465 1495 1635 1565 compererit
1653 1494 1757 1551 Pnulus

113 1588 242 1648 Christi,
259 1587 285 1644 id
305 1593 346 1644 est
360 1602 408 1658 per
430 1590 591 1656 reritntem,
607 1595 690 1660 quom
705 1586 830 1644 Christus
844 1586 918 1658 lecit,
954 1589 1070 1640 mortem
1089 1583 1187 1640 Christi
1208 1599 1273 1640 cum
1294 1589 1380 1640 morte
1399 1584 1465 1648 riri3
1481 1589 1509 1640 et
1528 1583 1588 1640 ideo
1601 1601 1656 1640 non
1674 1584 1754 1656 dixit,

111 1679 190 1734 iuxtn
211 1676 293 1733 illud:
309 1681 373 1734 Len
385 1692 440 1751 per
459 1677 593 1750 Mensem
607 1675 685 1734 duic
702 1681 757 1738 esi,
773 1680 880 1749 pratia
892 1681 921 1734 ei
954 1674 979 1729 in
1002 1681 1090 1730 morte
1110 1673 1224 1744 Christi,
1240 1671 1288 1728 sed
1310 1688 1358 1744 per
1379 1688 1480 1745 corpus
1494 1673 1608 1744 Christi,
1624 1682 1755 1748 tunquam

109 1769 224 1822 nabes
236 1780 292 1838 per
305 1767 403 1822 Iesum
420 1765 574 1823 Christum
578 1763 674 1838 sueto
687 1772 738 1832 est,
756 1768 831 1823 loen.
851 1770 874 1823 l.
885 1767 919 1821 lit
953 1777 1001 1834 per
1019 1777 1133 1819 corisum
1152 1762 1331 1818 sufficientem
1355 1762 1390 1818 sd
1412 1761 1622 1834 extinguendum
1637 1757 1754 1840 synogo-

110 1855 269 1926 ssplicntur
290 1856 389 1926 optime
403 1869 436 1912 en
458 1854 538 1911 simili
554 1855 616 1912 loco
636 1855 712 1913 Poull
731 1855 764 1912 od
784 1855 875 1913 Color.
887 1859 916 1925 2,
953 1867 1028 1925 gom,
1048 1868 1119 1926 quse
1137 1853 1196 1909 viro
1211 1852 1335 1908 morienti
1350 1859 1538 1922 comparetur:
1555 1868 1694 1928 synogoga
1708 1869 1758 1910 ou-

112 1944 159 2000 ubi
173 1943 206 2002 de
221 1944 356 2017 legnlibus
370 1945 550 2002 coeremoniis
565 1946 610 2001 eit:
628 1949 714 2020 Quae
727 1949 796 2002 sunt
809 1945 920 2002 umbra
954 1949 1076 1999 lemnon
1090 1943 1180 1999 stetim
1194 1949 1303 1998 mortun
1317 1943 1398 1998 estin
1412 1945 1473 2014 ipss
1485 1942 1584 1999 Christi
1598 1949 1697 2017 morte,
1708 1943 1757 2000 sed

101 2031 300 2103 futurorum,
319 2029 544 2108 corpus'uutem
561 2035 686 2102 Christi,
704 2034 732 2090 id
748 2041 808 2105 est,
824 2049 923 2096 oneres
952 2039 1049 2105 postea
1062 2049 1187 2107 congruo
1207 2039 1339 2104 tempore:
1355 2047 1443 2108 neque
1456 2030 1532 2088 oliud
1544 2048 1576 2088 ex
1592 2033 1692 2104 verbis,
1708 2039 1755 2090 out

112 2123 220 2182 monice
234 2122 339 2196 legales
354 2129 420 2179 sunt
439 2121 553 2180 umbrae
566 2133 594 2179 et
613 2123 732 2198 ligurus:
747 2138 851 2196 corpus
869 2130 919 2182 sd·
952 2123 1169 2194 comparatione,
1185 2128 1233 2178 out
1245 2121 1391 2178 intentione
1406 2121 1480 2178 Pauli
1493 2119 1584 2194 colligi
1598 2129 1699 2193 potest.

113 2223 182 2284 tern,
195 2211 220 2268 id
234 2221 287 2284 est,
304 2213 456 2285 significato
470 2219 499 2268 et
513 2212 616 2268 reritns
630 2228 725 2269 esrum
740 2220 806 2270 sunt
817 2220 919 2288 myste-
989 2218 1037 2272 22.
1050 2215 1090 2271 Ex
1100 2213 1140 2270 his
1155 2219 1258 2285 nutem,
1269 2227 1339 2286 quse
1353 2211 1452 2268 dehoc
1466 2212 1554 2284 primo
1565 2219 1668 2284 puncto
1680 2211 1754 2270 illius

113 2304 156 2358 rin
168 2302 283 2359 Christi.
299 2303 350 2358 Per
365 2301 419 2358 hcc
432 2316 499 2375 ergo
513 2317 616 2374 corpus
630 2302 747 2372 Christi,
763 2303 856 2360 dicere
870 2318 919 2374 po·
951 2304 1031 2375 primi
1047 2303 1174 2375 temporis
1189 2303 1323 2372 diximus,
1341 2299 1420 2358 incile
1433 2309 1494 2374 est,
1509 2309 1617 2373 cetere,
1633 2317 1704 2378 quoe
1718 2304 1753 2360 od

112 2394 169 2449 tuit
182 2392 306 2462 Paulus,
329 2407 379 2449 nos
391 2406 452 2448 esse
473 2393 650 2449 mortificatos
670 2391 737 2464 legi,
759 2394 825 2465 quin
839 2392 920 2450 ndre-
951 2392 1105 2451 secundum
1119 2399 1253 2465 punctum
1268 2408 1353 2464 supro
1370 2395 1491 2465 positum
1507 2395 1658 2465 pertinent,
1675 2409 1756 2465 ospe-

110 2484 205 2538 niente
218 2483 333 2538 reritnte
344 2481 416 2538 illios
432 2481 555 2553 umbrne,
568 2482 667 2538 umbro
680 2480 824 2552 disposuit.
832 2483 866 2538 Et
876 2481 918 2538 iu·
951 2485 1018 2540 dire.
1027 2485 1063 2540 De
1074 2483 1120 2539 illo
1134 2483 1204 2538 euim
1215 2482 1267 2539 luit
1277 2483 1366 2553 opinio
1380 2483 1511 2539 bominici
1521 2498 1537 2538 u
1547 2485 1613 2540 soto
1627 2483 1689 2539 loco
1706 2500 1756 2539 su·

113 2581 163 2628 sto
178 2571 251 2628 hune
274 2585 385 2627 sensum
404 2576 495 2627 cessst
515 2570 642 2640 obiectio,
662 2570 727 2643 quin
745 2569 781 2625 ibi
802 2585 856 2626 non
875 2576 919 2628 est
950 2586 1000 2645 pro
1014 2578 1240 2642 commemorntc,
1257 2571 1344 2644 legem
1359 2577 1479 2628 veterem
1494 2572 1653 2644 abrogatam
1668 2571 1753 2630 luisse

111 2661 242 2732 spectetis
262 2675 352 2716 sermo
370 2659 404 2716 de
425 2667 516 2716 morte
532 2658 643 2728 Christi,
667 2660 714 2716 sed
734 2658 768 2715 dc
789 2658 918 2733 ndimple-
950 2665 976 2718 in
991 2670 1095 2736 puncto
1108 2663 1321 2718 resurrectionis
1335 2661 1451 2732 Christi,
1474 2669 1501 2718 et
1514 2679 1569 2718 non
1582 2670 1679 2734 nnteu,
1701 2679 1750 2719 ue·

112 2751 186 2808 tione
199 2757 228 2808 et
246 2751 399 2808 censetisne
418 2750 484 2822 legis
499 2765 546 2822 per
565 2749 737 2806 vertutems
754 2749 864 2806 Christo
878 2751 917 2807 ls-
950 2769 1004 2826 que
1026 2758 1088 2825 post
1107 2751 1189 2808 illurn.
1205 2751 1363 2824 Fundetur,
1384 2753 1451 2824 quio
1472 2753 1632 2828 mysterium
1654 2753 1751 2810 solutis

111 2847 205 2914 otum,
220 2857 290 2914 quoe
304 2839 412 2897 extendi
427 2846 519 2911 potest
530 2839 565 2896 nd
584 2845 691 2912 tempos
707 2840 916 2898 resurrectionis
949 2849 1059 2901 nostroe
1073 2857 1128 2899 non
1146 2843 1237 2898 statim
1253 2843 1280 2896 in
1300 2848 1388 2898 morte
1402 2840 1560 2898 absolutum
1576 2842 1644 2914 luit,
1660 2843 1751 2900 sedin

112 2936 145 2986 01
157 2930 240 2998 ultro,
257 2938 289 2986 ul
303 2933 395 2988 sittim
409 2929 544 2986 dicemus·
682 2991 686 2999 ,
948 2934 1161 3003 resurrectioue3
1177 2947 1244 3005 ergo
1259 2938 1323 2988 tuuc
1338 2931 1420 2988 etiam
1435 2933 1552 2987 cessavit
1565 2931 1618 2988 lex.
1635 2935 1753 2989 hutece·

154 3017 568 3092 20.Socundoexponunturttts
579 3017 662 3074 verbo
673 3018 706 3075 de
716 3018 917 3090 corporeChri-
949 3023 1016 3080 dens
1030 3030 1113 3095 putet,
1126 3022 1190 3095 quin
1201 3028 1294 3080 nostro
1309 3021 1384 3078 selus
1395 3021 1465 3077 duos
1480 3021 1597 3096 requirit
1609 3025 1751 3092 terminos,

112 3111 150 3167 sti
163 3111 291 3184 mystico,
303 3108 377 3182 quod
388 3115 431 3164 est
440 3109 613 3179 Ecclesis,ut
623 3107 751 3164 indicavit
763 3106 916 3166 ditiones
950 3113 1066 3182 scilicet,
1078 3113 1149 3169 mori
1162 3119 1286 3184 peccato,
1300 3119 1328 3167 et
1343 3126 1487 3183 resurgere
1501 3113 1528 3167 in
1543 3127 1641 3168 uorem
1655 3113 1751 3184 ritem,

114 3200 162 3272 ibi,
175 3200 280 3257 dicens:
294 3202 353 3257 Per
367 3214 471 3274 empus
488 3199 609 3267 Christi,
622 3198 693 3256 idest
703 3214 758 3272 per
770 3199 917 3273 boc,puod
950 3209 977 3258 nt
990 3208 1056 3258 teste
1071 3201 1154 3257 Paulo
1168 3202 1318 3257 Rotnani:
1335 3201 1472 3257 Christus
1485 3206 1619 3258 mortuus
1630 3207 1673 3259 esi
1679 3219 1753 3276 pro·
1857 3215 1863 3222 ·

105 3288 192 3364 sueti
206 3293 275 3346 estis
292 3287 428 3346 membru
451 3290 584 3360 corporis
606 3289 734 3354 Christi,
756 3288 918 3362 consepulti
945 3296 1014 3364 pter
1028 3287 1138 3345 delicto
1151 3293 1268 3354 nostru,
1285 3291 1492 3345 eiresurreuit
1501 3295 1625 3363 propter
1644 3291 1754 3364 iustiti-

113 3382 143 3434 ei
154 3393 209 3452 per
224 3378 414 3451 baptismum,
432 3382 485 3432 etc.
499 3375 550 3432 Ubi
564 3375 765 3434 sisenandum
779 3383 832 3449 est,
846 3378 916 3434 hooc
950 3384 1096 3437 cntionem
1110 3384 1259 3445 nostrone·
1273 3393 1350 3452 ergo.
1363 3379 1556 3448 Condrmotur,
1572 3381 1635 3452 quis
1649 3380 1692 3438 len
1706 3397 1754 3437 re·

114 3473 232 3524 mortem
245 3467 310 3538 logis
324 3465 472 3537 dupliciter
481 3463 650 3521 considerent
664 3481 755 3536 posse:
770 3481 824 3522 uno
835 3466 917 3522 modo
950 3477 996 3528 tus
1009 3486 1063 3527 non
1083 3469 1173 3526 solum
1188 3477 1305 3524 mertem
1319 3469 1442 3539 percuti,
1463 3466 1511 3523 sed
1526 3470 1606 3524 etism
1628 3485 1756 3528 resurre-

115 3555 270 3612 secuudum
291 3570 335 3625 se,
350 3562 379 3610 ct
391 3556 419 3610 in
438 3553 555 3627 geuernli
575 3552 657 3609 veluti
671 3553 760 3626 quood
780 3553 918 3611 sufficien-
950 3560 1070 3616 ctionem
1084 3559 1109 3614 in
1128 3572 1226 3614 novom
1239 3558 1322 3614 vitem
1336 3557 1551 3631 praetigurobnt,
1571 3565 1602 3614 ui
1621 3560 1704 3616 etiem
1719 3559 1754 3616 de

115 3645 198 3716 tium,
213 3643 264 3699 olio
278 3642 360 3700 modo
375 3641 467 3715 quood
481 3641 651 3712 efficacium,
668 3649 750 3714 prout
764 3643 918 3714 applicatur
950 3647 1162 3705 circumcisione
1176 3661 1258 3717 supro
1269 3661 1302 3704 ex
1316 3647 1450 3720 Cypriane
1461 3646 1617 3719 retulimus3
1628 3664 1695 3720 ergo
1711 3649 1754 3706 lex

116 3733 195 3802 huic,
210 3739 238 3788 et
251 3732 290 3788 illi
305 3730 423 3802 homini,
439 3731 485 3804 qui
498 3731 602 3787 dicitur
616 3731 773 3788 mortificari
788 3731 850 3803 legi.
864 3735 918 3790 lsto
951 3745 1032 3795 retus
1042 3738 1069 3792 iu
1081 3736 1282 3794 resurrectione
1296 3736 1521 3793 cesseritlurnrl
1532 3736 1648 3810 denique
1663 3746 1756 3810 potest

116 3837 185 3894 ergo
198 3820 345 3894 posteriori
356 3819 435 3876 modo
449 3819 579 3877 dicuntur
589 3819 681 3876 lideles
694 3821 853 3878 mortificari
868 3823 919 3895 legi
952 3828 1014 3884 loco
1028 3826 1104 3883 Pnuli
1122 3827 1245 3898 proxime
1259 3830 1378 3882 trsctotn
1392 3824 1426 3881 nd
1440 3829 1557 3883 Romen.
1572 3829 1602 3884 l:
1624 3827 1755 3905 Mortifi·
1810 3895 1813 3900 ,

119 3925 169 3983 per
182 3909 366 3990 baptismum,
386 3908 450 3980 quit
463 3924 512 3981 per
531 3907 608 3965 illum
621 3907 781 3966 efficiuntur
799 3912 921 3968 membro
952 3921 1014 3976 coti
1026 3920 1095 3974 estis
1108 3915 1215 3988 ispi...
1228 3921 1262 3972 ut
1275 3919 1340 3972 sitis
1353 3914 1494 3978 ulterius,
1512 3919 1561 3989 qui
1574 3932 1613 3973 ere
1630 3922 1757 3975 mortuis

118 3998 279 4072 Ecclesiae,
301 3997 376 4070 quod
402 4002 445 4054 esi
467 3999 575 4070 Corpus
594 3997 704 4053 Chrissli·
721 3999 807 4056 Privri
827 4007 919 4058 aulem
951 4009 1134 4067 resurrexit:
1147 4019 1213 4078 ergo
1229 4004 1296 4061 hoec
1316 4005 1486 4062 mortificatio
1506 4005 1606 4063 Christi
1629 4023 1757 4066 resurre-

117 4087 202 4144 modo
216 4087 259 4146 lex
278 4094 391 4144 mortua
405 4092 448 4142 θεῖ
460 4101 510 4158 per
529 4101 633 4158 coruus
648 4087 795 4161 mysticum
808 4088 918 4160 Christi,
953 4099 1071 4155 ctionem
1091 4096 1229 4168 supponit.
1247 4097 1320 4152 lineo
1335 4110 1399 4152 vcro
1420 4099 1556 4153 sententio
1573 4098 1710 4156 intellecti
1727 4101 1757 4156 ln

117 4177 290 4253 qusdrutque
303 4177 405 4249 optime
425 4192 490 4234 cum
503 4175 601 4248 dictis,
623 4191 687 4233 nom
701 4176 827 4235 Christus
845 4179 921 4237 insti·
953 4186 1043 4259 rigore
1056 4185 1090 4246 de
1112 4191 1216 4255 puncto
1236 4184 1449 4241 resurrectionis
1470 4199 1535 4242 rere
1555 4199 1607 4242 oon
1630 4193 1683 4258 est,
1707 4203 1757 4244 nec

119 4267 240 4339 tuendo,
255 4274 284 4324 oi
297 4265 437 4323 fundendo
450 4280 549 4322 novam
564 4265 736 4335 Ettliflitms
753 4282 921 4342 tyntss⁰sstm
953 4283 1155 4349 cousequenter
1174 4272 1346 4346 detenditur,
1363 4280 1453 4332 stante
1467 4273 1513 4332 illo
1532 4277 1683 4349 principio,
1699 4294 1756 4351 qun

116 4357 259 4426 distinxit,
276 4363 306 4414 et
319 4361 523 4428 consequenter
536 4354 624 4428 legem
637 4354 671 4412 de
691 4357 780 4414 medio
795 4358 918 4418 obstulit.
954 4381 1005 4438 pro
1023 4365 1159 4422 constanti
1180 4365 1272 4436 posuit
1290 4365 1367 4435 Soio,
1390 4364 1476 4437 legem
1498 4371 1615 4423 veterem
1637 4384 1690 4425 non
1711 4368 1758 4424 de·

120 4450 156 4504 Et
169 4450 208 4505 iu
220 4449 305 4504 etiem
320 4454 414 4504 cesset
426 4446 555 4502 obiectio.
566 4445 634 4502 Nun
648 4444 774 4504 Christus
790 4463 842 4504 non
860 4447 923 4505 lun·
954 4456 1031 4512 illese
1046 4455 1178 4527 obtigere,
1194 4454 1282 4510 donec
1296 4469 1367 4510 nors
1380 4455 1473 4526 eoepit
1486 4453 1615 4527 obligare.

117 4537 194 4596 dliii
206 4537 285 4609 l>lene
299 4551 381 4614 wilm
393 4535 557 4608 E⁰⁰¹⁰⁸¹⁸¹¹¹s
572 4534 638 4592 dum
652 4535 732 4607 liiiio
747 4551 797 4592 ¹¹0⁰
810 4540 838 4593 5¹¹
854 4543 923 4594 lem·
993 4550 1041 4604 23.
1057 4543 1133 4602 Unde
1148 4543 1209 4601 dico
1231 4542 1370 4600 secundo:
1386 4545 1441 4600 Lex
1455 4550 1534 4601 retus
1549 4560 1603 4600 uon
1618 4544 1669 4602 luit
1683 4561 1758 4603 mor·

116 4641 185 4698 pore
199 4627 307 4698 mortis,
319 4624 407 4682 mulia
418 4625 488 4680 enim
503 4623 747 4682 fundamenideius
759 4631 819 4696 posi
830 4631 923 4683 resur·
956 4643 1003 4693 tun
1024 4637 1050 4691 in
1071 4641 1175 4707 puncto
1197 4633 1429 4705 resurrectionis,
1452 4635 1500 4691 sed
1521 4635 1614 4708 aliquo
1635 4645 1758 4710 tempore

118 4717 269 4774 rectionem
284 4718 362 4786 lenit,
384 4723 413 4771 et
425 4721 521 4788 postes
542 4713 629 4786 legem
648 4730 727 4771 susm
747 4715 923 4788 promulgare
956 4733 1020 4797 post
1039 4725 1108 4783 illud
1136 4725 1277 4798 obligurit.
1300 4725 1453 4796 Probatur,
1478 4726 1543 4797 quio
1562 4725 1606 4784 lex
1623 4741 1692 4783 nors
1704 4743 1760 4784 non

118 4806 312 4877 lecit,etlden
326 4819 506 4862 necesseuon
523 4804 589 4875 lull,
604 4805 631 4859 iu
648 4812 737 4861 molid
753 4803 852 4861 Chl'lsli
867 4813 924 4862 stu-
956 4816 1019 4888 plus
1044 4815 1175 4888 obligauit
1198 4817 1224 4870 in
1244 4819 1347 4887 puncto
1371 4815 1598 4886 resurrectionis¹
1625 4831 1709 4888 quam
1731 4819 1759 4876 in

119 4898 167 4953 lim
180 4895 647 4969 ¹280ffl0¹li⁰81¹isiluilss⁰¹¹mum
660 4894 923 4970 ⁸l¹¹⁰8⁰8³d0⁸¹lu·
956 4912 1044 4976 punto
1060 4904 1158 4961 mortis
1172 4904 1290 4974 bomini,
1306 4917 1372 4976 crgo
1386 4917 1440 4957 non
1452 4903 1538 4974 magis
1553 4905 1643 4975 potuit
1660 4906 1701 4962 lex
1714 4921 1760 4962 re·

117 4992 163 5042 clo
174 4992 228 5042 esl-
445 5027 448 5036 ·
956 5000 1002 5052 tus
1016 5009 1127 5051 cessure
1143 4993 1168 5050 in
1180 5009 1336 5065 uuo,qunm
1353 4995 1378 5048 iu
1390 4991 1486 5049 nltero.
1495 4995 1694 5066 Consequentia
1707 4996 1762 5052 evi·

156 5080 205 5134 21.
218 5073 308 5131 Tertio
327 5075 473 5147 exponitur
487 5074 676 5146 frequentius,
699 5079 731 5130 ul
747 5072 820 5146 dixi,
842 5073 923 5132 locus
956 5083 1023 5140 dens
1034 5091 1076 5142 est
1090 5084 1232 5156 supposito
1245 5081 1317 5139 dicto
1331 5081 1474 5152 principio.
1484 5081 1654 5140 snucedsns
1666 5090 1757 5142 utitem

111 5164 161 5224 ille
179 5163 213 5222 de
233 5163 334 5220 Christi
354 5177 473 5236 corpore
492 5177 543 5232 pro
564 5161 641 5218 uobis
661 5162 808 5230 crucifixo,
830 5169 860 5219 et
879 5169 924 5220 est
958 5173 1103 5246 probatur,
1118 5175 1182 5246 quis
1197 5172 1239 5228 lex
1260 5185 1329 5227 nous
1343 5186 1397 5228 non
1412 5170 1462 5228 luit
1482 5172 1568 5244 magis
1584 5172 1760 5246 promulgato

117 5255 221 5330 optimo
234 5254 384 5325 expositio,
406 5257 434 5308 et
453 5251 593 5308 verissime
613 5253 767 5324 sententio,
790 5252 856 5326 quin
875 5267 924 5326 pet·
958 5263 1112 5322 trontiuibus
1133 5262 1159 5319 in
1181 5267 1284 5336 puncto
1305 5263 1537 5331 resurrectionis,
1559 5277 1642 5336 quern
1663 5267 1760 5324 mortis

197 5363 297 5412 sunnon,
310 5358 583 5416 uelocibus-Persii.
1512 5355 1539 5402 ῃ
