4232 6220
350 425 357 432 .
407 351 475 417 636
1117 379 1219 431 araaa
1234 382 1270 432 x.

367 504 399 558 ut
414 517 477 559 mor
492 502 608 576 patebit.
618 503 705 563 Priori
719 517 786 580 ergo
797 501 879 562 modo
892 501 1033 562 intellecta
1044 501 1110 562 baec
1125 521 1168 560 as·
1201 505 1266 576 quid
1282 511 1428 581 praecepto
1443 505 1514 567 fidei.
1525 509 1706 569 Nihilominus
1720 518 1810 570 tamen
1831 513 2011 588 probabiliter

367 594 451 652 sertio
469 595 589 652 sumitur
607 611 641 652 ex
656 594 734 651 'dieto
757 594 897 682 communi
915 595 1049 651 ariomate
1063 594 1168 652 theolo·
1201 593 1256 652 dici
1271 604 1377 668 potest,
1393 598 1461 656 illud
1476 607 1664 673 praecepium,
1678 603 1758 660 etiam
1774 610 1858 674 prout
1878 621 1954 661 nunc
1968 610 2012 661 eat

366 701 477 757 gerum,
494 691 521 742 et
534 702 567 741 ex
582 685 609 742 d.
622 685 724 742 Thomu
742 687 766 741 l.
779 691 807 752 2,
823 700 851 756 q.
872 689 935 754 108,
950 689 1002 740 art.
1021 689 1042 741 t.
1060 684 1086 740 in
1102 684 1165 754 tine,
1201 683 1227 739 in
1242 685 1301 757 lege
1315 703 1400 760 nova,
1416 703 1470 744 non
1485 704 1545 745 esse
1560 707 1634 748 mere
1648 693 1796 763 positivum
1811 735 1819 761 ,
1839 690 1886 748 sed
1902 693 1937 749 de
1951 693 2010 766 lege

366 781 394 832 et
414 775 516 832 elarius
537 781 588 834 art.
606 778 632 832 2.
649 777 675 831 in
692 775 753 844 bne,
770 773 816 830 ubi
830 773 880 830 ait:
898 777 961 830 Lea
979 787 1058 830 noua
1078 771 1167 832 arella
1201 780 1316 831 naturae
1330 779 1502 835 connaturali
1516 779 1636 837 interiori
1651 781 1764 854 gratiae,
1779 789 1807 837 et
1820 780 1932 838 divinae
1945 783 2008 839 illu·

367 864 437 924 alia
459 881 552 940 opera
576 863 777 923 determinare
800 863 915 932 debuit,
939 861 1163 940 praecipiendo,
1200 864 1339 922 minutioni
1357 882 1406 923 seu
1423 867 1590 926 revelationi.
1604 871 1671 926 Nara
1685 887 1718 927 ea
1732 869 1783 926 illis
1796 869 1920 940 duobus,
1936 885 2009 943 quae

365 955 411 1013 uel
433 955 635 1030 prohibendo,
662 958 723 1012 atsi
746 961 956 1021 sacramenia,
983 959 1011 1010 et
1034 950 1166 1009 moralia
1201 969 1286 1024 supra
1298 954 1484 1026 distinximus,
1501 958 1629 1015 revolutio
1646 967 1676 1017 et
1689 960 1860 1032 praedicatio
1876 961 1940 1018 talis
1961 962 2011 1017 do·

363 1053 533 1122 praecepta,
545 1062 622 1118 quae
636 1044 672 1102 de
685 1062 715 1102 se
726 1049 877 1120 pertinent
889 1044 931 1103 cd
944 1046 1093 1100 rationem
1106 1043 1166 1098 oir-
1199 1043 1303 1100 ctrinae
1321 1045 1373 1102 luit
1387 1061 1420 1102 ea
1433 1044 1587 1105 voluntaria
1599 1047 1777 1120 dispositione
1788 1050 1845 1120 liei,
1858 1055 1888 1106 et
1903 1050 1944 1106 ita
1957 1049 2011 1106 diei

363 1139 449 1202 tutis,
469 1141 504 1192 at
516 1151 576 1192 mom
589 1149 650 1191 esse
663 1133 865 1202 occidendum,
882 1130 1118 1205 celsuraadum,
1136 1133 1165 1186 a
1198 1139 1291 1205 potest
1311 1132 1345 1190 de
1365 1135 1424 1192 iura
1444 1134 1535 1192 divino
1560 1138 1677 1208 positivo
1694 1141 1844 1210 pertinente
1860 1138 1895 1196 ad
1910 1154 2010 1196 novam

363 1223 489 1282 statilia.
505 1224 556 1282 Ubi
576 1223 696 1281 notanda
714 1229 779 1280 sunt
798 1224 893 1281 ultima
907 1221 1005 1294 verba,
1026 1226 1054 1277 et
1073 1234 1165 1277 exem·
1199 1223 1339 1296 Ecclesiae
1354 1225 1566 1297 institutionem,
1584 1230 1611 1283 iu
1626 1243 1681 1300 qua
1694 1228 1818 1285 Christus
1832 1230 1936 1302 voluit,
1948 1245 2010 1286 ease

365 1316 425 1388 pla,
442 1321 523 1388 negat
537 1315 607 1370 enim
621 1330 682 1370 esse
697 1314 722 1370 iu
738 1313 789 1370 hac
805 1313 864 1386 lege
877 1313 928 1370 alia
944 1317 1090 1385 praecepta
1107 1324 1165 1366 rno-
1198 1319 1302 1369 tantam
1321 1312 1428 1384 lucem,
1448 1322 1476 1371 et
1493 1317 1680 1388 cognitionem
1697 1317 1744 1374 Ilei
1762 1317 1830 1374 adeo
1846 1317 2008 1389 perlectam.

362 1405 426 1461 ralia
446 1410 555 1476 praeter
572 1419 619 1476 ea,
640 1417 710 1476 quae
726 1418 774 1474 por
788 1419 817 1459 se
831 1405 967 1474 pertinent
981 1399 1013 1456 ad
1031 1401 1162 1457 rationem
1199 1404 1234 1458 ht
1248 1417 1312 1458 vero
1327 1401 1453 1477 obligatio
1468 1404 1502 1461 ad
1517 1405 1696 1477 eredendum,
1709 1423 1782 1479 quae
1794 1406 1856 1464 inde
1867 1411 2008 1480 sequitur,

364 1494 489 1562 virtutis,
514 1492 540 1549 id
564 1499 622 1563 est,
638 1508 710 1566 quae
724 1499 790 1549 sunt
802 1491 957 1549 necessaria
971 1488 1003 1546 ad
1019 1491 1167 1560 virtutem,
1198 1489 1250 1545 iam
1270 1506 1322 1546 nnn
1341 1497 1385 1548 est
1405 1507 1478 1548 mere
1493 1494 1617 1565 positiva,
1634 1497 1698 1568 quia
1712 1511 1744 1552 eo
1758 1498 1832 1568 ipso,
1849 1499 1929 1571 qood
1952 1515 2008 1573 my-

364 1589 395 1640 ut
410 1583 435 1638 ln
450 1588 568 1656 nitroque
580 1581 697 1639 articulo
708 1583 823 1654 ipsemet
833 1579 961 1653 explicat.
974 1581 1030 1635 lmo
1047 1576 1109 1634 inde
1120 1592 1163 1632 ra·
1198 1580 1280 1635 sterio
1297 1579 1357 1637 ddai
1370 1580 1540 1640 sufficienter
1555 1592 1755 1656 proponuntur,
1768 1587 1917 1643 intrinsece
1938 1595 1966 1644 et
1976 1603 2008 1644 ea

364 1674 464 1730 tionem
479 1673 655 1744 sumit,qaia
665 1687 732 1728 cam
742 1671 861 1728 baecsit
871 1667 920 1725 lem
931 1665 1164 1740 praelucentem
1199 1673 1297 1724 natura
1316 1671 1354 1725 rei
1369 1673 1494 1743 sequitur
1509 1672 1640 1747 obligatio
1655 1674 1800 1746 credendi,
1815 1690 1889 1749 quae
1904 1691 2009 1748 propo·

362 1779 401 1820 ea
420 1766 591 1837 praecipere
604 1759 717 1826 debuit,
735 1759 781 1817 ael
791 1759 959 1834 probibere,
974 1772 1029 1832 per
1042 1764 1118 1828 quae
1130 1757 1164 1810 m
1199 1756 1250 1812 sita
1267 1765 1342 1814 suut.
1356 1760 1480 1832 sicergo
1495 1760 1559 1818 licet
1571 1778 1605 1819 ει
1619 1770 1695 1834 parto
1710 1763 1808 1820 obiecti
1822 1764 1876 1820 boc
1891 1781 2006 1836 praeoe-

364 1856 498 1926 qrattam
512 1849 753 1918 introducamur,
767 1847 812 1905 uel
825 1863 900 1922 quae
908 1849 1056 1921 pertimeat
1066 1842 1108 1901 ad
1117 1858 1164 1899 re·
1197 1851 1275 1916 ptum
1292 1849 1377 1918 possit
1392 1852 1637 1922 praesuppositive,
1652 1858 1683 1908 ut
1696 1854 1737 1909 sio
1752 1851 1921 1924 dicam,dioi
1936 1855 2010 1924 posi-

259 2002 262 2008 ,
362 1949 444 1999 ctum
461 1941 927 2015 qratiaeusameteaeeessttate.
944 1934 1079 2007 additque
1095 1933 1162 2004 opti·
1199 1934 1301 2005 tivum,
1321 1944 1457 2008 quatenus
1475 1941 1604 2010 supponit
1619 1940 1832 2010 revelationem,
1853 1957 1929 2014 quae
1943 1945 2009 1997 sirn-

363 2023 435 2089 mam
455 2031 708 2102 confirmationem,
723 2028 787 2102 quia
801 2029 829 2083 in
844 2026 903 2099 lege
917 2025 1003 2082 veteri
1017 2039 1071 2080 non
1085 2027 1164 2079 erant
1198 2023 1306 2095 pliciter
1321 2041 1376 2081 nou
1388 2035 1449 2084 erat
1463 2030 1615 2086 necessaria
1628 2045 1662 2087 ea
1678 2031 1703 2086 vi
1719 2031 1785 2087 iuris
1796 2039 1927 2104 naturae,
1939 2032 2009 2088 nibi-

361 2121 412 2178 alia
435 2125 581 2193 praecepta
603 2117 715 2175 moralia
739 2123 847 2190 praeter
866 2131 916 2187 ea,
937 2129 1008 2188 quae
1030 2110 1163 2168 naturalia
1198 2110 1314 2170 lominus
1329 2114 1479 2173 formaliter
1493 2123 1522 2174 et
1534 2118 1560 2174 io
1575 2133 1604 2175 se
1618 2121 1751 2192 estquasi
1767 2123 1895 2177 naturale
1913 2137 2009 2192 respe-

363 2217 445 2282 sunt,
462 2224 549 2282 neque
563 2207 636 2264 enim
650 2207 693 2263 illa
710 2207 752 2264 lex
766 2205 882 2263 addebat
894 2203 1021 2278 positivus
1035 2199 1163 2259 deterrui·
1197 2211 1246 2259 ctu
1264 2206 1369 2276 gratiae
1388 2207 1528 2263 existentia
1549 2207 1576 2262 in
1596 2206 1642 2265 tali
1663 2213 1755 2275 statu,
1781 2215 1810 2266 et
1823 2210 2004 2281 perfectione.

361 2301 486 2358 nationes
510 2297 661 2354 moralibus
678 2298 849 2370 praeceptis,
870 2301 902 2353 ut
915 2292 1049 2350 distinctis
1065 2306 1080 2346 a
1095 2289 1164 2346 iudi·
1199 2290 1258 2347 lloo
1272 2307 1339 2366 ergo
1355 2292 1435 2350 modo
1451 2295 1608 2353 verificatur
1621 2295 1764 2353 conclusio
1778 2300 1860 2354 etiam
1874 2300 1902 2356 in
1919 2306 2006 2356 mate·

361 2390 475 2447 cialibus
488 2394 517 2445 et
531 2384 872 2460 caeremonialibus3quod
886 2397 969 2456 supro
979 2381 1060 2439 etiam
1072 2386 1163 2436 osten·
1197 2381 1238 2436 ria
1251 2380 1323 2452 tidei,
1339 2389 1476 2454 quatenus
1490 2384 1543 2440 sub
1558 2386 1671 2441 materia
1686 2387 1794 2457 morali,
1810 2385 1837 2442 id
1851 2395 1897 2444 est
1909 2403 2006 2445 neces·

360 2496 421 2537 aum
437 2485 495 2550 est,
509 2492 575 2550 ergo
588 2476 674 2534 marito
687 2477 776 2533 minus
791 2475 833 2532 lex
847 2489 919 2531 nova
932 2471 1026 2530 debuit
1036 2470 1103 2527 tales
1113 2482 1163 2541 po·
1199 2471 1270 2526 sario
1284 2469 1317 2526 ad
1333 2471 1420 2528 bonos
1435 2481 1462 2528 et
1476 2479 1586 2529 sanctos
1601 2489 1692 2531 mores
1707 2467 1965 2546 comprehenditur.

360 2570 452 2625 sitrvas
474 2566 716 2624 determinationes
735 2564 850 2630 addere,
869 2565 941 2636 quia
959 2566 1106 2635 quautam
1120 2557 1163 2616 ad
1238 2562 1263 2618 7.
1280 2560 1332 2616 Sed
1347 2560 1472 2632 instabis,
1489 2562 1553 2634 quia
1568 2562 1594 2618 in
1610 2562 1670 2638 lege
1684 2580 1755 2620 nova
1770 2581 1825 2620 non
1840 2571 1952 2622 tantum
1966 2573 2007 2624 est

360 2659 423 2724 boe,
442 2657 481 2714 ait
496 2656 573 2714 divus
584 2655 711 2725 Thomas,
723 2653 774 2711 lea
787 2669 862 2710 unua
873 2655 1094 2726 superaetereru
1108 2646 1162 2706 ad·
1196 2655 1375 2721 praeceptum
1393 2649 1520 2706 credendi
1536 2651 1602 2708 baeu
1619 2653 1750 2729 mysteria
1763 2655 1842 2726 quasi
1852 2670 1888 2710 ea
1900 2672 2004 2728 suppo·

359 2747 428 2805 dere
441 2763 497 2805 uon
513 2745 626 2812 debuit,
649 2761 664 2802 ε
678 2745 703 2800 in
719 2749 772 2802 art.
786 2747 810 2801 t.
827 2744 904 2800 circu
917 2743 993 2799 tinem
1012 2741 1062 2812 ait,
1074 2739 1161 2813 legem
1197 2737 1293 2794 sitione
1315 2738 1504 2810 revelationis,
1525 2745 1553 2796 et
1566 2743 1762 2813 propositionis
1778 2757 1873 2800 rerum
1889 2746 2006 2802 creden·

359 2834 506 2909 evangelii,
532 2837 612 2893 etiam
636 2833 728 2909 quoad
748 2832 816 2897 hoc,
840 2833 895 2889 dici
914 2831 1002 2905 legem
1016 2829 1160 2900 libertatis,
1196 2826 1310 2912 darum,
1329 2827 1376 2884 sed
1391 2831 1472 2886 etiam
1485 2835 1529 2886 est
1541 2829 1699 2890 absolutum
1714 2840 1895 2904 praeceptum
1908 2849 1943 2890 ea
1955 2850 2006 2890 au·

250 2894 266 2992 ,ι
360 2927 426 2998 quia
440 2925 482 2981 lea
498 2930 577 2980 retus
591 2931 647 2980 tam
659 2922 745 2979 multa
759 2923 783 2977 in
796 2920 954 2993 particulari
966 2919 1159 2992 praecipiebat,
1195 2915 1305 2981 diendi,
1328 2923 1356 2974 et
1375 2917 1539 2988 sciendi,et
1552 2927 1754 2993 consequenter
1768 2920 1911 2995 credendi,
1927 2923 2005 2996 quod

361 3021 391 3072 ut
409 3014 465 3070 lere
485 3013 548 3070 nibil
568 3013 668 3069 liberae
687 3011 904 3068 determinationi
930 3009 1104 3065 subditorum
1118 3024 1161 3064 re·
1195 3013 1237 3065 est
1251 3014 1430 3080 praeceptum
1444 3007 1525 3082 longe
1539 3008 1694 3081 diversum,
1711 3019 1740 3067 et
1749 3009 1917 3081 simpliciter
1932 3016 2006 3084 posi·

360 3105 507 3178 linqueret:
525 3102 567 3160 lea
583 3109 755 3159 autemnoua
765 3115 780 3157 e
792 3115 927 3156 converso
938 3098 1001 3155 nibil
1014 3114 1062 3170 per
1074 3099 1160 3172 legem
1196 3099 1296 3155 tivum:
1318 3114 1385 3170 ergo
1406 3097 1499 3171 quoad
1513 3098 1566 3155 bno
1581 3101 1676 3172 negari
1690 3115 1744 3156 non
1758 3106 1862 3170 potest,
1878 3101 1948 3174 quin
1963 3103 2004 3158 lex

360 3193 503 3266 positivam
524 3191 686 3249 determinat
705 3191 730 3247 in
750 3191 864 3247 materia
878 3188 989 3259 morali,
1008 3188 1057 3244 sed
1071 3203 1103 3244 ea
1117 3203 1160 3243 so·
1196 3202 1265 3243 nova
1283 3189 1309 3243 lo
1328 3188 1443 3244 materia
1466 3186 1524 3243 lrdei
1548 3186 1682 3245 addiderit
1702 3187 1817 3260 positiva
1838 3199 2003 3262 praecepta.

359 3285 416 3341 lum
436 3283 587 3356 praecipit,
608 3281 650 3338 vel
671 3279 813 3354 prohibet,
833 3294 903 3352 quae
921 3277 1021 3335 habent
1035 3292 1161 3334 necesso·
1194 3279 1374 3348 desumptum
1394 3277 1570 3347 declaratur,
1593 3282 1659 3350 quia
1679 3277 1731 3335 boc
1746 3284 1934 3351 praeceptum
1946 3279 2005 3337 fidei

360 3374 427 3429 riam
446 3369 680 3439 convenientiam,
702 3368 743 3425 vel
759 3368 981 3425 contrarietatem
996 3365 1029 3422 ed
1047 3367 1160 3423 interio-
1194 3367 1348 3425 secundum
1367 3367 1532 3424 ordinariam
1552 3367 1639 3441 legem
1652 3367 1820 3440 applicatur
1844 3368 2005 3426 hominibus

359 3478 418 3518 rem
433 3461 564 3534 gratiam,
584 3473 655 3532 quae
675 3459 701 3514 in
716 3456 766 3514 lide
781 3457 1014 3531 perdilectionem
1029 3462 1160 3528 operante
1194 3471 1243 3529 per
1257 3456 1393 3526 auditum,
1404 3464 1471 3512 testa
1486 3456 1571 3514 Paulo
1585 3458 1620 3514 ad
1633 3459 1749 3516 Roman.
1773 3463 1816 3528 103
1832 3472 1901 3532 ergo
1911 3467 1944 3515 ut
1957 3458 2004 3514 ho·

359 3551 494 3609 consistit.
1194 3546 1279 3602 mirrea
1300 3546 1405 3617 possint
1425 3546 1540 3617 obligari
1561 3545 1594 3602 ad
1608 3544 1793 3617 eradendum,
1818 3555 2003 3617 desecasset,

400 3645 427 3699 6.
440 3640 584 3699 Constabit
597 3643 689 3695 autem
704 3637 791 3710 magis
805 3636 871 3692 baec
886 3634 986 3692 veritas
1000 3632 1159 3691 discurreo-
1193 3641 1225 3691 ut
1238 3634 1395 3708 obligentur
1410 3634 1443 3690 ad
1458 3634 1636 3706 audiendum,
1651 3651 1717 3708 ergo
1732 3635 1907 3710 paratiquod
1924 3653 2003 3708 prse-

360 3734 395 3792 do
411 3747 458 3804 per
472 3730 595 3803 singulas
610 3735 703 3801 partes
716 3726 882 3783 inductionis
897 3725 921 3780 in
937 3726 1105 3782 eontrarium
1120 3725 1158 3780 la·
1193 3731 1323 3796 ceptum,
1343 3723 1419 3796 quod
1440 3723 1492 3780 sub
1513 3723 1590 3780 oolla
1602 3723 1821 3782 consideratione
1839 3733 1937 3796 potest
1949 3726 2005 3782 dioi

337 3863 339 3868 ι
360 3830 436 3879 ctae:
458 3836 511 3877 non
532 3833 681 3890 possumus
700 3822 792 3873 autem
807 3813 841 3870 de
860 3812 973 3886 siugulis
987 3829 1020 3870 ea
1034 3813 1159 3884 prolesso
1194 3812 1329 3882 naturale,
1346 3813 1393 3868 sed
1408 3813 1610 3884 positivorum
1622 3814 1783 3871 declaratur
1797 3813 1929 3886 amplius:
1941 3832 2004 3872 nam

360 3919 388 3967 et
406 3911 508 3982 integre
527 3907 634 3976 dicere,
649 3907 714 3978 quia
727 3909 869 3977 oporteret
882 3903 968 3960 multa
980 3918 1015 3959 er
1029 3901 1088 3958 aliis
1102 3917 1159 3959 ma·
1193 3901 1284 3959 fideles
1307 3908 1433 3959 tenentur
1457 3918 1531 3960 nune
1554 3903 1682 3974 explicite
1705 3903 1818 3961 eredere
1838 3906 2003 3980 mysterium

287 3989 292 3998 ’
362 3997 436 4055 tertis
451 3995 598 4068 involvere,
614 3993 687 4068 quod
703 4009 718 4050 a
732 3999 825 4050 nostro
839 3993 962 4049 instituto
977 3990 1092 4048 alienum
1104 3999 1157 4064 est,
1193 4008 1219 4050 v.
1233 4009 1261 4065 g.
1274 3993 1422 4064 Trinitatis,
1434 3992 1477 4048 vel
1492 3993 1688 4050 lnoarnationis
1702 4008 1734 4050 ex
1749 3995 1808 4050 iure
1822 3992 1927 4064 divino,
1940 3999 2004 4068 quia

361 4088 452 4144 solum
470 4101 536 4158 ergo
557 4090 691 4156 punctum
711 4081 860 4154 praesentis
878 4079 1049 4137 difficultatis
1065 4081 1090 4134 in
1105 4080 1160 4135 sin·
1195 4081 1255 4138 telis
1270 4081 1336 4138 tides
1351 4090 1394 4138 est
1408 4097 1482 4138 niano
1494 4083 1614 4139 medium
1626 4082 1813 4140 necessarium
1824 4083 1857 4140 ad
1869 4085 2001 4156 salutem,

361 4176 434 4252 gulis
453 4177 628 4246 attingemus.
645 4173 725 4229 Circa
744 4178 920 4243 praeceptum
939 4187 1006 4244 ergo
1027 4170 1086 4226 tidei
1104 4169 1159 4227 duo
1196 4179 1227 4227 ut
1245 4186 1387 4242 suppono,
1409 4170 1477 4228 bueo
1492 4177 1585 4228 autern
1600 4173 1748 4229 nenessitas
1762 4171 1875 4230 involvit
1889 4190 2004 4246 praece·

361 4264 552 4338 distinguenda
572 4269 652 4328 sunt,
669 4260 776 4318 scilicet
789 4261 919 4318 revelatio
933 4276 997 4316 oum
1013 4259 1159 4317 sufficienti
1194 4265 1272 4332 ptum
1287 4259 1505 4332 divinum,quod
1522 4277 1574 4317 non
1590 4268 1679 4334 potest
1693 4277 1765 4332 esse,
1776 4263 1826 4318 nisi
1840 4265 2002 4322 absolutum

360 4353 545 4429 propositione
560 4349 776 4422 credendorum,
793 4359 821 4428 et
835 4349 981 4422 obbligatio
996 4349 1030 4405 ad
1046 4347 1159 4405 creden·
1193 4359 1222 4407 et
1241 4352 1397 4422 positivum.
1414 4352 1481 4407 Nam
1503 4350 1570 4407 illud
1591 4350 1669 4422 prius
1688 4352 1770 4424 quasi
1783 4352 2001 4410 conditionatum

360 4446 426 4503 dum
440 4459 487 4515 ea,
502 4457 573 4516 quae
587 4441 705 4497 revelata
719 4445 746 4496 et
761 4442 902 4512 proposita
916 4447 990 4496 sunt.
1007 4441 1160 4512 Utrumque
1194 4428 1324 4496 credendi¹
1338 4455 1388 4512 ea,
1411 4455 1483 4512 quae
1498 4439 1668 4512 revelantur,
1685 4456 1738 4497 non
1752 4441 1901 4499 sufficeret
1915 4444 1950 4500 ad
1964 4444 2003 4500 di-

360 4551 426 4608 ergu
448 4539 589 4604 repertum
608 4537 650 4585 est
670 4528 695 4584 in
716 4532 786 4586 omni
805 4527 863 4602 lege
878 4528 981 4600 diuina,
998 4543 1160 4600 semperque
1194 4537 1267 4585 ctam
1285 4530 1492 4586 necessitatem:
1516 4545 1579 4586 narn
1594 4531 1652 4586 sine
1667 4529 1811 4587 violatione
1825 4531 1910 4587 bodias
1924 4549 2002 4604 prae·

360 4626 410 4683 luit
424 4623 457 4679 ad
472 4621 588 4679 salutem
603 4621 800 4677 necessarium.
817 4620 971 4692 Differentia
986 4625 1078 4676 autem
1092 4619 1160 4676 inter
1195 4621 1267 4690 cepti
1281 4618 1460 4695 hypothetici,
1470 4624 1500 4675 ut
1513 4617 1552 4675 sie
1567 4617 1844 4693 dicam,possetquis
1858 4637 2001 4694 nunquam

361 4715 448 4788 legem
462 4711 580 4785 gratiae,
597 4717 625 4765 et
638 4709 803 4780 antiquiores
818 4717 878 4781 est,
894 4709 967 4782 quod
982 4710 1009 4765 in
1026 4709 1077 4766 hoc
1093 4716 1161 4766 tem·
1194 4706 1307 4764 eredere
1321 4705 1446 4780 explicite
1461 4708 1636 4777 Trinitatem,
1652 4713 1700 4764 out
1713 4707 1871 4779 Christum3
1888 4725 1958 4784 argo
1973 4719 2002 4767 ut

360 4817 425 4876 pore
445 4800 620 4873 expressior,
641 4805 669 4854 et
687 4798 721 4855 de
739 4797 864 4870 pluribus
884 4797 1105 4874 mysteriislacta
1118 4804 1161 4854 est
1195 4795 1228 4853 ad
1252 4797 1305 4854 hoe
1325 4797 1479 4869 obligentur
1497 4795 1606 4866 fideles,
1622 4797 1812 4854 necessarium
1825 4804 1869 4854 est
1884 4801 2002 4871 speciale

361 4892 501 4958 revelatio,
516 4897 545 4946 et
557 4887 707 4962 generalior
722 4888 884 4959 propositio,
899 4903 982 4959 quam
998 4889 1022 4942 io
1038 4886 1098 4961 lege
1114 4905 1159 4944 ve·
1194 4891 1372 4958 praeceptum
1391 4885 1539 4957 positivum
1558 4892 1587 4942 et
1600 4885 1769 4944 absolutum.
1785 4889 1854 4944 ltem
1868 4889 1895 4944 in
1913 4896 2003 4961 pasto-

362 4982 411 5039 teri
426 4980 467 5036 vel
482 4979 609 5044 naturali3
621 4975 720 5034 elioda
731 4981 932 5049 consequenter
946 4976 1159 5048 rosionesque
1194 4975 1270 5032 ribus
1284 4975 1417 5032 ecclesiae
1430 4981 1473 5030 est
1486 4973 1616 5049 obligatio
1632 4975 1825 5047 praedicandi,
1841 4984 1869 5033 et
1883 4977 2003 5035 docendi

248 5101 251 5108 =
362 5072 387 5127 in
409 5069 468 5142 lega
485 5067 585 5125 Christi
604 5067 640 5122 sit
656 5067 785 5140 obligatio
800 5064 928 5123 credendi
942 5065 1066 5138 explicite
1081 5065 1159 5137 plura
1194 5063 1265 5120 boue
1280 5063 1359 5121 tidem
1372 5080 1405 5121 ea
1420 5069 1567 5137 praesepto
1577 5063 1690 5122 Christi:
1700 5068 1808 5122 Docete
1819 5081 1924 5123 cuasam
1933 5082 2002 5139 pea-

361 5159 491 5234 mysteria
511 5155 747 5228 supernaturalia,
763 5171 846 5228 quam
864 5163 951 5212 antea.
969 5157 1003 5212 Et
1023 5161 1158 5228 quantum
1194 5161 1248 5222 tea,
1265 5159 1294 5211 ei
1305 5151 1479 5228 praedicate
1497 5152 1693 5228 euangelium.
1710 5154 1788 5212 Unde
1802 5153 1870 5212 illud
1887 5155 1964 5213 Pauli
1978 5157 2004 5212 in

361 5247 396 5308 ad
414 5247 466 5305 hoo
486 5245 582 5306 dieunt
596 5245 732 5320 theologi,
747 5243 832 5319 legem
846 5260 944 5304 noram
959 5242 1094 5303 addidisse
1108 5245 1158 5304 ali·
1198 5243 1694 5317 rapiunteorinu.e:lveeessuos
1704 5247 1785 5302 euim
1796 5245 1872 5316 mibi
1886 5249 2004 5304 mooss-
