4256 6224
381 280 443 346 eat
1092 294 1259 346 naaman.

340 425 374 481 ab
389 425 516 483 omnibus
540 427 667 498 gentibus
683 433 852 494 servaretur,
867 425 930 482 licet
944 423 1015 481 illam
1030 437 1083 479 non
1098 437 1145 478 ex·
1178 420 1278 488 modo,
1300 427 1327 477 et
1342 435 1413 478 novo
1428 421 1527 492 spiritu
1541 422 1757 494 praeciperetur,
1774 428 1806 478 ut
1824 421 1895 478 inira
1911 419 1985 478 vide·

340 514 485 588 privaverit
498 515 600 588 populo
613 517 742 590 gentilico
752 531 803 588 pro
815 515 859 572 illo
874 520 996 604 tempore
1007 528 1056 584 per
1068 512 1143 568 illam
1178 509 1279 583 bimum
1296 526 1361 584 ergo
1372 527 1425 568 non
1439 513 1571 584 oportuit,
1581 511 1702 584 priorem
1714 513 1904 584 legem,etiam
1916 529 1984 585 quo

340 603 444 677 legem,
465 605 512 662 sed
532 611 637 663 tantiam
658 621 705 678 per
720 606 763 662 ius
777 605 912 662 naturale.
930 604 982 661 Sed
997 604 1049 660 hoc
1065 602 1143 675 plane
1178 599 1211 656 ad
1232 601 1302 656 hanc
1321 601 1450 682 materiae
1471 609 1588 672 partem,
1605 604 1667 672 poni
1681 601 1753 658 ultra
1771 601 1921 658 terminum
1936 617 1985 674 pro

339 709 493 767 repugnare
509 695 634 766 videtum
656 695 795 770 quomodo
811 695 882 752 enim
897 700 1061 767 potestesse
1077 692 1143 748 obli·
1176 695 1234 747 totu
1247 688 1289 744 illa
1305 688 1363 762 lege
1378 689 1626 761 designatumNec
1640 690 1721 747 etiam
1736 691 1871 762 oportuit,
1880 693 1909 746 in
1925 691 1984 765 lege

339 785 412 858 gatio
433 800 466 840 er
488 785 513 840 vi
533 783 648 842 alicuius
669 786 735 858 legis
757 787 919 855 exterioris,
941 784 990 839 nisi
1005 799 1053 855 per
1069 782 1144 839 illam
1178 778 1335 851 evangelice
1356 793 1417 834 esse
1438 777 1507 835 duas
1528 779 1709 852 obligationes
1729 781 1862 852 positivae
1879 781 1986 838 divinas

340 873 530 932 manifestetur
554 875 682 932 voluntas
706 875 887 948 legislatoris?
902 873 1000 932 lleiude
1019 873 1085 930 alias
1102 888 1145 928 se·
1178 868 1253 923 circa
1266 868 1389 924 eaurdem
1406 869 1563 942 materiam,
1583 885 1648 942 ergo
1663 870 1821 926 adveniente
1841 871 1985 941 praedicto

341 964 574 1038 queretur,etiem
589 971 651 1021 ante
666 965 752 1038 legem
767 965 840 1021 iliam
855 981 903 1037 per
917 967 1035 1038 hloysem
1053 962 1143 1018 datam
1179 960 1305 1029 termino,
1323 959 1456 1028 cessavit,
1472 966 1499 1014 at
1513 960 1601 1032 posita
1615 975 1684 1016 nova
1698 960 1865 1032 obligatione
1881 960 1984 1030 divina,

340 1055 474 1128 obligasse
489 1071 542 1110 non
558 1055 647 1111 solum
664 1054 826 1129 gentes,scd
838 1057 919 1112 etiam
932 1053 1144 1125 israelitas,quia
1178 1047 1251 1119 prior
1265 1046 1308 1104 lex
1323 1051 1451 1105 cessavit.
1462 1050 1571 1107 Sicutai
1585 1067 1657 1106 unus
1667 1051 1791 1107 Pontifex
1803 1057 1984 1122 praeceptum

341 1145 392 1201 iam
414 1146 486 1200 bevra
506 1143 623 1201 habebat
642 1143 713 1200 illam
728 1145 908 1214 voluntatem,
925 1144 988 1200 licat
1001 1141 1073 1198 illam
1089 1155 1143 1196 non
1178 1137 1392 1218 aliquodlponat
1411 1155 1462 1211 pro
1477 1139 1531 1197 vita
1545 1155 1613 1212 sua,
1633 1145 1658 1198 at
1672 1155 1822 1197 successor
1836 1142 1899 1196 aius
1913 1157 1987 1198 mm·

340 1232 548 1289 manifestasset.
558 1231 637 1299 Quod
652 1236 674 1290 si
689 1232 944 1303 dicatur,habuisse
960 1231 1030 1287 illam
1048 1228 1143 1287 volun·
1178 1226 1240 1306 dem
1264 1229 1405 1285 materiam
1426 1231 1592 1302 praecipiet,
1615 1230 1678 1287 licet
1692 1229 1788 1288 eadem
1803 1232 1985 1288 materiasub

341 1330 495 1391 latem,noo
508 1329 597 1378 tamen
610 1339 659 1394 pro
670 1322 716 1379 illo
727 1328 860 1394 tempore3
872 1337 938 1394 argo
949 1321 1045 1376 eodem
1063 1318 1142 1375 modo
1178 1317 1315 1388 pontificio
1339 1327 1485 1390 praecepto
1505 1324 1626 1391 maneat,
1648 1318 1824 1378 nihilominus
1839 1322 1986 1378 verissime

340 1413 393 1469 dici
407 1417 507 1484 potest,
523 1419 552 1468 et
566 1411 658 1482 debet,
675 1412 802 1469 babuisse
817 1413 887 1468 illam
902 1427 952 1484 pro
966 1410 1013 1466 illo
1029 1409 1141 1481 populo,
1177 1404 1288 1475 dicitur,
1308 1421 1432 1463 cessasse
1446 1408 1576 1481 obligatio
1592 1408 1690 1480 prioris
1705 1413 1856 1481 praecepti,
1872 1417 1904 1467 ει
1917 1427 1985 1468 nora

339 1507 367 1558 et
380 1517 433 1557 non
450 1517 499 1572 pro
515 1500 586 1571 aliis,
600 1507 627 1557 et
641 1516 690 1572 pro
705 1501 749 1557 illo
764 1507 838 1558 statu
853 1517 884 1557 ac
900 1501 969 1572 lege,
985 1507 1013 1556 at
1025 1513 1078 1556 non
1093 1512 1143 1570 pro
1176 1496 1347 1570 introducta,
1368 1499 1405 1554 itu
1418 1512 1485 1571 ergo
1500 1498 1525 1554 in
1541 1499 1676 1570 praesenti
1689 1500 1792 1558 accidit
1806 1501 1984 1573 proportione

340 1591 399 1647 aliis
416 1589 595 1662 temporibus,
612 1591 668 1647 sive
684 1590 919 1662 praecedentibus,
933 1591 990 1644 sive
1008 1587 1144 1668 sequenti·
1179 1595 1297 1643 servata.

338 1681 403 1752 bus,
419 1686 554 1752 quantum
569 1686 612 1735 eat
627 1679 700 1736 axvi
716 1680 788 1736 illius
798 1679 879 1752 legis.
1218 1680 1265 1736 26.
1276 1676 1455 1750 ampliusque
1466 1677 1602 1736 declarari
1612 1679 1663 1736 hoc
1673 1685 1805 1752 potestcn
1816 1681 1984 1754 quibusdam

377 1772 519 1826 Praeterea
531 1768 583 1826 hoc
598 1769 663 1825 mibi
678 1768 758 1825 valde
772 1770 916 1826 confirmet
927 1767 1028 1826 Paulus
1044 1767 1077 1824 ad
1089 1769 1143 1824 Ro·
1178 1765 1285 1821 actibus
1313 1767 1462 1824 moralibus
1483 1768 1625 1840 prohibitis
1649 1771 1675 1826 in
1695 1769 1755 1842 lege
1769 1771 1876 1838 veteri,
1896 1771 1983 1845 quiin

340 1875 414 1916 man.
428 1863 456 1916 2.
473 1857 582 1915 dicens:
602 1860 680 1916 Com
693 1863 801 1932 peotes,
819 1873 895 1932 quoe
908 1856 1000 1930 legem
1014 1873 1075 1913 ooo
1088 1857 1143 1913 lem
1177 1853 1237 1927 lege
1258 1871 1328 1912 nova
1349 1857 1505 1928 specialiter
1527 1858 1654 1930 prohibiti
1674 1875 1690 1916 a
1709 1860 1819 1917 Christo
1834 1875 1890 1917 non
1905 1869 1980 1932 aunt,

340 1950 421 2014 beot,
447 1947 631 2006 omoroltler
651 1964 701 2016 eo,
724 1964 801 2022 quoe
819 1947 890 2022 lepte
908 1951 993 2008 avocet,
1003 1945 1142 2018 foeteat·
1178 1944 1225 2000 sed
1245 1959 1311 2002 suae
1333 1953 1448 2004 naturae
1462 1947 1564 2020 relicti,
1581 1965 1643 2005 nam
1658 1964 1691 2006 eo
1705 1951 1765 2022 ipso
1779 1965 1855 2006 nunc
1872 1949 1915 2008 vel
1929 1966 1983 2006 non

340 2037 486 2097 eloamodl
506 2038 599 2111 legem
613 2039 835 2104 conlabentem,
853 2040 909 2110 ipsi
923 2037 978 2092 sthi
992 2041 1064 2093 scot
1079 2035 1138 2103 leae,
1178 2041 1242 2090 sunt
1253 2034 1393 2108 prohibiti,
1402 2036 1442 2093 vel
1458 2051 1512 2093 non
1523 2037 1549 2093 in
1562 2053 1595 2099 ao
1609 2038 1708 2111 gradu,
1718 2042 1744 2095 in
1759 2055 1816 2112 quo
1828 2040 1854 2096 in
1867 2040 1928 2114 lege
1939 2056 1983 2096 ve-

341 2133 392 2204 pot
420 2127 576 2185 ostenderet
600 2145 674 2202 opaca
695 2127 768 2200 lepte
792 2129 988 2202 scriptuosis
1008 2124 1144 2183 cordibus
1179 2124 1228 2179 teri
1247 2124 1627 2198 prohibebanturaopaimum
1639 2128 1795 2200 exemplum
1807 2137 1851 2186 est
1864 2131 1892 2186 in
1904 2145 1982 2200 praa·

340 2221 414 2275 sota.
432 2219 483 2276 llhi
497 2217 636 2274 evidenter
651 2218 683 2274 de
698 2218 758 2292 lege
771 2224 886 2274 naturae
901 2216 1038 2288 loquitur,
1059 2231 1141 2288 quam
1177 2219 1258 2285 cepto
1286 2213 1445 2284 probibente
1470 2216 1529 2272 viro
1553 2231 1700 2274 accessum
1718 2218 1752 2274 ad
1775 2233 1889 2276 uxorem
1905 2235 1983 2275 man·

340 2307 406 2364 dicit
426 2306 554 2363 babuisse
573 2317 668 2380 gantas
688 2307 818 2378 scriptam
839 2307 865 2362 in
879 2305 1025 2376 cordibus,
1043 2305 1142 2377 signib—
1176 2310 1321 2376 structam,
1338 2305 1390 2360 sub
1405 2320 1492 2376 poena
1507 2307 1601 2363 mortis
1614 2307 1760 2380 utriusque
1775 2308 1914 2380 coniugis,
1931 2310 1981 2366 Le·

340 2411 409 2452 cans
431 2395 522 2467 clare,
548 2396 635 2469 legem
661 2397 790 2468 scriptam
816 2397 842 2452 in
866 2394 1020 2468 lapidibus,
1038 2402 1068 2452 ut
1082 2395 1142 2450 talia
1176 2396 1226 2450 vit.
1243 2399 1289 2453 20.
1304 2396 1378 2462 Quae
1393 2395 1433 2452 lea
1448 2402 1587 2468 quatenus
1603 2395 1673 2452 hanc
1688 2412 1804 2469 poenam
1820 2397 1979 2464 adhibebat,

340 2492 414 2556 erat,
436 2501 485 2542 eos
506 2501 559 2542 uon
581 2485 732 2558 obligasse3
749 2501 811 2542 nam
825 2501 856 2542 ea
871 2487 975 2542 ratione
989 2483 1071 2555 dicit,
1087 2500 1140 2541 non
1176 2483 1308 2540 iudicialis
1331 2491 1406 2554 erat,
1430 2490 1458 2542 at
1481 2491 1512 2541 ut
1531 2486 1571 2541 aio
1585 2486 1693 2542 omnino
1706 2487 1840 2558 cessavit,
1858 2493 1892 2544 ut
1906 2487 1980 2556 apud

342 2575 468 2632 habuisse
484 2575 589 2648 legem,
605 2577 699 2648 utique
713 2561 857 2647 scriptam,
874 2590 924 2630 aava
938 2574 1091 2646 positivam.
1105 2575 1140 2629 Et
1176 2587 1270 2628 omnes
1293 2580 1411 2630 constat.
1428 2576 1569 2643 Quatenus
1590 2591 1655 2632 vero
1679 2575 1839 2648 prohibebat
1854 2576 1980 2632 absolute

340 2667 366 2720 in
380 2667 475 2722 eodem
490 2681 572 2721 sensu
585 2665 666 2736 paulo
681 2665 808 2737 superius
820 2665 937 2721 dixerat:
955 2666 1141 2740 (lacteumque
1178 2661 1260 2719 talem
1275 2677 1431 2736 accessum,
1447 2665 1632 2720 controversia
1647 2671 1699 2736 est,
1715 2681 1748 2721 an
1762 2663 1913 2738 iudicialis,
1930 2683 1980 2724 seu

339 2760 402 2811 sine
417 2754 479 2827 lege
489 2760 698 2829 peecaverunt,
718 2759 780 2812 stoa
796 2755 859 2828 lege
868 2755 1018 2830 periberet,
1036 2758 1064 2810 el
1077 2757 1140 2826 qoi-
1176 2751 1289 2820 positiva
1314 2751 1415 2825 luerit,
1437 2768 1471 2808 an
1493 2768 1558 2809 vero
1577 2753 1698 2824 moralis,
1713 2761 1742 2810 et
1755 2753 1788 2810 de
1804 2756 1918 2812 materia
1932 2770 1980 2828 per

341 2860 465 2916 nonaque
488 2847 527 2919 lo,
546 2843 607 2916 lepe
617 2850 832 2918 peccaverunt,
849 2860 904 2918 per
918 2842 1009 2917 legem
1023 2841 1141 2900 iudico·
1175 2855 1204 2896 se
1219 2841 1298 2897 mola.
1315 2843 1343 2897 ln
1359 2857 1414 2914 qua
1429 2843 1550 2916 (omissis
1565 2841 1681 2900 aliorum
1696 2843 1882 2917 opinionibus)
1898 2845 1980 2902 multi

340 2933 458 2990 hoctor.
478 2935 595 2990 Gentiles
615 2949 682 3005 ergo
703 2941 849 3004 peccantes
870 2941 967 2989 coutra
988 2931 1072 3004 legem
1093 2947 1140 2988 ua·
1175 2939 1307 3002 censent,
1336 2931 1421 2987 luisse
1445 2932 1591 3004 moralem,
1610 2933 1732 3005 quiaille
1745 2949 1879 2991 accessus
1894 2937 1978 2992 etiam

342 3029 435 3092 turae,
457 3037 511 3078 non
534 3023 686 3093 peccabant
699 3029 797 3080 contra
812 3023 898 3094 legem
913 3023 1011 3096 lioysi,
1026 3037 1077 3078 nac
1092 3036 1139 3092 per
1175 3035 1248 3076 nunc
1264 3027 1307 3076 est
1321 3021 1530 3092 peccaminosus
1544 3038 1577 3080 ex
1592 3025 1651 3079 iure
1666 3031 1796 3096 naturae,
1815 3032 1842 3082 ει
1857 3026 1914 3083 aine
1928 3026 1981 3083 alia

341 3112 412 3169 illam
439 3112 575 3170 iudicandi
600 3119 684 3184 sunt;
707 3129 774 3185 ergo
796 3128 846 3169 neo
867 3127 914 3184 per
928 3111 1016 3182 illam,
1033 3118 1064 3167 ut
1080 3111 1139 3167 talis
1175 3111 1290 3182 positiva
1308 3109 1497 3182 prohibitione.
1509 3113 1543 3167 Et
1557 3105 1729 3168 nihilominus
1743 3119 1868 3173 censent.
1879 3117 1906 3170 iu
1921 3115 1980 3188 lege

251 3193 254 3200 ’
340 3199 1138 3276 erat,obligabantur.Necconiecturaincontrariumla·
1175 3201 1259 3256 veteri
1271 3201 1353 3258 luisse
1360 3207 1508 3273 peccatum
1522 3201 1637 3258 mortale
1648 3209 1759 3275 propter
1770 3203 1979 3274 prohibitionem

341 3300 387 3350 cta
409 3299 504 3366 urget,
528 3299 587 3348 tum
602 3293 665 3364 qrria
686 3291 729 3348 lea
743 3289 803 3351 itta.
825 3298 856 3347 ut
869 3301 916 3360 per
931 3290 1048 3365 lloysem
1062 3287 1137 3360 data,
1174 3289 1277 3347 iactam
1298 3290 1350 3347 sub
1371 3298 1427 3347 tam
1440 3293 1516 3363 gravi
1537 3306 1639 3362 poena,
1655 3307 1727 3363 quae
1746 3291 1848 3349 indicat
1866 3309 1979 3365 gravem

340 3398 392 3438 non
414 3389 473 3438 erat
493 3383 647 3438 necessaria
668 3387 813 3437 creaturae
828 3379 969 3452 rationali,
987 3385 1043 3435 tum
1059 3380 1138 3434 etiam
1175 3379 1367 3452 obligationem
1392 3380 1452 3435 talis
1474 3380 1555 3452 legis,
1571 3380 1651 3435 etiam
1665 3383 1691 3436 in
1706 3382 1889 3455 conscientia,
1908 3385 1978 3440 utin

340 3475 404 3546 quia
419 3488 473 3528 non
488 3470 551 3527 data
567 3478 606 3528 est
622 3487 637 3527 a
651 3474 722 3542 lieo,
738 3477 770 3528 ut
782 3476 825 3526 eet
838 3477 938 3526 auctor
952 3475 1067 3525 naturae
1082 3475 1140 3524 ton·
1175 3469 1362 3540 superioribus
1386 3475 1430 3525 est
1450 3467 1572 3532 dictuma
1596 3483 1670 3527 nuuc
1686 3477 1778 3527 avolem
1793 3472 1818 3527 in
1834 3469 1894 3545 lage
1908 3489 1979 3529 nova

340 3568 419 3627 tum,
446 3559 492 3616 sed
516 3562 598 3616 etiam
622 3568 654 3616 ut
676 3567 718 3616 eat
742 3564 839 3615 auctor
853 3560 972 3630 gratiae,
990 3565 1139 3630 utrumque
1174 3560 1264 3615 solum
1284 3573 1345 3615 asse
1360 3565 1508 3630 peecatum
1523 3557 1642 3628 veniale,
1658 3559 1724 3632 quia
1736 3574 1770 3617 aa
1787 3560 1847 3616 iure
1861 3570 1979 3618 naturae

339 3651 410 3706 enim
425 3664 508 3720 supra
523 3657 665 3707 ostensum
678 3657 734 3722 est,
751 3664 816 3722 ergo
833 3650 923 3719 potnit
939 3649 1095 3720 specialiter
1110 3649 1139 3704 il·
1174 3663 1227 3705 non
1249 3647 1330 3704 babet
1350 3649 1481 3704 maiorem
1495 3646 1704 3720 obligationem,
1720 3654 1750 3705 et
1763 3649 1806 3706 len
1820 3664 1892 3706 nova
1905 3651 1978 3708 illam

338 3740 391 3796 lam
417 3739 482 3795 dara
506 3740 610 3810 populo
634 3753 684 3795 suo
708 3737 798 3812 quoad
820 3753 927 3795 omnem
942 3745 1046 3808 partem
1064 3740 1136 3808 eius,
1175 3737 1321 3809 specialem
1343 3753 1398 3793 non
1418 3735 1534 3806 addidit,
1558 3744 1591 3793 ut
1612 3737 1665 3794 lato
1686 3737 1865 3812 prosequitur
1879 3741 1980 3797 Castro

339 3827 467 3900 praetulit
493 3829 564 3884 enim
590 3829 666 3884 illum
691 3829 823 3899 populum
838 3830 927 3897 beus,
948 3827 1087 3885 credendo
1101 3827 1138 3884 illi
1174 3827 1220 3883 lib.
1241 3832 1264 3885 t.
1283 3827 1316 3884 de
1332 3827 1390 3900 lege
1406 3825 1512 3899 poenal.
1530 3841 1591 3897 cap.
1608 3827 1659 3883 ult.
1675 3834 1704 3884 ει
1716 3827 1810 3898 plures
1824 3829 1884 3900 alii,
1907 3845 1981 3904 quos

336 3916 444 3991 eloquia
459 3933 520 3987 sua,
532 3925 563 3974 ut
577 3918 611 3973 ad
623 3919 763 3974 Romanos
777 3933 803 3973 c.
818 3923 844 3975 3.
858 3919 931 3975 idem
947 3916 1050 3974 Paulus
1062 3917 1138 3989 dixit,
1173 3917 1301 3989 reiert,et
1315 3915 1569 3990 sequitursanoius
1581 3913 1626 3972 lib.
1636 3915 1706 3973 9.de
1717 3917 1917 3990 matrimdiap.
1929 3925 1979 3987 21,

338 4016 436 4081 estque
454 4023 550 4063 verum
565 4014 619 4063 tam
634 4005 667 4062 de
681 4007 921 4080 eloquiis,quibus
934 4007 1045 4079 speciali
1057 4008 1137 4065 modo
1173 4022 1249 4063 nuni.
1268 4011 1294 4076 5,
1310 4012 1337 4062 et
1352 4009 1378 4063 6.

337 4097 425 4168 legem
442 4097 592 4152 naturalem
607 4095 659 4151 illis
673 4096 824 4167 proposuit,
841 4112 924 4169 quam
940 4097 972 4152 de
987 4099 1095 4153 ceteris.
1212 4100 1259 4156 27.
1275 4098 1333 4153 Ηεε
1352 4111 1418 4168 ergo
1441 4095 1564 4168 exemplo
1588 4095 1761 4170 intelligitur,
1782 4097 1978 4171 obligationem

377 4191 423 4244 25.
439 4186 527 4243 lertio
543 4184 727 4266 persuadetur
747 4188 881 4242 sententia
895 4194 1001 4258 nostra,
1017 4188 1081 4258 quia
1096 4185 1137 4242 lex
1172 4187 1331 4257 specialem,
1355 4201 1437 4260 quam
1458 4186 1574 4244 addebat
1593 4188 1636 4244 lea
1653 4188 1736 4262 lloyai
1756 4189 1783 4243 in
1797 4187 1844 4244 illa
1859 4193 1976 4247 materia

338 4275 422 4350 hloysi
438 4277 524 4347 posita
537 4281 581 4331 est
596 4291 684 4347 usque
698 4275 732 4331 ad
746 4281 852 4331 certum
868 4276 1025 4348 terminum,
1043 4279 1137 4349 utique
1174 4275 1286 4346 morali,
1304 4275 1386 4332 etiam
1404 4274 1437 4332 de
1455 4291 1484 4332 se
1498 4277 1583 4348 mala,
1604 4291 1728 4334 cessasse
1742 4277 1767 4334 in
1782 4277 1842 4350 lega
1856 4281 1974 4351 gratiam

337 4363 427 4420 donec
440 4367 556 4421 veniret.
567 4379 680 4424 semen:
692 4362 739 4419 sed
753 4365 778 4418 in
796 4364 848 4420 boc
860 4364 933 4420 nulla
949 4365 1086 4422 distinctio
1099 4367 1137 4421 la·
1171 4367 1210 4422 ita
1224 4372 1257 4422 ut
1275 4365 1338 4438 licat
1357 4364 1450 4421 eadem
1475 4367 1546 4422 aetio
1561 4365 1693 4438 prohibita
1714 4366 1750 4422 sit
1762 4367 1789 4422 io
1811 4367 1871 4438 lege
1891 4385 1978 4427 evan·

336 4460 382 4511 cta
395 4461 438 4510 est
451 4454 520 4511 inter
533 4461 673 4526 partes,et
687 4461 831 4526 praecepte
845 4456 988 4529 aius;ergo
1002 4465 1134 4528 quantum
1171 4455 1258 4526 gelica
1272 4497 1278 4523 ,
1295 4454 1360 4527 quia
1375 4455 1465 4524 turpis
1479 4460 1508 4510 et
1521 4454 1602 4527 mala,
1618 4454 1671 4511 alio
1685 4462 1775 4513 tamea
1789 4460 1977 4529 genereobli-

335 4545 369 4602 ad
391 4546 443 4601 vini
465 4543 602 4617 obligandi
622 4545 749 4601 eumdem
766 4545 912 4602 terminum
928 4545 1023 4602 habuit
1036 4562 1136 4604 secun·
1170 4547 1302 4619 gationis,
1319 4550 1348 4600 et
1360 4559 1413 4599 non
1430 4551 1484 4600 tam
1498 4545 1575 4618 gravi
1589 4544 1766 4617 obligatione,
1782 4547 1856 4604 sioart
1872 4549 1902 4604 in
1917 4549 1977 4624 lege

335 4634 401 4691 dum
418 4649 446 4690 se
462 4641 559 4706 totam,
575 4642 602 4691 et
616 4634 769 4691 secundum
783 4649 878 4690 omnes
893 4639 984 4706 partes
998 4651 1135 4707 auas3non
1171 4634 1265 4692 veteri.
1275 4632 1474 4705 thavamvisin
1484 4633 1529 4688 illo
1541 4633 1698 4705 particulari
1707 4643 1772 4692 actu
1781 4633 1806 4690 id
1817 4637 1975 4710 contingat,

335 4725 406 4783 enim
421 4724 487 4779 licet
499 4723 577 4780 nobis
591 4723 775 4796 distinguere,
791 4730 839 4780 aut
853 4726 1040 4798 exceptionem
1054 4725 1135 4782 adde·
1170 4725 1235 4800 quie
1248 4723 1293 4781 illa
1311 4723 1456 4795 prohibitio
1470 4722 1624 4781 involvebat
1637 4731 1815 4796 praeceptum
1831 4726 1973 4801 iudiciale;

336 4830 379 4883 re,
395 4812 440 4868 ubi
455 4814 599 4884 Scriptura
613 4829 666 4873 nou
681 4813 833 4885 distinguit,
846 4813 893 4870 sed
909 4813 1033 4870 absolute
1047 4814 1136 4888 loqui·
1169 4814 1343 4872 nihilominus
1354 4813 1381 4870 in
1395 4811 1452 4868 aliis
1465 4811 1545 4870 etiam
1560 4815 1713 4886 praeceptis
1728 4814 1881 4872 moralibus
1896 4826 1974 4876 reete

337 4912 393 4975 tur,
410 4910 438 4960 et
451 4903 525 4960 nulla
539 4905 624 4975 ratio,
640 4902 682 4959 vel
697 4905 847 4961 auctoritas
860 4905 935 4978 cogit
950 4903 983 4960 ad
996 4907 1134 4977 exceptio·
1168 4903 1339 4977 intelligitur,
1355 4917 1464 4959 cessare
1478 4905 1602 4974 potuisse
1615 4903 1761 4975 specialem
1775 4903 1971 4978 obligationem

337 5010 399 5050 nem
420 4994 583 5052 faciendam.
599 4995 633 5051 Et
652 5001 769 5068 augetur
784 4993 851 5050 hacc
872 4994 957 5064 ratio,
975 4995 1040 5067 quie
1053 4994 1134 5051 advo·
1167 4993 1234 5066 legis
1248 4993 1379 5065 positivae
1393 4990 1509 5065 divinae,
1521 4999 1549 5048 et
1561 4993 1589 5048 ira
1601 4993 1682 5050 aliam
1695 4994 1890 5066 obligationem
1905 4998 1974 5072 legis

336 5085 427 5139 niente
440 5082 484 5140 illo
500 5084 633 5153 termino,
655 5084 743 5141 danda
755 5090 816 5141 erat
829 5099 899 5139 nova
913 5083 954 5140 les
969 5083 1069 5154 divina,
1086 5100 1134 5156 per
1169 5097 1255 5140 novae
1268 5088 1465 5140 commutatam
1480 5081 1574 5139 luisse.
1588 5084 1621 5139 lit
1635 5083 1689 5141 hoo
1703 5099 1787 5141 seusu
1803 5099 1904 5144 varum
1918 5095 1973 5158 est,

336 5189 420 5250 quana
436 5174 539 5232 illamet
552 5174 664 5233 materia
677 5175 819 5232 moralium
834 5180 1047 5258 praeceptorum
1061 5189 1132 5232 novo
1168 5173 1273 5232 nullum
1294 5171 1473 5240 christianum
1494 5187 1523 5230 se
1540 5187 1690 5246 agnoscere
1704 5171 1856 5248 obligatum
1876 5177 1912 5233 ad
1931 5179 1971 5232 vi·
