4284 6246
362 281 426 349 isa
1075 299 1177 353 nram
1190 299 1240 352 vr.

610 419 751 495 CAPUT
769 423 842 494 ΧΗ.
1200 432 1229 486 2.
1247 423 1299 486 seo
1313 423 1389 500 ouon
1401 423 1435 486 od
1453 427 1554 500 primos
1568 425 1640 486 duos
1655 427 1763 488 ordines
1776 434 1899 503 spectat,
1914 443 1969 504 ego

517 533 519 538 ·
873 575 876 582 ,
1160 519 1188 576 ln
1203 518 1297 590 primis
1313 533 1425 588 censeo,
1435 525 1500 576 vota
1516 524 1543 576 et
1555 521 1710 577 iuramenta
1719 535 1775 578 uon
1788 536 1850 578 esse
1859 520 1912 578 sub
1927 519 1971 576 his

433 619 479 676 De
492 615 647 678 materian
661 634 757 680 capsa
769 617 1010 696 dispensarem,
1162 607 1305 666 ordinibus
1324 607 1533 683 constituenda,
1549 625 1612 666 nam
1628 618 1775 684 praecepta
1790 610 1902 668 illorum
1922 624 1972 684 po·

1163 698 1219 756 tius
1246 699 1422 761 continentur
1443 698 1495 755 sub
1519 701 1632 756 materia
1652 699 1873 772 indispensabili:
1897 699 1971 774 ipsse

608 799 851 866 Summam„
1163 802 1229 844 vero
1244 787 1439 860 promissiones
1456 787 1534 845 'eliud
1555 804 1643 862 genus
1663 785 1902 861 dispensabililatis
1923 789 1973 846 ha·

1049 897 1051 902 ·
1116 931 1120 940 ,
1163 875 1249 946 beot,
1265 881 1297 932 ut
1311 877 1363 933 iam
1378 876 1479 933 dicam.
1496 877 1597 934 lleiode
1611 879 1700 952 addo,
1716 878 1766 935 bos
1779 877 1848 936 duos
1862 877 1973 937 ordines

328 987 354 1038 1,
368 988 495 1052 mmmm
514 1001 591 1042 mg„
609 990 751 1042 mmm„
764 989 970 1058 dispensationis.
982 1015 1017 1026 -
1026 985 1052 1039 ρ,
1066 979 1130 1039 pgr,
1165 971 1296 1037 actuum,
1310 967 1332 1022 si
1343 972 1420 1023 recto
1430 973 1586 1040 sumantur,
1599 967 1674 1024 nullo
1686 967 1766 1024 modo
1776 965 1973 1039 comprehendi

360 1066 388 1110 et
398 1061 540 1118 iuramenta
550 1062 576 1110 in
585 1059 734 1126 qnoordine
744 1059 906 1125 dispensandi
918 1059 1130 1110 condonatae-
1165 1054 1217 1112 sub
1231 1056 1344 1112 materia
1360 1054 1544 1130 dispensabili,
1557 1073 1609 1114 non
1625 1062 1731 1115 tantum
1742 1057 1777 1114 ab
1793 1057 1910 1130 bomine,
1924 1057 1973 1115 sed

363 1129 389 1179 3.
401 1127 506 1180 liotoria
516 1131 655 1214 adaequata
668 1129 865 1212 dispensationis
875 1129 940 1194 legis
951 1129 1076 1179 humanae
1088 1133 1130 1178 est
1164 1145 1331 1218 simpliciter·
1348 1145 1417 1214 Qui,
1431 1147 1523 1218 prio„
1537 1146 1623 1221 bom,
1639 1147 1704 1205 ΗΜ
1718 1163 1765 1218 pe,
1780 1163 1809 1204 se
1823 1147 1895 1204 bom,
1909 1149 1972 1219 ,imi

363 1199 403 1249 lex
416 1197 560 1251 humanust
571 1200 742 1251 xrnculumex
756 1200 798 1250 rlla
809 1198 1020 1250 resultans—l.
1033 1196 1129 1259 Regula

363 1271 490 1334 genem„
503 1271 535 1320 de
550 1271 656 1322 mmm
669 1269 844 1333 dispensabili.
855 1295 889 1306 ,
900 1267 926 1318 5·
940 1267 977 1318 hd
996 1279 1060 1330 quas
1072 1278 1130 1330 W,
1165 1252 1219 1292 non
1236 1241 1325 1292 tomen
1345 1241 1411 1292 sunt
1423 1251 1473 1307 pro
1495 1252 1602 1309 semper
1617 1240 1784 1308 necessaria,
1799 1243 1827 1294 et
1847 1238 1975 1296 determi-

363 1351 438 1391 sonas
456 1339 603 1391 extenditur
622 1340 787 1404 dispensatio.
802 1367 836 1376 —
848 1339 874 1390 6.
894 1337 980 1388 omnis
998 1335 1129 1397 subditus,
1166 1325 1239 1382 natio
1254 1327 1394 1397 temporis,
1407 1341 1456 1397 pro
1468 1342 1523 1398 quo
1535 1329 1691 1384 necessario
1712 1334 1787 1397 sunl,
1804 1326 1975 1386 nullomodo

363 1421 414 1473 (11¹³
427 1410 500 1472 talis,
519 1423 598 1475 ⁰³le
613 1417 653 1461 θεῖ
669 1409 875 1473 disiissffllifflls·
887 1435 921 1444 -
933 1407 957 1458 ⁷·
971 1405 1131 1470 Dispensatio
1166 1420 1256 1485 potent
1271 1414 1324 1471 dici
1338 1415 1519 1487 dispensatio,
1536 1417 1591 1474 imo
1604 1433 1655 1474 nec
1671 1417 1785 1490 epiikia,
1801 1424 1833 1475 ut
1852 1417 1878 1473 in
1893 1433 1976 1490 supe·

364 1477 995 1615 ’11)ξὲΙςΐὲῗᾞὲεῗζξῗᾙΙὲὲᾯῖῃξῖξῇξέαᾞω’
1006 1475 1132 1596 3ξέἓίΡᾷ
1167 1504 1285 1572 rioribus
1301 1504 1364 1562 drxr.
1378 1504 1426 1562 llla
1439 1521 1505 1561 xero
1520 1505 1601 1578 molo,
1613 1521 1683 1578 quae
1697 1510 1724 1564 in
1739 1505 1863 1564 secundo
1880 1507 1976 1564 ordme

365 1620 393 1669 ιη
405 1619 545 1682 iegibuset
564 1620 629 1670 ,mis
641 1616 949 1682 dispe„,„,„g,g0m
969 1615 1094 1666 ,mlum
1106 1614 1132 1663 in
1167 1592 1350 1664 collocantur,
1370 1600 1453 1666 prout
1472 1594 1618 1652 intrinseco
1639 1613 1686 1653 seu
1707 1611 1741 1652 er
1756 1613 1785 1654 se
1804 1596 1874 1654 mala
1896 1603 1975 1670 sunl,

328 1749 330 1754 y
366 1699 484 1752 supremo
506 1689 622 1753 principe
643 1701 690 1739 sen
708 1699 769 1748 roge
792 1687 874 1751 quoad
897 1687 967 1749 leges
988 1685 1133 1736 civiles—
1166 1682 1397 1754 dispensationem
1412 1690 1461 1740 etit
1475 1673 1725 1757 interpretationem
1741 1701 1795 1742 uon
1808 1683 1975 1760 ‘admittunh

366 1758 393 1808 ⁸·
408 1758 566 1842 39¹⁵⁰⁰¹³¹f³²
584 1759 666 1808 Μ
683 1756 793 1840 9¹³9¹Jt¹
810 1762 917 1821 ⁹⁰⁵⁵²¹¹¹²
929 1767 1015 1806 “cum
1031 1753 1134 1836 dispen3
1168 1773 1308 1830 abstracte
1321 1780 1414 1831 autem
1437 1783 1546 1846 sumpta
1566 1775 1622 1842 aiore
1641 1775 1727 1832 cortis
1746 1775 1974 1842 circumstantiis,
2021 1781 2023 1786 '

366 1839 424 1878 aare
436 1828 462 1878 in
482 1829 584 1892 legibus
601 1840 615 1876 a
633 1841 661 1878 se
679 1825 862 1891 postus—il.
877 1824 1008 1888 Quomodo
1025 1824 1133 1888 praelati
1284 1865 1290 1876 .
1346 1862 1379 1873 ..
1837 1866 1843 1877 ,
1922 1867 1928 1880 ,

316 1927 328 1946 .
366 1904 474 1962 possum
486 1911 572 1948 secum
584 1897 768 1961 dispensarem
781 1896 881 1958 iegibus
893 1907 908 1945 a
920 1907 949 1948 ,θ
960 1907 1010 1946 non
1024 1893 1094 1943 latis.
1167 1861 1447 1962 attt'babrtudrorbus,
1464 1878 1516 1926 non
1532 1870 1597 1919 sunt
1610 1862 1681 1920 mela
1694 1878 1727 1922 ex
1742 1879 1783 1934 se3
1796 1869 1825 1919 et
1835 1862 1896 1920 rdeo
1910 1866 1979 1923 lacet

1167 1951 1224 2007 liert
1235 1953 1343 2023 possint
1355 1950 1435 2022 bene,
1447 1965 1501 2007 non
1516 1967 1564 2022 per
1579 1951 1822 2024 dispensationem,
1834 1953 1877 2011 rel
1893 1954 1977 2011 inter·

374 2045 399 2101 l.
415 2041 556 2114 Explicata
574 2041 689 2113 ratione,
703 2047 732 2098 et
750 2039 893 2098 edentibus
913 2037 1132 2112 dispensationis,
1168 2042 1357 2113 pretationem,
1374 2041 1421 2098 sed
1437 2056 1485 2112 per
1499 2039 1751 2100 determinationem
1768 2041 1801 2098 ad
1815 2042 1897 2101 oliam
1911 2059 1976 2116 spe·

265 2179 269 2188 .
331 2147 431 2190 causas
444 2134 504 2188 eius
524 2131 660 2204 explicere
681 2129 836 2203 incipimus.
852 2131 888 2188 Et
900 2132 929 2186 in
943 2128 1035 2201 primis
1050 2133 1133 2183 mate·
1168 2130 1240 2187 ciem
1255 2135 1335 2186 actus
1349 2132 1375 2185 in
1391 2144 1492 2203 genere
1506 2132 1591 2186 moris
1607 2131 1669 2188 telle
1683 2131 1762 2189 brrnt.

330 2222 404 2306 piatis
415 2223 549 2280 occurrit:
558 2221 584 2277 in
595 2237 650 2294 quo
662 2221 737 2278 soleo
752 2220 835 2278 veluti
847 2219 916 2276 duas
933 2225 1023 2290 portes
1038 2218 1134 2275 distin·
1207 2223 1234 2276 3.
1250 2221 1303 2276 Pro
1325 2218 1486 2291 explicanda
1503 2235 1570 2293 ergo
1591 2221 1670 2293 quasi
1691 2221 1843 2294 adaequata
1865 2224 1978 2282 materia

331 2327 416 2384 guere
430 2313 456 2368 in
470 2311 513 2368 his
524 2311 651 2381 'acbbus,
667 2325 739 2386 quae
753 2310 786 2366 ad
808 2309 923 2368 alterum
938 2308 1065 2378 tendunt,
1080 2305 1133 2363 sci·
1167 2308 1357 2382 dispensabili,
1372 2307 1407 2364 de
1420 2323 1476 2380 qua
1494 2315 1664 2381 tractomus,
1681 2311 1812 2379 adserto,
1828 2311 1901 2368 aliud
1916 2329 1977 2371 osse

331 2400 398 2458 licet
415 2417 474 2459 rem
487 2399 529 2458 rel
550 2401 695 2470 actionem,
711 2399 785 2455 circa
807 2415 889 2472 quam
905 2413 974 2469 opus
993 2402 1132 2467 versatur,
1167 2399 1307 2455 vinculum
1322 2397 1386 2469 legis
1397 2399 1529 2469 positivae
1541 2398 1700 2472 (naturalem
1712 2401 1784 2457 enim
1796 2403 1902 2472 omitto,
1912 2405 1978 2476 qrria

331 2498 360 2548 et
374 2507 535 2564 personam,
551 2491 681 2564 adquam
697 2488 855 2562 ordinatur,
871 2487 939 2544 baec
957 2502 1023 2558 ergo
1036 2485 1091 2542 duo
1105 2487 1133 2542 in
1168 2487 1404 2560 indispensabilom
1422 2503 1483 2544 esse
1497 2489 1650 2564 suppono),
1666 2489 1740 2549 aliud
1759 2507 1824 2548 xero
1839 2508 1900 2550 esse
1920 2495 1978 2550 rin·

332 2581 535 2653 dispensatione
559 2578 748 2652 distinguenda
773 2583 854 2650 sunt,
876 2577 940 2652 quia
965 2576 1132 2647 dispensatio
1168 2578 1263 2635 culum
1286 2583 1464 2645 contractus,
1486 2579 1537 2635 sub
1558 2594 1614 2652 quo
1636 2581 1846 2654 promissiones,
1865 2583 1922 2640 sive
1942 2584 1976 2641 ed

332 2674 405 2729 actio
419 2679 476 2743 est,
492 2686 563 2745 quae
577 2669 610 2726 de
624 2684 654 2725 se
668 2667 701 2724 od
715 2665 833 2725 altorum
848 2665 950 2737 tendit,
965 2671 992 2722 et
1007 2665 1044 2722 ita
1060 2665 1085 2720 in
1100 2679 1133 2722 ea
1168 2670 1266 2738 boum,
1287 2667 1343 2722 siae
1364 2665 1398 2724 ad
1420 2666 1570 2738 bominem,
1586 2669 1806 2741 comprehendo:
1827 2678 1977 2746 utrumque

331 2760 400 2819 haec
413 2760 469 2818 duo
484 2760 670 2830 inveniuntur,
685 2757 760 2830 quod
775 2756 960 2827 dispensatur,
976 2761 1004 2810 et
1018 2755 1064 2810 cui
1078 2753 1133 2810 dis·
1168 2758 1240 2815 enim
1257 2758 1398 2814 vinculum
1411 2755 1593 2829 dispensabile
1608 2775 1657 2816 seu
1676 2759 1794 2817 solubile
1808 2769 1851 2818 est
1866 2777 1914 2833 per
1928 2778 1975 2834 po·

331 2851 635 2926 pensatur.Utrumque
645 2863 711 2918 ergo
723 2844 915 2918 explicandum
925 2842 1060 2915 sst,qood
1073 2844 1133 2900 bre·
1168 2853 1296 2905 testatam
1316 2847 1506 2918 superiorem,
1521 2845 1574 2904 alio
1589 2863 1672 2918 xero,
1692 2855 1720 2906 et
1735 2849 1786 2906 alio
1801 2849 1891 2907 modo.
1908 2853 1975 2910 liam

331 2941 401 2998 riter
415 2941 441 2996 in
462 2940 514 2996 boo
528 2939 617 3009 capite
637 2935 823 3007 expediemus,
839 2934 901 3007 quia
916 2939 960 2990 est
977 2948 1021 2988 res
1036 2935 1132 3004 partim
1169 2937 1378 3010 promissiones,
1395 2936 1436 2992 rel
1452 2943 1615 2994 contractus
1630 2953 1683 2993 non
1697 2937 1910 3011 dispensentur,
1925 2942 1978 2999 tol·

331 3030 431 3102 laoilis,
446 3035 474 3086 et
493 3027 547 3085 lere
562 3029 615 3084 iem
636 3026 661 3081 in
682 3024 763 3082 dictis
782 3023 928 3094 explicato,
945 3022 1042 3093 partim
1064 3038 1132 3080 con·
1169 3026 1251 3083 tendo
1274 3025 1467 3099 obligationem
1489 3025 1605 3083 alicuius
1626 3027 1711 3100 legin,
1731 3028 1779 3085 sed
1799 3033 1877 3101 qxrasi
1897 3033 1978 3089 abro-

331 3121 473 3178 uexionem
485 3116 587 3174 habens
598 3131 662 3173 cum
673 3114 726 3184 his,
736 3128 807 3186 quos
817 3112 851 3170 de
862 3110 1007 3185 privilegiis
1019 3111 1135 3169 dicenda
1169 3115 1259 3192 gando
1274 3116 1394 3188 loetum,
1411 3131 1461 3172 seu
1480 3116 1643 3176 remittendo
1659 3119 1882 3192 promissionem,
1900 3129 1931 3179 ut
1950 3125 1976 3180 in

332 3214 408 3267 suut.
423 3208 544 3265 Priorem
558 3221 625 3280 crgo
642 3211 746 3278 partem
759 3202 793 3259 de
812 3203 928 3260 materia
944 3201 1066 3274 proxima
1080 3201 1135 3257 dis·
1170 3207 1283 3264 materia
1297 3206 1332 3263 de
1346 3206 1582 3276 roto,lib.6.luse
1596 3208 1778 3281 explicari,et
1793 3211 1836 3267 illa
1850 3211 1978 3272 doctrina

330 3298 497 3373 pausationis
524 3301 627 3352 tractat
651 3292 704 3350 late
724 3292 897 3348 Torrentem.
920 3292 947 3347 in
973 3304 1034 3362 cap.
1051 3291 1137 3347 Sicut
1169 3303 1223 3354 tam
1240 3296 1266 3351 in
1283 3296 1451 3366 iuramento,
1468 3311 1551 3369 quam
1565 3299 1591 3353 in
1607 3297 1727 3356 bumana
1743 3303 1934 3377 promissione,
1949 3311 1977 3362 et

330 3386 490 3464 quaedam,
513 3389 555 3444 ll.
571 3383 634 3442 dist.
650 3382 693 3439 ille
713 3395 779 3438 xero
799 3381 882 3438 latius
898 3380 933 3438 ibi
954 3381 1010 3452 agit
1024 3380 1058 3437 de
1078 3379 1134 3436 dis·
1169 3387 1195 3443 in
1207 3385 1380 3443 matrimonio
1396 3390 1467 3455 rato,
1480 3386 1501 3440 si
1515 3386 1694 3457 dispensabile
1708 3395 1761 3455 est,
1775 3390 1867 3448 locum
1884 3392 1971 3452 habet.

331 3476 590 3551 pensatione,quem
603 3472 690 3528 nosin
705 3468 1046 3543 praesenti3subillaenim
1059 3485 1134 3526 com·
1168 3477 1234 3540 'loia
1254 3490 1321 3547 ergo
1342 3474 1388 3530 illa
1411 3476 1522 3531 materia
1543 3474 1588 3531 illo
1613 3477 1694 3534 modo
1717 3478 1919 3554 dispensabilis,
1942 3483 1976 3540 ad

331 3566 474 3640 prehendit
493 3565 573 3623 ellam
595 3563 858 3635 interpretationem,
874 3575 946 3634 quae
965 3560 989 3615 ln
1010 3559 1053 3617 ius
1067 3560 1135 3617 dixi·
1170 3571 1339 3636 praesentem
1364 3563 1505 3620 materiam
1521 3580 1574 3620 non
1596 3573 1719 3639 spectot3
1742 3573 1890 3628 tractamus
1904 3575 1976 3630 enim

332 3673 411 3728 num,
428 3663 477 3714 aut
497 3653 623 3712 naturale
638 3653 737 3710 cedere
758 3657 863 3723 polest,
879 3656 908 3705 el
927 3652 965 3707 ile
984 3651 1065 3707 etlam
1080 3650 1132 3708 late
1169 3655 1203 3724 dp
1217 3653 1274 3710 sole
1292 3653 1493 3725 dispensatione
1506 3654 1531 3709 in
1547 3655 1657 3716 vinculo
1671 3655 1738 3729 legis
1750 3660 1891 3731 positivae,
1904 3679 1976 3736 quae

331 3745 456 3822 loquitur
468 3743 502 3800 de
523 3743 638 3800 materia
658 3739 842 3811 dispensabili,
858 3745 886 3795 et
906 3740 940 3796 ab
959 3754 991 3795 ea
1010 3739 1136 3798 excludit
1169 3744 1280 3801 alterius
1298 3743 1409 3800 rationis
1424 3749 1476 3812 est,
1490 3751 1521 3799 ut
1532 3748 1697 3802 constantie
1712 3746 1764 3804 hac
1776 3765 1842 3806 asro
1858 3752 1975 3810 ulterius

331 3837 420 3892 solum
432 3833 501 3890 bona
512 3833 668 3890 necessaria
678 3829 712 3886 ad
724 3827 851 3918 salutem,
864 3833 892 3886 el
905 3827 976 3886 mala
988 3829 1134 3886 intrinsece
1168 3831 1444 3905 subdistinguendum
1462 3838 1519 3900 est3
1533 3848 1596 3889 nem
1610 3833 1684 3891 sicut
1697 3834 1797 3908 duplex
1811 3846 1854 3896 est
1869 3840 1911 3898 lex
1926 3859 1975 3914 po·

330 3925 406 3996 talia,
421 3931 450 3980 et
467 3923 572 3994 reliqua
586 3921 676 3976 omnia
690 3916 885 3990 comprehendi
898 3917 964 3974 dicit
976 3918 1028 3974 sub
1048 3928 1134 3977 mete·
1168 3923 1259 3986 sitire,
1274 3921 1364 3978 divine
1379 3937 1444 3992 una,
1455 3920 1541 3978 altera
1556 3921 1685 3992 humana,
1699 3926 1734 3981 ita
1749 3926 1850 3997 duplex
1861 3936 1905 3986 ext
1918 3947 1975 3988 mg.

297 4061 307 4082 ,
330 4016 372 4072 rie
385 4011 572 4085 dispensabili,
587 4025 670 4082 quarn
688 4007 832 4080 distinguit
850 4008 877 4064 in
896 4015 954 4064 tres
969 4007 1088 4066 ordines.
1105 4014 1133 4068 ln
1168 4015 1238 4094 teria
1249 3999 1448 4084 dispensabilis,
1461 4026 1514 4068 una
1525 4026 1541 4067 a
1554 4011 1664 4069 viuculo
1678 4013 1744 4087 legia
1757 4015 1876 4087 divinae,
1889 4019 1975 4078 alters

329 4119 386 4162 uno
398 4109 463 4160 sunl
476 4103 556 4170 bone,
568 4113 637 4172 quae
648 4114 681 4154 ex
696 4103 796 4153 natura
807 4097 845 4151 rei
860 4096 931 4152 bona
945 4103 1024 4168 sunt,
1038 4113 1070 4155 ac
1087 4115 1133 4156 ne·
1168 4117 1183 4158 a
1197 4101 1307 4158 vinculo
1320 4102 1386 4174 legis
1398 4101 1542 4157 humanae:
1556 4101 1582 4156 in
1597 4105 1834 4173 praesentientem
1849 4123 1903 4164 noo
1919 4113 1975 4172 leaf

330 4192 461 4262 cessario,
477 4199 509 4247 ut
523 4191 551 4246 in
565 4186 704 4260 pluribus:
721 4183 859 4242 interdum
872 4200 939 4241 vero
954 4193 1066 4258 propter
1080 4189 1133 4244 cir·
1167 4199 1276 4248 ciamus
1290 4190 1324 4247 de
1339 4191 1420 4261 priori
1436 4193 1566 4259 materia,
1583 4193 1648 4263 quia
1663 4191 1753 4249 solum
1774 4201 1926 4254 tractamus
1940 4199 1973 4258 de

330 4282 511 4342 cumstantias
527 4294 581 4336 non
601 4275 759 4348 expediunt,
775 4280 807 4331 ut
828 4273 942 4332 reddere
961 4275 1129 4347 depositum.
1167 4280 1278 4338 vinculo
1299 4280 1366 4352 legis
1387 4279 1536 4350 humanae,
1551 4286 1579 4336 ct
1599 4279 1633 4336 de
1654 4281 1746 4352 modo,
1763 4299 1818 4354 quo
1843 4294 1934 4357 polest
1948 4289 1974 4346 in

329 4373 359 4429 ln
373 4371 425 4428 elio
437 4370 531 4426 ordine
546 4375 668 4434 sontes,
682 4379 783 4438 quaes
798 4364 937 4421 contrario
953 4380 1001 4436 per
1016 4381 1046 4421 ss
1062 4366 1132 4423 mala
1167 4367 1327 4442 particulari
1343 4367 1463 4438 aulerri,
1478 4376 1506 4425 ot
1523 4368 1583 4424 ideo
1599 4369 1749 4444 adaequate
1764 4375 1877 4431 materia
1891 4376 1973 4434 buius

329 4469 395 4519 sunt
405 4458 579 4531 regulariter,
592 4453 737 4527 aliquando
749 4469 814 4509 xero
827 4458 938 4524 propter
949 4453 1132 4511 circumstan·
1166 4459 1374 4532 dispensationis
1393 4465 1438 4516 est
1458 4458 1500 4515 lex
1522 4459 1652 4529 bumana,
1669 4467 1718 4516 aut
1739 4462 1880 4521 vinculum
1899 4469 1970 4541 eius,

328 4542 731 4619 tiasexpediuot,utocoidere
746 4541 1012 4599 hominembonum
1024 4543 1133 4601 aitesse
1167 4553 1215 4604 aut
1228 4548 1316 4603 omnis
1336 4546 1475 4620 obligatio,
1490 4561 1561 4620 quae
1579 4563 1612 4605 ex
1634 4548 1693 4621 lege
1712 4549 1831 4608 humana
1851 4556 1974 4625 praecise

328 4636 517 4711 dispensabilie
537 4649 586 4707 por
604 4633 717 4690 modum
731 4631 982 4704 interpretationis,
1002 4633 1045 4688 vel
1066 4634 1136 4705 epii-
1168 4636 1304 4693 nescitur.
1883 4679 1887 4690 .

327 4727 398 4800 hiae,
414 4742 466 4783 non
482 4739 529 4796 per
543 4721 657 4780 modum
672 4721 864 4790 relaxationis,
879 4729 908 4779 et
924 4721 1014 4794 tquod
1031 4723 1130 4780 mirum
1204 4724 1281 4782 Unde
1296 4737 1392 4780 omnes
1412 4722 1528 4780 enectus
1549 4723 1679 4796 morales,
1696 4728 1745 4799 qui
1766 4743 1799 4784 ex
1817 4729 1973 4791 huiusmodi

327 4819 381 4889 est)
397 4816 449 4872 sub
465 4813 506 4870 his
520 4811 721 4870 conditionibus
736 4808 944 4881 comprehendit
957 4817 1038 4886 voto,
1053 4818 1081 4869 st
1095 4813 1131 4870 si·
1165 4811 1225 4886 logo
1237 4811 1312 4868 nasci
1327 4811 1425 4881 solent,
1437 4818 1466 4868 et
1476 4812 1509 4869 do
1522 4827 1551 4867 se
1566 4820 1632 4870 sunl
1645 4817 1780 4887 perpetui,
1793 4817 1834 4874 vel
1852 4825 1974 4894 temporo

326 4904 409 4962 milia.
421 4905 450 4960 ln
467 4901 561 4958 ultimo
576 4915 640 4956 xero
655 4897 748 4954 ordine
763 4898 838 4968 ponit
850 4901 978 4955 actiones
992 4899 1026 4956 de
1047 4917 1076 4958 se
1089 4904 1131 4958 in·
1164 4901 1273 4960 delinito
1287 4915 1336 4974 per
1351 4901 1438 4974 legem
1455 4903 1609 4959 necessario
1626 4901 1736 4972 durant,
1754 4908 1806 4970 sub
1821 4907 1871 4964 hac
1888 4917 1973 4968 mote-

325 4995 490 5062 dillerenles,
503 5006 573 5064 quae
588 4988 723 5062 perleges
738 4988 806 5044 liunt
820 4987 918 5059 bonae,
928 4995 977 5046 aut
991 4989 1089 5062 melae,
1102 5001 1132 5049 et
1163 4993 1203 5048 ria
1224 4989 1396 5062 dispensabili
1416 4991 1698 5062 comprehenduntur.
1715 4997 1805 5068 Atque
1825 4996 1863 5053 ita
1883 5000 1973 5058 omnia

326 5085 400 5141 hunc
415 5081 535 5138 ordinem
551 5078 617 5137 dicit
630 5075 778 5149 complecti
792 5077 934 5134 materiam
950 5081 1059 5150 proprie
1074 5079 1128 5137 dis-
1165 5082 1359 5155 impedimenta
1379 5081 1556 5150 nutrimonii,
1577 5082 1634 5138 sive
1654 5084 1828 5155 impedientia
1850 5093 1970 5160 tontum,

326 5170 500 5248 pensabilem.
1165 5171 1220 5228 sive
1230 5171 1312 5229 eiiam
1322 5171 1501 5244 irritantis,et
1513 5185 1607 5228 omnes
1619 5171 1784 5230 irritationes
1796 5181 1911 5235 actuum
1923 5195 1973 5253 per
