4284 6246
857 389 1079 444 mnorxxnr.
1674 373 1735 440 237

132 518 207 579 dunt
226 533 312 594 super
327 519 453 578 diversas
472 519 619 590 materias,
638 527 668 578 et
686 516 800 576 tendant
813 516 847 575 sd
860 517 939 588 lines,
974 533 1008 574 ex
1022 517 1127 575 ratione
1143 523 1247 586 textus,
1263 516 1382 591 scilicet,
1397 517 1460 592 quia
1473 515 1619 575 verisimile
1631 521 1690 586 est,
1706 515 1784 574 Pon·⁴

131 627 184 668 seu
202 611 319 669 allectus
333 610 443 668 omnino
458 608 620 682 disparatos,
637 625 730 668 omnes
743 608 873 676 latentur,
886 623 940 662 non
976 606 1075 664 tiicem
1090 623 1144 664 non
1166 607 1250 665 inisse
1272 622 1473 666 concessurum
1493 606 1722 679 dispensationem
1742 603 1775 662 ad

132 715 197 758 esse
219 700 424 767 necessarium,
447 702 475 757 in
496 698 617 757 secunda
637 698 837 770 dispensatione
851 697 940 753 iacere
976 697 1054 768 plura
1067 696 1216 767 beneficia,
1231 696 1253 754 si
1267 697 1393 755 deiectus
1412 696 1606 768 illegitimitatis
1621 695 1659 753 illi
1679 695 1778 753 luisset

132 793 307 848 mentionem
325 791 434 862 prioris.
446 793 487 849 lte
497 792 682 848 Panormitam.
695 790 721 846 in
733 789 807 845 dicto
818 804 879 858 cap.
894 801 940 857 pe·
977 786 1180 844 manifestatus.
1193 792 1228 845 lt
1241 803 1306 844 vero
1323 803 1376 845 non
1390 793 1432 843 est
1446 785 1499 842 boc
1514 786 1605 841 minus
1619 785 1774 857 verisimile,

132 881 211 938 nult.
227 879 261 938 de
273 882 426 952 praescrip.
440 887 466 937 ei
476 881 591 936 Nesarr.
604 893 683 936 cons.
698 882 725 935 6.
739 877 772 934 de
785 869 900 947 rescrip'.
914 880 942 930 ei
979 876 1152 934 manifestato
1170 877 1229 936 solo
1251 876 1362 934 delectu
1376 879 1434 934 sine
1456 875 1538 948 priori
1562 874 1775 949 dispensatione,

135 986 220 1026 cons.
230 974 258 1027 8.
270 969 305 1025 de
314 971 516 1043 consanguinit.
534 975 563 1025 et
574 967 673 1025 affinii.
686 983 713 1022 n.
726 970 754 1036 6,
766 965 882 1022 sancius
894 980 941 1021 su·
976 985 1059 1042 quem
1079 967 1123 1025 illa
1143 968 1322 1028 manifestata.
1341 971 1397 1026 lmo
1416 967 1617 1041 quodammodo
1638 963 1777 1023 diffieilior

135 1075 189 1132 pra
206 1059 329 1116 reserens
347 1059 425 1115 elios.
438 1059 542 1132 Estque
554 1057 694 1115 rarissima
705 1056 840 1113 sententia
850 1051 941 1126 quoad
976 1057 1139 1116 redderetur
1162 1058 1285 1117 secunde
1303 1059 1488 1130 dispensatio,
1503 1057 1663 1131 simpliciter
1677 1071 1776 1128 propo·

133 1151 209 1206 banc
226 1157 333 1221 partem
344 1148 378 1207 dc
389 1147 638 1221 dispensationibus
649 1148 759 1226 omninq
770 1145 897 1214 dirersis,
910 1150 942 1200 ui
977 1149 1029 1205 sito
1043 1147 1162 1220 deiectu,
1175 1165 1208 1206 nc
1220 1150 1242 1205 si
1254 1165 1308 1205 non
1319 1156 1393 1206 esset
1402 1146 1562 1216 diminutus,
1576 1155 1608 1204 ut
1619 1147 1658 1202 siu
1674 1145 1775 1214 dicam,

136 1244 206 1296 sunt
226 1238 395 1310 dispensatio
413 1239 440 1294 in
457 1237 619 1295 recitatione
639 1237 770 1294 horarum
784 1251 810 1290 v.
827 1251 855 1307 g.
872 1240 900 1290 st
914 1235 941 1288 iu
976 1254 1025 1310 per
1038 1239 1157 1310 priorem
1175 1238 1415 1310 dispensationem,
1431 1240 1495 1311 quia
1514 1236 1548 1294 de
1562 1253 1591 1293 se
1612 1236 1719 1294 lucilius
1733 1239 1778 1292 esi

136 1337 204 1386 roto
218 1328 364 1384 castitatis.
379 1329 448 1384 Nam
464 1328 485 1384 si
499 1327 560 1400 quis
574 1326 688 1384 alteram
701 1324 865 1398 impetrarit,
878 1323 941 1380 nul·
977 1330 1135 1384 successive
1149 1338 1177 1384 et
1192 1344 1240 1398 per
1254 1336 1346 1398 partes
1359 1327 1495 1385 deiectum
1511 1326 1622 1396 toliere,
1639 1311 1723 1398 qu‘am
1737 1330 1778 1381 to·

135 1418 192 1475 lans
218 1418 422 1488 surreptionem
442 1415 604 1483 committet,
621 1415 738 1488 petendo
754 1414 870 1472 alteram
884 1415 941 1470 sine
977 1425 1036 1474 tum
1057 1416 1148 1474 simul.
1165 1418 1234 1473 Tum
1256 1417 1374 1490 denique
1395 1418 1458 1489 quia
1478 1419 1554 1474 iuxta
1574 1415 1648 1472 hunc
1663 1430 1776 1471 sensum

136 1511 278 1564 mundone
299 1508 409 1579 prioris,
424 1515 452 1564 et
466 1507 503 1565 ita
517 1506 639 1564 secunda
654 1507 692 1562 sic
708 1505 819 1586 obtenta
832 1507 886 1561 erit
896 1520 941 1560 re·
977 1507 1080 1578 optima
1095 1507 1163 1563 ratio
1179 1504 1301 1562 redditur
1315 1507 1387 1562 illius
1407 1505 1561 1562 decisionis.
1578 1506 1646 1562 Nem
1667 1506 1774 1577 irregu-

137 1598 209 1668 lide3
226 1606 256 1655 et
274 1597 345 1654 idem
359 1603 403 1653 est
415 1598 442 1653 in
455 1598 581 1655 omnibus
596 1597 738 1654 similibus.
756 1596 790 1651 Et
806 1594 856 1651 boc
871 1596 938 1649 satis
977 1595 1069 1652 laritas
1090 1611 1123 1652 er
1149 1595 1258 1652 deiectu
1281 1596 1410 1652 natalium
1431 1601 1493 1650 orta
1518 1594 1607 1652 reddit
1631 1609 1777 1668 personam

139 1689 288 1746 coniirmat
302 1687 433 1760 genemlis
448 1686 631 1757 consuetudo,
645 1686 804 1758 frequenter
819 1685 889 1740 enirn
903 1684 942 1746 ita
977 1684 1124 1742 inhabilem
1140 1684 1174 1742 ad
1189 1701 1275 1742 unum
1290 1693 1319 1741 et
1332 1684 1412 1757 plara
1426 1684 1554 1741 beneficis
1564 1719 1577 1756 ,-
1588 1691 1616 1741 ei
1631 1683 1719 1742 ablata
1733 1699 1776 1741 re-

139 1777 359 1849 dispensetiones
378 1779 538 1833 successive
555 1781 687 1849 petuntur
700 1777 777 1831 iusta
791 1787 941 1829 occurren·
977 1783 1074 1848 speetu
1097 1778 1196 1846 unius,
1212 1791 1265 1832 non
1285 1781 1329 1832 sst
1348 1773 1442 1831 ablata·
1452 1781 1580 1846 respectu
1598 1774 1731 1846 plurium3
1748 1781 1777 1831 et

138 1876 180 1925 tes
199 1883 303 1938 casus,
323 1882 356 1924 ac
375 1867 563 1924 necessitates.
584 1865 663 1924 Ratio
677 1871 771 1922 autem
783 1871 841 1933 est,
857 1877 940 1935 quem
977 1866 1037 1923 ideo
1049 1881 1102 1922 non
1118 1865 1253 1936 explicato
1268 1865 1321 1922 boc
1335 1865 1456 1932 deiectu,
1469 1865 1634 1936 dispensatio
1646 1865 1728 1935 petita
1742 1863 1776 1921 ed

140 1957 228 2029 tetigit
238 1957 390 2014 masenii.
401 1956 464 2030 quis
475 1955 551 2013 nullo
561 1957 620 2011 iure
633 1960 758 2023 caretur,
769 1959 800 2010 ut
811 1951 857 2008 liat
867 1967 941 2008 men·
977 1954 1056 2028 plura
1070 1953 1199 2012 beneficia
1213 1954 1308 2012 merito
1323 1960 1453 2018 censetur
1466 1955 1634 2025 surreptitia.
1657 1955 1693 2010 at
1711 1967 1778 2010 vero

139 2047 176 2104 iio
196 2046 260 2103 tslis
280 2045 489 2118 dispensationis
507 2045 621 2118 prioris,
639 2057 727 2116 neque
742 2058 775 2098 es
789 2048 887 2098 natura
901 2041 941 2096 rei
977 2048 999 2102 si
1014 2053 1106 2103 textus
1120 2045 1163 2102 ille
1178 2043 1341 2102 extendatur
1352 2043 1386 2101 ad
1400 2043 1590 2100 necessitatem
1611 2041 1778 2113 exprimendi

139 2134 297 2194 necessaria
311 2141 369 2206 est3
385 2149 448 2192 nam
462 2134 508 2191 illa
522 2135 696 2192 taciturnitas
708 2147 756 2203 per
767 2145 795 2188 aa
807 2146 861 2187 uoti
872 2145 939 2187 cau·
976 2139 1096 2210 priorem
1110 2133 1349 2207 dispensationem,
1361 2149 1412 2190 nec
1426 2135 1496 2190 ratio
1509 2139 1600 2190 textus
1613 2133 1648 2189 ilii
1668 2148 1780 2190 accom-

140 2217 941 2291 ⁸⁸1immunitatium,vividetur&manifestum-Quid
977 2227 1119 2297 modeim,
1130 2232 1160 2281 ut
1174 2224 1356 2296 ostendinus
1372 2223 1424 2280 alia
1437 2223 1502 2280 satis
1513 2223 1659 2294 probabilis
1675 2222 1777 2280 adduci

142 2321 235 2372 autem
256 2315 380 2386 potuerit
393 2312 492 2371 additio
507 2312 540 2370 ad
554 2315 654 2371 liniam
669 2310 808 2369 intendere
822 2309 849 2366 in
863 2323 941 2382 prae·
977 2321 1079 2388 potest,
1095 2321 1126 2371 ut
1140 2314 1222 2385 paulo
1236 2321 1299 2385 post
1313 2313 1412 2369 dicam.
1421 2313 1458 2369 lit
1471 2313 1664 2382 confirmatur,
1678 2314 1742 2385 quis
1756 2313 1778 2368 si

140 2403 221 2460 dictis
238 2403 349 2474 verbis,
364 2401 450 2474 inira,
466 2409 549 2474 prout
563 2407 689 2475 potuero,
705 2399 879 2470 coniectebo,
895 2398 941 2454 ubi
977 2407 1005 2462 in
1019 2405 1063 2462 illo
1077 2419 1146 2461 casu
1159 2405 1236 2476 prior
1250 2402 1415 2474 dispensatio
1429 2417 1482 2458 non
1498 2400 1595 2458 luisset
1614 2400 1737 2471 limitata,
1752 2406 1781 2458 et

140 2491 257 2548 altarem
273 2500 380 2564 partem
395 2491 475 2549 buius
490 2494 639 2550 sententiae
654 2489 824 2548 examinabo.
977 2493 1109 2565 partialis,
1129 2492 1177 2550 sed
1198 2495 1304 2564 integra
1324 2490 1454 2548 natalium
1474 2491 1625 2558 restitutio,
1649 2497 1715 2546 tunc
1737 2505 1778 2546 so·

181 2585 209 2638 3·
226 2579 371 2652 Secundo,
389 2581 501 2638 limitata
516 2580 582 2637 hauc
603 2579 734 2637 scatentia
749 2578 782 2634 ad
804 2577 942 2648 dispensa·
977 2581 1069 2642 cunda
1085 2582 1251 2654 dispensatio
1262 2587 1336 2638 esset
1351 2579 1449 2650 valida,
1461 2581 1566 2636 etiamsi
1584 2579 1694 2636 obtenta
1707 2585 1780 2636 esset

143 2669 243 2742 tiones,
255 2685 326 2743 quae
340 2673 419 2728 circe
431 2670 503 2728 idem
518 2677 676 2740 uersentur,
689 2668 806 2739 amplius
820 2668 943 2725 declara·
979 2689 1032 2730 non
1051 2670 1312 2744 expresso,deieetu
1327 2669 1473 2738 natalium,
1497 2683 1548 2724 nee
1572 2667 1776 2740 legitimatioue,

143 2766 205 2833 tur,
222 2767 256 2817 ut
269 2759 415 2832 procedat,
431 2759 541 2832 quando
555 2759 677 2816 secunda
694 2757 860 2831 dispensatio
875 2760 945 2831 peti·
978 2764 1042 2836 quia
1056 2763 1109 2820 iam
1132 2763 1207 2833 prior
1226 2759 1351 2818 deiectus
1371 2761 1469 2818 inisset
1489 2757 1614 2816 sublatus
1637 2757 1717 2812 etiem
1738 2771 1779 2811 re·

143 2855 190 2907 tur
202 2850 237 2908 ed
250 2849 452 2908 ostendendum
464 2849 592 2906 ellectum
604 2847 702 2918 prioris
713 2847 787 2904 circa
801 2847 872 2904 idem
885 2848 942 2904 vin·
979 2858 1077 2924 speetu
1097 2851 1219 2924 plurium
1240 2849 1448 2921 beneficiorum,
1464 2857 1492 2908 et
1506 2847 1669 2921 procederet
1684 2844 1778 2919 reputa

142 2940 256 3010 culum,
271 2955 322 2996 seu
343 2938 480 2996 deiectum
501 2936 661 2995 tollendum.
677 2938 718 2994 lta
737 2943 812 2994 unet
826 2938 943 2994 Saucius
978 2943 1044 3015 legis
1062 2946 1106 3010 tt,
1122 2943 1151 3000 il.
1166 2941 1200 2999 de
1214 2940 1331 3000 aedilitio
1345 2941 1451 2998 edicto:
1471 2937 1557 3016 Quam
1571 2941 1616 2994 tte
1635 2941 1777 2994 sanatam

143 3045 228 3100 supra
241 3045 319 3086 num.
329 3033 355 3087 6.
369 3045 434 3086 cum
449 3027 540 3086 multis
552 3027 621 3098 aliis,
634 3043 705 3099 quos
720 3024 815 3098 reiert,
826 3037 855 3084 et
864 3041 943 3098 prae·
977 3035 1028 3094 est,
1046 3035 1081 3088 ui
1090 3033 1124 3088 ist
1132 3033 1294 3106 pristinum
1307 3035 1420 3088 siolum
1433 3033 1646 3092 restitissetur,
1654 3021 1778 3098 perinde

141 3121 238 3175 sertim
253 3118 280 3174 id
293 3119 414 3190 explicet
425 3111 577 3176 Panormit.
590 3119 619 3174 in
634 3117 708 3174 dicto
723 3132 750 3173 c.
760 3116 939 3188 penul.'n.ti.
978 3119 1149 3178 babendum
1167 3126 1225 3187 est,
1244 3123 1333 3193 quest
1346 3135 1504 3194 nunquam
1524 3111 1779 3186 morbosumfuis·

140 3209 214 3266 llaec
229 3223 296 3266 sero
310 3211 442 3265 senentis
457 3216 486 3265 et
498 3206 645 3265 declaratio
658 3213 713 3264 tarn
725 3205 889 3280 generaliter
903 3206 942 3262 la·
978 3215 1032 3266 set.
1048 3210 1084 3267 lit
1098 3209 1134 3266 ita
1149 3209 1278 3267 intellexit
1292 3215 1395 3267 textum
1411 3209 1486 3266 illum
1501 3209 1615 3266 Cttvaii'.
1629 3206 1654 3260 in
1669 3209 1698 3274 i,
1711 3207 1738 3261 2.
1748 3219 1775 3275 p.

140 3305 186 3355 cta
201 3297 269 3355 mibi
282 3304 325 3354 est
344 3297 450 3354 creditu
471 3296 603 3368 difficilis,
618 3297 683 3369 quis
696 3311 785 3368 neque
807 3297 876 3367 iure,
891 3311 943 3351 nen
979 3305 1079 3371 uap.8,
1095 3307 1111 3366 s
1125 3305 1152 3371 8,
1162 3315 1189 3356 n.
1202 3305 1319 3366 aversa
1334 3303 1463 3373 septimo.
1480 3313 1546 3355 cum
1561 3299 1634 3354 ioan.
1651 3291 1734 3350 budr-
1750 3298 1778 3349 ei

141 3387 246 3444 ratione
260 3387 338 3444 rideo
359 3385 528 3444 sufficienter
547 3385 669 3456 probari.
683 3386 773 3442 Primo
789 3385 862 3442 enim
881 3386 944 3442 iun-
977 3391 1110 3447 Dominis.
1127 3390 1152 3446 in
1170 3390 1245 3446 dicto
1259 3403 1320 3460 cap.
1337 3389 1409 3460 Ergo
1423 3389 1532 3464 signum
1546 3393 1603 3454 est,
1617 3399 1651 3440 ex
1665 3385 1690 3438 vi
1706 3380 1776 3438 iilius

141 3477 242 3549 datur,
257 3485 287 3534 ut
301 3477 364 3549 dixi,
376 3479 405 3532 in
418 3474 492 3533 dicto
507 3480 606 3547 capt.
618 3474 653 3530 de
666 3475 725 3530 filiis
740 3474 859 3549 presbyt.
869 3475 898 3530 in
912 3479 939 3548 63
979 3480 1068 3538 solum
1080 3494 1140 3535 esse
1155 3479 1342 3534 necessarium
1354 3477 1496 3533 declarare
1510 3474 1661 3542 delectum,
1679 3477 1776 3545 quate·

141 3567 202 3624 inde
216 3574 310 3624 autem
325 3581 379 3624 non
393 3567 542 3638 probatur,
559 3565 623 3636 quia
636 3564 662 3619 in
676 3561 721 3618 illo
736 3569 814 3620 textu
827 3563 941 3634 dicitur,
979 3585 1031 3625 nus
1047 3567 1153 3626 ablatus
1172 3583 1226 3622 non
1239 3572 1308 3623 erui.
1325 3567 1358 3622 lit
1372 3566 1445 3622 bunc
1460 3579 1570 3622 sensum
1587 3577 1684 3618 vertam
1698 3567 1725 3616 ei
1739 3560 1776 3616 lo·

141 3658 162 3712 si
176 3655 336 3728 illegitimus
347 3654 575 3726 dispensationem
588 3653 706 3712 obtinuit
716 3653 750 3710 ed
762 3669 847 3710 uuum
862 3655 944 3711 bene·
978 3661 1104 3732 gitimum
1118 3651 1304 3726 esse'censeo,
1320 3653 1437 3728 ideoque
1451 3669 1484 3711 es
1499 3655 1543 3710 illo
1558 3658 1634 3709 testu
1644 3665 1699 3707 non
1713 3665 1775 3722 pro·

140 3749 246 3810 licium,
259 3756 288 3802 et
301 3761 356 3801 non
367 3745 439 3802 lacte
453 3745 589 3802 mentione
604 3747 646 3800 sui
660 3743 784 3801 deiectus
800 3730 940 3815 natalium,
978 3749 1035 3805 bari
1049 3748 1122 3806 iiiam
1136 3748 1308 3803 sententiam.

142 3836 264 3893 obtineat
277 3832 426 3891 secundam
448 3827 678 3904 dispensationem
693 3833 726 3889 ad
746 3833 825 3903 plura
843 3832 944 3889 beneti-
1016 3835 1141 3895 &eundo
1153 3834 1263 3909 probari
1273 3834 1385 3891 solatas
1396 3832 1469 3890 dicto
1481 3828 1685 3904 osp.penul.de
1697 3843 1776 3902 prae·

141 3927 195 3996 cie,
219 3926 402 3997 posteriorem
423 3922 654 3994 dispensationem
675 3937 736 3978 esse
755 3924 943 3994 surreptitiam
978 3925 1116 3998 scrip.ttbi
1130 3924 1242 3993 dicitur,
1254 3939 1314 3981 esse
1329 3923 1516 3996 surreptitiam
1532 3920 1704 3993 privilegium
1718 3933 1775 3975 am·

141 4014 308 4072 aenullem.
325 4011 502 4070 Ponderands
521 4027 586 4090 ergo
605 4019 671 4068 sunt
684 4011 729 4067 illa
751 4011 833 4068 verba
851 4015 944 4068 tacito
978 4017 1070 4088 plioris
1091 4014 1268 4086 exceptionis,
1284 4013 1425 4070 obtentum
1444 4013 1502 4068 sine
1522 4010 1657 4068 mentione
1679 4007 1776 4080 prioris
1796 4032 1802 4046 ·

137 4102 296 4179 proedicto
309 4099 435 4173 defectu,
450 4102 525 4158 iuxta
539 4115 610 4173 quae
620 4117 673 4156 non
686 4107 747 4158 erat
757 4102 942 4158 necessarium
978 4105 1102 4176 privilegii
1117 4104 1297 4175 exemptionis
1312 4102 1397 4177 magis
1415 4101 1572 4170 restrictae,
1588 4099 1693 4169 eidem,
1709 4102 1737 4153 et
1750 4097 1775 4152 in

141 4195 169 4249 in
184 4191 308 4248 secunda
325 4190 523 4262 dispensatione
538 4189 627 4258 iacere
647 4192 813 4246 mentionem
827 4193 941 4263 primae,
978 4194 1073 4251 eadem
1086 4195 1217 4262 materie,
1232 4201 1261 4249 et
1274 4199 1403 4266 respectu
1417 4190 1540 4248 eiusdem
1553 4189 1695 4260 concessi3
1711 4201 1776 4258 ergo

142 4282 190 4339 sed
204 4287 313 4338 tentum
327 4279 363 4342 de
376 4295 508 4352 personae
523 4278 650 4351 deiectu,
667 4281 731 4351 quia
752 4280 818 4336 baec
834 4281 890 4336 duo
904 4280 943 4337 di·
977 4284 1047 4342 idem
1063 4283 1230 4342 censendum
1245 4291 1289 4341 est
1303 4285 1327 4340 in
1349 4281 1610 4354 dispensationibus,
1627 4292 1697 4350 quse
1717 4291 1777 4332 ver-

142 4387 221 4429 versa
235 4379 311 4441 sunt,
328 4376 461 4428 attextus
475 4375 582 4426 tantum
597 4369 631 4428 de
646 4385 701 4425 uno
716 4370 849 4442 loquitur.
859 4371 895 4438 Et
907 4371 944 4428 ita
978 4381 1073 4431 santur
1088 4375 1165 4429 circa
1186 4372 1274 4444 idem,
1289 4374 1521 4446 quotiescumque
1539 4369 1674 4442 posterior
1694 4365 1774 4436 tollit,

143 4462 336 4519 intellexerunt
350 4466 453 4516 textum
468 4458 542 4516 illurn
556 4459 590 4516 ibi
604 4459 942 4524 bomin.,etFrenc.Unde
977 4481 1026 4523 sau
1047 4465 1156 4536 ampliat
1176 4463 1386 4522 moderationem
1407 4463 1519 4534 prioris.
1536 4462 1570 4517 lit
1590 4458 1698 4515 videtur
1719 4471 1776 4511 unt-

143 4552 292 4623 colligunt,
305 4549 413 4623 quodsi
427 4548 472 4606 ille
485 4548 644 4621 illegitimus
659 4549 823 4606 declarando
837 4547 868 4607 'se
882 4566 942 4607 esse
978 4558 1063 4628 piiare
1077 4554 1155 4610 illum
1176 4560 1282 4610 teitaun
1297 4551 1443 4609 Panormit.
1460 4551 1513 4620 ibi,
1529 4565 1556 4605 n.
1575 4550 1621 4618 li,
1636 4545 1670 4603 ad
1688 4544 1777 4601 omnia

144 4641 442 4712 illegitimumpeteret
455 4635 685 4709 dispensationem
698 4639 944 4718 secundam,nnlla
977 4645 1125 4718 privilegia,
1146 4643 1254 4700 etiamsi
1275 4657 1328 4698 nun
1350 4642 1484 4714 attingant
1503 4641 1545 4697 ius
1567 4638 1650 4708 tertii,
1670 4635 1703 4692 de
1723 4635 1777 4691 dis·

143 4729 213 4786 iacta
227 4729 366 4785 mentione
380 4728 495 4799 primae,
511 4727 599 4784 salida
613 4734 687 4784 esset
700 4727 876 4800 dispensatio.
978 4732 1182 4806 pensationibns
1197 4738 1289 4789 autem
1303 4746 1431 4803 expresse
1446 4747 1499 4786 non
1514 4730 1651 4801 loquitur:
1670 4726 1779 4785 ridetur

180 4821 215 4876 Et
226 4819 294 4875 baec
310 4819 444 4874 sententia
458 4818 549 4890 quoad
565 4817 635 4874 bano
650 4826 754 4890 partem
766 4819 831 4876 mibi
846 4821 944 4892 proba·
979 4831 1074 4881 eutem
1085 4837 1146 4878 esse
1159 4820 1255 4878 eedem
1268 4821 1354 4889 ratio,
1369 4825 1400 4878 ui
1418 4819 1461 4876 alii
1477 4834 1561 4890 stupra
1574 4817 1651 4874 citati
1665 4817 1776 4890 opinan-

143 4908 272 4966 bilissima
292 4907 411 4965 videtur.
427 4908 495 4964 Tum
516 4908 580 4980 quia
599 4909 644 4964 ilie
665 4910 790 4980 impleret
808 4911 943 4984 quidquid
978 4918 1033 4968 tur.
1050 4915 1085 4967 at
1099 4925 1163 4967 vero
1178 4913 1321 4967 innocent.
1337 4909 1385 4981 ibi,
1401 4925 1478 4966 num.
1491 4912 1520 4976 i,
1536 4907 1662 4965 restricte
1680 4905 1778 4963 intelli·

143 5012 174 5054 er
188 5000 214 5054 vi
235 4998 382 5055 sorborum
395 4996 469 5054 illius
490 5005 581 5055 ustus
596 4997 630 5054 ad
650 5013 703 5054 non
718 5000 942 5058 committendam
977 5003 1019 5073 pit
1033 5007 1137 5057 textum
1157 4999 1273 5056 illumin
1295 4998 1419 5071 materia,
1434 4999 1467 5056 ds
1488 5013 1542 5071 qua
1557 4997 1689 5070 loquitur,
1705 4995 1777 5051 scili·

144 5089 344 5160 surreptionem
364 5088 551 5145 necessarium
573 5095 631 5159 est,
648 5094 678 5144 ut
699 5088 861 5161 ponderari3
878 5105 943 5162 ergo
978 5095 1043 5162 cet,
1057 5091 1167 5162 quoties
1181 5089 1300 5162 primurn
1322 5088 1494 5162 privilegium
1509 5087 1582 5164 cedit
1595 5089 1622 5143 in
1643 5083 1778 5157 praeiudi·

144 5178 245 5251 aliquid
259 5175 333 5235 aliud
353 5177 470 5251 exigere,
486 5183 514 5234 ei
534 5192 605 5234 onus
620 5175 766 5252 adiungere
785 5178 810 5235 in
831 5180 943 5236 materia
979 5179 1054 5235 cium
1065 5177 1149 5249 tertii,
1161 5186 1189 5235 et
1203 5192 1368 5235 concessum
1380 5183 1423 5234 esi
1436 5193 1501 5234 cum
1512 5176 1603 5249 alique
1617 5174 1777 5232 limitatione

144 5265 237 5324 odiosa
250 5273 279 5325 et
292 5266 432 5339 restricta,
448 5272 545 5324 contra
559 5281 638 5325 enine
654 5268 698 5326 ius
711 5274 764 5324 est.
780 5268 847 5326 Tum
861 5268 943 5327 etiam
980 5267 1136 5326 moderante
1148 5269 1344 5342 praeiudicium
1356 5267 1656 5340 tertii,etconserrente
1667 5263 1778 5337 aliquod
