4278 6242
339 357 403 423 tte
836 419 842 428 ,
1051 363 1201 414 smnus.

303 507 354 560 tra
365 501 447 559 bauo
458 497 552 575 legem
565 495 651 556 nulle
664 493 808 554 tenebitur
820 493 946 550 actione.
959 490 995 549 m
1007 487 1103 548 deiude
1140 489 1265 563 ligantur
1279 487 1480 561 comprehensa
1493 487 1545 547 sub
1559 487 1606 548 illa
1619 488 1695 566 lege,
1707 505 1778 565 qnae
1792 497 1891 550 contra
1905 491 1943 551 le·

304 590 510 662 subiunguntur
528 588 626 657 verba,
642 601 711 659 quae
725 584 786 642 aliis
806 580 1004 656 praetermissis
1022 581 1105 637 lusti·
1140 595 1204 654 gem
1225 594 1355 654 expresse
1374 579 1564 653 prohibentem
1585 581 1672 652 liunt,
1693 588 1722 638 et
1734 581 1769 639 sd
1784 581 1871 640 instar
1884 581 1945 640 illo·

304 681 404 738 nieuus
415 677 569 736 immediate
581 675 734 733 subiunxit:
747 671 874 732 Nullum
883 674 961 729 enim
968 673 1102 746 pactum,
1139 684 1202 726 rum
1223 667 1403 727 declarantur
1422 670 1505 726 etiem
1526 671 1617 752 irrita,
1639 685 1711 744 quae
1723 686 1773 743 per
1785 670 1946 728 iraudulen-

303 768 423 830 uullam
442 769 676 832 couventionem,
693 761 810 821 nullum
829 765 1017 819 contractum
1028 761 1106 816 iuter
1141 762 1209 817 tiam
1229 759 1308 818 liunt.
1331 761 1366 817 Et
1380 759 1440 818 ideo
1454 761 1556 819 iterum
1570 763 1597 817 in
1611 759 1705 818 cadem
1721 761 1779 834 lege
1794 762 1940 836 repetitur,

304 877 353 919 eos
365 857 460 916 sideri
476 855 612 915 rotundis
625 854 827 914 subsecutum,
843 854 894 926 qui
912 851 1102 914 connubunt,
1139 849 1234 907 inutile
1253 865 1313 906 esse
1333 849 1450 924 debere,
1471 849 1547 925 quod
1567 851 1672 909 lactum
1686 858 1730 909 est
1743 858 1841 910 contra
1855 850 1946 926 legem

303 949 366 1024 lepe
377 949 552 1006 contrahere
563 943 746 1021 prohibente.
755 945 784 1000 ln
797 958 852 1015 qno
867 945 1011 1012 contextu,
1023 943 1108 1010 prout
1141 937 1348 1010 prohibentem,
1363 939 1469 996 etiamsi
1489 939 1627 1014 legislator
1640 941 1812 1014 prohibuerit
1826 948 1944 1013 tautum,

305 1040 380 1114 apud
392 1037 527 1095 Theodos.
544 1035 675 1102 habetur,
689 1031 831 1104 expendo,
846 1028 919 1104 quod
934 1034 996 1084 aute
1015 1027 1106 1084 datam
1141 1034 1170 1086 et
1183 1044 1236 1085 non
1251 1027 1403 1100 specialiter
1417 1027 1525 1102 dixerit,
1542 1030 1564 1085 si
1578 1028 1645 1102 quid
1659 1036 1759 1087 contra
1772 1031 1828 1094 tint.
1844 1030 1941 1088 inutile

306 1131 378 1188 hane
391 1125 514 1201 regulam
525 1123 680 1200 generalem
690 1121 860 1180 Theodosius
871 1131 1000 1190 expresse
1015 1115 1108 1188 probi·
1142 1131 1203 1176 esse
1222 1115 1331 1174 debere.
1354 1119 1390 1175 Et
1408 1119 1508 1176 ilerum
1529 1119 1712 1193 praecipitur,
1728 1126 1760 1176 nt
1774 1120 1849 1196 quod
1863 1120 1947 1178 luerit

201 1257 205 1262 -
307 1220 368 1276 buit
382 1214 534 1274 curialibus
554 1211 777 1272 conductionem.
794 1207 871 1269 Unde
889 1206 995 1281 agendo
1010 1211 1106 1278 postes
1143 1205 1325 1266 subsecutum
1346 1222 1380 1264 ex
1399 1223 1449 1280 ea,
1471 1207 1547 1282 quod
1569 1207 1627 1282 lege
1646 1207 1824 1270 interdicente
1839 1208 1945 1266 lactum

307 1312 405 1365 contra
421 1303 496 1362 illam
516 1303 616 1378 legem,
633 1302 685 1358 iam
700 1316 754 1358 nora
775 1305 889 1375 agerent
909 1295 1108 1366 fraudulenter,
1143 1303 1197 1369 εει,
1212 1312 1325 1354 cessum
1338 1303 1367 1354 et
1379 1297 1473 1355 inutile
1488 1297 1534 1354 sit.

308 1395 356 1454 sed
375 1399 478 1467 aperte,
499 1398 528 1449 ει
547 1389 724 1448 nihilominus
745 1389 836 1446 stetim
857 1385 980 1443 enuntiet
998 1389 1109 1441 coutra-
1184 1391 1211 1443 5.
1224 1387 1259 1444 Ει
1272 1387 1308 1443 itu
1322 1387 1404 1443 etiarn
1417 1386 1594 1444 concluditur
1607 1387 1676 1444 ratio
1691 1387 1773 1444 huius
1784 1387 1947 1460 iuterpreta-

308 1491 404 1555 ctum,
418 1489 448 1541 et
468 1482 577 1554 utrique
592 1478 810 1536 contrahentium
826 1476 941 1548 denegat
961 1475 1108 1544 actionem,
1144 1477 1237 1547 tionis,
1250 1477 1314 1548 quie
1325 1482 1438 1548 propter
1449 1476 1523 1549 qnod
1536 1476 1754 1550 unumquodque
1766 1461 1869 1549 tale,'et
1879 1476 1947 1534 illud

308 1581 339 1633 et
353 1589 404 1646 pro
425 1574 529 1629 ratione
549 1568 640 1627 reddit
659 1567 785 1642 regulam
804 1565 971 1639 generalem,
992 1561 1110 1619 nullum
1145 1565 1247 1638 magis3
1271 1564 1318 1622 sed
1339 1566 1469 1638 implicite
1490 1565 1626 1638 prohibita
1646 1569 1790 1625 irritantur
1811 1584 1859 1640 per
1875 1568 1946 1623 hanc

308 1667 550 1738 salmacium,
572 1664 628 1715 ete.
650 1659 722 1729 Ergo
742 1671 795 1712 nou
817 1657 874 1728 agit
892 1655 947 1710 ism
968 1652 1057 1709 solum
1077 1649 1110 1706 de
1145 1653 1250 1727 legem,
1273 1655 1339 1727 quie
1359 1655 1534 1713 continentur
1554 1655 1580 1711 iu
1600 1671 1735 1728 expressa
1750 1656 1945 1729 prohibitione3

310 1759 407 1830 agente
421 1749 607 1809 fraudulenter
621 1752 719 1803 contra
734 1743 835 1818 legem,
852 1741 899 1799 sed
914 1741 994 1798 etiam
1008 1739 1042 1796 de
1056 1739 1112 1795 vio·
1145 1759 1212 1816 ergo
1232 1744 1319 1801 multo
1337 1746 1425 1818 magis
1439 1760 1488 1817 per
1502 1745 1626 1803 eamdem
1640 1746 1728 1820 legem
1743 1748 1888 1804 irritantur
1901 1763 1949 1804 ex.

310 1844 383 1901 laute
398 1840 472 1897 illem
493 1845 589 1895 contra
603 1849 732 1907 expresse
749 1839 778 1890 et
797 1831 924 1904 specifice
939 1830 1021 1887 uerba
1039 1829 1111 1898 eins,
1146 1847 1240 1904 presse
1254 1833 1399 1904 prohibite.
1417 1836 1511 1908 Neque
1526 1835 1680 1892 contrariae
1691 1838 1839 1893 sententiae
1851 1834 1949 1892 lunda·

310 1940 344 1992 nt
356 1938 449 2004 aperte
464 1929 550 1986 etiem
563 1926 608 1982 illu
628 1922 709 1986 verba
723 1930 836 1992 sonant,
851 1922 902 1994 put
919 1918 1109 1983 contradunt,
1147 1929 1270 1980 mentum
1291 1922 1442 1996 quidquam
1464 1930 1560 1997 urget,
1576 1927 1642 1998 quie
1656 1925 1700 1983 hic
1716 1940 1813 1981 sensns
1827 1940 1882 1982 nou
1898 1926 1949 1980 uri·

313 2022 375 2095 lege
392 2017 566 2078 connubere
576 2012 763 2090 prohibente,
781 2025 851 2083 qnae
864 2008 1007 2066 durissime
1021 2007 1114 2064 detor·
1148 2026 1200 2068 nus
1219 2010 1358 2084 colligitur
1372 2028 1405 2069 cx
1423 2013 1550 2087 originali
1569 2014 1628 2088 lege
1642 2013 1803 2085 Theodosii,
1818 2029 1902 2087 quam
1915 2029 1949 2070 es

313 2115 451 2185 queratur,
475 2122 508 2162 ac
534 2103 682 2162 limitantur
701 2101 737 2158 ed
761 2099 846 2156 solem
866 2099 1113 2171 transgressionem
1148 2100 1344 2174 compendiosa
1364 2102 1519 2176 lastiniani,
1542 2119 1604 2160 uem
1623 2103 1686 2161 licet
1699 2105 1810 2162 occasio
1825 2101 1895 2160 illins
1912 2100 1951 2159 le·

311 2198 513 2259 iraudulentum
534 2196 763 2252 contrementem
778 2189 861 2265 legis,
876 2189 991 2246 maxime
1006 2202 1070 2244 cum
1085 2187 1113 2243 in
1148 2191 1189 2263 gis
1203 2190 1330 2248 terendae
1346 2201 1456 2264 sumpts
1469 2191 1551 2250 inerit
1564 2208 1596 2250 ex
1611 2193 1787 2251 irauduleutn
1801 2191 1949 2250 cniusdam

313 2290 409 2350 eedem
425 2288 483 2362 lege
504 2285 613 2357 saepias
627 2287 802 2355 repetentur,
817 2286 845 2337 ει
859 2278 898 2350 ¹ed
918 2276 1055 2351 prohibitu
1067 2291 1114 2332 ex·
1149 2280 1219 2354 legis
1234 2282 1466 2354 transgressione,
1478 2296 1532 2338 nou
1548 2289 1693 2355 propterea
1706 2283 1765 2340 sola
1775 2281 1949 2339 lrendnleuta

315 2394 409 2454 presse
422 2383 450 2436 et
463 2373 594 2447 implicite
608 2371 802 2429 extendantur.
1150 2371 1331 2444 transgressio
1345 2371 1440 2443 punita
1453 2376 1511 2442 est,
1527 2371 1575 2428 scd
1589 2371 1681 2444 potius
1695 2387 1783 2444 poene
1796 2378 1950 2445 transgres-

356 2473 384 2528 l.
404 2465 481 2526 Unde
502 2463 620 2521 ulterius
640 2459 763 2535 expendo
783 2464 942 2518 contextum
964 2455 1112 2515 lustiuinni.
1149 2457 1232 2515 sionis
1253 2466 1345 2532 aperte
1365 2465 1476 2517 extensa
1496 2466 1539 2517 est
1560 2459 1593 2517 ad
1614 2460 1827 2519 iraudulentum.
1848 2461 1883 2518 lit
1896 2460 1950 2517 hoc

316 2556 365 2617 llle
377 2557 448 2615 euim
458 2551 641 2626 ridens,hanc
656 2551 868 2609 luissemculem
878 2546 1115 2621 Theodosii,pree·
1149 2547 1238 2620 ipsum
1259 2554 1368 2606 tautum
1387 2549 1509 2615 intuitio
1531 2549 1595 2624 legis
1614 2551 1798 2624 significatum
1811 2557 1869 2620 εει,
1884 2566 1950 2607 cnm

317 2647 435 2704 termisit
448 2645 551 2714 ornain,
565 2656 636 2715 quae
650 2641 685 2698 ed
699 2655 796 2698 casum
811 2638 1005 2712 particularem
1018 2635 1052 2692 de
1065 2650 1115 2692 cn·
1149 2639 1265 2696 dicitnr:
1282 2642 1344 2696 Nec
1351 2653 1465 2713 poenus
1478 2642 1609 2697 insertas
1623 2635 1734 2714 lepidus
1746 2639 1881 2703 evitabit,
1899 2643 1950 2713 put

316 2737 431 2794 rialibus
448 2732 633 2806 pertinebant,
648 2735 676 2787 st
688 2729 812 2805 regulam
826 2727 981 2803 generalem
996 2732 1113 2797 tanturn,
1149 2743 1180 2785 se
1204 2731 1311 2785 contra
1330 2726 1402 2802 lepis
1426 2732 1605 2788 sementiam
1625 2745 1716 2788 sueva
1735 2734 1951 2805 praerogatiua

317 2833 352 2884 nt
369 2823 462 2882 nullus
480 2827 641 2880 contractus
655 2827 752 2879 coutra
767 2820 852 2892 legem
867 2817 1055 2890 prohibentem
1068 2830 1116 2872 rs·
1148 2817 1304 2875 uerborum
1310 2815 1525 2890 fraudulenter
1537 2823 1679 2881 cauerat:
1693 2835 1747 2876 non
1762 2819 1869 2877 ridetur
1882 2836 1950 2893 ergo

316 2917 389 2975 lidus
403 2913 546 2984 videatur,
557 2912 667 2982 posuit;
684 2915 846 2967 contractus
860 2914 954 2966 entem
968 2912 1066 2963 contra
1078 2905 1116 2960 le·
1149 2905 1280 2978 dubium,
1296 2907 1361 2980 quin
1376 2923 1410 2964 ex
1424 2909 1449 2964 vi
1463 2908 1534 2965 illius
1548 2908 1615 2983 legis
1629 2909 1772 2966 irritentur
1786 2916 1868 2966 ectus
1883 2909 1950 2967 lacti

317 3023 381 3082 geru
403 3002 590 3077 prohibentem
611 3000 698 3075 magis
712 2998 813 3057 dicitur
828 2999 888 3070 ills,
903 2998 950 3072 qui
963 3003 1007 3054 est
1019 3003 1117 3054 contre
1150 3002 1248 3054 contre
1263 2996 1351 3070 legem
1365 2998 1566 3073 prohibentem,
1582 2999 1750 3073 ubicumque
1765 2999 1808 3057 les
1823 2998 1868 3058 illa
1882 2999 1951 3058 obli·

316 3096 401 3154 rerba
420 3100 448 3151 et
467 3098 586 3149 mentem
609 3090 693 3163 legis,
715 3104 798 3162 quem
817 3089 877 3161 ille,
901 3089 947 3162 qui
965 3092 1008 3145 est
1020 3097 1117 3144 contre
1149 3101 1214 3160 gare
1229 3093 1331 3159 potest.
1592 3079 1600 3090 ’

318 3191 439 3244 urentem
455 3181 545 3238 verbis
559 3180 682 3237 retentis.
695 3179 731 3235 Et
743 3177 804 3236 ideo
816 3178 841 3233 in
853 3183 970 3252 utroque
982 3183 1058 3234 textu
1069 3191 1117 3232 es·
1190 3180 1217 3235 t.
1232 3175 1413 3234 Nihilominus
1427 3176 1490 3236 dico
1505 3178 1643 3236 secundo:
1656 3179 1784 3246 Quamvis
1796 3194 1831 3238 ea
1840 3179 1868 3234 ri
1878 3167 1952 3236 illins

311 3278 408 3335 tensio
429 3271 518 3330 addita
531 3275 574 3327 est
586 3267 628 3326 ad
642 3270 776 3325 mutum
789 3265 885 3341 legum
898 3269 1118 3342 interpretatio·
1151 3267 1219 3342 legis
1238 3272 1318 3326 actus
1331 3268 1367 3324 sit
1381 3269 1476 3325 irritus
1490 3269 1549 3340 ipso
1564 3271 1634 3341 iure,
1646 3269 1825 3327 nihilominus
1842 3268 1902 3326 telis
1914 3270 1952 3326 ir·

317 3382 385 3434 nes,
402 3370 459 3420 etc.
476 3374 547 3434 qnae
561 3374 616 3415 non
632 3357 691 3420 ideo
705 3356 741 3414 itu
755 3356 845 3431 posita
858 3362 911 3428 est,
927 3363 959 3413 nt
971 3358 1118 3429 restringe·
1151 3357 1242 3415 ritatio
1262 3372 1316 3414 uon
1337 3357 1441 3430 obligat
1459 3358 1484 3413 iu
1503 3359 1685 3426 conscientia,
1701 3373 1752 3416 nee
1766 3359 1797 3416 lit
1809 3361 1875 3428 curn
1888 3358 1953 3415 effe·

317 3463 397 3514 retnr
419 3452 454 3510 ad
475 3449 664 3508 fraudulentas
684 3446 777 3520 legum
798 3447 1048 3520 transgressiones,
1069 3445 1117 3502 sed
1151 3453 1213 3518 ctu,
1229 3446 1317 3504 donce
1332 3461 1381 3519 per
1396 3445 1516 3504 indicem
1530 3445 1698 3504 declaretur.
1711 3447 1788 3516 Quod
1799 3447 1887 3520 probo
1898 3447 1953 3520 pri·

317 3547 410 3620 potius
433 3548 467 3598 ut
486 3541 520 3598 ed
534 3539 592 3596 illas
607 3537 794 3610 ampliaretur.
810 3538 879 3594 Cura
894 3539 966 3594 cuiru
982 3536 1118 3593 decreuis-
1153 3553 1197 3594 ruo
1217 3551 1250 3593 ex
1271 3536 1404 3610 principio
1419 3552 1504 3608 supra
1518 3536 1606 3608 posito
1620 3535 1654 3593 de
1669 3535 1728 3609 lege
1743 3537 1862 3609 poenali,
1878 3535 1952 3610 quod

320 3641 359 3692 set
385 3635 548 3704 imperator,
570 3643 678 3685 ornnem
700 3632 793 3684 acturu
814 3621 910 3683 contre
925 3626 1012 3698 legem
1027 3625 1118 3697 probi·
1152 3641 1240 3700 poene
1254 3626 1333 3684 stiam
1347 3627 1407 3697 ipso
1422 3625 1495 3681 lacto
1511 3625 1638 3697 imposita
1651 3641 1704 3682 nou
1721 3626 1873 3684 incurritur
1888 3633 1951 3683 ente

318 3723 502 3780 bentemesse
513 3716 671 3786 invalidum,
684 3714 817 3786 declarat,
829 3715 899 3773 illud
909 3715 1051 3773 decretum
1063 3721 1119 3772 tra·
1152 3716 1325 3774 senteutiam.
1347 3716 1416 3772 Nam
1435 3713 1502 3770 haec
1517 3713 1632 3772 irritatio
1647 3716 1672 3772 iu
1687 3714 1733 3773 illa
1747 3713 1805 3787 lege
1820 3717 1873 3773 late
1888 3731 1954 3788 poe·

320 3812 440 3870 bendum
458 3823 519 3864 esse
533 3805 567 3863 ad
581 3807 703 3862 omnium
717 3803 810 3877 legdm
824 3806 1077 3875 interpretationes,
1093 3802 1119 3859 id
1153 3805 1222 3862 nelis
1243 3809 1301 3875 esti
1323 3819 1389 3876 ergo
1410 3819 1463 3860 uon
1477 3803 1630 3861 incurritur
1643 3810 1706 3861 ante
1720 3806 1899 3882 senteutiam,
1915 3806 1954 3862 lta

320 3909 365 3961 est
381 3901 415 3958 ad
431 3899 531 3967 omnia,
547 3910 617 3968 quae
629 3894 783 3950 secuudum
796 3909 887 3950 ueram
899 3893 1118 3965 mentemlegnm
1153 3900 1185 3953 ut
1204 3893 1398 3951 contrahentes
1418 3892 1572 3966 obligentur
1593 3893 1627 3950 ad
1648 3896 1828 3952 irritationem
1842 3903 1952 3952 coatra-

320 3994 348 4049 in
363 3993 404 4049 sis
418 3985 606 4060 intelliguntur
617 3981 826 4054 comprehensa,
840 3981 1065 4046 licetrerbisuon
1077 3998 1119 4038 se·
1153 3990 1234 4054 ctus,
1250 3983 1293 4040 vel
1314 3982 1348 4040 ad
1368 3983 1435 4040 alios
1455 3982 1572 4039 effectus
1591 3984 1620 4040 iu
1637 3982 1682 4041 illa
1697 3991 1851 4043 contentos.
1866 3985 1952 4043 llinor

319 4082 355 4140 tis
377 4079 575 4150 exprimantur.
598 4073 649 4140 Qut
670 4087 768 4128 seusus
788 4073 928 4128 mnuiiests
943 4077 1017 4144 polet
1029 4087 1062 4128 ex
1076 4087 1120 4128 ra·
1153 4079 1229 4145 patet
1248 4080 1307 4129 tum
1322 4087 1355 4129 ex
1369 4071 1421 4128 illis
1435 4072 1524 4128 verbis
1538 4072 1662 4129 eiusdem
1677 4073 1758 4147 legis,
1773 4089 1827 4131 uec
1839 4088 1952 4148 poenes

320 4172 393 4228 tione
410 4174 437 4224 et
448 4164 536 4223 verbis
548 4162 712 4220 subiunctis:
730 4165 768 4220 Ut
779 4159 951 4234 legislatori,
966 4159 1120 4234 qurodfieri
1153 4166 1283 4220 insertas
1294 4159 1406 4234 legibus
1416 4160 1552 4226 evitabit·
1564 4163 1627 4217 haru
1639 4160 1692 4218 hoc
1702 4164 1821 4235 positum
1833 4161 1883 4220 luit
1892 4169 1952 4219 ten-

320 4277 381 4318 uou
399 4255 477 4322 uult,
499 4257 619 4310 tautum
635 4250 823 4326 prohibuisse
836 4249 981 4324 sufficiat.
1000 4237 1121 4309 Ceteruss
1154 4268 1237 4326 utram
1260 4251 1471 4308 laudamentum
1494 4265 1607 4324 eoruua,
1633 4267 1704 4325 qnae
1725 4251 1840 4309 dicenda
1859 4259 1949 4311 erent.

320 4365 374 4423 pue
394 4346 481 4420 quusi
497 4354 640 4416 expressa
659 4356 697 4397 ea
712 4338 783 4412 lepis
797 4339 887 4397 liceat
899 4337 1049 4398 uoluntate
1063 4340 1121 4398 eol-
1154 4343 1234 4414 item,
1243 4343 1309 4414 qnia
1319 4339 1364 4396 ille
1375 4339 1492 4397 irritatio
1504 4341 1593 4412 posita
1602 4347 1646 4397 est
1655 4341 1681 4396 in
1694 4340 1787 4399 odium
1799 4349 1953 4417 transgres-

320 4437 420 4512 ltpere.
444 4433 565 4492 Primum
584 4445 651 4502 ergo
672 4433 796 4487 omnium
810 4446 860 4502 pro
881 4429 1057 4510 irtndarueuto
1071 4448 1120 4505 po·
1154 4431 1239 4488 sionis
1254 4430 1336 4504 legis,
1352 4444 1419 4502 ergo
1433 4435 1477 4485 εει
1490 4443 1593 4501 poeua3
1609 4445 1675 4503 ergo
1688 4431 1714 4486 in
1724 4447 1756 4489 ee
1766 4433 1900 4489 servande
1910 4441 1953 4492 est

322 4528 376 4595 nit,
392 4522 466 4597 qnod
481 4519 624 4594 prohibitio
639 4518 773 4590 sufficiat3
790 4534 858 4592 ergo
873 4521 989 4576 urexirus
1004 4521 1118 4593 sufficit,
1155 4519 1273 4578 conditio
1293 4535 1406 4591 poenae.
1423 4517 1552 4576 &cundo
1565 4517 1636 4575 idem
1651 4521 1831 4590 persuadetur
1844 4537 1878 4578 ex
1893 4538 1953 4579 rer·

322 4612 434 4689 quaudo
447 4617 490 4669 est
503 4623 642 4681 expressa.
659 4609 726 4665 ltem
742 4615 827 4666 totam
841 4608 992 4666 efficaciam
1004 4613 1080 4681 pouit
1093 4613 1120 4667 in
1154 4609 1195 4665 bis
1209 4608 1333 4666 eiusdem
1346 4608 1427 4681 logis3
1442 4623 1503 4664 uam
1516 4607 1542 4662 iu
1554 4607 1648 4679 primis
1659 4608 1827 4666 Theodosius
1837 4609 1953 4684 loquens

321 4704 463 4763 voluntate
484 4698 665 4773 legislatoris,
682 4698 749 4755 baec
772 4704 865 4755 attlem
880 4700 964 4772 magis
979 4700 1082 4758 resistit
1094 4701 1120 4757 in
1155 4700 1232 4770 prius
1253 4699 1281 4754 iu
1303 4695 1460 4768 particulari
1480 4712 1548 4753 essu
1561 4695 1595 4752 de
1610 4697 1760 4754 cirrialibus
1774 4700 1954 4759 conducenti-

319 4791 498 4869 probibitioue
519 4803 659 4861 expressa.
676 4787 798 4860 benique
812 4787 872 4846 ideo
888 4796 969 4846 actus
982 4805 1031 4861 per
1045 4790 1120 4846 lrau-
1154 4788 1207 4845 bns
1222 4803 1265 4844 res
1281 4787 1395 4856 alienas,
1410 4785 1551 4857 praecipit,
1567 4785 1684 4844 locatus
1696 4788 1826 4861 resfisei
1840 4791 1952 4849 viribus

321 4881 470 4942 dolentiam
491 4878 582 4934 lactus
602 4882 732 4933 censetur
745 4876 850 4946 irritus,
867 4877 932 4950 quia
946 4894 979 4934 ex
993 4877 1060 4952 legis
1073 4895 1120 4938 vo·
1154 4876 1323 4938 uindicari:
1345 4874 1416 4932 uude
1438 4882 1531 4947 potest
1543 4883 1618 4933 recte
1632 4877 1738 4950 colligi,
1753 4894 1787 4936 ex
1800 4881 1827 4935 ri
1841 4881 1902 4938 telis
1916 4881 1954 4938 le·

321 4972 426 5030 luuute
448 4971 595 5040 reputetur
615 4966 694 5038 qarasi
714 4980 842 5037 expresse
863 4965 1031 5040 prohibitus,
1053 4983 1119 5041 ergo
1155 4969 1196 5041 gis
1211 4984 1265 5025 uon
1280 4966 1389 5024 omuino
1404 4965 1538 5022 auntrllari
1553 4963 1726 5038 locationem,
1739 4968 1954 5041 sedqunsicoa·

321 5059 438 5119 irritatio
459 5071 550 5131 perse
570 5056 658 5128 primo
679 5055 765 5112 tendit
779 5055 813 5112 ad
827 5071 955 5128 expresse
969 5057 1118 5132 prohibite,
1155 5059 1254 5116 fiscuri.
1274 5056 1374 5115 Deinde
1395 5053 1487 5128 addit,
1508 5069 1562 5112 uec
1582 5053 1745 5114 locatorem
1764 5056 1948 5130 conductori,

323 5158 352 5210 et
363 5147 520 5228 extenditur
535 5144 568 5203 ad
582 5145 699 5218 reliqua,
715 5145 741 5201 in
756 5151 891 5219 qnantum
905 5155 1054 5206 censeatur
1068 5149 1120 5206 sub
1154 5165 1208 5208 saec
1227 5145 1437 5207 coududtorem
1457 5144 1585 5203 locuturi
1603 5150 1720 5204 actium
1740 5153 1852 5212 terreri,-
1871 5158 1953 5224 neget

321 5242 364 5300 his
377 5236 587 5312 comprehensa.
603 5235 716 5309 Semper
729 5249 807 5311 ergo,
822 5241 851 5295 et
865 5243 927 5296 ante
941 5240 1119 5299 omuisintel·
1153 5255 1219 5315 ergo
1243 5241 1398 5313 actionem,
1423 5252 1478 5294 non
1502 5236 1594 5294 statim
1614 5237 1704 5299 irritat
1723 5237 1750 5296 iu
1768 5241 1949 5299 conscientie.
