4190 6234
771 354 877 408 CAPUT
890 355 968 406 1111.
1600 343 1639 404 57

89 484 149 542 ulan
159 483 401 554 cncnnstanttam3
419 496 484 555 ergo
505 489 615 538 nonest
629 480 809 554 extendenda,
825 490 857 540 ut
892 481 937 540 lib.
952 489 978 540 5.
994 480 1030 539 de
1048 485 1141 539 instit.
1155 497 1182 556 q.
1196 486 1222 556 t,
1244 487 1294 539 art.
1307 485 1335 540 9.
1347 481 1381 539 ad
1401 483 1446 538 lin.
1461 481 1555 540 lledio.
1569 482 1635 540 Ccd.
1649 481 1683 541 dc

88 579 129 632 sine
140 573 177 630 ills
194 573 409 630 circumstantia
424 571 593 630 incurratur.
608 573 644 630 Et
664 574 853 642 confirmetur,
891 573 990 646 poenit.
999 579 1080 630 tract.
1091 572 1124 630 dc
1137 573 1254 646 ieiunq.
1263 572 1296 630 de
1309 573 1469 630 necessitate
1480 573 1606 631 seruandi
1618 573 1682 630 ieiu-

87 667 135 740 quia
154 665 228 740 prulo
246 664 373 736 superius
394 663 460 736 dixi,
481 664 605 736 quamvis
625 665 778 738 ignorantia
801 677 855 720 non
891 665 1064 722 niumllatio
1077 670 1131 736 est,
1145 664 1209 736 qnia
1223 663 1281 720 telis
1295 663 1444 738 ignorantia
1458 680 1521 722 rere
1536 663 1603 721 tollit
1617 679 1684 720 ceu·

87 766 178 816 excuset
194 757 300 828 eulpam
317 752 480 827 mortalem,
496 753 518 810 si
531 763 648 813 excuset
663 752 793 826 modum,
808 759 857 810 aut
891 769 948 811 sam
961 760 989 810 et
1006 753 1212 810 fundamentum
1226 751 1287 810 talis
1307 768 1419 828 poenae,
1437 756 1500 826 quia
1520 769 1607 826 poene
1619 769 1684 827 gra·

88 847 309 918 circumstmtiam,
324 852 375 902 aut
389 845 507 916 speciem
521 847 640 917 peccate
652 861 736 919 quam
753 843 796 901 lex
814 857 856 900 re·
890 844 930 900 ris
944 855 1000 901 non
1012 843 1081 901 solet
1095 844 1195 916 imponi
1208 859 1256 916 per
1265 842 1339 916 leges
1354 842 1498 916 humanas,
1511 843 1561 898 nisi
1571 850 1683 916 propter

88 941 157 1011 spicit,
169 939 230 994 satis
248 950 319 1008 csse,
340 942 373 992 ut
392 940 508 994 excuset
526 951 653 1008 tecnam,
667 937 732 1010 quia
746 950 777 992 re
792 949 856 991 vcro
889 936 1000 1008 culpam
1011 934 1165 1001 mortalem,
1178 941 1209 990 ut
1222 932 1419 1005 supradictum
1430 932 1565 992 est.Unde
1579 933 1622 991 hic
1634 949 1684 1006 po·
1716 951 1720 960 ·

88 1029 141 1085 tollit
159 1042 261 1086 causam
280 1028 358 1097 eius3
375 1025 412 1084 ita
431 1041 497 1083 rero
517 1032 560 1084 ast
578 1028 605 1082 in
626 1026 777 1099 praesenti:
793 1040 856 1082 nam
890 1030 944 1083 test
957 1041 972 1082 a
986 1024 1092 1082 lortiori
1106 1023 1235 1096 applicari
1250 1024 1314 1081 illud
1329 1022 1590 1097 principium:Quod
1604 1025 1684 1097 igno-

88 1135 178 1192 peccare
195 1135 227 1178 ex
246 1123 323 1174 certa
343 1118 460 1173 seientia
478 1122 522 1174 est
541 1116 764 1183 circumstentia,
785 1127 856 1188 quae
890 1118 976 1174 rantia
989 1130 1125 1174 excusans
1139 1115 1383 1186 circumstantium,
1399 1131 1483 1188 quem
1497 1114 1608 1186 respicit
1625 1112 1679 1185 len,

88 1209 178 1264 nultum
191 1213 319 1281 nggravat
333 1205 456 1278 culpam,
472 1211 500 1264 et
512 1205 655 1281 iniurism3
671 1223 753 1282 quam
767 1204 857 1280 gravi·
889 1212 1005 1264 excusat
1024 1221 1149 1278 poenam,
1165 1205 1215 1262 etsi
1235 1212 1343 1264 maneet
1362 1205 1443 1280 culpa
1463 1205 1601 1262 mortalis:
1617 1219 1681 1262 nam

87 1307 148 1356 ntem
159 1300 264 1372 respicit
278 1298 334 1371 lex,
348 1296 459 1371 quande
473 1297 569 1356 similia
584 1298 667 1356 verba
681 1296 765 1354 addite
779 1296 856 1370 igno·
889 1297 976 1355 multo
990 1295 1074 1370 magis
1087 1296 1238 1368 excusabit,
1255 1297 1276 1352 si
1295 1303 1402 1353 maneat
1416 1302 1523 1353 tanturn
1541 1293 1623 1369 eulpa
1636 1309 1681 1352 vc·

87 1392 152 1446 untia
164 1397 247 1446 nuum
261 1388 326 1445 licet
342 1390 380 1445 sit
393 1403 506 1461 crassa,
521 1395 636 1447 excusat
649 1387 723 1445 illam
737 1388 856 1460 gravita-
889 1388 977 1460 niolis,
991 1387 1056 1461 quia
1071 1385 1143 1460 leges
1157 1385 1292 1444 humanae
1303 1403 1357 1444 non
1372 1385 1459 1444 solent
1470 1387 1509 1444 itn
1522 1387 1620 1459 punire
1634 1400 1680 1442 re·

86 1489 133 1552 tern,
143 1488 193 1538 esto
203 1496 255 1536 nou
268 1486 389 1537 excuset
400 1479 510 1551 cuipam
524 1479 680 1554 mortalem,
692 1493 759 1552 ergo
770 1476 798 1535 id
812 1493 856 1535 su·
888 1479 973 1537 nieles
984 1478 1258 1551 culpes,praesertim
1269 1476 1340 1549 illas,
1353 1493 1423 1552 quae
1434 1493 1488 1534 non
1499 1476 1568 1534 fiunt
1577 1476 1682 1534 directa

86 1573 109 1626 is
119 1576 161 1641 est,
173 1578 202 1627 ut
213 1577 331 1627 excuset
346 1585 434 1644 poena
449 1569 512 1626 talis
526 1569 604 1643 legis.
890 1569 1042 1642 voluntate,
1061 1568 1156 1644 quales
1170 1576 1236 1625 sunt
1249 1567 1319 1641 illae,
1335 1583 1406 1642 quae
1419 1569 1486 1627 fiunt
1498 1585 1531 1627 en
1546 1568 1592 1626 teli
1605 1571 1683 1641 igno·

111 1666 182 1735 tique
195 1661 230 1719 ita
243 1667 321 1733 patet
336 1661 478 1733 responsio
493 1659 527 1717 ad
548 1661 681 1719 rationem
695 1662 724 1717 in
744 1664 855 1718 contra·
888 1662 986 1720 rantia.
1002 1660 1077 1718 Unde
1098 1660 1159 1718 talis
1185 1665 1264 1718 actus
1285 1660 1442 1734 imperfecte
1462 1659 1632 1718 voluntarius
1655 1665 1683 1718 et

84 1754 143 1807 rium
153 1753 212 1808 liam
225 1751 290 1808 licet
303 1749 367 1807 talis
382 1749 534 1824 ignorantia
547 1765 601 1807 non
615 1757 730 1808 excuset
744 1750 854 1807 absolu·
889 1752 1026 1810 humanus
1041 1751 1094 1809 dici
1108 1756 1210 1826 potest;
1225 1752 1322 1810 merite
1336 1768 1401 1826 ergo
1414 1759 1564 1811 excusatur
1578 1753 1618 1810 sic
1633 1751 1680 1809 de·

86 1842 283 1914 tangruutetem
297 1843 422 1914 peccati,
437 1847 555 1900 excusat
569 1841 745 1899 nihilominus
761 1841 795 1897 ab
807 1838 852 1899 illo
888 1841 1014 1917 linquens
1034 1859 1050 1901 e
1073 1842 1119 1900 tali
1139 1859 1235 1915 poena.
1251 1845 1339 1901 secus
1359 1858 1424 1902 vero
1445 1850 1529 1916 esset,
1550 1843 1571 1901 si
1591 1858 1680 1917 poene

84 1930 286 2004 nodograsitatis
299 1933 421 2004 peccati,
438 1932 494 1988 eine
508 1947 565 2005 quc
585 1930 673 1988 noluit
691 1929 734 1988 lex
754 1945 852 2005 pecca·
886 1940 961 1990 esset
979 1934 1055 2008 levis,
1072 1949 1142 2008 quae
1165 1935 1237 1992 iuste
1250 1935 1276 1990 in
1300 1935 1410 2007 cuipam
1428 1936 1558 1993 venialem
1582 1934 1681 1992 cadere

84 2027 127 2077 tun
135 2021 228 2094 punire,
239 2029 272 2079 ιιι
285 2019 374 2078 verba
384 2018 458 2077 dicta
471 2020 681 2095 significantld
692 2021 792 2080 dictam
804 2037 853 2078 au·
887 2025 994 2098 possit3
1016 2039 1078 2081 nam
1100 2029 1164 2081 tunc
1184 2024 1268 2081 verba
1285 2024 1352 2098 legis
1373 2025 1506 2083 servanda
1526 2031 1600 2083 sunt.
1615 2025 1680 2083 lndc

85 2117 124 2166 tem
139 2111 154 2167 l.
165 2111 387 2185 treepnndetur,
408 2112 558 2183 spectando
576 2129 634 2171 rem
655 2115 753 2186 ipsam,
775 2120 804 2171 et
823 2114 851 2170 in
886 2130 952 2173 rere
967 2115 1031 2173 oriri
1045 2121 1172 2189 poterant
1184 2117 1270 2174 uariae
1284 2117 1459 2190 quaestiones
1471 2116 1505 2174 de
1519 2117 1682 2174 censuriset

84 2202 260 2276 musciantia,et
270 2202 368 2276 quoad
380 2205 542 2276 gravitatem
553 2204 661 2278 culpae,
677 2204 763 2262 solam
776 2205 852 2278 igno·
888 2205 1155 2288 irregularitatum,
1177 2223 1211 2264 sn
1235 2214 1348 2281 propter
1362 2207 1485 2288 ¹veniales
1505 2209 1680 2283 negligentias

84 2293 172 2348 rentiam
191 2293 346 2350 affectatam
360 2294 530 2366 aequiperari
551 2294 691 2367 scientiae,
705 2295 770 2368 quin
786 2294 852 2351 sole
887 2298 1076 2356 incurrantur.
1084 2297 1137 2356 Sed
1149 2296 1207 2356 illae
1218 2297 1243 2354 in
1258 2298 1327 2355 locis
1336 2299 1450 2373 propriis
1460 2306 1594 2357 trasmae
1606 2306 1680 2357 suut.

85 2379 295 2440 llaroluntarium
313 2382 453 2440 directum
473 2383 600 2456 includit,
620 2385 692 2442 sicut
716 2384 784 2442 bene
804 2401 853 2442 no·
888 2391 1039 2463 Supererat
1050 2388 1102 2446 hoc
1114 2389 1176 2447 loco
1187 2389 1334 2447 dicendum
1344 2388 1378 2447 de
1388 2389 1608 2464 interpretatione
1619 2391 1682 2448 stri·

85 2473 132 2528 tarit
143 2474 227 2530 Glossa
245 2491 280 2532 en
301 2479 381 2532 testu
396 2475 461 2532 satis
476 2490 610 2558 'expresso
628 2476 654 2532 in
674 2476 762 2548 capite
779 2480 848 2544 Eue,
888 2487 933 2538 cta
945 2479 1013 2554 legis
1027 2479 1159 2552 poenalis,
1171 2480 1219 2537 sed
1233 2479 1287 2537 hoc
1301 2481 1509 2539 reservamustn
1524 2481 1623 2555 tinvt,
1636 2483 1683 2540 ubl

84 2560 107 2617 de
117 2570 217 2636 tempor.
227 2564 319 2622 ordin.
335 2566 364 2621 in
378 2568 406 2624 6.
421 2565 491 2633 Quin
511 2565 671 2639 potiusnon
691 2564 848 2633 defuerunt,
887 2569 921 2628 de
937 2571 1160 2642 interpretatione
1170 2570 1235 2643 legis
1250 2570 1383 2628 humanae
1394 2570 1528 2629 dicemus.
1537 2573 1682 2647 Reliquum

83 2655 117 2724 qni
132 2654 245 2729 dixerint,
257 2656 345 2712 etiam
366 2655 548 2742 ignorantium
559 2655 712 2713 affectatum
722 2654 852 2712 sufficere
889 2677 955 2737 ergo
969 2667 1023 2734 est,
1039 2668 1071 2720 nt
1084 2661 1118 2720 ad
1132 2661 1197 2720 alias
1211 2676 1342 2721 onerosas
1355 2661 1431 2737 leges
1448 2669 1628 2722 transcamus.

84 2741 286 2802 dascusandem
299 2746 330 2802 in
345 2745 428 2804 simili
439 2761 507 2803 casu
518 2761 634 2818 poenam
646 2747 724 2818 legis,
736 2746 801 2820 quia
810 2750 855 2803 est

83 2834 156 2904 ninor,
173 2851 251 2908 quam
273 2835 404 2906 scientia,
424 2842 584 2910 argumento
609 2851 670 2909 cap.
682 2837 759 2894 Cum
777 2819 852 2894 irriti'-

83 2921 140 2989 tttto,
155 2925 166 2996 l
179 2931 201 2982 l.
212 2924 246 2986 dc
259 2925 428 2984 clandestin.
436 2925 636 2999 desponset-ibi
644 2944 656 2989 ι,
668 2929 736 2984 Non
748 2941 854 3002 eccper·

81 3015 112 3068 les
122 3018 254 3084 rciemioe,
267 3015 317 3073 uel
332 3013 440 3074 saltem
450 3014 640 3090 affectatores
650 3019 850 3090 ignoraretioe.

1168 2795 1308 2928 cnPdT
1326 2857 1414 2927 xtu.

81 3102 140 3168 duod
150 3108 227 3164 munit
237 3107 343 3166 cretus
356 3109 386 3164 in
400 3122 463 3180 cap.
478 3109 516 3168 ut
529 3110 715 3177 animarem,
732 3107 767 3166 de
786 3123 853 3167 con·

81 3194 243 3255 senneser
258 3215 288 3256 re
303 3213 373 3256 vere
386 3198 536 3271 ignorantia
555 3199 680 3258 affectata
692 3201 719 3256 in
733 3201 794 3257 inre
808 3215 853 3256 ae-

81 3285 213 3356 quiparatur
225 3291 372 3362 scientiae,
385 3289 448 3363 quie
462 3296 491 3346 et
505 3288 611 3347 sufficit
620 3287 654 3346 ad
667 3289 800 3347 directsm
813 3289 852 3346 in·

959 3062 1011 3114 An
1019 3053 1105 3128 lcqcs,
1117 3069 1261 3130 perquer
1274 3043 1397 3112 tribulo
1409 3056 1610 3130 imponuntur,

1126 3162 1205 3222 porc
1213 3143 1356 3221 poenales
1370 3147 1439 3204 aiot

1173 3325 1398 3392 snnnartnn

82 3378 211 3452 tentionem,
226 3381 425 3450 temeritatem,
439 3386 469 3436 et
487 3381 746 3452 praesumptionem,
762 3385 791 3438 et
811 3381 851 3436 in·

81 3464 145 3524 cludit
160 3469 298 3528 senodum
313 3469 411 3526 saltem
431 3469 558 3542 periculi,
573 3477 602 3528 et
621 3468 807 3540 dubitationis,
823 3475 853 3526 et

81 3553 118 3614 lac
130 3560 222 3618 ratione
243 3558 454 3635 quodammodo
467 3559 555 3618 rideri
575 3567 674 3634 potest,
690 3560 783 3634 potine
803 3575 853 3617 eu-

81 3662 128 3717 gere
139 3649 252 3723 cupam,
266 3665 357 3725 quarn
378 3649 509 3723 minuere,
526 3656 559 3708 ut
571 3652 598 3708 in
616 3655 641 3708 l.
655 3657 681 3710 2.
695 3650 778 3708 latius
797 3655 852 3708 tra·

80 3734 142 3795 ditur.
153 3741 260 3800 seclusa
272 3756 342 3814 crgo
363 3741 519 3814 ignorantia,
536 3741 671 3809 atrectatu,
687 3741 740 3799 alia
759 3756 853 3798 crassa

80 3835 99 3881 et
114 3831 238 3904 negligens
260 3847 321 3888 non
346 3831 542 3904 aequiparatur
562 3832 702 3889 eciemiae.
719 3831 767 3888 llla
786 3847 853 3889 vero

80 3913 110 3974 lar
122 3923 141 3975 t.
152 3919 324 3994 intelligendu
337 3927 381 3977 est
393 3919 427 3978 de
442 3922 660 3994 aequiparatione
670 3937 724 3979 non
734 3921 761 3977 in
772 3921 854 3993 culpa

79 4007 110 4062 rel
118 4011 258 4083 poena‚sed
268 4013 298 4068 in
311 4010 471 4084 obligatione
482 4011 516 4070 ad
527 4010 710 4085 reparandum
722 4011 853 4070 damnum

79 4095 125 4154 inde
137 4100 324 4175 subsecutum
336 4117 400 4158 nam
414 4103 462 4176 qui
476 4102 653 4176 negligenter,
670 4102 713 4159 rel
727 4102 855 4176 ignoran·
929 4101 953 4156 l.
968 4097 1045 4167 Quod
1064 4097 1115 4154 lrac
1135 4096 1209 4171 leges
1229 4097 1398 4156 tributorum
1418 4115 1552 4158 onerosae
1571 4101 1635 4174 sint,
1657 4105 1687 4158 et

79 4193 109 4244 ter
121 4205 203 4248 crasse
215 4199 335 4251 exercet
344 4192 530 4250 ministerium
542 4209 637 4264 suum,
653 4198 763 4250 tenetur
777 4193 854 4251 resti·
886 4191 960 4248 inter
973 4189 1084 4247 odiosas
1100 4194 1307 4262 computentur,
1322 4190 1495 4248 notissimum
1508 4198 1561 4262 est,
1578 4196 1636 4248 tum
1650 4206 1684 4248 ex

79 4285 139 4337 tuere
150 4282 244 4340 damna
255 4288 356 4342 secute
368 4299 422 4340 nnn
436 4283 536 4357 minus,
549 4282 665 4358 quamsi
679 4290 755 4341 certa
766 4285 853 4340 seien-
888 4281 1026 4338 communi
1043 4292 1124 4336 senen
1139 4293 1195 4336 non
1208 4279 1298 4338 solum
1313 4280 1415 4338 iurium
1429 4290 1458 4339 et
1471 4281 1628 4355 doctorum,
1638 4281 1686 4340 sed

78 4370 105 4425 is
115 4371 220 4432 lecisset.
232 4372 314 4444 Quod
327 4375 366 4431 itu
384 4373 452 4431 bene
466 4372 596 4447 explicuit
609 4373 661 4432 alia
681 4373 776 4431 Glossa
789 4375 817 4433 in
832 4373 850 4432 l.
887 4373 969 4429 etiam
984 4369 1105 4427 omnium
1119 4369 1278 4442 hominum,
1295 4371 1449 4428 tumeliam
1463 4385 1496 4429 ex
1515 4373 1580 4444 ipsis
1593 4371 1686 4430 terrui·

78 4461 273 4534 trorttootlrur,
290 4463 377 4522 serbo
390 4481 451 4522 oon
464 4467 565 4534 etiem,
583 4465 613 4522 li.
626 4464 660 4524 de
673 4466 701 4522 in
715 4464 789 4523 litem
808 4465 850 4523 iu·
887 4462 941 4534 nis,
958 4467 990 4519 ut
1007 4460 1069 4518 illos
1088 4459 1248 4534 exponendo
1263 4462 1355 4518 statim
1375 4461 1496 4537 patebit3
1514 4462 1630 4537 ideoque
1651 4463 1685 4520 ad

79 4553 155 4612 rntc.
166 4558 285 4614 Possunt
299 4554 381 4614 etiam
395 4555 567 4630 aequiparari
583 4557 611 4612 in
628 4571 715 4627 poena
728 4557 853 4629 impositu
887 4553 962 4611 lrunc
977 4552 1071 4610 locum
1089 4556 1244 4624 expectant,
1260 4555 1289 4610 et
1307 4553 1406 4609 merito
1422 4559 1484 4614 tum
1503 4553 1561 4628 lege
1575 4553 1682 4626 poenali

79 4639 123 4712 ipsc
133 4645 194 4716 iure,
204 4645 317 4722 quando
327 4644 371 4702 lex
384 4660 438 4703 non
452 4643 528 4703 addit
541 4645 705 4718 particulam
717 4649 849 4714 scienter,
888 4643 1105 4718 coniunguntur,
1117 4644 1180 4716 quin
1194 4651 1258 4700 sunt
1272 4640 1339 4700 aden
1356 4643 1465 4717 similes,
1481 4650 1511 4701 ut
1524 4660 1621 4702 earum
1635 4644 1686 4702 dii-

79 4731 112 4788 rel
127 4735 227 4806 similes,
244 4734 296 4792 sed
317 4734 475 4807 simpliciter
488 4736 566 4808 punit
578 4740 809 4808 transgressores:
826 4743 855 4793 at
888 4734 1026 4792 lerontiam
1037 4733 1115 4805 prius
1129 4732 1266 4804 explicare
1277 4736 1463 4792 necessarium
1474 4734 1519 4793 sit.
1527 4735 1605 4792 Prius
1620 4751 1686 4794 vero

80 4834 129 4878 rere
140 4825 244 4898 quando
256 4824 335 4885 addit
347 4825 510 4897 perticulam
524 4827 664 4893 emmer,
681 4826 757 4884 nullo
771 4827 852 4885 modo
888 4825 963 4882 circa
976 4838 1074 4880 nomen
1095 4822 1190 4879 tributi
1209 4820 1350 4881 advertere
1371 4828 1490 4896 opertet,
1506 4825 1612 4900 aliquos
1630 4827 1686 4884 eai-

81 4915 290 4989 teqniparantur,
311 4929 363 4972 nec
385 4915 535 4972 incurritur
554 4914 614 4972 telis
638 4930 724 4987 poena
745 4923 855 4992 propter
890 4915 1027 4986 stimaese,
1041 4910 1107 4970 illud
1121 4911 1240 4969 derivari
1251 4927 1267 4968 a
1279 4912 1379 4984 tribus,
1392 4922 1422 4971 nt
1435 4914 1550 4984 scilicet,
1562 4919 1629 4989 quia
1640 4932 1686 4989 pe-

81 5008 153 5059 retum
168 5019 200 5063 ea
219 5004 371 5079 ignorantia
384 5019 480 5061 crassa
498 5003 614 5076 lectum,
629 5012 663 5062 ut
681 5007 852 5066 dictumest.
889 5005 986 5063 cuniae
1001 5003 1065 5061 clim
1077 5001 1202 5060 tributim
1212 5003 1498 5078 imperabantur,inde
1509 5007 1612 5064 tributa
1622 5015 1687 5066 sunt

112 5093 135 5148 l.
146 5095 248 5166 Tertia,
262 5103 293 5154 et
305 5095 404 5153 ultima
417 5095 512 5169 regule
525 5101 582 5152 est:
599 5097 769 5170 Ignorantia,
784 5113 856 5172 quae
889 5095 1033 5172 cppellcta.
1047 5092 1097 5152 Alii
1111 5109 1177 5149 sero
1191 5099 1290 5166 putant
1304 5111 1319 5152 e
1333 5097 1482 5170 contrario,
1497 5097 1624 5156 tribuma
1639 5101 1687 5156 tri·

82 5191 174 5242 excusat
184 5187 299 5259 culpam
312 5184 466 5255 mortslem,
479 5184 542 5243 licet
552 5200 607 5243 nen
620 5195 736 5246 excuset
745 5188 855 5262 culpam
888 5189 957 5245 barto
972 5197 1033 5244 esse
1048 5183 1295 5258 appellatamllam
1309 5185 1374 5258 quin
1388 5185 1490 5260 triputa
1504 5187 1685 5260 erigebantur

82 5276 201 5350 renirlem,
212 5283 356 5336 excusata
370 5291 456 5349 poene
466 5277 542 5350 gravi
553 5276 628 5351 legis.
637 5279 678 5338 lta
691 5281 775 5341 sentit
790 5281 856 5340 Soto
890 5277 1033 5352 asingulis
1047 5275 1179 5350 partibus,
1194 5275 1220 5332 in
1239 5291 1309 5348 quan
1322 5283 1398 5336 totus
1414 5279 1533 5353 populus
1546 5280 1684 5339 divideba-

142 5383 508 5442 Sutm.sssmilate-Parsll.
1204 5417 1208 5426 .
1432 5387 1446 5431 8

888 3517 913 3568 1.
927 3515 1034 3581 Etymon
1053 3515 1122 3566 vocis
1140 3513 1352 3575 tributum-2,
1366 3515 1503 3567 'tributum
1519 3516 1644 3568 dividitur
1656 3519 1683 3569 in

920 3589 999 3649 reale,
1013 3587 1146 3651 personale
1158 3593 1186 3636 et
1199 3585 1388 3637 mixtum—3.
1401 3585 1493 3649 Leges,
1506 3599 1572 3651 quae
1585 3590 1683 3653 praeci-

921 3655 1683 3722 pinntsotritributa,cnttganatnconscientinadsolvenda
1755 3663 1757 3670 '

922 3729 1020 3779 tributa
1034 3727 1124 3790 realia,
1137 3728 1198 3777 licet
1211 3739 1261 3778 uon
1273 3733 1404 3792 petantur.
1416 3753 1451 3764 -
1460 3729 1488 3779 4.
1499 3729 1684 3780 Conclusio.-

921 3799 947 3849 ll.
961 3799 1069 3862 Propter
1078 3797 1247 3849 adiectionem
1260 3808 1415 3861 monacnum
1428 3799 1505 3849 datur
1518 3800 1624 3851 libertas
1636 3801 1683 3850 eli-

921 3867 998 3932 gendi
1010 3868 1162 3919 solutionem
1174 3868 1215 3918 vel
1229 3869 1323 3920 tributi
1336 3869 1377 3918 rel
1390 3881 1495 3933 poenae,
1506 3869 1622 3933 quamvis
1633 3882 1684 3922 non

921 3946 1049 4004 repugnet
1059 3937 1116 3990 dari
1128 3939 1212 4002 legem
1223 3939 1260 3990 sic
1273 3938 1431 4002 obligentem
1440 3940 1489 3991 sub
1502 3940 1682 3993 disiunctione.
