4278 6242
350 338 414 403 llo
1052 353 1153 404 amsa
1167 353 1200 403 v.

310 481 353 540 rel
373 480 501 539 materiae
521 483 671 540 necessitas
690 488 784 554 cogat.
800 481 879 539 lavat
897 481 979 538 etiam
1000 476 1035 536 ad
1055 477 1108 536 hnc
1144 477 1235 552 nibus,
1256 479 1451 552 matrimoniis,
1472 485 1502 537 et
1520 479 1737 552 protensionibus
1756 481 1949 554 peccaminoso

310 571 432 631 secunda
453 571 673 629 confirmandam
696 571 792 646 regula
811 573 863 642 75,
889 572 915 628 in
937 573 968 628 6:
995 571 1111 627 Coulru
1145 569 1235 626 iactis.
1251 575 1293 628 hu
1317 585 1382 629 vero
1396 569 1531 628 interdum
1546 571 1649 628 malitia
1663 577 1742 630 actas
1761 571 1891 644 impediat
1904 589 1951 632 re·

309 678 390 723 ειιττι,
408 665 460 734 qui
475 660 566 734 legem
580 661 678 720 dicere
689 665 787 736 potuit
800 662 944 736 apertius,
963 664 1006 716 est
1019 661 1111 716 tuter·
1145 660 1233 720 lorem
1246 663 1317 736 eius,
1330 677 1363 719 es
1377 661 1514 734 capitibus
1529 662 1706 736 sequentibus
1720 663 1866 722 constabit.

305 753 438 823 protecto
453 749 620 824 sueieudu;
647 767 717 825 qaae
737 753 826 809 inarari
840 751 920 808 etiam
935 751 961 806 in
974 749 1111 823 praesenti

309 847 401 915 potest
415 857 449 897 err
466 841 563 915 regule
579 846 624 899 30:
642 845 679 899 Ιιι
691 841 824 898 obscuris
838 843 1000 897 ocissimum
1012 843 1055 896 est
1069 854 1113 895 se·
1401 863 1543 936 CAPUT
1566 866 1676 937 XXVI

309 928 468 1024 queqdum.
486 932 515 989 ln
535 933 671 1003 praesenti
689 933 759 989 enim
775 947 828 987 non
843 936 886 987 est
899 928 1031 1011 dubium,
1044 928 1111 1001 quin
1680 920 1689 938 ⁰
1709 963 1714 972 .

309 1020 445 1094 potuisset
465 1020 603 1094 legislator
625 1022 778 1094 exprimere
800 1020 902 1078 clarius
917 1020 1109 1090 irritationem,

310 1111 331 1166 si
345 1126 404 1168 eam
418 1109 585 1182 intendebam
601 1111 695 1169 debuit
709 1128 775 1185 ergo
790 1110 816 1169 id
830 1109 1006 1183 lacere,quia
1020 1109 1111 1166 solum

310 1202 424 1259 verbum
443 1202 634 1275 prohibitionis
654 1202 688 1260 ad
710 1203 851 1260 minimum
871 1208 916 1258 est
937 1199 1110 1272 ambiguum3

309 1306 377 1365 ergo
398 1293 422 1348 si
441 1291 468 1348 id
490 1308 545 1349 non
564 1292 646 1364 lecit,
663 1293 759 1350 merito
774 1293 999 1362 interpretamur,
1016 1287 1042 1344 id
1057 1304 1111 1344 noa

310 1379 481 1452 intendisse,
509 1386 537 1438 et
557 1382 700 1438 minimum
720 1383 884 1456 sequimur,
909 1377 1051 1435 tribuendo
1075 1376 1112 1434 illi

309 1469 361 1542 ¹⁰85
377 1470 519 1528 minimum
530 1471 669 1539 emtum*
679 1487 761 1544 quem
773 1486 805 1548 ⁰¹·
817 1472 843 1527 Vi
854 1469 914 1527 talis
926 1467 1000 1524 verbi
1012 1466 1112 1524 habere
1149 1531 1173 1581 l.
1188 1531 1284 1594 Duplex
1296 1531 1401 1592 modus,
1415 1546 1467 1597 qao
1478 1532 1568 1584 haberi
1582 1540 1666 1597 potest
1680 1535 1793 1588 irritatio
1806 1543 1878 1589 actus
1891 1537 1953 1590 sim-

309 1567 413 1633 pntcst.
431 1561 591 1618 Gorrlrrmari
610 1560 663 1617 boc
685 1563 768 1618 etiam
782 1565 887 1632 potest,
904 1560 970 1631 qnia
983 1555 1111 1628 irritatio,
1182 1601 1287 1665 pliciter
1300 1601 1507 1666 prohibiti-2.
1518 1603 1849 1667 Quomodoeognoscondus
1862 1608 1952 1660 modus

310 1664 382 1722 ‘1⁰⁸⁰
408 1656 520 1722 ΡῐθΡῑθΓ
543 1651 632 1723 legem
655 1651 781 1707 Vi⁰¹flilffl
806 1650 960 1706 ῑΠθῑῑΠῙωΓ
969 1688 976 1719 ι
991 1645 1113 1719 ΡΟθΜΗ*
1183 1671 1338 1722 irritationis
1351 1673 1538 1736 poenalis-3.
1553 1675 1682 1737 Quomodo
1691 1675 1824 1728 inducitur
1837 1678 1953 1730 irritatio

309 1747 367 1812 est3
393 1754 478 1812 poena
497 1747 589 1797 autem
607 1756 660 1797 noa
674 1740 827 1796 incurritur
841 1741 901 1810 ipso
915 1735 1003 1808 lactc,
1020 1737 1072 1815 nisi
1086 1735 1111 1791 in
1184 1753 1233 1792 non
1248 1741 1371 1805 poenalis.

310 1829 370 1901 lege
388 1829 575 1903 exprimetur,
594 1845 662 1902 ergo
677 1845 727 1887 nec
741 1830 870 1887 irritatio.
885 1829 972 1898 Nem,
989 1833 1021 1883 ut
1036 1831 1112 1882 recte
1606 1877 1609 1882 .
1782 1877 1785 1884 ,

310 1917 379 1975 dixit
397 1919 539 1975 lnnocent.
554 1915 658 1991 in'cap.
675 1921 711 1977 Si
724 1935 799 1986 uere,
817 1918 850 1975 de
864 1922 981 1975 sentent.
999 1931 1110 1972 excom·
1190 1916 1214 1971 l.
1231 1912 1393 1986 Priusquam
1412 1913 1448 1970 ad
1466 1913 1508 1972 ias
1523 1913 1669 1986 positivum
1689 1915 1885 1978 declarandum
1903 1935 1952 1978 ac·

310 2024 387 2070 mun.
406 2024 435 2064 o.
452 2013 481 2082 2,
497 2024 551 2065 non
569 2017 613 2066 est
630 2009 762 2068 naturalis
782 2024 869 2080 poena
891 2007 1111 2065 contrahentium
1147 2002 1292 2073 cedamus,
1307 2009 1416 2076 oportet
1428 2019 1577 2077 exponere,
1590 2005 1655 2079 quid
1669 2009 1706 2064 sit
1718 2009 1906 2067 necessarium
1918 2025 1952 2069 ex

310 2103 409 2156 contra
427 2097 526 2174 legem,
540 2099 580 2155 vel
595 2105 691 2157 contra
706 2098 864 2156 mandatum
879 2097 1112 2170 principis,utir·
1147 2099 1247 2151 natura
1273 2095 1310 2149 rei
1337 2093 1409 2151 ultra
1434 2094 1658 2168 prohibitionem,
1681 2102 1713 2154 ut
1737 2096 1780 2155 les
1804 2098 1953 2171 prohibens

1170 1058 1284 1136 Quibus
1297 1059 1390 1118 uerbis
1404 1065 1459 1119 uui
1472 1059 1568 1118 orodis
1583 1060 1633 1120 lec:
1644 1063 1802 1140 prohibeas
1811 1068 1927 1133 'celum

1446 1153 1542 1208 irritet
1555 1150 1652 1210 illum.

1417 1343 1686 1410 summarium

311 2187 394 2245 ritum
416 2190 453 2245 sit
473 2189 577 2247 lectum
597 2195 693 2246 contra
707 2191 762 2246 ius.
775 2189 855 2258 Quod
870 2188 1043 2244 verissimum
1058 2191 1112 2256 est,
1148 2188 1252 2254 aetum,
1269 2182 1448 2241 irritantium
1463 2185 1535 2241 enim
1550 2184 1655 2243 dictum
1670 2187 1715 2254 sit,
1732 2186 1822 2244 solum
1836 2188 1953 2247 verbum

311 2277 444 2352 quidquid
463 2280 529 2335 bec.
545 2286 573 2336 et
585 2279 661 2336 Bald.
678 2295 761 2353 supra
775 2280 849 2336 citati
862 2278 965 2350 dicant3
976 2282 1034 2334 tum
1048 2275 1113 2348 quia
1147 2271 1308 2345 probibendi
1331 2288 1385 2330 non
1408 2273 1555 2341 sullicere,
1575 2282 1686 2347 oportet
1705 2291 1860 2350 exponere,
1880 2294 1953 2351 quae

311 2366 386 2424 nulla
406 2368 474 2423 ratic
492 2368 554 2424 talis
569 2369 804 2427 connaturalitatis
820 2368 901 2425 hrrius
916 2381 1018 2439 poenae
1033 2364 1108 2436 reddi
1150 2364 1232 2420 rerba
1250 2363 1317 2434 legis
1338 2362 1489 2436 sufficiant,
1506 2371 1537 2421 ut
1557 2380 1605 2437 per
1619 2381 1652 2422 ea
1671 2367 1823 2448 explicetur
1836 2368 1953 2427 irritatio

311 2462 410 2528 potest,
425 2465 483 2514 tum
498 2460 592 2530 etiam,
604 2459 667 2531 quia
682 2459 723 2516 les
739 2458 869 2517 naturalis
884 2456 971 2515 multa
985 2455 1113 2528 prohibet
1148 2459 1228 2510 aetas
1248 2452 1388 2525 prohibiti:
1402 2460 1430 2510 et
1442 2469 1495 2510 non
1510 2455 1618 2527 agimus
1629 2455 1663 2512 de
1678 2455 1857 2528 prohibitione
1871 2464 1954 2516 aetus

310 2547 380 2619 lieri,
403 2563 474 2619 quae
496 2565 549 2604 non
565 2550 670 2621 irritat,
695 2549 748 2606 imo
764 2557 795 2607 ut
808 2549 912 2619 irritet,
928 2562 1041 2604 necesse
1056 2552 1109 2618 est,
1148 2549 1262 2614 propter
1284 2541 1424 2598 deiectum
1438 2543 1559 2612 lormae,
1574 2544 1608 2602 de
1629 2545 1680 2602 hac
1694 2547 1766 2602 enirn
1785 2547 1953 2604 dieemnsin

311 2643 343 2693 ut
356 2639 469 2694 materia
485 2645 578 2712 coget,
592 2645 624 2695 at
638 2655 721 2712 supra
735 2641 823 2696 visum
838 2645 891 2708 est3
905 2653 970 2710 ergo
985 2636 1058 2693 idem
1072 2635 1113 2692 di·
1147 2633 1236 2702 caplte
1256 2632 1398 2703 sequenti,
1415 2631 1463 2689 sed
1477 2632 1510 2690 dc
1531 2634 1680 2691 irritatione
1695 2642 1774 2694 aelus
1795 2637 1953 2710 simpliciter

310 2726 511 2783 ceredebemus
522 2727 556 2784 de
573 2727 632 2801 lege
644 2729 796 2800 positiones
809 2727 954 2784 naturarei
964 2724 1112 2799 loquendo.
1148 2719 1289 2794 prohibiti.
1309 2719 1349 2778 nd
1364 2721 1416 2777 hcc
1431 2737 1498 2795 ergo
1513 2723 1716 2795 explicandum,
1732 2741 1845 2782 necesse
1858 2733 1901 2784 est
1912 2726 1953 2784 di·

350 2817 443 2889 Neque
454 2825 550 2874 contra
561 2818 754 2876 resolutionem
766 2815 1058 2890 hancprocedilprima
1070 2831 1113 2870 ra·
1148 2813 1289 2885 stinguere
1307 2813 1379 2869 inter
1393 2813 1575 2870 irritationem
1590 2814 1733 2886 poenalem
1743 2821 1772 2872 ct
1784 2831 1838 2872 non
1853 2832 1954 2889 poena·

311 2906 348 2964 tio
362 2905 503 2964 dubitandi
517 2909 542 2963 in
561 2909 695 2980 principio
711 2909 814 2981 posita,
830 2908 894 2981 quin
910 2913 967 2963 tota
982 2905 1113 2962 landatur
1148 2901 1213 2974 lem,
1227 2903 1274 2959 sed
1294 2918 1387 2974 perse
1401 2903 1535 2960 intentam
1551 2906 1775 2977 propterbonum
1791 2923 1950 2964 commune.

311 2996 337 3051 in
352 2998 411 3052 iure
429 2998 556 3070 positivo,
568 2998 601 3054 de
615 3014 672 3071 quo
687 3007 781 3070 postea
796 2997 944 3054 dicendam
958 2994 1059 3052 esthd
1075 2995 1113 3050 in·
1148 2994 1271 3066 itemque
1297 2994 1324 3048 in
1346 2993 1450 3065 poenali
1470 2991 1691 3066 distinguendum
1712 3002 1756 3053 est
1775 2997 1846 3053 inter
1865 2997 1950 3072 illam,

310 3086 469 3144 ductionem
492 3096 602 3162 autern,
618 3104 689 3161 quae
703 3090 731 3145 lit
750 3091 778 3144 in
794 3086 916 3144 secundo
939 3089 1111 3158 argumento,
1147 3098 1220 3155 quae
1237 3090 1282 3139 cst
1301 3090 1408 3140 tantum
1422 3083 1533 3142 serenda
1545 3125 1552 3155 ,
1566 3087 1631 3156 quia
1646 3087 1736 3143 solum
1750 3086 1806 3143 lieri
1821 3088 1952 3160 praecipi·

311 3177 411 3248 patebit
431 3179 572 3248 responsio
585 3193 619 3235 ex
638 3165 748 3234 duobus
766 3177 902 3249 capitibus
922 3175 1111 3248 sequentibus.
1148 3182 1206 3244 tur,
1218 3181 1247 3230 et
1260 3189 1332 3246 quae
1351 3175 1409 3245 ipso
1424 3175 1497 3232 iacto
1512 3175 1756 3246 imperitandum
1770 3176 1950 3234 irritationem

311 3264 351 3321 hd
371 3268 502 3324 rationem
520 3282 585 3323 vcro
608 3268 688 3323 tertio
702 3267 765 3324 ioco
785 3267 951 3339 propositam
966 3263 1114 3336 responde·
1146 3279 1214 3335 ergo
1228 3269 1335 3319 tantum
1347 3262 1486 3320 lesendam
1499 3264 1523 3319 in
1535 3280 1662 3336 poenam,
1675 3266 1739 3323 nihil
1753 3266 1809 3324 iere
1820 3270 1883 3324 nori
1897 3274 1950 3338 est,

312 3361 369 3424 tur,
383 3355 549 3414 voluntalem
567 3357 701 3414 interioris
716 3373 768 3412 non
785 3356 941 3430 praevalere
952 3361 1050 3412 contra
1065 3372 1113 3411 ro·
1147 3352 1224 3427 quod
1238 3351 1371 3409 dieamus.
1385 3353 1452 3422 Quia
1467 3353 1527 3410 talis
1542 3355 1656 3412 irritatio
1671 3356 1747 3414 nullo
1762 3358 1844 3415 modo
1859 3361 1951 3416 stetim

310 3445 441 3503 laniciem
455 3449 605 3520 superioris
617 3449 643 3502 in
661 3463 705 3518 eo,
716 3449 742 3503 in
758 3463 814 3520 quo
825 3446 863 3503 illi
879 3446 992 3516 resistit,
1005 3444 1052 3502 sed
1067 3462 1111 3501 so·
1147 3445 1177 3499 lit
1193 3458 1241 3514 per
1257 3443 1363 3516 legem,
1379 3441 1426 3498 sed
1443 3457 1490 3514 per
1503 3443 1622 3500 iudicem
1636 3445 1691 3502 lieri
1706 3445 1802 3519 debet,
1818 3455 1846 3504 et
1859 3463 1908 3520 per
1922 3463 1952 3506 se

310 3535 367 3592 lum
383 3535 407 3592 in
422 3552 471 3608 eo,
487 3537 583 3609 inquo
598 3538 723 3609 superior
738 3552 791 3592 non
811 3535 926 3592 resistit.
940 3537 976 3593 Ut
993 3537 1020 3591 in
1036 3550 1114 3607 prae·
1147 3530 1283 3604 loquendo
1307 3531 1397 3608 solum
1418 3533 1448 3587 lit
1469 3547 1483 3586 a
1505 3537 1628 3605 tempore
1647 3537 1797 3593 sententiae
1818 3536 1903 3609 latae,
1923 3543 1952 3594 et

311 3627 399 3697 senti3
416 3623 479 3700 quia
496 3629 622 3700 superior
637 3626 764 3698 prohibet
777 3632 889 3695 actum,
906 3641 958 3682 nnn
972 3631 1063 3699 potest
1077 3625 1113 3681 illi
1147 3630 1214 3681 tuno
1243 3638 1297 3679 nnn
1325 3627 1512 3678 retractentur
1537 3623 1700 3696 praeterita,
1729 3625 1779 3681 nisi
1806 3627 1951 3698 specialem

312 3713 440 3772 subditus
454 3717 589 3780 resistere,
612 3717 676 3788 quin
691 3722 800 3788 peccet,
811 3722 839 3771 et
852 3715 979 3772 similiter
993 3717 1016 3770 si
1031 3731 1113 3787 supe·
1146 3713 1304 3770 iniustitiam
1321 3713 1490 3780 contineant,
1506 3721 1555 3768 aut
1568 3711 1698 3771 delictum
1714 3714 1825 3788 aliquod
1838 3715 1951 3788 dignum

312 3805 368 3860 rior
381 3805 500 3862 irritaret
515 3813 620 3874 actum,
634 3821 686 3862 non
705 3811 799 3878 posset
811 3804 921 3861 inierior
932 3801 1009 3860 illum
1024 3803 1113 3860 valide
1148 3801 1242 3859 maiori
1257 3816 1358 3873 poena,
1375 3801 1417 3868 vel
1431 3801 1484 3856 nisi
1500 3801 1540 3858 les
1556 3801 1639 3859 addat
1652 3804 1816 3875 particulam
1830 3805 1952 3878 ipsosu·

311 3893 430 3950 cllieere.
443 3894 542 3951 Temen
560 3897 624 3966 quia
638 3911 685 3967 per
700 3894 787 3966 legem
800 3909 867 3966 pure
883 3893 1068 3966 prohibentem
1079 3908 1113 3950 ex
1147 3897 1202 3948 cto.
1216 3891 1283 3959 Quia
1299 3890 1356 3945 sine
1370 3887 1414 3946 illa
1428 3889 1470 3946 lea
1483 3905 1536 3946 non
1551 3889 1653 3965 obligat
1664 3891 1698 3948 ad
1713 3895 1951 3952 retrotrahendem

312 3989 409 4040 natura
437 3986 476 4042 rei
501 3985 626 4055 superior
651 3987 756 4041 resistit
783 3983 919 4041 honestati
943 3989 971 4040 et
997 3982 1113 4039 libertati
1147 3981 1326 4049 sententiam,
1344 3993 1393 4050 per
1408 3995 1492 4051 quam
1507 3985 1587 4036 aetus
1602 3981 1735 4040 irritatur.
1752 3983 1825 4040 hlias
1840 3983 1881 4039 les
1901 3983 1950 4040 im·

312 4081 408 4145 actus,
424 4091 476 4130 non
491 4081 580 4130 tamen
600 4075 704 4146 valeri,
719 4074 780 4130 ideo
796 4063 863 4131 licet'
872 4079 951 4131 actus
966 4072 1036 4130 mele
1051 4074 1107 4143 liat,
1147 4087 1250 4144 ponens
1262 4071 1320 4142 ipso
1332 4069 1406 4127 lecto
1427 4070 1607 4127 irritationem
1618 4072 1769 4143 poenalem,
1792 4073 1857 4131 nihil
1868 4073 1950 4132 adde-

311 4163 418 4220 relidus
438 4170 490 4221 est.
505 4164 572 4231 Quia
590 4170 622 4220 ut
641 4171 721 4220 actus
735 4163 838 4231 valeat,
855 4179 907 4220 nnn
922 4169 966 4220 est
986 4167 1113 4219 necessa·
1147 4169 1189 4220 ret
1204 4162 1274 4222 ultra
1289 4161 1374 4232 illam,
1386 4174 1457 4233 quae
1472 4158 1562 4217 solum
1577 4163 1709 4234 praecipit
1720 4163 1827 4221 irritare
1842 4172 1949 4236 actum,

310 4256 401 4326 rium,
417 4269 465 4326 per
484 4268 514 4310 se
536 4253 687 4330 loquendo,
705 4259 736 4310 ut
755 4253 904 4326 superioris
925 4252 1051 4309 voluntas
1073 4253 1113 4309 rel
1148 4252 1221 4328 quod
1235 4251 1379 4322 verisimile
1394 4257 1515 4308 non-est.
1529 4251 1616 4324 igitur
1629 4253 1693 4310 talis
1708 4253 1749 4312 ler
1764 4254 1867 4326 nullam
1882 4253 1952 4312 obli-

313 4344 463 4400 bumannm
480 4345 524 4400 ius
539 4345 624 4415 iuvet,
638 4341 678 4399 vel
694 4343 805 4400 assistat
818 4343 855 4399 illi
870 4342 995 4415 positive,
1009 4340 1056 4398 sed
1071 4358 1114 4406 sa·
1147 4346 1284 4417 gationem
1295 4343 1323 4398 in
1338 4340 1506 4398 conscientia
1516 4341 1623 4398 inducit
1637 4359 1725 4416 usque
1736 4343 1770 4400 ad
1784 4345 1948 4404 sententiam

313 4435 348 4490 tis
367 4440 424 4503 est,
440 4434 515 4507 qnod
534 4448 588 4489 non
608 4435 718 4490 resistat
737 4432 878 4489 irritando.
899 4431 968 4500 Quia
986 4431 1113 4489 voluntas
1148 4433 1229 4490 letam
1240 4439 1290 4508 ,et
1307 4437 1372 4486 tunc
1386 4427 1481 4486 eadem
1496 4437 1540 4487 est
1553 4433 1623 4489 ratio
1636 4433 1670 4489 de
1684 4431 1744 4504 iila,
1760 4449 1831 4506 quae
1844 4434 1877 4491 dc
1892 4434 1951 4490 aliis

311 4525 431 4582 bumana
442 4539 475 4580 err
488 4525 674 4580 iure'naturae
692 4523 774 4581 habet
787 4522 858 4579 banc
871 4528 1033 4593 potestatem
1047 4537 1114 4578 eon·
1148 4521 1307 4594 poenalibus
1327 4519 1442 4592 legibus.
1458 4519 1571 4587 erando
1586 4536 1650 4578 vero
1672 4523 1739 4582 haec
1754 4538 1842 4594 poena
1862 4525 1949 4596 impo-

312 4614 451 4683 trehcndi,
466 4613 584 4671 donandi
594 4653 602 4684 ,
619 4621 647 4670 et
662 4612 713 4670 elia
727 4613 823 4670 similia
837 4611 965 4681 faciendi,
982 4611 1114 4686 quamdiu
1148 4613 1221 4670 nitur
1236 4612 1294 4682 ipso
1316 4609 1401 4678 iacto,
1417 4608 1519 4680 duplici
1541 4608 1622 4666 modo
1642 4625 1727 4682 supra
1747 4611 1882 4670 insinuato
1902 4615 1951 4670 im·

312 4719 361 4774 per
377 4702 546 4773 superiorem
561 4705 620 4760 cius
637 4702 753 4760 lacultas
768 4719 821 4759 non
836 4709 879 4759 est
892 4701 993 4774 ablata,
1011 4702 1051 4758 vel
1067 4704 1115 4759 im·
1148 4701 1211 4777 poni
1225 4707 1332 4773 potest,
1348 4699 1471 4772 scilicet,
1487 4698 1529 4756 vel
1548 4698 1585 4756 ila
1599 4707 1630 4756 nt
1648 4701 1807 4774 requiratur
1820 4705 1951 4763 sententia

312 4791 419 4864 pedite,
440 4791 521 4848 etiam
542 4791 632 4864 quoad
656 4794 743 4863 ipsam
765 4797 928 4864 potestatem
948 4797 976 4847 et
995 4791 1113 4849 valorem
1148 4791 1256 4858 iudicis,
1272 4789 1432 4862 prinsquam
1447 4790 1474 4844 in
1488 4788 1589 4845 ellectu
1604 4795 1685 4846 actus
1700 4791 1734 4847 sit
1747 4791 1852 4866 nullus,
1868 4797 1951 4852 etiarn

313 4889 404 4938 actus.
420 4881 455 4937 lit
475 4882 534 4937 ideo
555 4897 610 4937 non
634 4883 738 4955 obstat,
761 4883 835 4955 quod
855 4888 936 4938 actus
956 4881 1045 4938 malus
1066 4884 1112 4954 sit;
1148 4878 1242 4958 quoad
1254 4877 1406 4935 naturalem
1418 4878 1615 4951 obligationem,
1628 4879 1671 4936 rel
1686 4880 1723 4937 ita
1735 4886 1765 4937 ut
1778 4883 1871 4940 stetim
1886 4891 1950 4942 ente

312 4987 373 5027 nam
389 4986 437 5043 per
456 4977 548 5029 actum
569 4972 670 5028 malum
689 4978 806 5044 possunt
820 4972 920 5028 similes
934 4971 1050 5029 eiiectus
1069 4987 1115 5028 va·
1149 4971 1309 5027 sententiam
1328 4968 1362 5024 sit
1380 4969 1408 5024 in
1424 4983 1454 5026 se
1471 4970 1581 5024 omnino
1599 4970 1703 5027 irritus.
1721 4972 1755 5028 Et
1774 4972 1884 5046 quidem
1905 4976 1950 5033 hic

312 5059 364 5117 lide
380 5061 451 5131 deri,
469 5067 500 5118 ut
512 5076 561 5132 per
578 5077 607 5118 se
621 5069 749 5134 constat;
765 5063 818 5118 ima
834 5077 913 5134 saepe
929 5063 986 5133 ias,
1002 5069 1029 5119 et
1042 5065 1115 5119 Deus
1150 5061 1285 5136 posterior
1297 5057 1396 5115 modus
1411 5057 1581 5131 frequentius
1597 5059 1714 5118 traditur
1725 5063 1759 5119 ab
1774 5067 1948 5138 auctoribus,

312 5151 369 5223 ipse
383 5153 486 5209 assistit
505 5153 579 5210 actui
600 5151 691 5226 quoad
712 5153 832 5210 valorem
846 5158 874 5209 et
895 5153 1023 5210 ellectum
1043 5154 1113 5224 eius,
1148 5158 1237 5209 tamen
1248 5147 1326 5224 ,quod
1341 5148 1417 5220 prior
1431 5150 1467 5205 sit
1481 5149 1562 5205 etiam
1576 5164 1670 5220 verus,
1685 5157 1714 5208 et
1727 5153 1842 5211 maxime
1856 5155 1952 5213 obser·

313 5241 377 5300 licet
387 5255 441 5297 non
451 5243 561 5302 assistat
577 5242 702 5316 malitiae,
716 5242 789 5300 sicut
803 5247 877 5315 patet
887 5243 913 5298 in
927 5245 1112 5301 consecratio·
1150 5241 1267 5313 raudus,
1276 5237 1491 5297 saberideturin
1502 5240 1691 5311 superioribus
1702 5242 1950 5321 probatum,idque
