4294 6238
457 409 519 473 888
1162 425 1264 477 arnna
1285 427 1345 478 var.

421 551 569 621 praescribi
582 555 685 626 possit,
702 569 735 610 an
751 569 803 610 usu
818 569 835 610 a
849 547 1037 626 sedistincto,
1052 552 1094 610 vel
1108 567 1137 610 se
1151 553 1217 624 ipsa:
1256 567 1372 609 cursum
1394 554 1523 624 temporis
1544 553 1666 627 requisiti
1686 553 1720 611 od
1749 556 1995 629 praescriptionem.
2019 557 2050 614 Et

420 654 474 694 non
498 640 632 713 primum,
656 643 723 714 quia
745 641 943 700 consuetudine
964 657 1019 698 nou
1040 641 1143 698 utimur
1164 640 1217 696 alio
1256 641 1379 697 similiter
1399 639 1465 697 dixit
1485 641 1572 698 Roclr.
1588 643 1660 699 idem
1673 659 1735 700 esse
1748 644 1859 716 dicere,
1884 643 2050 701 consuetudi·

420 743 492 798 usu,
517 727 564 784 sed
585 745 614 786 se
634 731 704 803 ipse,
725 731 789 805 quia
809 733 869 803 ipsa
892 731 1065 805 estquidam
1088 745 1172 796 usus,
1192 736 1221 784 et
1257 745 1318 786 nem
1332 728 1431 786 debere
1450 746 1510 786 esse
1526 733 1738 803 praescriptam,
1753 732 1828 805 quod
1848 733 1950 804 dicere,
1965 741 2049 805 posta·

418 814 453 870 de
475 832 530 872 usu
550 833 602 873 non
622 818 704 876 datar
717 820 785 876 alius
801 836 886 890 usus,
903 819 967 876 elias
982 818 1179 892 procederetur
1193 819 1218 872 ic
1255 818 1313 874 lare
1339 820 1469 890 temporis
1492 818 1720 876 diuturnitatem:
1748 826 1777 877 et
1796 820 1853 876 Bal.
1878 836 1962 892 supra
1974 837 2050 894 oppo-

416 905 563 975 iutinilum3
581 921 632 962 nec
646 907 728 964 etiam
742 923 771 964 sc
785 909 853 980 ipsa,
866 909 932 982 qaia
947 909 1005 978 ipsa
1018 923 1070 964 non
1085 913 1129 964 est
1141 923 1218 979 prae·
1256 907 1300 963 sit.
1319 908 1346 964 i.
1360 908 1436 978 dixit,
1452 923 1513 964 esse
1527 909 1734 981 praescriptam,
1747 907 1772 966 id
1786 916 1832 966 cst
1853 925 1942 966 eursu
1958 917 2050 982 tempo-

418 991 547 1064 scriptio,
564 999 594 1050 ut
607 997 787 1066 supponitur:
802 996 870 1053 nihil
891 1003 982 1053 aulem
1002 996 1153 1067 praescribi
1169 1012 1219 1068 po·
1255 994 1292 1050 ris
1307 995 1468 1067 perlectam,
1485 996 1653 1065 roboratam,
1666 1013 1699 1054 ac
1714 999 1862 1055 lirmatam.
1884 998 1981 1055 liartol.
1993 1013 2051 1054 vero

417 1085 484 1151 test,
499 1081 550 1136 nisi
567 1082 658 1153 aliqua
676 1085 942 1156 praescriptionem
956 1086 1218 1158 confirmatur,quia
1254 1085 1383 1155 saponis,
1399 1083 1453 1140 dici
1469 1085 1682 1156 praescriptam,
1701 1085 1728 1142 id
1742 1091 1785 1142 est
1799 1085 1998 1142 consuetudine
2015 1087 2049 1142 in-

417 1170 505 1224 omnis
518 1171 697 1243 praescriptio
715 1174 936 1246 requiritbonam
947 1173 1113 1245 ademisse
1125 1181 1217 1230 autem
1255 1169 1367 1228 ductam
1388 1171 1421 1228 ad
1443 1171 1554 1229 madum
1576 1173 1725 1230 servitutis.
1739 1173 1820 1242 Quod
1840 1175 1950 1230 videtur
1969 1174 2050 1229 direr-

418 1257 444 1312 ιι)
466 1255 517 1313 bac
538 1259 738 1332 consuetudine
759 1277 812 1318 non
830 1268 873 1318 est
885 1263 1061 1331 necessaria,
1083 1262 1146 1334 quia
1167 1278 1214 1331 per
1253 1275 1326 1333 sunq
1342 1268 1433 1317 tamea
1448 1269 1599 1334 utrumque
1614 1263 1640 1317 iu
1654 1262 1724 1319 bono
1739 1277 1824 1319 sensu
1839 1276 1936 1317 rerum
1950 1267 2000 1317 est.

417 1350 496 1401 actus
511 1348 719 1414 peccaminosos
732 1350 869 1408 interdum
889 1352 935 1420 lit,
958 1358 990 1408 ut
1003 1350 1131 1418 diximus.
1147 1351 1215 1406 item
1294 1353 1321 1405 3.
1337 1348 1379 1406 Ad
1405 1349 1475 1406 banc
1500 1365 1567 1424 ergo
1591 1351 1787 1422 assertionem,
1807 1356 1837 1406 et
1851 1352 1981 1407 rabonem
1995 1351 2048 1406 eius

416 1435 596 1506 praescriptio
614 1438 732 1510 requirit
749 1439 859 1511 aliquod
876 1447 985 1512 tempus
1000 1440 1215 1513 legestatutum,
1252 1438 1338 1510 magis
1358 1437 1546 1509 explicandam
1567 1438 1695 1508 adverte,
1717 1445 1771 1496 tarn
1791 1440 1819 1494 in
1843 1439 2048 1510 praescriptione

415 1524 443 1579 in
468 1523 519 1579 lanc
534 1539 600 1581 sero
613 1519 815 1584 consuetudine
836 1529 910 1584 aulla
930 1534 973 1585 est
992 1529 1052 1596 lea,
1071 1543 1142 1602 quae
1157 1544 1219 1584 cer·
1254 1527 1380 1597 proprie,
1400 1542 1484 1599 quam
1504 1529 1531 1582 in
1544 1528 1742 1584 consuetudine
1756 1528 1810 1585 dici
1825 1543 1908 1600 posse
1924 1531 2050 1599 praescri·

417 1618 475 1667 tum
490 1617 599 1684 tempus
617 1613 650 1670 ad
663 1615 737 1674 illam
752 1619 884 1689 requirat.
900 1619 1021 1691 benique
1034 1620 1124 1675 omnis
1138 1634 1216 1691 prac-
1254 1621 1347 1687 ptem,
1369 1623 1397 1671 et
1415 1615 1643 1674 ccn‘euetudinem
1665 1619 1768 1689 ipsam,
1792 1620 1898 1690 etius,
1919 1617 1993 1690 quod
2008 1633 2050 1690 per

415 1702 527 1774 scriptio
541 1712 583 1761 est
597 1710 695 1762 contra
709 1705 827 1778 aliquem
844 1706 966 1778 insitum3
982 1707 1048 1764 laaec
1063 1712 1153 1764 autem
1168 1710 1217 1780 mi·
1252 1703 1326 1760 illam
1341 1706 1504 1778 acquiritur.
1522 1706 1568 1763 Sic
1582 1707 1653 1762 enim
1675 1707 1699 1761 iu
1716 1708 1827 1779 propria
1843 1705 2048 1779 praescriptione

415 1790 498 1846 nime.
513 1793 570 1848 Noa
585 1808 652 1867 ergo
667 1801 758 1866 potest
778 1797 881 1866 requiri
896 1798 922 1851 in
937 1795 1213 1868 hacconsuetudine,
1253 1790 1356 1849 dicitur
1374 1792 1488 1863 domus,
1510 1795 1551 1850 rel
1566 1796 1701 1866 servitus,
1723 1796 1765 1851 sel
1779 1797 1855 1851 actio
1879 1795 2048 1866 praescripta,

414 1877 488 1950 quod
504 1880 539 1937 sit
552 1883 736 1956 praescripta,
752 1891 780 1940 ει
793 1886 832 1940 ειε
847 1900 902 1941 εει)
917 1885 1047 1942 subsistet
1059 1884 1166 1943 divisio.
1250 1886 1278 1938 et
1294 1889 1498 1955 consequenter
1515 1883 1689 1940 consuetudo
1708 1883 1802 1940 nundi
1817 1882 1866 1940 tali
1882 1899 1927 1955 re,
1943 1889 1984 1938 est
1995 1885 2046 1953 iper

452 1975 481 2027 2.
494 1970 675 2028 Nihilominus
688 1957 835 2030 dicendum
851 1982 894 2031 est
908 1975 1007 2046 primo,
1017 1973 1137 2046 aliquam
1151 1990 1212 2032 esse
1249 1971 1441 2044 praescripti03
1458 1987 1511 2028 non
1527 1980 1615 2029 umen
1627 1979 1671 2028 εει
1681 1972 1752 2042 telis,
1764 1974 1815 2028 nisi
1828 1971 1922 2028 debito
1935 1977 2046 2041 tempore

413 2059 641 2117 consuetudinem
669 2060 880 2133 disponentem,
905 2079 956 2120 seu
979 2062 1111 2136 legalem,
1137 2079 1209 2137 quac
1251 2075 1316 2115 cum
1336 2059 1398 2115 aliis
1421 2063 1636 2118 circumstantiis
1657 2069 1852 2118 consummata
1873 2061 1924 2117 sit:
1947 2065 1974 2116 ει
1992 2059 2044 2114 ideo

413 2149 583 2220 praescripta
604 2164 664 2206 esse
683 2155 783 2222 potest.
800 2153 871 2224 llaec
890 2154 1006 2209 assertio
1024 2145 1067 2208 est
1080 2169 1211 2224 expressa
1249 2147 1357 2219 qatando
1373 2149 1433 2205 talis
1446 2156 1500 2222 cst,
1513 2149 1615 2207 dicitur
1625 2152 1707 2207 etiam
1720 2153 1902 2223 praescripta,
1916 2156 1948 2205 at
1960 2149 2045 2206 distin·

413 2235 438 2291 in
454 2238 525 2308 iure,
540 2253 602 2310 cop.
625 2238 733 2310 ultimo,
749 2239 782 2296 de
796 2242 960 2305 consuetud.
978 2241 1024 2312 ibi,
1040 2249 1067 2297 et
1080 2240 1209 2315 lepilime
1249 2242 1352 2309 guntur
1366 2253 1382 2292 a
1396 2239 1597 2296 consuetudine
1612 2239 1755 2311 inchoata,
1772 2240 1814 2296 vel
1837 2240 1891 2296 alio
1907 2238 1986 2295 modo
2000 2239 2045 2294 im·

409 2329 609 2399 praescripta,
628 2333 656 2382 et
674 2327 829 2386 insinuatur
849 2331 954 2387 carisio
968 2332 1059 2403 capite
1074 2335 1141 2389 Non
1155 2338 1207 2400 ese,
1249 2324 1381 2399 perlecta.
1399 2327 1444 2382 Sic
1465 2342 1532 2400 ergo
1550 2329 1577 2384 in
1597 2329 1734 2400 praesenti
1754 2326 1947 2398 consuetudo,
1961 2335 1992 2382 at
2008 2334 2044 2380 εει

412 2412 519 2486 eodem,
537 2415 563 2470 ln
579 2419 607 2484 8,
622 2423 651 2473 ει
664 2416 690 2472 in
705 2432 768 2489 cap.
786 2420 863 2476 Com
878 2416 1014 2486 dilectus,
1036 2419 1148 2493 eodem,
1164 2421 1210 2478 ubi
1248 2413 1313 2487 quid
1327 2415 1409 2488 iuris,
1421 2431 1482 2471 esse
1497 2422 1586 2488 potest
1600 2416 1782 2488 praescripta,
1794 2418 1861 2490 quia
1875 2431 1925 2488 per
1938 2429 2044 2471 cousue-

411 2501 507 2566 Glossfll
530 2503 623 2560 atoma
644 2511 737 2576 nalal,
758 2513 788 2562 el
804 2509 832 2562 in
851 2522 913 2578 cap.
931 2511 1009 2567 Cum
1023 2507 1158 2571 ecclesie.
1178 2509 1211 2566 de
1247 2502 1372 2560 tudinem
1391 2511 1622 2573 consummatam,
1637 2503 1707 2561 idest
1721 2505 1866 2562 habentem
1881 2504 2042 2561 conditiones

412 2607 490 2648 caus.
505 2609 626 2663 possess.
639 2593 685 2651 ubi
700 2596 785 2651 etiam
799 2595 825 2651 id
839 2594 1061 2654 advertitdlosse
1074 2597 1158 2654 verbo
1173 2590 1224 2656 de¹
1246 2593 1307 2648 iure
1326 2593 1486 2664 requisitas.
1506 2594 1641 2665 acquisita
1654 2601 1707 2650 εει.
1722 2595 1758 2649 Et
1772 2594 1825 2651 lroc
1839 2601 1898 2666 est,
1916 2592 1988 2666 quod
2001 2591 2042 2648 do·

356 2745 360 2752 ,
412 2680 632 2748 consuetudine,
647 2689 675 2739 et
688 2681 748 2739 aliis
762 2685 984 2760 similibus,quee
997 2685 1031 2742 ab
1046 2688 1208 2745 auctoribus
1246 2683 1305 2738 cuit
1317 2681 1453 2752 Bartolus,
1469 2683 1515 2753 qui
1526 2681 1552 2737 id
1563 2681 1749 2754 explicuitper
1760 2683 1914 2755 analogiam
1930 2681 1963 2738 ad
1976 2695 2043 2751 prae·

411 2769 580 2827 referuntur.
598 2771 627 2827 ln
650 2773 750 2844 quibus
774 2780 866 2831 tamen
889 2774 1041 2832 cavendum
1061 2783 1118 2842 est,
1133 2776 1209 2849 quod
1244 2771 1421 2841 scriptionem
1436 2772 1656 2828 servitutisllam
1669 2770 1734 2829 licet
1745 2775 1772 2829 in
1783 2774 1949 2830 servituteet
1961 2771 2043 2842 inleqe

411 2857 566 2915 dillerenter
582 2859 703 2932 ¹allegant
722 2863 798 2932 iura,
813 2877 884 2934 quae
898 2861 932 2919 dc
947 2867 1057 2935 propria
1071 2867 1208 2936 praescri·
1243 2860 1410 2930 conscripta
1425 2861 1467 2916 ius
1478 2860 1514 2916 eil
1524 2859 1671 2929 divensium
1685 2859 1863 2917 nihilominus
1875 2859 1980 2928 modus,
1993 2873 2042 2930 11⁰⁰

410 2949 500 3018 ptione
514 2963 674 3019 rerum,seu
689 2951 859 3021 privatorum
874 2951 1130 3021 iuriumdicuotur3
1143 2968 1208 3009 com
1244 2953 1393 3020 utrumque
1418 2946 1575 3018 inducitur,
1592 2956 1684 3004 serant
1703 2950 1930 3021 proportionem,
1946 2954 1974 3003 et
1991 2945 2042 3000 ideo

410 3043 499 3092 tamen
514 3052 564 3093 nos
579 3054 633 3094 non
650 3038 683 3094 de
699 3029 929 3113 praescriptione,
945 3041 992 3098 scd
1007 3042 1040 3098 de
1053 3049 1205 3100 consuetu·
1242 3039 1324 3093 cliem
1346 3039 1390 3094 ius
1413 3036 1625 3094 consuetudinis
1645 3037 1699 3094 dic'i
1720 3044 1811 3110 potest
1838 3037 2039 3110 praescriptum.

408 3123 469 3181 dine
482 3125 562 3198 legali
579 3134 746 3188 tractemus,
762 3128 788 3182 in
802 3145 857 3201 qua
871 3131 915 3186 aix
931 3131 1041 3188 invenio
1057 3132 1100 3187 ius
1115 3133 1205 3203 requi·
1243 3126 1320 3184 Unde
1336 3129 1418 3184 eliam
1434 3129 1479 3199 lit,
1496 3134 1527 3183 ut
1540 3128 1598 3200 ipsa
1612 3126 1788 3185 cousuetudo
1804 3128 1889 3198 iacti,
1907 3137 2039 3198 perquam

408 3227 472 3270 reos
496 3216 726 3274 consuetudinem
750 3219 950 3289 praescriptam
974 3227 1081 3290 praeter
1100 3219 1206 3276 dictum
1241 3219 1286 3273 ius
1299 3216 1385 3290 legale
1403 3216 1564 3288 inducitur,
1578 3223 1716 3289 quatenus
1730 3224 1834 3274 certam
1855 3213 2039 3289 perlectionem

408 3317 470 3374 cap.
487 3302 537 3360 ult.
553 3305 621 3361 Nam
636 3320 697 3376 cap.
715 3309 782 3362 Non
800 3312 842 3362 εει
860 3306 930 3363 iorte
942 3305 975 3362 de
989 3308 1202 3379 praescriptione
1244 3312 1271 3362 ει
1291 3307 1556 3363 consummationem
1576 3307 1692 3379 requirit
1711 3305 1879 3362 adminiculo
1899 3305 1980 3370 iuris,
1994 3299 2040 3356 dici
2105 3375 2106 3378 Ἴ

407 3390 613 3465 loquitur,quia
627 3392 728 3464 egilde
739 3393 938 3451 consuetudine
949 3395 1070 3467 episcopi
1082 3395 1116 3452 ed
1127 3402 1204 3452 uteu·
1241 3397 1323 3450 etiam
1339 3396 1427 3466 possit
1438 3394 1629 3466 praescriptio,
1641 3411 1695 3450 non
1709 3396 1782 3451 enim
1793 3402 1890 3466 posset
1901 3396 1945 3450 ius
1958 3391 2037 3461 ipsum
2105 3387 2106 3393 ’

406 3479 471 3536 dum
485 3481 672 3538 iurisdictione
683 3484 742 3540 sine
754 3484 870 3540 consilio
881 3484 1005 3556 capituli3
1019 3491 1104 3556 capul
1115 3491 1204 3542 autem
1241 3482 1294 3539 dici
1309 3483 1521 3554 praescriptum,
1537 3483 1586 3537 nisi
1598 3483 1680 3539 etiam
1696 3485 1740 3540 via
1754 3483 1790 3540 ad
1803 3482 1892 3555 illud,
1909 3488 1941 3538 ut
1954 3482 1991 3534 sic
2003 3476 2037 3532 di·

408 3571 486 3625 Cum
505 3568 630 3627 dilectos
654 3586 708 3628 non
731 3573 853 3630 nominat
868 3575 1065 3645 praescriptam
1086 3591 1204 3632 consue·
1240 3587 1314 3642 cam,
1326 3569 1380 3626 dici
1393 3571 1896 3642 possetpraescriptio.Ethincetiam
1912 3569 2036 3626 taliscaa-

407 3657 539 3730 tudinem,
554 3659 602 3716 sed
616 3661 705 3716 soluaa
720 3662 801 3719 dicit:
817 3664 852 3718 Si
862 3661 1039 3734 talisscerit
1051 3669 1206 3720 consuetu·
1240 3658 1357 3716 suetudo
1369 3657 1436 3714 lacti
1446 3657 1613 3715 denominari
1624 3654 1713 3730 potest
1723 3662 1904 3732 praescripta,
1921 3657 1985 3730 quia
1994 3669 2036 3725 pa·

406 3744 458 3813 do,
476 3763 551 3820 pace
564 3752 626 3806 lust
639 3754 790 3807 communi
799 3751 998 3825 ιιεεειιιιιιεει,
1015 3758 1204 3823 copulantem
1240 3754 1293 3806 test
1307 3747 1442 3805 interdum
1465 3763 1528 3804 esse
1541 3747 1668 3804 inchoata
1683 3755 1801 3820 tantum,
1817 3749 1861 3806 vel
1877 3745 2033 3819 imperfecta

406 3850 475 3890 cum
488 3836 624 3894 Ecclesia
639 3839 739 3909 optime
757 3840 791 3896 de
806 3839 1023 3912 praescriptione
1036 3839 1148 3911 propria
1162 3841 1203 3896 ic·
1238 3843 1266 3893 ει
1279 3835 1339 3894 idco
1359 3846 1390 3893 ut
1404 3839 1573 3908 significetur
1587 3837 1687 3894 babere
1701 3854 1796 3894 omnes
1812 3837 1979 3895 conditiones
1997 3846 2035 3887 re·

406 3923 446 3977 ris
459 3923 574 3996 eligendi
588 3925 767 3998 intelligitur,
783 3926 857 3984 etde
873 3928 968 3984 codem
985 3928 1106 4001 loquitur
1120 3935 1205 3999 caput
1239 3927 1367 3998 quisiles,
1382 3934 1410 3982 ot
1423 3926 1583 3997 praesertim
1599 3927 1729 3999 temporis
1743 3927 1963 3992 diuturnitatem,
1978 3919 2035 3978 dici·

407 4007 564 4083 Cumano,
589 4013 622 4070 de
642 4015 722 4072 elect.
739 4025 767 4073 ει
786 4017 901 4089 similia,
923 4030 992 4090 quae
1006 4019 1137 4073 citantur.
1152 4017 1203 4073 Vc·
1240 4021 1284 4070 tur
1297 4030 1357 4072 esse
1377 4015 1558 4088 praescripta.
1574 4017 1609 4073 Et
1628 4016 1680 4073 boc
1697 4016 1845 4074 voluerunt
1866 4007 1940 4073 bata.
1955 4011 2034 4068 ella·

405 4108 559 4160 rumtamen
575 4102 680 4162 sufficit
693 4106 771 4162 nobis
785 4122 871 4162 anum
886 4107 980 4178 ius,ut
993 4121 1009 4162 a
1022 4105 1112 4162 verbis
1126 4105 1199 4163 illius
1238 4107 1384 4162 normitan.
1401 4120 1505 4175 supra,
1520 4111 1548 4161 et
1563 4105 1659 4161 Glossa
1672 4107 1697 4161 in
1713 4105 1786 4162 dicto
1801 4109 1973 4177 capli'eme,
1992 4111 2033 4152 ll·

404 4191 592 4250 recedendum
607 4209 662 4250 non
676 4195 720 4251 sit.
733 4195 768 4250 Et
782 4195 817 4250 ite
830 4196 855 4250 io
871 4195 923 4252 boc
938 4195 1106 4252 conveniunt
1119 4210 1203 4252 cano·
1238 4208 1305 4249 eona
1324 4192 1550 4250 consuetudinem
1562 4193 1731 4250 roboratam.

403 4283 490 4340 nisus
503 4282 550 4353 ibi,
562 4289 589 4338 et
603 4283 752 4340 Panormit.
766 4299 842 4340 aum.
859 4287 884 4343 l.
898 4291 926 4340 et
939 4284 1076 4358 sequenti,
1089 4285 1202 4341 ilocbus
1279 4286 1307 4340 l.
1328 4281 1404 4339 Unde
1424 4281 1501 4338 iacile
1522 4281 1637 4340 soluitur
1658 4283 1866 4340 laudamentum
1889 4274 2031 4339 contrariae

403 4370 457 4428 late
478 4373 506 4428 ia
523 4376 593 4428 sect.
611 4377 638 4433 8,
659 4373 777 4443 aprino.
793 4379 822 4429 ει
835 4372 933 4430 ibidem
946 4374 1075 4430 Antonia.
1097 4373 1198 4446 etalii,
1237 4373 1404 4443 sentcntiae,
1426 4387 1487 4429 nam
1507 4373 1533 4428 in
1553 4372 1648 4442 primis
1669 4371 1795 4443 procedit
1812 4387 1861 4444 per
1881 4367 2030 4441 aequivoca-

403 4459 511 4518 Cordin.
532 4461 558 4516 ia
579 4477 642 4532 cap.
658 4463 797 4529 Frustra,
814 4462 878 4519 dist.
896 4467 925 4532 8,
939 4467 969 4518 et
980 4477 1108 4534 expresse
1124 4463 1198 4519 Bari.
1235 4460 1347 4532 tionem;
1365 4476 1450 4531 supra
1463 4462 1534 4517 enim
1550 4459 1660 4532 quando
1676 4460 1849 4517 distinximus
1864 4449 2030 4516 consuetudi·

402 4559 500 4607 contra
514 4551 636 4620 Petrum,
652 4565 735 4623 quem
749 4550 889 4622 allegatio
905 4549 924 4607 l.
939 4548 975 4607 de
988 4551 1102 4622 quibus,
1116 4552 1143 4606 in
1158 4566 1202 4606 re·
1236 4563 1298 4604 nem
1313 4565 1329 4606 a
1348 4549 1581 4621 praescriptione,
1598 4548 1681 4606 etiam
1700 4547 1887 4620 advertimus,
1902 4540 2028 4605 interdum

402 4644 457 4711 pet.
475 4653 503 4711 q.
519 4643 548 4708 2,
564 4655 641 4695 aaran.
662 4643 705 4709 15,
720 4645 748 4694 et
769 4638 870 4696 ibidem
887 4637 964 4694 Bnltl.
981 4639 1076 4710 lason,
1097 4645 1126 4696 ει
1145 4637 1199 4712 alii,
1235 4636 1303 4695 baec
1322 4637 1431 4694 uomina
1444 4637 1496 4694 lete
1516 4639 1604 4712 suani,
1618 4645 1647 4695 et
1660 4654 1747 4695 uuum
1762 4654 1812 4710 pro
1830 4639 1884 4695 alio
1901 4627 2025 4702 usurpari·

402 4735 498 4800 estque
513 4727 615 4798 optime
628 4727 734 4798 Glossa,
752 4741 822 4798 quae
834 4729 873 4784 ite
887 4726 1010 4800 loquitur
1030 4728 1054 4782 in
1069 4729 1087 4784 l.
1101 4743 1195 4794 rwmc,
1235 4727 1303 4784 llam
1318 4733 1346 4783 et
1366 4726 1544 4798 praescriptio
1556 4734 1602 4785 εει
1620 4725 1794 4785 εοεευειιιιιε
1807 4725 1940 4799 quaedam
1958 4721 2026 4775 cerlo

405 4815 513 4886 166,st
535 4815 567 4872 de
591 4830 647 4888 reg.
668 4815 721 4870 iur.
737 4817 772 4871 Et
791 4814 856 4872 licet
876 4815 1000 4872 rideatur
1020 4817 1146 4888 quaestio
1166 4814 1200 4872 de
1235 4814 1317 4872 modo
1333 4814 1474 4886 perlecto,
1489 4820 1517 4871 et
1537 4816 1624 4872 omnis
1637 4814 1810 4872 consuetudo
1832 4815 1909 4872 simili
1924 4816 2026 4882 propor-

401 4905 483 4963 modo
503 4905 647 4979 loquendi,
670 4904 704 4961 ad
724 4903 797 4961 illam
816 4904 1006 4976 explicandam
1025 4919 1139 4962 necesse
1155 4913 1200 4962 est
1235 4904 1305 4961 tione
1319 4904 1693 4962 consummatascletvccari
1704 4905 1927 4976 praescriptic,cl
1942 4892 2024 4954 eadeni

400 4994 515 5052 reddere
529 4995 662 5051 rationem
675 4992 749 5050 illius
764 4993 927 5066 locutionis,
948 5009 1031 5067 quam
1050 4993 1115 5050 dicti
1133 4996 1197 5053 iuri·
1233 4995 1340 5052 ratione
1360 4993 1535 5051 consuetudo
1550 4995 1643 5050 vocari
1662 5000 1753 5065 potest
1766 4983 1961 5067 praescriptio,
1976 4989 2022 5038 tam

401 5089 459 5140 stac
477 5083 533 5140 iere
548 5081 667 5140 reddunt
686 5096 735 5154 per
758 5080 844 5139 solem
858 5083 977 5139 nominis
998 5082 1199 5154 interpretatio·
1234 5083 1261 5139 in
1278 5083 1352 5153 iare,
1371 5097 1454 5154 qaram
1468 5083 1495 5138 in
1513 5081 1605 5153 iacto,
1621 5089 1651 5138 ut
1670 5082 1837 5155 explicatum
1851 5089 1903 5140 εει.
1923 5067 2023 5144 0⁰⁸⁰d⁰

399 5172 684 5230 nem.l²ancrmitaaus
696 5170 1197 5243 ait,cansuetudinemcssepraescri-
1233 5187 1300 5246 ergo
1321 5186 1407 5242 supra
1427 5169 1601 5228 distinximus
1620 5173 1881 5228 consuetudinema
1903 5155 2022 5240 praescri·

400 5266 486 5334 ptam,
501 5261 564 5317 nibil
579 5259 652 5319 aliud
666 5260 835 5333 significare,
851 5261 901 5317 nisi
915 5275 977 5319 esse
991 5260 1133 5318 obtentam
1149 5276 1199 5333 per
1232 5264 1341 5334 pboue,
1356 5258 1390 5318 de
1412 5260 1464 5317 illis
1481 5273 1575 5333 presse
1596 5260 1714 5333 sumptis
1727 5259 1814 5318 locuti
1834 5271 1942 5318 ssimae:
1958 5255 2020 5306 nuni
