4278 6242
395 331 457 395 138
1099 345 1249 395 uranus.

355 473 438 530 lacto.
454 474 534 530 ilatio
553 472 685 530 sumenda
698 481 740 531 est
757 490 790 532 es
805 472 926 532 secunda
941 479 1018 545 parte
1044 470 1155 544 regulae
1191 477 1306 528 retract.
1322 477 1339 537 a
1355 472 1380 540 l,
1395 469 1485 527 Gloss.
1499 474 1527 538 i,
1543 484 1570 524 n.
1586 473 1612 540 5,
1627 473 1653 524 et
1667 472 1694 538 6,
1709 476 1737 526 et
1750 467 1859 526 liebuli.
1872 469 1899 524 in
1917 469 1936 526 l.
1947 467 1993 524 ho·

355 578 438 634 supra
453 564 551 634 posita,
566 565 630 636 quia
644 569 710 620 tunc
725 565 799 635 prior
814 563 856 622 lex
870 579 985 637 poenam
1004 563 1154 634 imponens,
1190 577 1246 629 ves,
1265 562 1298 618 de
1319 561 1468 617 verborum
1490 559 1696 631 significatione,
1716 558 1790 614 limit.
1808 563 1835 629 2,
1852 565 1881 614 et
1902 563 1930 616 3.
1947 559 1991 614 lu-

354 637 487 725 dirlgebat
498 669 575 708 suam
591 654 764 710 intentionem
776 654 809 711 ad
825 662 918 711 actum
931 652 1062 722 validum,
1072 660 1100 708 et
1112 667 1156 707 so·
1191 658 1236 707 vat
1249 653 1330 707 etiam
1341 649 1474 724 generalis
1485 648 1589 721 regula,
1602 663 1699 704 nomen
1715 646 1875 720 simpliciter
1886 648 1991 705 dietum

326 738 329 744 '
355 739 412 797 lum
422 741 578 798 intendebat
587 743 683 812 punire
696 743 834 808 malitiam,
846 758 916 816 quac
929 743 954 798 in
965 743 1059 815 aliquo
1074 738 1155 798 modo
1191 741 1340 812 significare
1355 754 1445 794 veram
1464 753 1533 808 rem,
1545 744 1573 794 et
1590 753 1644 793 aon
1663 738 1766 807 fictam,
1778 745 1805 794 et
1821 753 1994 809 consequen·

355 829 469 885 faciendi
485 830 566 886 talem
582 837 675 889 actum
691 831 908 906 adiungebatur:
924 847 991 906 ergo
1012 837 1157 904 postquam
1191 836 1232 886 ter
1246 831 1268 884 el
1289 837 1382 886 aetum
1398 828 1545 900 significet,
1567 827 1721 898 siguificare
1740 833 1834 904 actum
1858 827 1992 896 validum,

355 917 513 975 annullatus
524 926 567 976 est
581 926 673 992 aetus,
686 919 777 977 deficit
789 922 905 979 materie
916 921 989 977 illius
1003 920 1080 992 legis3
1094 935 1156 975 nam
1191 934 1243 974 nou
1258 917 1375 974 nullum.
1385 917 1420 974 Ut
1433 931 1530 973 nomeu
1546 919 1716 977 scabritiae,
1742 916 1874 988 signiticat
1887 921 1996 972 seuten-

353 1014 450 1079 postea
464 1015 558 1081 nctus,
579 1009 626 1081 qui
645 1011 767 1066 exterius
782 1011 825 1078 lit,
841 1027 869 1067 re
890 1025 954 1066 vera
972 1025 1025 1066 non
1039 1015 1083 1064 est
1101 1007 1155 1080 ille,
1191 1009 1255 1064 dam
1270 1006 1399 1077 validam,
1414 1021 1475 1077 cap.
1489 1005 1539 1061 ult.
1552 1012 1580 1061 et
1594 1006 1755 1062 clementio.
1768 1005 1817 1062 ult.
1830 1005 1865 1061 de
1880 1021 1909 1060 re
1925 1003 1994 1060 iudi-

355 1099 388 1154 de
404 1113 460 1170 quo
470 1097 513 1154 lex
528 1099 603 1170 prior
618 1098 795 1172 loquebatur,
809 1116 859 1156 nec
874 1097 973 1156 malitia
987 1099 1046 1155 eius
1060 1104 1102 1154 est
1113 1112 1158 1154 ea·
1191 1105 1273 1168 cata,
1288 1103 1316 1154 et
1334 1094 1604 1160 condemnationis,
1624 1095 1736 1150 verbum
1750 1093 1824 1150 illam
1842 1095 1993 1166 significat,

353 1185 428 1259 dem,
441 1186 487 1242 sed
502 1187 579 1258 louge
594 1187 654 1257 alia,
668 1189 745 1246 valde
759 1191 830 1245 enim
841 1188 982 1245 divorsum
995 1194 1051 1258 ast,
1063 1193 1157 1243 aetum
1182 1197 1261 1261 'quae
1278 1194 1336 1244 rata
1350 1193 1403 1258 est,
1419 1186 1437 1242 l.
1451 1189 1479 1243 i.
1496 1182 1732 1251 coademrraturn,
1752 1184 1779 1240 ll.
1792 1183 1826 1240 dc
1840 1199 1871 1238 re
1889 1182 1994 1238 iudica·

354 1275 474 1332 validum
485 1276 636 1333 inordinate
647 1276 800 1352 lacere,rel
814 1280 946 1335 intentato
958 1277 1050 1333 iacere
1063 1282 1157 1331 sctum
1195 1284 1240 1349 ta,
1256 1291 1353 1333 nomen
1374 1273 1585 1333 exhaeredatio
1599 1273 1670 1330 illam
1691 1273 1807 1343 indicat,
1823 1288 1896 1345 quae
1918 1279 1994 1329 recte

353 1364 513 1422 nullumlit
527 1365 589 1422 licet
602 1365 736 1424 interdum
751 1366 867 1424 sortasse
882 1366 935 1422 hoc
951 1364 1104 1423 secundum
1121 1361 1176 1420 sit·
1192 1367 1236 1436 ht,
1253 1365 1270 1422 Ι.
1286 1381 1346 1421 non
1356 1367 1489 1438 patavii,
1508 1365 1592 1433 isson
1606 1366 1737 1435 peraccis,
1756 1362 1782 1418 ll.
1801 1363 1834 1420 de
1855 1363 1994 1418 bonorum

353 1455 481 1525 grauius,
499 1461 589 1510 tamen
606 1455 766 1528 simpliciter
779 1463 823 1514 est
836 1457 992 1526 diversum3
1008 1464 1036 1511 et
1050 1453 1110 1510 idco
1125 1452 1159 1510 ad
1192 1455 1363 1527 possessione
1377 1459 1473 1510 eontra
1493 1452 1611 1510 tabulas.
1626 1454 1660 1508 Et
1674 1452 1742 1509 ratio
1755 1457 1814 1522 est,
1829 1451 1895 1525 quia
1915 1456 1995 1507 actus

354 1540 419 1598 illud
436 1559 491 1598 non
505 1543 659 1601 extenditur
673 1561 759 1616 poena
774 1547 874 1617 prioris
890 1545 975 1617 legis,
1001 1544 1159 1616 praesertim
1192 1543 1298 1601 validus
1313 1551 1341 1601 et
1361 1543 1455 1600 nullau
1474 1557 1527 1599 nou
1549 1542 1599 1598 nisi
1619 1540 1848 1614 analogioe'tales
1869 1547 1948 1609 sunt,
1970 1544 1998 1595 et

354 1631 418 1705 quia
434 1631 498 1688 licet
512 1634 548 1689 sit
566 1634 692 1706 gravius,
707 1640 798 1707 potest
811 1651 865 1692 non
879 1649 939 1692 esse
953 1638 992 1692 lta
1016 1635 1157 1702 nocivum,
1192 1632 1251 1690 ideo
1265 1633 1424 1705 simpliciter
1439 1649 1491 1689 von
1512 1636 1622 1703 sumpta
1636 1637 1690 1686 stat
1704 1647 1752 1702 pro
1767 1629 1874 1702 valido,
1891 1631 1925 1686 de
1940 1645 1996 1702 quo

353 1735 405 1778 nec
421 1720 522 1778 babere
534 1720 577 1778 ille
591 1723 782 1796 incommoda,
798 1740 867 1798 quae
882 1726 958 1797 prior
974 1723 1016 1780 lex
1036 1721 1159 1780 conside·
1193 1721 1252 1779 ride
1266 1722 1366 1779 Rebus.
1384 1723 1410 1779 iu
1424 1721 1453 1778 d.
1469 1721 1490 1778 l.
1507 1721 1599 1790 boves,
1617 1721 1768 1778 limitation.
1787 1723 1812 1792 l,
1829 1737 1908 1777 num.
1926 1725 1955 1789 9,
1971 1727 1999 1777 et

353 1812 442 1869 rabat.
452 1812 488 1868 Et
501 1818 644 1882 praeterea
655 1813 711 1885 ipsa
725 1813 843 1870 irritatio
854 1819 896 1870 est
906 1811 1040 1886 quaedam
1055 1814 1158 1869 iucom·
1192 1813 1260 1884 Ripa
1273 1815 1300 1868 in
1315 1811 1388 1868 dicto
1404 1810 1666 1879 iconismatum,
1684 1809 1712 1866 d.
1728 1826 1805 1866 num.
1817 1814 1845 1868 l.
1861 1811 1897 1868 Et
1911 1825 1996 1882 auge·

353 1900 480 1973 maditus,
494 1915 567 1973 quae
581 1902 669 1958 vicem
686 1917 787 1973 poenae
802 1901 929 1973 supplere
944 1908 1043 1972 potest.
1061 1903 1159 1959 Exem·
1192 1909 1238 1958 tur
1252 1903 1331 1970 ratim
1349 1917 1410 1957 nam
1430 1903 1547 1958 maxime
1562 1899 1613 1957 hoc
1628 1899 1709 1956 debet
1724 1899 1872 1971 procedere
1886 1901 1914 1956 in
1930 1916 1995 1972 poe·

352 1992 429 2061 plum
443 2005 504 2046 esse
524 1995 614 2061 potest
633 1990 659 2046 in
679 1991 856 2048 matrimonio
875 1989 1062 2060 clandestino,
1084 1990 1157 2063 quod
1190 1991 1248 2061 ais,
1264 1991 1327 2065 quia
1347 1989 1552 2063 restringendae
1571 1997 1651 2060 sunt,
1668 1997 1697 2044 et
1715 1988 1749 2045 ad
1764 1989 1912 2046 uerborum
1928 2005 1992 2061 pro·

355 2087 417 2137 ante
431 2080 579 2138 concilium
594 2081 768 2137 tridentinum
782 2080 902 2138 validum
916 2087 993 2151 erat,
1008 2080 1074 2137 licet
1086 2086 1158 2138 esset
1190 2081 1333 2153 prietatem
1346 2087 1374 2136 et
1387 2081 1504 2152 rigorem
1519 2077 1710 2136 coarctandae.

353 2169 522 2240 prohibitum
538 2170 590 2226 sub
610 2171 747 2243 aliquibus
768 2170 879 2242 poeuis,
894 2186 968 2226 nunc
989 2177 1083 2226 autem
1099 2170 1158 2228 irri-
1233 2174 1276 2228 11.
1294 2168 1345 2227 Sed
1361 2169 1442 2225 obiici
1462 2175 1565 2241 potest:
1581 2183 1644 2225 nam
1663 2167 1802 2240 sequitur,
1820 2167 1996 2225 sacerdotem

354 2263 413 2314 tum
429 2265 472 2315 est
483 2275 516 2315 ex
531 2261 557 2315 vi
571 2260 674 2316 decreti
688 2259 754 2316 dicti
768 2260 894 2331 concilii,
910 2266 938 2316 st
957 2258 1017 2315 ideo
1032 2258 1101 2316 illud
1117 2262 1157 2315 in·
1192 2261 1510 2317 excommunicatumac
1522 2257 1936 2329 denunciatum,urinistrantem
1948 2256 1997 2312 ali-

353 2346 442 2405 validc
459 2349 652 2406 contrahentes
668 2365 722 2405 oon
743 2349 888 2406 incurrunt
902 2350 1027 2421 antiquas
1046 2365 1156 2421 poenas,
1192 2350 1237 2404 cui
1252 2356 1456 2405 sacramentum
1479 2349 1674 2419 poenitentiae,
1692 2361 1744 2402 non
1758 2348 1905 2403 incurrere
1928 2347 1995 2401 irre·

353 2442 386 2493 ut
400 2436 482 2510 aliqui
496 2437 616 2494 moderni
631 2437 805 2509 probabiliter
820 2440 978 2510 opinantur,
990 2445 1018 2493 et
1031 2437 1084 2494 late
1100 2445 1157 2494 tra·
1190 2436 1376 2510 gulsritstem3
1393 2451 1564 2509 consequens
1584 2444 1627 2493 est
1646 2436 1761 2506 laisum3
1778 2451 1857 2507 ergo.
1874 2434 1995 2508 sequela

355 2531 412 2582 ctat
427 2527 544 2583 Saucius
565 2527 611 2583 lib.
626 2531 651 2584 3.
670 2525 706 2584 de
726 2531 900 2584 oratrimou.
917 2527 989 2600 disp.
1008 2533 1037 2585 2.
1054 2527 1158 2595 Quibus
1190 2534 1275 2598 patet,
1291 2529 1356 2599 quia
1377 2525 1442 2583 illud
1458 2534 1659 2589 sacramentum
1680 2536 1723 2585 est
1743 2529 1848 2586 nullum
1862 2544 1898 2585 ex
1920 2526 1993 2585 dele-

355 2614 427 2671 lsuet
443 2614 592 2672 concilium
607 2607 797 2686 tridentinum,
812 2624 950 2690 quatenus
966 2616 1106 2688 praecipit,
1128 2622 1159 2672 ut
1191 2623 1238 2673 ctu
1254 2617 1464 2688 iurisdictionis3
1481 2632 1547 2688 ergo
1560 2632 1608 2689 per
1622 2617 1699 2674 illum
1714 2626 1807 2676 actum
1822 2633 1875 2674 nou
1900 2618 1994 2673 ineur-

355 2701 522 2760 clandestinc
536 2711 563 2760 et
577 2706 651 2760 irrite
668 2705 862 2762 contrahentes
873 2705 984 2762 arbitrio
1002 2705 1159 2762 Ordinatio·
1190 2708 1261 2764 ritur
1271 2706 1475 2778 irregularitas,
1486 2713 1609 2778 quaeest
1620 2723 1706 2778 poena
1717 2707 1868 2765 sacerdotis
1881 2721 1994 2763 excom·

353 2808 417 2850 rum
438 2794 601 2866 puniantur,
618 2794 716 2851 sentiro
735 2796 806 2851 eninr
827 2795 853 2851 iu
873 2795 926 2851 hoc
948 2795 1072 2867 ridetur,
1098 2791 1158 2850 illos
1191 2796 1323 2852 manicati
1343 2795 1520 2852 ministrantis
1540 2805 1719 2853 sacramenta.
1737 2798 1851 2868 Propter
1875 2796 1947 2853 banc
1968 2800 1995 2850 et

354 2896 410 2938 non
426 2882 568 2938 incurrere
586 2882 652 2939 alias
666 2899 769 2954 poenus
783 2899 831 2956 per
851 2882 942 2956 leges,
959 2882 1001 2940 rel
1027 2885 1159 2940 constitu·
1192 2884 1295 2942 similes
1316 2885 1491 2955 exceptiones
1511 2883 1564 2940 dixi
1581 2883 1606 2940 in
1626 2886 1787 2948 assertione.
1807 2883 1996 2957 accipiendam

354 2974 441 3028 tiones
457 2971 649 3042 praescriptas.
666 2972 716 3029 Est
734 2979 825 3030 autem
841 2971 892 3029 hoc
914 2971 990 3028 ualde
1011 2971 1158 3044 probabile,
1192 2988 1253 3030 esse
1264 2973 1439 3046 regulariter,
1451 2989 1505 3028 non
1519 2971 1795 3032 infallibiliter.lllum
1810 2989 1878 3047 ergo
1894 2989 1994 3031 casura

353 3058 491 3132 loquendo
510 3058 668 3130 neposne.
684 3067 883 3133 quatenusper
901 3061 974 3132 leges
996 3061 1160 3135 antiquiores
1194 3061 1227 3120 de
1253 3061 1397 3119 sacerdote
1417 3062 1657 3118 excommunicato
1677 3062 1800 3120 absolute
1828 3063 1945 3120 tractari
1966 3061 1991 3117 in

354 3148 472 3206 concilio
489 3157 568 3205 erant
587 3155 720 3218 statutae,
737 3165 799 3206 nam
813 3150 835 3206 si
856 3149 961 3223 aliquae
977 3156 1042 3207 sunt
1066 3157 1161 3222 postca
1195 3157 1268 3208 tomo
1281 3157 1311 3222 5,
1327 3150 1399 3221 disp.
1419 3152 1465 3220 ll,
1487 3157 1556 3207 sect.
1574 3155 1601 3220 3,
1624 3165 1699 3207 num.
1718 3156 1764 3224 td,
1778 3157 1806 3207 et
1825 3151 1993 3224 probabilius

353 3251 403 3310 per
415 3238 539 3294 noviores
552 3237 624 3310 leges
640 3245 772 3310 statutae,
785 3239 827 3296 rel
845 3245 1002 3313 renovatae,
1015 3240 1041 3295 in
1054 3240 1092 3295 eis
1107 3254 1161 3296 non
1194 3241 1322 3312 iudicari,
1341 3255 1394 3296 non
1408 3239 1533 3296 obstante
1546 3237 1671 3296 nullitate
1685 3238 1874 3312 absolutionis,
1889 3238 1994 3298 incurri

353 3326 484 3408 procedet
499 3328 631 3399 inrigare
646 3326 713 3384 haee
728 3328 842 3386 conclus
852 3329 888 3400 io,
904 3328 951 3386 ssd
965 3343 1000 3386 ex
1015 3327 1074 3385 aliis
1089 3330 1161 3402 prin·
1196 3330 1423 3404 irregularitatem
1441 3328 1467 3383 in
1487 3343 1521 3385 eo
1535 3343 1614 3400 casir,
1629 3335 1657 3385 et
1676 3329 1746 3386 idern
1759 3345 1834 3386 nunc
1854 3330 1936 3387 etiam
1956 3327 1995 3384 ri·

352 3417 429 3488 cipils
450 3416 482 3473 de
496 3414 548 3472 illis
563 3417 615 3474 erit
628 3417 817 3476 iudicandum.
1197 3421 1287 3478 detur.
1311 3419 1379 3487 Quia
1404 3416 1578 3474 considerata
1596 3418 1742 3476 intentione
1762 3433 1919 3488 canonum,
1943 3415 1995 3473 sub
2082 3439 2087 3452 ·

397 3512 440 3563 10.
458 3506 523 3562 bico
538 3513 654 3579 quarto:
670 3507 788 3575 Quando
803 3507 845 3564 lea
859 3507 985 3580 probibet
998 3514 1103 3578 aetum,
1117 3517 1164 3582 qui
1197 3508 1240 3565 illa
1256 3506 1399 3581 probibent
1409 3507 1644 3568 excommunicato
1657 3522 1765 3565 omnem
1778 3524 1858 3564 usum
1874 3513 1995 3579 potesta·
2061 3523 2064 3536 ¹

353 3595 442 3652 valide
457 3596 512 3652 heri
526 3603 635 3667 potest,
650 3611 705 3653 non
719 3596 844 3655 obstante
856 3589 1044 3669 prohibitione,
1056 3603 1084 3654 et
1098 3598 1164 3657 adii·
1197 3597 1231 3654 tis
1250 3583 1362 3669 ordinis,
1377 3595 1484 3652 etiamsi
1499 3596 1545 3652 hat
1565 3611 1631 3653 cum
1646 3596 1689 3653 illo
1709 3595 1830 3669 deiectu,
1845 3611 1928 3670 quens
1949 3612 1995 3653 ne·

354 3685 393 3741 cit
409 3699 536 3755 poenam,
552 3685 598 3740 illa
611 3699 664 3741 non
680 3687 842 3745 incurritur
856 3686 1035 3760 regulariter,
1050 3688 1100 3743 nisi
1116 3702 1164 3758 per
1197 3686 1316 3742 cessario
1334 3684 1433 3741 habere
1447 3683 1538 3751 debet,
1557 3692 1640 3755 prout
1654 3685 1683 3741 ht
1696 3685 1729 3742 ab
1743 3689 1992 3744 excommunicato.

357 3780 449 3832 aetum
465 3773 594 3829 validum.
610 3775 688 3832 Ratio
703 3782 761 3846 est,
785 3777 849 3848 quia
863 3782 929 3832 tune
945 3777 987 3833 lea
1008 3776 1162 3848 principali·
1196 3777 1292 3849 ltaque
1315 3773 1367 3842 lex,
1383 3789 1454 3846 quae
1474 3773 1529 3831 lert
1543 3773 1622 3830 talem
1643 3767 1774 3847 poenam,
1789 3777 1995 3848 lamsuppouit

354 3870 396 3920 ter
413 3863 525 3934 respicit
539 3871 633 3918 actum
654 3861 807 3920 secundum
824 3863 1006 3922 substantiam
1021 3879 1117 3936 suam,
1134 3872 1163 3923 et
1195 3864 1333 3922 deiectum
1355 3865 1379 3919 in
1401 3862 1449 3919 tali
1469 3869 1532 3920 actu
1553 3862 1624 3919 lacto
1645 3863 1679 3919 ab
1697 3866 1948 3936 excommunicato,
1966 3870 1995 3921 et

353 3951 502 4021 ellectum,
518 3959 545 4008 et
558 3967 611 4007 non
626 3958 735 4009 tantitas
749 3953 905 4010 secundum
920 3960 1064 4011 externam
1080 3971 1162 4027 appa·
1195 3953 1270 4010 illum
1281 3951 1395 4009 intendit
1406 3953 1514 4025 punire,
1532 3960 1560 4008 et
1570 3952 1630 4009 ideo
1640 3953 1746 4010 etiamsi
1758 3953 1850 4011 nullus
1861 3956 1901 4025 ht,
1914 3956 1993 4012 dum·

354 4041 482 4109 rentiam,
499 4046 529 4096 ut
544 4056 571 4096 v.
585 4056 612 4113 g.
630 4040 651 4096 si
673 4040 715 4098 lex
732 4040 855 4112 prohibet
871 4041 1070 4114 venditionem,
1088 4045 1158 4114 prin·
1194 4043 1276 4102 modo
1292 4043 1367 4100 illam
1378 4042 1527 4100 nullitatem
1540 4041 1680 4100 babentes
1695 4045 1720 4098 ri
1733 4045 1992 4101 excommunicatio·

353 4128 477 4201 cipaliter
492 4129 602 4200 respicit
614 4129 647 4186 aul
658 4128 859 4202 alienationem,
872 4137 954 4203 atque
966 4131 1034 4188 adeo
1051 4133 1085 4188 ad
1095 4147 1159 4188 ven·
1193 4135 1247 4203 nis,
1264 4135 1342 4205 punit
1355 4131 1483 4188 illum.Et
1496 4131 1547 4186 hoc
1561 4139 1603 4187 est
1617 4131 1732 4188 maxime
1743 4134 1770 4208 ip
1787 4131 1889 4204 legibus
1906 4140 1994 4191 aileu·

354 4217 483 4275 ditionem
504 4217 636 4288 validam,
658 4233 725 4292 ergo
745 4218 819 4275 illam
839 4221 919 4280 etiam
940 4220 1041 4276 directe
1067 4224 1156 4294 punit,
1192 4221 1324 4292 dentium,
1337 4219 1577 4291 reduciturquead
1592 4220 1715 4294 regulam
1727 4222 1752 4276 in
1767 4221 1889 4279 secunda
1902 4237 1995 4280 esser·

352 4321 420 4380 ergo
434 4321 483 4378 per
503 4306 687 4364 venditionem
707 4306 850 4364 invalidam
866 4325 920 4365 non
939 4311 1091 4368 incurritur
1113 4311 1158 4368 illa
1193 4314 1263 4368 tione
1282 4311 1414 4382 positam3
1428 4309 1493 4382 quia
1506 4309 1529 4365 ei
1549 4307 1591 4366 les
1606 4309 1729 4382 explicite
1743 4311 1785 4368 rel
1807 4312 1907 4369 virtute
1927 4328 1993 4384 sup·

353 4410 450 4468 poena.
459 4397 532 4454 idem
544 4411 610 4469 ergo
621 4396 826 4470 intelligendum
838 4407 881 4454 est
890 4400 918 4454 in
930 4399 1156 4469 similibus.Quod
1192 4401 1268 4472 ponit
1284 4398 1434 4456 nullitatern
1448 4400 1475 4454 in
1490 4404 1567 4470 actu,
1579 4399 1620 4455 vel
1634 4398 1784 4472 deiectum,
1800 4400 1873 4459 unde
1887 4402 1931 4459 illa
1948 4418 1993 4460 so·

351 4485 431 4544 etism
456 4486 600 4540 confirmat
621 4486 742 4558 vulgaris
763 4487 874 4560 regula,
897 4487 971 4561 quod
987 4489 1070 4546 rerba
1092 4507 1156 4546 cum
1191 4488 1226 4545 let
1241 4487 1320 4559 oriri,
1335 4486 1399 4544 licet
1412 4502 1464 4544 non
1486 4500 1593 4557 semper
1607 4487 1728 4559 oriatur,
1744 4496 1873 4546 censetur
1893 4491 1991 4562 punire

351 4572 452 4629 ellectu
464 4579 526 4630 sunt
540 4572 721 4646 intelligenda,
735 4583 767 4631 ut
780 4575 880 4658 dieitur
893 4577 917 4632 in
930 4576 1155 4649 caphelatum,
1190 4579 1270 4633 etiam
1287 4583 1381 4633 actum
1401 4576 1488 4646 illum,
1503 4577 1552 4648 qui
1571 4575 1681 4632 nulliter
1701 4579 1730 4634 ht
1749 4595 1782 4638 ex
1797 4581 1822 4635 vi
1843 4595 1990 4652 censurae,

352 4661 386 4718 de
403 4661 512 4719 clericis
524 4678 578 4720 non
589 4663 784 4734 residentibus,
794 4665 841 4722 ubi
855 4665 951 4722 Glossa
961 4666 1050 4723 ruulta
1064 4667 1155 4738 reteri,
1190 4668 1232 4724 vel
1248 4666 1360 4724 alterius
1375 4667 1470 4722 similis
1483 4665 1625 4738 deiectus,
1640 4666 1750 4738 quando
1770 4677 1862 4725 autem
1880 4669 1990 4728 nullitas

351 4757 379 4806 et
398 4750 513 4807 habetur
525 4754 554 4807 in
572 4751 590 4808 l.
609 4757 632 4824 i,
647 4753 675 4809 ll.
692 4752 766 4826 quod
781 4755 897 4827 quisque
911 4756 996 4828 iuris,
1014 4756 1059 4812 ubi
1076 4757 1156 4812 etiam
1189 4757 1314 4828 provenit
1332 4771 1366 4813 ex
1387 4754 1439 4813 alio
1458 4755 1567 4826 capite,
1583 4762 1675 4813 cessat
1695 4758 1832 4829 praedicta
1857 4762 1945 4832 ratio,
1962 4765 1990 4816 et

351 4837 462 4911 dicitur,
478 4855 530 4896 non
546 4855 644 4898 nocere
665 4850 812 4908 conatum,
829 4845 850 4899 si
864 4843 970 4902 nullum
985 4844 1080 4901 babuit
1093 4847 1156 4904 elle·
1190 4844 1314 4917 procedit
1328 4845 1465 4919 generalis
1480 4843 1585 4919 regula,
1597 4846 1670 4918 quod
1684 4845 1726 4904 lex
1739 4847 1854 4920 loqueos
1866 4848 1899 4906 de
1911 4857 1986 4922 actu,

351 4934 445 4998 ctum,
462 4931 555 5000 utique
569 4930 678 5001 quando
693 4929 774 4988 rerba
788 4932 854 5005 legis
868 4933 900 4989 de
916 4947 945 4990 se
958 4941 1051 4990 actum
1067 4934 1154 5005 perte·
1190 4935 1350 5006 intelligitur
1367 4934 1400 4990 de
1421 4941 1487 4992 actu
1502 4933 1600 5008 valido,
1614 4936 1679 5007 quia
1692 4934 1784 4998 solum
1796 4936 1839 4994 ille
1858 4939 1988 5011 simplici·

354 5022 431 5073 ctum
446 5018 609 5104 significant.
621 5019 749 5112 Et'plura
763 5020 848 5078 relert
860 5021 998 5096 Tiraquel.
1017 5021 1062 5078 lib.
1081 5028 1104 5078 t.
1120 5022 1154 5080 de
1191 5028 1231 5081 ter
1247 5023 1308 5080 talis
1322 5023 1501 5080 exhumatur.

962 5201 1089 5260 alitis
1119 5199 1247 5262 nisui
1276 5201 1451 5272 Quinti.
