4294 6238
933 309 1039 360 carun
1053 309 1111 360 xv.
1725 257 1787 361 313

191 437 237 495 hic
256 438 347 498 solum
365 440 557 498 consideratur
570 439 723 514 ignorantia
736 436 877 510 principia,
892 435 949 492 sira
962 437 990 492 in
1027 435 1090 493 nori
1103 449 1258 492 consensus
1270 433 1418 493 voluntatis
1429 435 1570 508 principia,
1582 435 1630 494 sed
1641 443 1673 494 ut
1683 433 1825 495 continens

191 529 331 601 absentia,
348 530 403 586 siue
417 531 442 587 in
463 531 616 602 praesentia
628 528 778 599 habeatur,
794 525 870 600 quod
883 541 936 582 non
951 531 994 582 cst
1028 525 1158 598 requisita
1173 540 1222 597 per
1237 525 1323 598 legem
1336 569 1342 596 ,
1357 527 1384 580 in
1399 541 1454 599 qua
1474 526 1601 583 voluntas
1620 530 1733 602 antiqua
1752 529 1825 602 prin·

191 618 229 676 ita
241 620 269 675 in
282 619 511 692 praescriptione;
527 635 590 676 nana
604 617 676 688 idern
691 623 798 689 tompus
813 615 931 686 sufficit,
946 629 992 670 ce·
1028 617 1095 689 cipis
1106 617 1279 684 continetur,
1290 621 1318 672 et
1330 616 1391 672 ideo
1406 632 1476 672 nora
1487 617 1547 673 eius
1558 617 1671 674 scientia
1685 633 1738 673 non
1754 616 1826 675 desi·

191 709 260 764 teris
274 707 397 780 paribus,
413 709 469 764 siro
486 708 611 765 dominus
626 709 664 765 rei
679 708 750 766 sciat
765 720 845 763 usum
860 702 994 776 praescri·
1027 706 1156 777 doratur,
1172 721 1223 764 nec
1245 701 1439 762 consideratur
1458 707 1581 781 potentia
1600 705 1715 764 habendi
1730 707 1822 765 istam.

192 794 293 868 bande,
312 798 369 853 sire
383 797 498 870 ignoret.
1027 794 1204 855 Consuetudo
1223 801 1314 868 qulam
1336 810 1390 851 non
1411 796 1579 867 praescripta
1597 796 1703 868 operari
1715 803 1823 854 tantum

232 890 259 944 l.
276 889 314 945 De
328 887 490 945 auctoribus
502 894 612 958 autem,
623 887 709 960 quiin
720 885 893 944 contrarium
906 882 992 940 citan·
1028 893 1118 959 potest
1132 891 1164 942 ut
1180 885 1288 958 signum
1299 883 1461 957 voluntatis,
1473 891 1501 940 et
1511 884 1574 941 nari
1585 901 1737 942 consensus
1749 887 1823 959 prin·

192 983 259 1048 tur,
283 994 337 1034 non
358 977 477 1036 multum
496 983 540 1033 est
559 974 730 1048 curandum,
752 975 815 1048 quia
830 973 910 1045 pauci
929 977 995 1028 aunt
1028 976 1113 1049 cipis,
1135 973 1209 1047 quod
1230 973 1328 1030 minori
1348 980 1471 1045 tempore
1492 972 1633 1031 sulliciena
1656 990 1717 1031 esse
1735 980 1825 1048 potest

192 1072 322 1139 respectu
344 1066 479 1137 aliorum,
493 1073 523 1122 et
534 1065 617 1140 aliqui
636 1080 732 1122 eorum
752 1063 868 1121 tortasse
885 1077 939 1119 nou
953 1059 994 1118 lo·
1027 1071 1157 1138 respectu
1171 1063 1300 1135 principis
1314 1063 1442 1135 scientis3
1455 1079 1519 1120 narn
1533 1071 1663 1136 respectu
1674 1065 1824 1137 ignorantis

193 1164 319 1231 quutttut·
334 1157 368 1214 tle
382 1156 440 1214 ecla
454 1155 653 1214 consuetudine
666 1154 762 1228 legali,
779 1152 828 1211 aed
841 1148 994 1226 generalius
1027 1171 1170 1230 nunquam
1189 1159 1283 1225 potest
1300 1167 1361 1210 esse
1376 1151 1533 1211 huiusmodi
1547 1153 1670 1227 signum,
1686 1159 1823 1226 uiperae

193 1245 227 1302 de
241 1245 500 1318 consuetudine,ut
515 1242 723 1317 comprehendit
734 1243 814 1300 etiam
826 1243 910 1313 illam,
923 1253 994 1314 quae
1028 1250 1190 1304 noaumsst.
1285 1273 1287 1279 ,
1365 1239 1370 1250 '

193 1337 221 1392 in
240 1336 455 1408 praescriptione
479 1350 572 1391 rerum
594 1332 756 1406 intervenit3
776 1348 854 1398 nam,
876 1336 909 1388 ut
927 1329 991 1400 dial,
1068 1341 1095 1395 8.
1110 1331 1163 1392 Sed
1182 1346 1315 1406 quaeres,
1336 1339 1473 1406 quantum
1494 1332 1623 1405 temporis
1643 1333 1711 1390 inira
1724 1334 1823 1391 decen·

194 1423 239 1481 hic
253 1424 310 1482 lere
322 1431 366 1481 est
379 1440 447 1481 usus
466 1414 621 1481 communis
635 1422 866 1495 iurisperitorum.
883 1421 920 1477 Et
932 1435 995 1491 pro·
1028 1424 1105 1481 nium
1128 1421 1163 1481 ad
1182 1422 1257 1479 hunc
1278 1421 1405 1479 ellectum
1426 1420 1556 1479 sulliciat.
1573 1420 1753 1494 Respondeo,
1769 1436 1823 1480 non

195 1513 268 1572 lecto
286 1515 404 1590 sylvest.
417 1515 444 1571 in
459 1519 516 1570 toto
532 1513 578 1570 illo
595 1513 680 1571 verbo
694 1509 872 1570 cousuetudo
883 1511 921 1568 ita
931 1524 994 1581 pro·
1028 1527 1109 1586 posse
1126 1517 1204 1569 certa
1218 1511 1323 1567 ratione
1337 1508 1458 1582 deliniri,
1470 1509 1536 1583 quia
1549 1526 1601 1568 nec
1615 1511 1672 1567 iure
1685 1511 1825 1570 definitum

194 1603 284 1676 cedit,
305 1605 377 1661 sicut
390 1609 417 1660 et
430 1604 475 1660 alii
490 1604 648 1660 summistae
663 1607 690 1658 ct
706 1603 833 1674 iuristna,
850 1606 882 1657 ut
896 1597 995 1672 legenti
1029 1608 1090 1672 est,
1105 1617 1156 1658 nec
1175 1599 1320 1658 commode
1339 1603 1445 1674 potuit,
1465 1601 1531 1673 quia
1549 1600 1600 1656 hoc
1620 1601 1742 1673 signum,
1758 1617 1824 1659 cum

196 1692 274 1749 iacilc
288 1692 409 1765 patebit3
422 1691 493 1750 unde
508 1691 561 1749 sub
574 1691 621 1748 illa
636 1691 819 1749 disiunctione
830 1689 993 1762 loquuntur,
1028 1694 1055 1750 in
1070 1691 1152 1750 lactis
1165 1689 1316 1760 consistat,
1329 1687 1430 1760 pendet
1443 1703 1476 1745 ex
1491 1690 1674 1762 coniecturis,
1686 1705 1757 1764 quae
1771 1705 1825 1746 nou

194 1797 249 1838 non
262 1783 326 1854 quia
343 1781 496 1854 amplianda
510 1781 544 1857 sit
563 1780 597 1838 ad
618 1795 713 1839 omnes
732 1777 829 1836 modos
847 1783 997 1836 consuetu·
1030 1788 1096 1840 sunt
1113 1777 1242 1854 aequales
1254 1779 1283 1835 in
1296 1777 1422 1834 onradus
1435 1776 1698 1852 consuetudinibus;
1709 1785 1738 1836 et
1752 1779 1826 1834 itain

194 1869 304 1942 dinum,
318 1870 402 1927 etiarn
425 1869 571 1927 moralium
591 1871 743 1927 actionum.
759 1869 796 1925 Et
813 1867 929 1924 tortasse
949 1879 995 1922 rer
1030 1870 1194 1947 quibusdam
1206 1873 1296 1941 potest
1307 1867 1422 1924 breviori
1434 1872 1554 1940 tempore
1564 1867 1616 1925 lace
1628 1869 1738 1942 signum
1748 1882 1825 1926 com·

194 1958 354 2031 alphonsus
375 1960 411 2016 ita
429 1959 511 2016 etiam
532 1958 645 2016 loeutus
665 1963 709 2016 cst
729 1958 756 2014 in
775 1957 821 2014 illa
841 1956 861 2014 l.
878 1963 910 2030 5,
926 1969 996 2029 quae
1030 1960 1115 2034 pleri,
1128 1974 1210 2032 quam
1224 1957 1250 2014 in
1265 1955 1334 2013 aliis.
1346 1956 1414 2012 Nam
1426 1955 1561 2030 quaedam
1574 1963 1640 2014 sunt
1651 1956 1828 2015 consuetudi·

196 2043 288 2122 potest
311 2050 394 2106 ctiam
417 2047 517 2106 habere
541 2048 624 2105 ulium
648 2063 776 2120 sensum,
795 2052 827 2104 ut
845 2048 934 2119 capite
954 2061 997 2102 se·
1029 2067 1094 2123 nes,
1114 2064 1185 2122 quae
1208 2046 1422 2120 frequentiorem
1446 2061 1530 2104 usum
1552 2046 1671 2120 habeut,
1690 2052 1719 2105 et
1741 2046 1828 2120 magis

194 2137 288 2210 quenti
305 2136 412 2210 dicnmq
433 2137 475 2195 rel
490 2141 514 2194 si
527 2153 629 2194 norum
641 2139 686 2194 ius
706 2135 883 2194 introducere
900 2136 996 2205 veluit,
1031 2153 1225 2208 communem,
1242 2135 1383 2210 magisque
1397 2134 1554 2208 publicum,
1565 2149 1650 2209 quana
1662 2135 1739 2208 aliae;
1752 2142 1780 2193 et
1791 2137 1829 2194 ita

194 2233 223 2284 et
234 2226 384 2298 approbare
405 2227 559 2298 opinionem
573 2228 690 2298 monis,
706 2227 788 2283 cuius
802 2241 887 2298 opera
900 2224 997 2282 dicuu-
1030 2247 1063 2288 cn
1076 2231 1145 2300 illis,
1158 2226 1256 2285 ceteris
1270 2225 1399 2297 paribus,
1411 2224 1521 2282 brevius
1532 2224 1664 2298 compleri
1676 2225 1777 2297 poterit
1787 2226 1828 2282 in·

195 2322 241 2373 tur
261 2329 324 2372 esse
343 2314 433 2374 iactae
453 2313 527 2390 leges
541 2316 719 2387 partitarum,
734 2312 804 2372 illud
823 2314 939 2387 speciale
953 2316 997 2371 ius
1030 2317 1135 2376 dicium
1148 2317 1276 2374 scientiae
1287 2315 1312 2370 in
1324 2315 1458 2387 principe,
1469 2320 1497 2371 at
1507 2320 1710 2388 consequenter
1720 2314 1829 2389 signum

195 2407 279 2462 etiam
289 2405 315 2460 in
328 2405 459 2478 lliapania
469 2402 667 2464 consuetudine
678 2411 821 2478 receptum
834 2420 888 2461 non
899 2409 952 2476 est,
966 2411 999 2460 ut
1032 2407 1112 2465 taciti
1126 2419 1279 2462 consensus
1293 2418 1342 2475 per
1360 2401 1542 2460 voluntariam
1560 2402 1745 2460 tolerantiam.
1761 2404 1830 2462 ltena

194 2494 328 2551 existimo.
499 2517 504 2524 ·
1032 2495 1067 2554 ad
1082 2495 1136 2552 hoc
1150 2493 1269 2551 multum
1283 2493 1386 2549 reterre
1397 2497 1488 2563 potest
1498 2490 1634 2566 absentia,
1647 2491 1690 2550 vel
1704 2507 1833 2565 praesen·

234 2583 367 2654 Superest
379 2581 526 2640 dicendum
537 2582 572 2640 de
583 2581 782 2640 constratudine
792 2598 848 2640 non
863 2584 998 2655 praescri·
1032 2586 1069 2645 tia
1081 2583 1230 2656 principer
1245 2597 1308 2639 narn
1323 2582 1509 2653 praesumitur
1522 2596 1621 2654 nosse,
1637 2594 1709 2656 quae
1722 2581 1792 2639 liunt
1805 2581 1832 2638 in

195 2679 254 2745 pta.
268 2673 337 2729 llam
362 2670 499 2729 interdum
517 2677 609 2743 potest
621 2671 749 2728 sufficere
765 2672 799 2729 ad
813 2670 998 2729 inducendam
1032 2675 1111 2746 loco,
1131 2673 1178 2730 ubi
1197 2671 1290 2744 adest,
1304 2677 1333 2728 et
1349 2687 1405 2728 non
1418 2686 1489 2744 quae
1504 2671 1588 2743 liunt,
1604 2670 1650 2728 ulii
1665 2671 1831 2744 accenseat,

195 2761 301 2833 tegam,
317 2767 345 2832 ct
368 2767 571 2833 consequenter
586 2759 743 2817 inbreviari
758 2768 899 2834 tempore,
914 2777 998 2835 quarn
1033 2765 1084 2820 nisi
1097 2763 1164 2820 aliae
1175 2762 1351 2820 coniecturae
1359 2759 1502 2818 accedant.
1509 2761 1656 2820 Praeterea
1667 2759 1756 2817 inhac
1767 2775 1834 2818 con·

195 2848 345 2920 decennio,
360 2848 434 2906 illam
457 2848 587 2905 inducere
601 2849 716 2920 poterit,
732 2851 755 2905 si
769 2851 886 2906 scientia
900 2850 999 2926 princi·
1033 2851 1194 2923 suetudine,
1209 2857 1237 2909 et
1257 2849 1292 2907 ad
1314 2849 1367 2907 hoc
1387 2849 1600 2908 coniectandum
1621 2848 1715 2908 locum
1734 2849 1835 2907 habere

196 2940 238 3010 pis
252 2937 413 2996 intercedat.
434 2939 476 2996 lta
490 2939 612 2994 sentiunt
624 2941 723 2994 anton.
737 2939 764 2994 in
777 2937 853 2995 dicto
865 2953 928 3010 cap.
946 2938 996 2995 ult.
1032 2948 1124 3014 potest
1144 2938 1327 2997 consideratio
1348 2954 1432 3009 supra
1453 2943 1573 2995 tractata
1595 2938 1629 2995 de
1643 2939 1753 2996 actibus
1766 2936 1836 3012 iudi·

196 3027 231 3084 de
242 3027 410 3085 consuetud.
422 3027 588 3085 stantonin.
602 3025 720 3102 sylvest.
732 3026 867 3100 Aegalei
883 3026 939 3100 alii,
952 3027 999 3101 qui
1033 3029 1159 3088 cialibus.
1176 3029 1340 3086 Praesertim
1359 3041 1424 3084 aero
1443 3028 1574 3084 sententia
1596 3026 1650 3084 lata
1667 3029 1694 3084 in
1711 3026 1836 3086 lusorem

195 3117 274 3175 illum
288 3125 444 3190 sequuntur
455 3157 464 3188 ,
476 3123 509 3174 ut
521 3117 546 3172 in
562 3115 642 3173 simili
656 3115 807 3173 ridebimus
819 3118 847 3172 in
859 3117 947 3188 capita
958 3132 999 3172 se·
1033 3117 1261 3189 consuetudinis,
1274 3119 1296 3173 si
1310 3116 1355 3173 illa
1369 3115 1549 3188 proterretur,
1562 3115 1605 3172 vel
1624 3116 1837 3175 confirmaretur

195 3209 301 3280 quenti¹
321 3208 389 3264 Nam
419 3206 595 3278 distinguunt
611 3205 681 3264 inter
699 3207 849 3277 principem
868 3205 999 3262 scientem
1034 3223 1195 3282 asupremo
1209 3205 1349 3278 principe,
1363 3211 1438 3262 esset
1451 3203 1594 3263 sufficiens
1616 3204 1724 3277 signum
1740 3206 1837 3263 rolun·

101 3313 106 3320 ·
195 3303 224 3353 et
241 3297 410 3369 ignorantem
439 3294 531 3367 populi
555 3311 678 3367 morem,
704 3300 732 3352 et
749 3293 864 3366 dicunt,
886 3294 999 3351 brevius
1035 3299 1098 3356 tatis
1117 3297 1186 3354 eius.
1208 3296 1266 3352 ino
1280 3293 1384 3351 etiarnsi
1398 3293 1516 3350 sciretur
1530 3292 1595 3350 data
1610 3293 1781 3351 ab‘interiori
1794 3293 1837 3349 iu·

196 3391 305 3457 tenipus
330 3384 448 3458 requiri,
474 3384 585 3457 quando
605 3385 730 3456 princeps
750 3384 802 3441 scit
823 3383 1000 3442 consuetudi·
1034 3387 1112 3460 dice,
1132 3393 1160 3443 et
1178 3384 1362 3456 toleraretur,
1382 3389 1454 3439 esset
1474 3398 1529 3440 non
1550 3381 1692 3441 modicum
1712 3384 1830 3455 signum.

197 3489 275 3547 nem,
290 3488 372 3546 qnam
388 3488 453 3530 curn
472 3473 546 3530 illam
565 3473 681 3546 ignorat.
698 3470 751 3530 Sed
765 3471 939 3530 consuetudo
952 3471 999 3530 de·
1032 3480 1100 3535 irem
1123 3477 1328 3546 cuiuscumque
1350 3470 1494 3543 prudentia
1512 3471 1615 3528 iudicis
1633 3473 1668 3528 sit
1688 3472 1833 3541 senentio,

197 3579 257 3620 cern
278 3577 413 3619 annorum
436 3561 540 3618 sufficit
553 3561 588 3619 ad
603 3559 785 3619 inducendam
799 3559 904 3636 legem,
921 3563 999 3635 igno·
1034 3581 1084 3638 par
1099 3579 1127 3621 se
1138 3561 1267 3621 conciliat
1278 3560 1470 3619 auctoritatem
1481 3559 1676 3618 consuetudini
1688 3603 1695 3630 ,
1708 3559 1774 3634 quia
1785 3574 1836 3631 po·

196 3652 418 3723 ranteprincipe3
433 3649 910 3723 argobreviustampuasuliicietad
922 3666 1000 3708 eum-
1036 3661 1090 3714 taat
1111 3669 1175 3711 esse
1194 3653 1282 3722 insu,
1303 3666 1337 3708 er
1358 3648 1557 3708 consuetudine
1577 3665 1632 3706 non
1653 3648 1834 3723 praescripta.

197 3742 260 3799 dam
278 3741 423 3813 effectum,
436 3733 629 3796 interveniente
646 3739 913 3814 scientiaprincipis.
928 3743 963 3796 llt
973 3741 999 3796 in
1034 3745 1101 3814 Quia
1116 3758 1181 3800 cnm
1195 3756 1250 3798 non
1262 3740 1386 3814 requirat
1397 3746 1506 3797 certum
1517 3746 1646 3813 tempus,
1661 3739 1709 3796 sed
1720 3739 1838 3812 pendeat

197 3833 295 3888 minori
313 3836 435 3900 tempore
454 3844 537 3902 quam
557 3828 654 3886 decem
673 3844 808 3886 annerum
823 3828 997 3886 consuetudo
1035 3851 1069 3893 ex
1086 3832 1273 3901 coniecturis,
1293 3829 1350 3886 fieri
1364 3835 1473 3901 potest,
1489 3834 1522 3886 ut
1541 3844 1575 3887 ox
1588 3827 1717 3901 prudenti
1731 3835 1760 3886 et
1773 3843 1838 3901 pro·

198 3935 252 3977 non
273 3917 480 3990 praescribiturq
500 3933 566 3991 ergo
580 3917 752 3976 consuetudo
766 3933 820 3976 non
831 3913 1001 3992 pr'aescripta
1034 3922 1114 3981 babili
1128 3921 1229 3978 iudicio
1248 3917 1329 3974 detur
1347 3917 1485 3976 sententia
1503 3917 1529 3973 in
1547 3916 1671 3990 lavarem
1685 3924 1838 3974 consuatu-

197 4009 329 4082 cognitae
335 4007 460 4080 principe
480 4007 719 4082 poteritinducero
727 4007 908 4080 legemEtita
916 4014 999 4081 patet,
1033 4011 1119 4083 dinis3
1136 4023 1207 4084 quae
1221 4007 1286 4065 licet
1300 4009 1468 4080 praescripta
1482 4023 1536 4065 non
1550 4007 1601 4078 sit,
1617 4013 1764 4079 reputatur
1779 4007 1838 4064 sui·

196 4096 307 4170 quando
319 4095 474 4168 requiratur
492 4095 912 4168 praescripta,scilicet,quando
925 4098 1001 4168 prin·
1034 4101 1144 4171 ficiens,
1166 4098 1229 4170 quia
1250 4099 1317 4153 satis
1337 4095 1440 4153 indicat
1460 4095 1632 4154 voluntatem
1656 4097 1787 4168 principis
1807 4102 1837 4153 et

199 4201 264 4256 cepa
279 4186 398 4258 ignorat,
414 4191 444 4240 et
462 4181 573 4257 quando
588 4199 642 4241 non
657 4184 692 4240 sit
709 4185 879 4257 necessaria,
894 4185 1001 4243 scilicet
1034 4188 1140 4264 populi.
1155 4185 1232 4246 Unde
1247 4185 1374 4259 quamvis
1389 4185 1449 4242 talis
1468 4185 1600 4243 sententia
1617 4185 1778 4258 simpliciter
1791 4200 1839 4242 ne·

199 4271 310 4347 quando
328 4273 381 4330 scit
399 4271 481 4330 illam.
501 4273 580 4356 Ratio
599 4288 664 4329 roro
678 4271 756 4330 reddi
771 4280 875 4346 potest,
891 4276 955 4348 quia
969 4274 1001 4332 li·
1035 4278 1154 4336 cessaria
1171 4291 1226 4334 non
1240 4274 1321 4332 ailad
1332 4272 1526 4332 sufficientiam
1538 4273 1598 4331 talia
1614 4275 1835 4347 consuetudinis,

198 4369 245 4420 cet
263 4365 324 4419 iura
350 4360 458 4432 dicant,
479 4359 593 4435 longam*
609 4361 838 4420 consuetudinem
858 4363 998 4435 sulllcere,
1035 4369 1100 4441 quia
1112 4366 1165 4424 laec
1180 4367 1270 4439 ipsum
1284 4364 1318 4421 ad
1333 4365 1493 4421 sententiam
1507 4365 1684 4438 supponitur,
1701 4371 1728 4422 et
1741 4379 1791 4437 per
1806 4363 1837 4421 il-

198 4466 339 4525 nunquam
358 4449 471 4521 dicunt,
484 4453 618 4507 minorem
632 4465 686 4508 non
701 4451 839 4510 sulficere.
851 4453 887 4512 Et
900 4452 1002 4527 alioqui
1035 4457 1090 4515 lana
1104 4453 1276 4528 declaratur,
1289 4460 1322 4511 ut
1334 4469 1418 4526 supra
1429 4455 1456 4510 ln
1469 4454 1548 4511 simili
1560 4454 1835 4528 argumentabamur3

199 4559 233 4599 ex
246 4548 343 4600 natura
351 4541 395 4617 ,rei
409 4546 500 4612 potest
517 4539 648 4598 sufficere
662 4541 751 4599 minor
764 4540 832 4599 haec
847 4549 999 4600 consuetu·
1035 4545 1212 4604 nihilominus
1227 4545 1249 4600 si
1260 4541 1407 4616 aliquando
1421 4543 1477 4601 lata
1486 4550 1547 4616 est,
1560 4543 1680 4601 multum
1692 4543 1845 4604 confirmat

199 4632 251 4705 do,
268 4633 289 4688 si
314 4632 443 4703 princeps
462 4628 561 4686 trabem
581 4630 725 4688 scientiam
740 4631 815 4702 eius,
831 4633 896 4704 quia
911 4638 1002 4706 potest
1035 4635 1226 4694 coniecturam
1247 4631 1472 4703 consuetudinis,
1494 4633 1546 4690 etsi
1566 4632 1766 4706 multiplicetur
1787 4650 1837 4706 po·
1867 4657 1870 4662 ·

201 4719 371 4778 sufficienter
388 4716 509 4775 indicare
523 4732 690 4775 consensum
708 4718 783 4790 cius,
802 4727 831 4776 et
845 4720 953 4793 populi,
970 4728 1001 4779 ut
1036 4728 1101 4784 terit
1115 4724 1206 4782 lacere
1222 4722 1354 4780 moralem
1365 4720 1574 4796 certitudinem
1586 4737 1650 4780 nam
1661 4729 1690 4781 et
1699 4739 1748 4796 par
1759 4725 1839 4782 testi.

200 4825 248 4882 per
262 4824 292 4865 se
310 4812 407 4864 notum
418 4807 536 4880 videtur,
548 4822 615 4879 ergo
627 4807 672 4864 illa
683 4809 857 4866 consuetudo
868 4810 998 4883 sufficiet,
1036 4815 1128 4875 monia
1144 4813 1269 4871 virorum
1289 4811 1457 4882 prudentum
1476 4811 1596 4870 multum
1616 4812 1834 4871 confirmabitur.

201 4901 265 4972 quia
279 4903 388 4955 unium
403 4903 447 4954 cst
461 4896 631 4968 necessaria,
645 4902 675 4954 ut
688 4896 722 4953 ait
736 4897 876 4955 sufficiens
890 4901 1000 4973 signum
1036 4886 1158 4976 Denique
1173 4904 1200 4959 in
1214 4901 1477 4958 hacconsuetudine
1489 4901 1581 4958 locum
1594 4900 1776 4975 habetopinio
1788 4903 1838 4959 So·

201 4987 350 5046 uoluntatis
367 4985 538 5059 legislatoris.
554 4987 589 5043 Et
602 4985 673 5043 haec
687 4994 729 5043 est
743 4986 862 5044 notanda
875 4987 1001 5047 dilleren·
1036 4994 1073 5067 ti,
1094 5000 1122 5051 et
1142 4991 1257 5050 aliorum
1277 4989 1442 5063 dicentium,
1457 4997 1566 5062 tempus
1586 4991 1638 5050 hoc
1653 4992 1837 5050 determinan-

202 5078 238 5137 tia
250 5079 321 5134 inter
337 5074 388 5132 hos
403 5075 474 5132 duos
488 5075 583 5132 orodes
597 5075 844 5150 consuetudinum
855 5092 918 5136 nana
931 5095 1002 5137 con·
1037 5085 1104 5142 dum
1115 5097 1176 5140 ease
1187 5080 1313 5154 prudenti
1323 5080 1449 5154 arbitrio,
1461 5079 1603 5153 nimirum,
1616 5081 1727 5155 quando
1740 5084 1834 5158 agitur

203 5167 321 5226 suetudo
343 5164 510 5238 praescripta
530 5181 585 5222 non
606 5163 712 5224 inducit
731 5166 818 5241 legem
839 5174 871 5224 ut
891 5173 1000 5241 signurn
1038 5173 1073 5236 de
1086 5169 1266 5230 coniectando
1280 5177 1369 5227 mente
1382 5171 1550 5242 principiaet
1561 5170 1664 5243 populi.
1677 5172 1836 5246 Etitapos-

282 5271 655 5328 suaasa.iictcrttas-Prrslt.
1106 5309 1112 5318 ,
1623 5277 1650 5324 ω
