4260 6222
410 360 473 424 tot
1117 373 1216 426 aranu
1233 376 1307 424 vur.

370 501 498 571 bominis,
519 499 592 574 quod
615 498 732 557 multum
764 503 890 559 interest.
914 505 982 563 Nam
997 501 1080 575 priori
1095 499 1175 557 modo
1212 504 1384 556 controvers.
1404 497 1504 556 illustr.
1520 514 1583 570 cap.
1599 502 1646 570 ro,
1663 515 1690 554 u.
1707 501 1735 570 3,
1750 508 1778 556 ιι
1791 498 1839 556 lib.
1862 505 1886 558 t.
1902 498 1937 554 de
1951 513 2016 554 suo-

369 590 540 662 privilegium
560 590 590 644 ist
601 591 694 646 statim
707 588 825 659 nullum,
835 593 1082 662 posterioritatem
1091 589 1174 647 modo
1212 603 1269 645 ces.
1289 591 1315 644 in
1331 588 1444 660 praelat.
1462 604 1476 644 a
1492 603 1519 644 u.
1538 591 1588 646 tii:
1605 604 1682 662 ergo,
1696 597 1752 646 etc.

369 680 398 735 in
411 685 515 736 tautum
534 679 721 751 retractabis,
738 679 813 752 quod
829 680 910 755 louge
922 683 1063 740 diversum
1076 688 1128 750 est,
1142 687 1173 736 ut
1250 683 1296 737 22.
1315 679 1408 748 Sesto,
1425 685 1452 733 et
1467 677 1562 734 ultimo
1577 678 1603 734 in
1620 677 1672 734 hoc
1685 684 1788 751 puncto
1799 678 1927 750 adverto,
1939 677 2014 751 quod

369 774 480 825 constat
502 785 535 825 ex
556 785 641 840 supra
661 768 740 825 dictis
760 770 793 826 de
812 763 963 829 irritatione
979 772 1087 846 legum,
1102 785 1173 844 quae
1208 783 1293 838 supra
1311 767 1374 838 dixi,
1386 768 1412 822 in
1424 765 1476 823 boc
1489 771 1518 822 et
1529 766 1703 838 praecedenti
1715 769 1796 825 inodo
1807 768 2016 838 amittendipri·

367 856 411 912 bic
430 873 495 913 com
519 857 695 929 proportione
716 857 809 916 locum
829 858 939 917 habeut.
963 861 1051 933 Igitur
1070 861 1170 929 omnia,
1209 858 1334 929 vilegium
1354 855 1456 914 includi
1469 855 1628 913 desitiones.
1648 857 1687 912 vel
1703 858 1886 930 promotiones,
1902 871 1972 930 quaa
1986 859 2014 912 iu

367 947 483 1020 quaein
503 945 555 1003 boc
577 933 680 1016 puncto
698 945 834 1019 diximus,
857 948 1031 1024 intelligenda
1051 955 1118 1006 sont
1137 947 1171 1005 de
1207 947 1352 1020 privilegio
1372 945 1507 1004 resultare
1527 953 1643 1018 possunt
1657 963 1690 1002 er
1705 949 1855 1004 mutatione
1872 950 2011 1018 materiae,

368 1035 510 1092 amissione
529 1038 588 1108 ipso
602 1035 691 1108 iacto,
709 1052 771 1094 uem
787 1038 853 1095 baec
870 1047 912 1097 est
927 1042 1037 1112 propria
1052 1040 1171 1096 cessatio
1206 1040 1282 1094 circa
1301 1053 1384 1110 quam
1401 1043 1562 1106 versantor3
1578 1036 1654 1094 nulla
1667 1039 1739 1094 onim
1751 1037 1881 1094 materiae
1897 1038 2014 1093 mutatio

368 1124 510 1198 privilegii,
526 1141 575 1182 seu
589 1124 684 1182 desitio
697 1127 730 1183 ab
741 1129 901 1192 intrinseco,
915 1129 947 1186 de
959 1147 1014 1203 qun
1026 1145 1100 1186 nunc
1117 1136 1172 1187 tra·
1205 1127 1336 1200 extinguit
1354 1125 1525 1198 privilegium
1537 1128 1596 1198 ipso
1608 1126 1692 1197 iacto,
1703 1127 1765 1196 nisi,
1776 1141 1845 1200 quae
1863 1128 2014 1183 usumeins

367 1223 486 1272 otamus.
508 1214 585 1274 Unde
606 1216 631 1272 io
646 1216 741 1273 eodem
756 1235 839 1275 sensu
854 1218 958 1277 dictum
973 1227 1025 1290 est,
1044 1225 1170 1276 cessante
1204 1215 1295 1273 reddit
1318 1217 1361 1273 vel
1383 1215 1527 1289 iniquum,
1545 1217 1585 1272 vel
1601 1216 1710 1285 inutile,
1726 1217 1768 1272 rel
1783 1215 1815 1272 de
1828 1231 1886 1288 quo
1904 1213 2013 1272 aliunde
2125 1233 2126 1244 ι

367 1320 453 1361 cause
476 1305 601 1378 negative
617 1310 737 1378 tontum,
753 1323 808 1362 uon
824 1310 913 1366 stetim
929 1324 1038 1366 cessare
1052 1353 1058 1379 ,
1074 1308 1167 1380 idest,
1204 1311 1331 1362 constare
1358 1307 1459 1378 possit,
1480 1318 1533 1362 non
1553 1305 1687 1363 cecidisse
1702 1305 1755 1362 sub
1776 1307 1956 1363 intentionem
1975 1305 2016 1360 le-

247 1413 256 1422 ·
367 1392 519 1465 annullari,
543 1401 572 1450 et
586 1394 693 1450 irritum
710 1397 766 1452 ieri
782 1397 840 1468 ipso
854 1398 928 1455 iacto
943 1397 1127 1471 privilegium,
1142 1405 1169 1455 et
1203 1395 1352 1469 gislatoris.
1375 1394 1486 1462 Quoties
1505 1400 1597 1452 nutem
1617 1411 1665 1466 per
1684 1397 1862 1453 mutationem
1883 1395 2016 1451 materiae

367 1483 420 1540 boc
438 1485 519 1540 etiam
540 1483 657 1541 suadent
674 1487 793 1543 rationes
807 1487 906 1545 iactae.
922 1491 991 1546 curn
1006 1487 1059 1544 boc
1076 1495 1167 1546 tamen
1205 1501 1273 1542 usus
1293 1485 1321 1542 tit
1345 1485 1471 1557 iniquus,
1492 1484 1535 1541 vel
1558 1484 1675 1556 inutilis,
1691 1492 1784 1542 cessat
1801 1487 1862 1541 bnis
1882 1483 2016 1556 privilegii

367 1579 438 1644 stat,
466 1580 496 1629 ut
517 1571 690 1646 privilegium
712 1575 759 1632 fiat
779 1577 908 1633 irritabile
923 1593 972 1650 per
987 1579 1168 1634 cessationem
1205 1575 1318 1632 maxime
1337 1574 1516 1647 intrinsecus,
1532 1574 1653 1646 quiesse
1668 1573 1749 1631 debet
1764 1573 2015 1646 ususaliquisuti-

368 1669 476 1719 tantum'
495 1664 646 1736 negativam
665 1679 783 1737 scissae,
804 1667 869 1738 quie
883 1681 915 1724 ex
931 1667 977 1723 illa
991 1667 1062 1724 sumi
1077 1672 1168 1738 potest
1204 1665 1235 1721 lis
1248 1673 1278 1721 et
1292 1664 1434 1722 honestus.
1451 1665 1477 1720 Si
1494 1670 1585 1720 sotem
1600 1671 1677 1721 extra
1692 1663 1741 1720 bos
1755 1679 1840 1721 casus
1854 1665 2014 1736 contigerit,

366 1753 440 1809 iusta
459 1753 539 1823 ratio,
555 1759 763 1826 propterquam
778 1755 950 1829 privilegium
965 1755 1169 1813 revocetur.lit
1204 1769 1285 1810 usum
1309 1754 1442 1828 privilegii
1463 1770 1524 1811 esse
1544 1758 1658 1820 contra,
1674 1753 1715 1811 vel
1730 1759 1808 1812 extra
1833 1755 2014 1809 intentionem

366 1841 399 1900 de
414 1842 465 1900 bae
487 1843 637 1900 irritatione
652 1843 806 1917 loquuntur
821 1845 907 1905 multa
922 1846 980 1902 iura
994 1845 1124 1918 allegatas
1141 1852 1169 1903 et
1203 1842 1379 1900 concedentis
1403 1843 1489 1918 (quod
1510 1859 1572 1900 raro
1589 1843 1711 1908 accidet,
1728 1849 1759 1901 ut
1773 1842 1860 1916 disi),
1881 1852 1949 1901 tunc
1965 1859 2017 1900 ne·

366 1930 491 1989 declaret
508 1934 608 1990 Decius
624 1933 648 1990 ιι
665 1933 682 1989 l.
697 1937 726 1990 in
738 1934 897 2009 ambiguis,
913 1941 959 2006 85,
972 1935 1054 2003 loon
1065 1939 1167 1992 estno-
1202 1949 1281 1990 cesse
1302 1940 1362 2005 est,
1384 1942 1414 1990 ut
1432 1934 1456 1991 id
1476 1933 1618 2005 proveniat
1631 1949 1663 1990 ex
1679 1934 1770 2007 alique
1783 1933 1948 1990 limitatione
1962 1930 2014 1990 ad-

291 2059 294 2066 ·
365 2037 445 2084 cuns,
465 2022 492 2078 ιι.
509 2021 543 2078 de
557 2023 645 2094 regul.
661 2022 739 2094 iuris,
750 2039 778 2079 ι.
790 2028 819 2081 t.
833 2027 934 2081 Favent
944 2027 1025 2082 etiam
1037 2024 1102 2082 huic
1115 2023 1165 2081 do·
1201 2022 1258 2100 dita
1276 2026 1302 2079 ιι
1319 2024 1405 2081 ιοιιιι
1419 2023 1568 2096 privilegii,
1585 2023 1626 2079 vel
1641 2021 1673 2080 de
1687 2037 1742 2095 qua
1759 2022 1931 2080 sufficienter
1945 2038 2015 2078 con·

366 2113 471 2168 otrinse
489 2125 594 2184 omues,
611 2112 657 2185 qui
671 2111 780 2184 dicant,
797 2121 859 2184 post
872 2115 1037 2188 acquisitum
1051 2115 1094 2171 ius
1106 2129 1166 2186 per·
1202 2118 1254 2170 stet
1268 2127 1302 2170 ex
1321 2120 1416 2171 tenore
1430 2113 1501 2182 eius,
1513 2121 1541 2169 et
1552 2119 1618 2170 tanc
1631 2109 1747 2170 cessatio
1758 2112 1803 2169 illu
1819 2112 1968 2184 pertinebit
1979 2111 2015 2168 ad

367 2200 438 2257 lecte
459 2209 489 2259 et
507 2209 714 2274 consummate,
735 2219 788 2259 nou
804 2219 913 2260 cessare
928 2205 1056 2277 gratiam,
1072 2203 1114 2260 vel
1128 2202 1168 2259 ia·
1201 2191 1339 2259 delectum
1360 2203 1474 2275 iormae,
1491 2209 1523 2260 ut
1536 2219 1569 2259 ex
1583 2202 1663 2260 distis
1677 2201 1710 2260 de
1724 2203 1812 2273 primo
1828 2209 1935 2272 puncto
1946 2218 2016 2258 con·

366 2305 460 2346 vorern
473 2289 730 2363 principis,etiamsi
742 2306 827 2348 causa
837 2300 938 2360 cesset,
953 2300 982 2348 ut
994 2291 1106 2349 tradunt
1117 2294 1166 2348 Po·
1202 2296 1271 2364 stat,
1297 2300 1325 2348 et
1344 2292 1380 2348 ita
1395 2290 1484 2348 solum
1498 2287 1625 2366 superest
1638 2291 1785 2349 dicendum
1800 2289 1834 2347 de
1848 2289 1963 2348 deiectu
1979 2307 2013 2347 ex

365 2381 477 2436 normit.
498 2381 525 2435 ιι
540 2395 601 2451 cap.
617 2382 688 2436 Post
702 2380 940 2448 translationem,
960 2380 994 2439 ds
1008 2385 1163 2440 renunciat.
1202 2387 1277 2453 perte
1290 2381 1445 2439 efficientis.

365 2486 394 2526 u.
409 2473 454 2542 il,
471 2469 607 2542 Tiraquel.
618 2475 646 2526 et
655 2470 778 2527 lleuocb.
789 2487 872 2543 sopra
884 2487 948 2529 cum
960 2471 1028 2544 aliis,
1042 2487 1113 2545 quos
1125 2487 1167 2529 re·

366 2559 475 2629 ierrrot,
493 2559 634 2616 etGutier.
648 2558 693 2616 lib¹
712 2564 734 2617 t.
750 2561 945 2618 canonicarum
961 2563 1164 2635 quaestionum,

365 2665 427 2721 cap.
450 2653 494 2719 to,
512 2665 540 2706 u.
556 2654 603 2720 22,
620 2650 666 2721 qui
681 2648 833 2722 loquuntur
846 2651 880 2707 de
891 2651 1110 2722 dispensatione:
1124 2657 1167 2706 est

1463 2557 1603 2627 CAPUT
1622 2556 1746 2625 XXXI.

365 2746 458 2796 autem
477 2737 548 2796 idem
566 2737 599 2795 de
615 2738 770 2810 privilegio,
787 2755 836 2811 per
849 2739 922 2812 qood
938 2739 989 2796 iam
1005 2747 1047 2796 est
1061 2742 1105 2797 ius
1119 2755 1167 2796 ac·

365 2828 514 2902 quisitum,
536 2829 586 2884 nisi
604 2829 675 2884 enim
693 2834 852 2902 revocetur,
868 2843 922 2885 non
937 2829 1086 2901 amittitur,
1102 2843 1165 2898 pro·

368 2923 428 2988 pter
446 2918 628 2974 cessationem
650 2916 735 2973 solam
754 2933 871 2992 causae,
887 2919 937 2974 nisi
953 2917 1012 2975 talis
1027 2919 1078 2990 sit,
1093 2933 1164 2990 quae

367 3021 447 3063 usum
462 3007 522 3062 eius
536 3005 633 3063 reddat
646 3006 782 3063 illicitum.

404 3100 451 3154 et.
467 3095 565 3163 Quinto
577 3094 700 3165 adverto,
712 3102 744 3153 ut
756 3095 925 3170 privilegium
937 3099 1113 3171 extinguatur
1123 3095 1164 3152 di·

364 3196 410 3245 cto
431 3187 524 3257 modo,
540 3186 730 3243 necessarium
744 3201 815 3248 esse.
832 3193 863 3243 ut
876 3188 992 3244 cessatio
1006 3201 1108 3243 causae
1122 3193 1164 3243 et·
1200 3167 1226 3218 ¹·
1241 3167 1345 3217 T⁰¹¹5¹¹⁸
1357 3164 1447 3218 modus

363 3279 417 3334 iam
435 3275 573 3333 contraria
589 3277 623 3332 sit
635 3281 782 3348 perpetua,
796 3291 857 3332 unm
870 3276 892 3332 si
903 3277 993 3333 solurn
1005 3277 1040 3332 sit
1050 3276 1084 3332 ad
1097 3282 1164 3333 tem·

362 3383 426 3440 pus,
436 3381 491 3422 non
507 3367 683 3438 extinguetur
693 3365 877 3438 privilegium,
887 3366 935 3422 sed
946 3365 1035 3423 solum
1047 3381 1163 3436 suspen·

363 3457 443 3514 detur
456 3458 517 3514 eius
535 3455 660 3512 euectus.
677 3456 756 3512 Ratio
770 3461 822 3525 est,
838 3457 903 3528 quio
917 3463 984 3513 tunc
1000 3472 1068 3512 usus
1083 3455 1164 3527 priri-

360 3546 421 3620 legii
434 3561 487 3602 nou
505 3545 534 3601 lit
548 3544 725 3615 simpliciter,
737 3551 765 3601 et
779 3554 911 3616 perpetuo
927 3560 1030 3616 pravus
1042 3584 1048 3615 ,
1065 3544 1113 3603 sed
1130 3542 1162 3599 ud

363 3643 488 3707 tempus,
514 3649 581 3706 ergo
600 3648 651 3690 nec
672 3633 843 3706 privilegium
862 3636 888 3690 io
908 3649 937 3690 se
956 3633 985 3691 tit
1004 3633 1163 3705 simpliciter

361 3726 497 3797 iniquum,
517 3738 581 3779 cum
596 3739 645 3795 pro
660 3722 713 3780 alio
728 3730 852 3795 tempore
867 3725 953 3795 possit
968 3723 1068 3781 habere
1079 3722 1162 3780 bone·

362 3819 436 3871 stum
461 3829 559 3883 usum,
580 3827 648 3885 ergo
666 3827 716 3869 neo
738 3811 898 3885 simpliciter
911 3813 1051 3884 irritatur,
1067 3812 1114 3869 sed
1128 3811 1163 3868 ad

363 3917 502 3959 summum
526 3917 575 3973 pro
589 3907 656 3959 tuuc
676 3901 862 3972 suspenditur.
883 3903 1078 3972 confirmatur,
1100 3902 1164 3975 quia

362 3990 545 4064 privilegium,
566 4007 593 4047 v.
609 4005 636 4062 g.
651 3991 828 4047 immunitatis
844 3990 877 4048 ab
892 3990 1034 4063 oneribus,
1047 3991 1088 4046 vel
1103 4006 1163 4046 mu-

362 4079 489 4149 neribus,
513 4094 562 4136 seo
576 4078 839 4147 conminationibus,
856 4087 978 4152 tempore
993 4079 1163 4137 necessitatis

362 4185 415 4226 nou
435 4169 522 4238 valet,
542 4183 592 4225 neo
608 4169 699 4226 iustus
713 4170 766 4225 erit
778 4167 851 4226 illius
866 4185 946 4244 usos,
963 4185 1028 4227 cum
1043 4169 1162 4226 necessi-

362 4266 404 4316 tas
427 4266 521 4316 cereat
541 4257 616 4331 lege,
638 4258 739 4316 nedum
753 4259 945 4333 privilegium3
962 4265 1094 4317 ettamen
1109 4273 1163 4316 uon

361 4355 508 4423 propterea
523 4349 700 4422 extinguitur,
710 4347 774 4406 licet
785 4363 835 4421 pro
846 4363 878 4406 eo
890 4355 1012 4421 tempore
1024 4365 1092 4406 usus
1103 4351 1163 4406 eius

362 4437 558 4512 suspendatur,
571 4446 603 4496 ut
614 4454 698 4511 supro
714 4438 762 4496 lib.
774 4427 807 4496 ι’.
823 4439 877 4495 ιιιι
892 4437 1026 4512 diximusp
1042 4455 1109 4512 ergo
1126 4440 1161 4494 si·

361 4529 460 4588 militer
480 4537 508 4586 et
525 4536 627 4588 cetera.
643 4532 710 4586 Item
726 4528 862 4586 indultum
877 4529 1044 4674 pomiaeum
1058 4528 1091 4585 ad
1106 4527 1163 4585 dis·

362 4620 547 4692 pensandum,
569 4618 713 4676 deficiente
732 4607 817 4675 causa
843 4624 904 4674 autc
928 4617 946 4674 il
988 4617 1000 4672 's
1024 4619 1163 4676 executio·

361 4725 439 4782 uem,
463 4709 656 4781 srrspeuditur,
678 4723 712 4764 ne
732 4707 814 4763 liceat
828 4723 895 4764 usos
909 4708 985 4777 eius,
1003 4712 1163 4764 nontamen

362 4800 397 4855 ito
410 4798 590 4870 extinguitur,
607 4798 673 4870 quin
687 4794 818 4853 redeunte
832 4805 917 4852 causa
933 4802 1054 4866 tempore
1066 4793 1161 4867 habili,

362 4889 467 4960 valeat,
491 4895 519 4944 et
540 4887 631 4944 licitus
646 4885 681 4942 sit
693 4887 754 4942 eius
768 4901 848 4955 usus,
865 4891 896 4942 ut
909 4892 985 4942 recte
1000 4883 1082 4941 tradit
1095 4885 1163 4942 Sau-

361 4980 423 5036 cius
439 4977 485 5039 lib.
502 4984 535 5046 8,
560 4976 664 5048 disput.
683 4979 735 5046 30,
755 4991 783 5030 u.
803 4979 853 5032 lt:
870 4991 934 5048 ergo
950 4973 1089 5047 similiter,
1105 4981 1160 5032 etc.

361 5069 482 5140 benique
495 5066 550 5138 lex,
564 5067 645 5122 coins
660 5063 791 5138 obligatio
806 5071 909 5136 cessat,
924 5070 1050 5121 cessante
1064 5079 1160 5136 causa,

1280 2753 1390 2810 Utrum
1399 2748 1593 2824 privilegium
1607 2751 1723 2823 expiret
1735 2765 1790 2822 per
1802 2753 1932 2806 moriem

1450 2838 1548 2896 solone
1562 2836 1756 2896 concedentis.

1392 3019 1395 3026 ’
1481 3003 1723 3069 summarium

1450 3201 1457 3228 ,
1470 3177 1521 3228 quo
1534 3164 1663 3214 amittitur
1683 3162 2016 3228 privilegium-Pristis-

1233 3237 1302 3299 gium
1318 3237 1368 3286 rito
1381 3237 1516 3285 obtentum
1530 3247 1578 3283 rrou
1592 3234 1722 3283 amittitur
1736 3246 1783 3297 per
1795 3241 1904 3284 mortem
1915 3245 2016 3284 conce·

1233 3304 1326 3356 dentis.
1342 3333 1376 3342 -
1389 3304 1415 3354 2.
1430 3304 1578 3367 Explicatur·
1597 3303 1728 3366 praedicta
1747 3303 1837 3364 regula
1850 3303 1941 3353 moltis
1955 3317 2014 3354 uro-

1234 3374 1283 3425 dis.
1297 3401 1331 3412 —
1344 3375 1455 3425 Primum
1467 3373 1573 3424 dubium
1585 3373 1654 3422 circa
1668 3372 1732 3422 banc
1746 3373 1871 3434 regulam.
1886 3373 2014 3434 -Quae

1233 3445 1392 3508 generaliter
1410 3451 1450 3494 est
1471 3455 1540 3493 vera.
1562 3469 1596 3480 -
1614 3443 1639 3492 3.
1660 3443 1787 3494 Prolatus
1806 3441 1958 3502 inductione
1983 3452 2015 3493 ct

1232 3514 1364 3578 exemplis.
1385 3542 1420 3550 -
1439 3514 1465 3564 t.
1485 3511 1560 3562 Aliud
1580 3511 1687 3564 dubium
1705 3513 1774 3562 circa
1792 3511 1916 3562 traditam
1929 3525 2016 3574 regu·

1234 3583 1293 3635 lam.
1301 3609 1335 3620 -
1346 3585 1371 3634 5.
1382 3584 1509 3634 lieiicitur
1521 3582 1641 3632 limitatio
1649 3581 1681 3631 de
1691 3580 1738 3631 bac
1748 3581 1848 3642 regula.
1856 3607 1890 3617 —
1901 3581 1928 3632 6.
1943 3581 2013 3631 Ter-

1233 3653 1299 3704 tium
1317 3651 1433 3703 dubium.
1455 3679 1489 3690 -
1508 3650 1533 3701 ι.
1553 3649 1703 3701 Delenditur
1715 3650 1798 3700 adbuc
1811 3649 1899 3700 cadmo
1913 3655 2013 3712 ιιςιιι

1233 3723 1261 3773 ιι
1273 3735 1350 3774 sensu
1363 3722 1488 3786 generali.
1502 3747 1537 3758 -
1549 3720 1645 3784 Duplex
1656 3720 1747 3771 modus
1756 3719 1913 3770 concedendi
1925 3723 2013 3783 priri-

1233 3791 1411 3855 legium.-8.
1423 3789 1552 3852 Quomodo
1562 3790 1726 3854 privilegium
1736 3789 1836 3852 expiret
1846 3797 1930 3840 morte
1943 3803 2012 3838 corr-

1232 3861 1431 3912 cedemis.-il.
1445 3859 1664 3911 obiectio—10.
1679 3857 1869 3922 Responsio—
1879 3859 1922 3908 tt.
1937 3859 2012 3908 Diffi-

1233 3931 1317 3981 cultas
1328 3933 1397 3981 circe
1408 3931 1532 3980 rationem
1543 3941 1645 3993 paragr.
1663 3940 1749 3991 praec.
1763 3927 1860 3988 damur,
1875 3927 1910 3978 ob
1928 3941 2012 3991 quarn

1232 4001 1362 4052 concessio
1374 3999 1504 4064 privilegii
1517 4005 1654 4049 censeatur
1666 3998 1750 4047 amitti
1763 4004 1847 4047 morte
1861 3998 2011 4048 conceden-

1233 4069 1367 4121 tis-12.
1379 4068 1549 4120 Gondrrnatur
1560 4067 1780 4131 exemplis-ti.
1793 4067 1947 4118 Declaratur
1956 4069 2012 4118 der·

1232 4141 1303 4190 bium
1319 4151 1350 4189 cx
1371 4139 1490 4203 opinione
1508 4138 1645 4202 probabili.
1660 4165 1695 4176 -
1706 4135 1878 4198 Quorumdam
1897 4151 2010 4200 restion-

1232 4208 1594 4272 sio.-lmpugnatur.—-ll.
1608 4207 1704 4269 Duplex
1714 4206 1804 4256 modus
1816 4205 1920 4256 dicendi
1934 4209 2010 4258 eirca

1233 4277 1296 4334 baec
1315 4283 1475 4341 argumenta.
1490 4276 1575 4326 -lb,
1590 4274 1678 4326 ldodus
1691 4275 1841 4339 probabilis.
1856 4299 1891 4312 -
1904 4277 1947 4326 ra.
1962 4277 2012 4326 Sc-

1233 4347 1344 4399 cundum
1357 4348 1499 4397 membrum
1508 4346 1586 4396 buius
1598 4345 1667 4396 modi
1679 4344 1741 4410 quid
1751 4346 1853 4408 probat.
1863 4371 1893 4381 -
1903 4347 1947 4396 tr.
1962 4347 2012 4396 Se-

1225 4417 1332 4469 cundus
1349 4417 1438 4469 modus
1450 4415 1561 4466 dicendi.
1576 4442 1611 4451 —
1625 4415 1669 4466 tt.
1682 4415 1819 4466 bistinctio
1832 4414 1955 4466 notanda.
1972 4444 2010 4452 —

1232 4487 1315 4538 Prima
1326 4493 1385 4551 pars
1393 4485 1660 4537 distinctionis-19.
1672 4485 1761 4534 ultera
1771 4484 2010 4548 pars—bitteren-

1233 4557 1268 4607 tia
1281 4557 1348 4606 inter
1358 4554 2010 4618 duosmodospraedlctos.-llubiumincidens.—

1232 4626 1276 4677 20.
1291 4627 1417 4688 Quaenam
1432 4625 1618 4688 requiruntur,
1633 4630 1662 4673 ut
1675 4623 1840 4687 privilegium
1854 4633 2010 4687 permaneat

1233 4703 1403 4760 postmortem
1409 4693 1660 4746 concedentis-An
1667 4694 1868 4743 instrumentum
1878 4697 2010 4757 scripturn

1231 4774 1257 4815 ot
1268 4766 1394 4816 bullatum
1407 4762 1522 4815 conserat
1535 4760 1566 4812 ad
1579 4763 1753 4826 privilegium.
1763 4789 1796 4800 -
1808 4761 1853 4813 at.
1868 4763 1947 4812 atiud
1959 4765 2009 4814 du-

1233 4835 1302 4885 bium
1319 4835 1351 4884 de
1371 4834 1549 4898 acceptatione
1567 4832 1747 4896 privilegiarii.
1761 4859 1796 4868 -
1807 4833 1958 4884 Conclusio.
1972 4861 2010 4872 -

1232 4903 1400 4968 privilegium
1412 4901 1538 4968 quomodo
1550 4903 1585 4952 sit
1598 4901 1754 4954 remeabile.

1241 5066 1265 5122 ι.
1282 5063 1331 5120 liic
1346 5067 1389 5120 est
1401 5061 1498 5120 tertius
1513 5059 1612 5118 rnodrrs
1625 5058 1778 5117 amissionis
1792 5059 1939 5133 privilegii,
1954 5063 2008 5134 qui

362 5173 416 5214 noo
438 5156 527 5213 statim
549 5154 730 5228 exdnguitur,
746 5153 794 5210 sed
815 5153 1007 5228 suspenditur,
1023 5170 1085 5213 nam
1099 5153 1160 5212 red·
1198 5152 1314 5227 cogitari
1335 5159 1440 5224 potest,
1462 5151 1495 5208 de
1515 5167 1570 5222 quo
1585 5149 1745 5222 dubitatur,
1761 5165 1794 5206 au
1809 5163 1894 5206 verus
1910 5153 1955 5207 sit.
1973 5153 2005 5208 ln

362 5253 445 5306 ιιιιιι
460 5247 656 5305 constiteram
675 5243 793 5320 obligat,
809 5247 841 5303 ut
857 5244 912 5304 late
926 5243 1050 5320 lieocba,
1067 5244 1115 5305 lib.
1135 5248 1159 5304 ι.
1196 5258 1252 5318 quo
1271 5240 1426 5316 generalem
1445 5241 1569 5316 regulam
1584 5240 1741 5314 constituo,
1757 5239 1931 5316 privilegium
1946 5255 2005 5296 nou
