4294 6238
882 393 990 446 carba
1004 396 1064 445 XV.

159 511 286 567 amatori
299 517 377 583 parte
396 512 490 585 populi
509 530 541 572 es
556 513 702 573 devotione
716 517 796 589 liant,
812 534 865 575 non
881 519 958 577 indu·

158 609 227 659 cunt
242 603 469 660 consuetudinem
485 602 610 678 legalem.
624 607 682 663 lmo
697 609 761 665 Soto
776 608 821 664 lib.
831 607 903 666 9.de
916 613 960 666 iu·

158 694 220 747 stit.
237 705 266 762 q.
284 696 312 758 3,
328 698 382 747 art.
402 694 427 760 l,
444 692 523 748 talem
541 709 601 750 esse
620 702 717 752 censet
730 698 959 755 cessaretudinem

156 779 295 837 deserendi
314 781 348 838 ad
367 781 511 838 eeclesiam
532 782 697 842 oblationem
719 803 769 857 pro
783 786 920 844 defunctis
935 788 960 843 in

156 868 199 926 die
225 871 397 940 animarum,
424 871 499 944 quod
523 874 605 930 etiam
630 885 672 931 est
696 875 835 947 probabile
854 876 887 934 de
903 877 961 934 aliis

157 958 339 1015 oblationibus
354 958 525 1032 voluntariis3
537 963 586 1018 nisi
602 963 718 1021 ecclesia
732 972 831 1022 contra
846 966 961 1022 sileren-

156 1051 199 1103 tes
212 1049 439 1120 praescripserit,
459 1057 489 1107 ut
513 1051 566 1109 diri
583 1058 663 1110 tract.
686 1057 709 1111 l.
725 1053 759 1112 de
774 1055 849 1128 relig.
867 1054 914 1111 lib.
931 1059 959 1126 2,

157 1153 220 1210 cap.
239 1143 271 1208 5,
287 1138 332 1195 ubi
351 1154 416 1195 cum
431 1139 515 1197 Caiet.
531 1148 560 1197 et
574 1143 641 1200 Soto
657 1145 764 1217 notavi,
782 1143 959 1216 spectandam

157 1241 219 1282 esse
234 1228 423 1299 intentionem,
440 1243 497 1302 qua
511 1246 600 1286 mores
615 1234 842 1305 introducuntur,
860 1250 924 1292 nam
939 1234 961 1290 si

157 1329 191 1371 es
206 1315 264 1372 sola
279 1314 423 1373 devotione
438 1318 613 1390 incipiant,et
626 1323 834 1395 continuentur,
850 1338 906 1380 non
921 1325 961 1379 in-

1684 384 1742 448 eit

1032 523 1174 575 sententia:
1195 521 1282 574 decem
1302 535 1425 575 annorum
1448 531 1548 590 tempus
1570 534 1611 578 est
1624 528 1799 579 necessarium

1030 599 1057 643 et
1070 593 1209 644 sufficiens,
1220 594 1287 642 -3,
1299 593 1442 644 Notandum
1452 595 1485 644 de
1499 608 1624 647 annorum
1636 604 1752 660 tempore
1767 597 1798 647 ad

1030 663 1250 714 consuetudinem.
1266 689 1302 700 -·
1316 663 1341 712 l.
1356 665 1394 713 An
1407 663 1541 715 distinctio
1559 665 1591 714 de
1609 667 1657 717 hoc
1675 679 1799 717 annorum

1032 737 1147 796 tempore
1167 734 1193 782 in
1213 733 1341 796 praesenti
1360 734 1394 783 sit
1413 733 1517 784 utenda.
1536 763 1570 771 -
1592 735 1616 785 5.
1645 737 1798 786 Maeonium

1031 807 1071 850 est
1091 802 1234 863 sufficiens,
1255 807 1284 852 ut
1303 803 1463 854 coarsuetudo
1481 803 1630 855 inducetur.
1641 833 1675 841 —
1687 805 1713 855 6.
1725 806 1801 856 Obie-

1030 870 1093 922 ctlo.
1105 899 1138 908 -
1149 872 1273 922 Solvitur.
1286 899 1317 908 -
1329 872 1354 922 7.
1370 872 1437 922 Nibil
1450 873 1553 923 obstant
1566 873 1685 925 doctores
1697 882 1800 925 contra·

1033 940 1099 989 rium
1121 941 1353 991 sentientes—8.
1367 943 1477 1005 Tempus
1498 941 1565 992 inira
1586 943 1740 994 decennium
1759 951 1800 995 est

1032 1008 1239 1060 indefinitum—
1250 1009 1373 1060 indicium
1383 1012 1686 1074 consuetudinis—Qua
1699 1015 1799 1064 ratione

1031 1079 1159 1128 sententia
1176 1078 1230 1129 Soti
1249 1080 1331 1129 locum
1348 1080 1440 1130 babeat
1457 1083 1482 1130 in
1495 1081 1542 1132 bac
1556 1081 1752 1134 consuetudine.
1763 1109 1800 1120 -

1033 1148 1060 1198 9.
1075 1148 1192 1198 Dubium.
1204 1147 1402 1212 -l'requentia
1422 1157 1526 1200 actuum
1544 1149 1601 1200 lieri
1619 1151 1697 1202 debet
1716 1164 1747 1200 ex
1760 1153 1799 1201 in-

1032 1218 1147 1268 tentione
1160 1219 1201 1268 ius
1218 1217 1365 1268 inducendi.
1378 1245 1413 1256 —
1425 1220 1466 1270 ld.
1482 1219 1508 1269 ln
1521 1219 1600 1270 dubio
1611 1226 1652 1270 est
1665 1221 1750 1284 potius
1762 1221 1801 1270 di·

1031 1287 1156 1348 cendum,
1174 1286 1386 1338 consarctudinem
1399 1301 1455 1338 essa
1467 1289 1611 1340 denotionis
1625 1290 1664 1339 vel
1681 1289 1801 1340 honesta·

1033 1357 1081 1416 tis,
1101 1369 1176 1420 quam
1195 1357 1369 1418 obligationis.
1388 1369 1423 1393 ·-
1435 1357 1522 1408 Modus
1535 1365 1562 1408 ει
1575 1359 1689 1420 animus,
1703 1360 1798 1422 quibus

157 1403 267 1461 ducunt
282 1407 418 1478 propriam
434 1408 673 1466 consuetudinem.
721 1407 726 1417 '

196 1495 241 1551 Sic
266 1510 332 1566 ergo
360 1494 428 1552 dixit
450 1495 546 1554 Glossa
567 1501 593 1554 in
616 1498 690 1558 dicto
714 1501 802 1573 capite
821 1505 957 1564 mustra,

156 1583 222 1641 dist.
240 1590 269 1651 8,
284 1585 319 1640 ad
334 1586 562 1644 consuetudinem
578 1592 764 1646 necessarium
785 1606 861 1658 esse,
883 1597 915 1647 ut
928 1605 960 1646 eo
998 1613 1005 1624 ·

159 1675 250 1731 animo
271 1681 300 1731 et
322 1675 469 1732 intentione
490 1684 631 1750 servetur,
653 1683 685 1735 ut
704 1683 751 1736 ius
764 1683 961 1754 inposterum
1825 1752 1828 1760 Ι

150 1762 226 1836 fist.
244 1763 318 1820 ldem
332 1764 427 1820 Glossa
442 1765 468 1821 in
481 1765 560 1823 dicto
576 1781 637 1839 cap.
654 1768 705 1825 ult.
721 1768 755 1826 de
768 1775 895 1825 consuet.
913 1768 959 1825 ubi
1000 1781 1004 1792 ·
1039 1765 1062 1820 t.
1078 1763 1115 1819 be
1130 1777 1243 1819 numero
1266 1778 1317 1820 seu
1335 1761 1489 1836 frequentia
1503 1771 1617 1820 actuum
1632 1761 1665 1820 ad
1680 1779 1799 1854 consue·

158 1853 229 1910 libb.
245 1869 323 1910 uum.
344 1857 389 1912 ll.
405 1853 431 1910 in
451 1854 547 1911 eodem
568 1873 652 1914 sensu
672 1858 756 1930 dicit,
777 1856 963 1929 deberefieri
996 1851 1120 1909 tudinem
1145 1853 1317 1924 sufficiente,
1343 1853 1409 1909 satis
1433 1855 1460 1908 in
1485 1853 1674 1924 superioribus
1693 1852 1798 1909 dictum

157 1947 261 2000 onemo
284 1941 449 2000 inclamandi
472 1945 724 2003 consuetudinem.
749 1948 822 2004 idem
847 1948 882 2003 ibi
908 1946 961 2002 late
997 1947 1054 2012 εει,
1072 1942 1114 1997 hic
1129 1956 1194 2015 ergo
1209 1941 1299 1998 solum
1313 1941 1462 1998 dicendum
1476 1947 1600 2014 superest
1614 1940 1648 1997 de
1667 1943 1800 2013 temporis

158 2032 273 2092 Rechus
286 2033 365 2088 Gurt.
381 2039 495 2097 secat,
511 2051 539 2090 n.
557 2039 604 2106 36,
621 2037 668 2092 ubi
683 2037 750 2093 alios
766 2035 858 2094 refert.
881 2037 960 2094 Ratio
998 2028 1185 2087 diuturnitate.
1202 2032 1269 2088 Nam
1292 2031 1355 2086 licet
1375 2030 1544 2104 dixerimus,
1567 2032 1714 2105 quamdam
1736 2046 1797 2088 essa

158 2123 242 2179 etiam
254 2129 297 2178 est
309 2120 402 2194 clara,
423 2123 488 2195 quia
502 2131 583 2181 actus
599 2126 737 2196 agentium
754 2141 807 2181 non
824 2131 962 2195 transgre·
998 2119 1230 2176 consuetudinem
1242 2122 1449 2192 praescriptam,
1461 2127 1489 2176 et
1503 2119 1582 2176 aliam
1597 2136 1652 2177 nou
1664 2120 1800 2192 praescri·

159 2210 273 2268 diuntur
287 2212 464 2268 intentionem
479 2214 663 2270 eorumltem
677 2214 740 2287 qrria
755 2214 789 2270 de
803 2216 907 2271 ratione
927 2211 963 2269 le·
997 2214 1087 2277 ptem,
1105 2224 1156 2264 non
1177 2215 1265 2264 tamen
1279 2208 1445 2280 explicatum
1460 2215 1517 2279 est,
1534 2209 1672 2282 quomodo
1686 2209 1746 2266 illae
1761 2207 1796 2266 ad

158 2303 201 2373 gis
215 2308 272 2370 est,
294 2308 326 2358 ut
343 2302 388 2356 lint
408 2316 473 2357 cum
489 2303 638 2360 intentione
652 2302 798 2376 obligandi.
816 2305 882 2360 ltenr
895 2304 961 2374 quia
998 2299 1040 2353 ius
1055 2298 1285 2356 introducendum
1301 2299 1454 2370 sufficiant,
1471 2315 1522 2356 nec
1536 2305 1669 2371 quantum
1689 2305 1798 2370 tempus

159 2405 239 2462 namo
255 2405 283 2446 se
297 2388 400 2462 obligat
410 2392 467 2468 siue
481 2390 680 2464 intentione,ut
692 2392 718 2447 in
730 2399 795 2448 voto
807 2397 836 2448 et
846 2391 962 2463 promis·
999 2389 1155 2461 requirant:
1177 2388 1228 2445 boc
1250 2389 1331 2462 igitur
1351 2389 1376 2445 iu
1398 2390 1532 2461 praesenti
1553 2390 1641 2462 eapite
1661 2387 1799 2461 explican-

159 2479 233 2534 sione
248 2483 367 2534 constat.
382 2479 418 2534 Et
432 2481 557 2551 quamvis
572 2496 621 2551 per
635 2480 861 2538 consuetudinem
873 2496 959 2552 popu·
999 2476 1065 2533 dum
1078 2486 1131 2534 est.

159 2566 203 2623 lus
217 2566 319 2624 babens
334 2570 503 2638 superiorem
517 2584 569 2624 non
585 2570 709 2627 videatur
719 2587 748 2628 sa
760 2570 897 2642 obligare,
912 2569 961 2626 sed
1035 2571 1063 2624 2.
1078 2567 1112 2623 Et
1129 2569 1154 2622 in
1171 2567 1264 2638 primis
1278 2573 1386 2623 certum
1400 2573 1454 2638 est,
1470 2567 1664 2639 praescriptam
1675 2581 1797 2623 scensue·

159 2655 273 2728 obligari
293 2673 308 2712 a
327 2655 385 2728 lege
410 2673 463 2713 non
478 2659 598 2731 scripta,
623 2667 651 2716 et
665 2665 895 2732 consequentera
914 2676 962 2717 vo·
998 2655 1119 2712 tudinem
1132 2655 1164 2712 de
1181 2672 1210 2712 se
1225 2655 1354 2713 sullicere
1367 2656 1399 2712 ad
1416 2656 1502 2728 legem
1514 2654 1799 2713 introducendamlta

159 2747 265 2804 luntate
291 2748 460 2818 superioris3
482 2747 651 2805 nihilominus
670 2753 735 2822 quin
756 2752 884 2821 princeps
909 2763 961 2804 non
996 2744 1068 2804 enirn
1083 2745 1376 2817 colligiturnperteex
1392 2743 1556 2816 eap.ult.de
1572 2751 1739 2802 consuetur
1753 2761 1799 2801 su-

159 2836 218 2892 rult
230 2851 279 2908 per
298 2835 524 2894 consuetudinem
537 2837 819 2911 obligare,plusquam
841 2839 957 2910 populus
997 2832 1098 2904 periori
1113 2834 1203 2905 capita
1217 2832 1369 2903 declaravi,
1385 2840 1412 2890 et
1427 2832 1538 2891 tradunt
1551 2836 1734 2890 communiter
1749 2835 1799 2891 do·

161 2925 225 2981 velit
244 2924 375 2996 obligari,
401 2924 463 2980 ideo
487 2927 644 2982 necessaria
659 2935 702 2984 est
721 2942 753 2982 es
769 2931 846 2998 parte
867 2925 961 2998 populi
997 2929 1088 2980 ctores
1102 2923 1136 2978 ibi
1152 2922 1270 2995 allegati.
1288 2925 1367 2980 Circa
1381 2931 1488 2994 tempus
1505 2929 1595 2980 autam
1611 2924 1797 2981 necessarium

158 3015 270 3070 intentio
285 3012 430 3069 inducendi
444 3017 584 3086 propriam
598 3017 838 3088 consuetudinem,
850 3021 878 3072 et
893 3015 959 3072 obli·
996 3012 1030 3069 ad
1046 3012 1115 3070 banc
1130 3014 1374 3084 praescriptionem
1394 3016 1484 3070 variae
1498 3019 1562 3070 saint
1576 3012 1722 3085 opiniones.
1743 3012 1797 3074 Ali-

158 3104 298 3175 gailonem
312 3102 372 3158 eius
386 3117 418 3158 eo
434 3103 525 3174 modo,
541 3119 597 3176 quo
612 3111 736 3176 possunt.
997 3103 1044 3175 qui
1059 3103 1130 3159 onim
1151 3103 1255 3176 antiqui
1276 3100 1466 3159 immemoriale
1485 3108 1594 3173 tempus
1608 3101 1796 3174 postulabant,

199 3195 226 3247 6.
241 3186 362 3246 Tandem
382 3189 489 3264 signum
505 3191 587 3249 buius
609 3193 756 3252 velrrntatis
777 3200 805 3250 et
822 3193 963 3266 obligatio·
997 3199 1087 3248 tamen
1110 3191 1166 3246 sine
1187 3190 1379 3248 lrrndamento:
1396 3198 1425 3247 et
1445 3191 1480 3246 ita
1496 3190 1593 3247 relicta
1605 3196 1634 3246 st
1654 3191 1796 3263 antiquata

159 3280 200 3336 nis
212 3287 254 3336 est
267 3281 326 3350 ipsa
339 3282 514 3338 consuetudo
532 3281 605 3337 lacti.
621 3285 662 3340 lta
676 3284 747 3339 euim
761 3283 829 3340 dixit
842 3282 961 3340 lulianus
997 3285 1039 3336 est
1057 3279 1101 3337 illa
1115 3282 1259 3336 sententia.
1269 3279 1320 3336 Alii
1333 3280 1358 3335 in
1372 3280 1506 3336 canoniea
1516 3278 1716 3335 consuetudine
1728 3295 1796 3352 qua·

159 3371 187 3425 in
208 3368 282 3426 dicta
298 3367 358 3442 lege
376 3366 411 3425 de
430 3369 550 3442 petbus:
568 3370 648 3446 Quid
665 3376 798 3440 timescat,
815 3370 962 3445 episcopio
996 3368 1120 3442 draginta
1136 3385 1272 3426 annorum
1284 3369 1400 3441 spatium
1413 3371 1570 3442 requirunt,
1581 3373 1611 3424 ut
1624 3369 1760 3424 llostians.
1771 3370 1797 3424 in

157 3456 573 3532 populusooluntstenssncm
584 3459 726 3528 declaret,
739 3477 781 3518 on
790 3461 878 3518 rebus
888 3464 963 3534 ipsis
997 3456 1075 3515 Sum.
1084 3460 1124 3514 tit.
1138 3458 1172 3515 dc
1186 3463 1314 3514 consuet.
1328 3457 1340 3527 fl
1356 3455 1516 3514 obtentum.
1530 3456 1583 3513 Sed
1597 3456 1650 3512 boc
1666 3456 1745 3534 babet
1758 3456 1798 3512 lo·

160 3550 188 3602 et
203 3544 326 3618 suciis?
349 3554 377 3603 et
397 3547 466 3604 idem
480 3547 622 3606 intendunt
635 3550 686 3606 alia
700 3551 769 3607 iura.
786 3554 825 3607 dc
840 3549 960 3623 danique
998 3563 1063 3604 cunr
1078 3546 1103 3603 in
1120 3547 1178 3616 his,
1194 3561 1264 3620 quae
1280 3553 1345 3604 sunt
1359 3548 1532 3619 contraius,
1548 3561 1602 3602 non
1618 3547 1643 3600 in
1660 3546 1711 3618 bis,
1727 3560 1798 3618 quae

160 3650 193 3691 err
214 3637 353 3693 communi
373 3640 579 3709 acceptatione,
594 3644 622 3695 et
635 3641 713 3713 quasi
729 3641 847 3697 naturali
862 3641 962 3714 signifi·
997 3643 1062 3694 sunt
1081 3643 1188 3709 praeter
1203 3638 1256 3693 ius.
1272 3635 1349 3693 Unde
1364 3635 1397 3692 ad
1418 3635 1488 3692 banc
1502 3634 1731 3693 consuetudinem
1751 3633 1799 3691 de·

162 3725 270 3781 cutione
284 3731 426 3796 receptum
439 3732 483 3782 est
496 3727 548 3783 hoe
563 3729 669 3801 siguum
681 3729 887 3787 consuetudinis
903 3735 963 3785 tan-
997 3741 1057 3784 cem
1074 3740 1207 3783 annorrrm
1220 3733 1329 3798 tempus
1342 3726 1527 3783 necessarium
1538 3731 1566 3782 et
1576 3725 1718 3782 sulliciens
1733 3740 1799 3780 cen·

161 3830 243 3887 quam
265 3814 405 3872 sulliciens
423 3814 457 3872 ad
472 3815 643 3874 indicandam
657 3817 739 3875 talem
754 3818 848 3891 populi
863 3817 961 3875 solun·
997 3823 1093 3888 setar,
1109 3815 1191 3872 etiam
1206 3816 1232 3871 in
1248 3815 1380 3872 canonica
1394 3816 1517 3872 materia.
1536 3817 1575 3871 lta
1589 3820 1679 3872 tenent
1691 3812 1799 3886 glossae

89 3915 94 3924 ·
164 3910 263 3976 ιειειιι,
283 3903 394 3976 quando
413 3920 462 3977 per
476 3911 585 3975 tempus
600 3905 756 3980 sufficiens,
775 3915 803 3965 et
818 3923 867 3980 per
882 3907 961 3964 sulli—
997 3920 1082 3977 supra
1096 3903 1240 3978 allegatae,
1255 3909 1282 3960 et
1295 3905 1370 3961 Bart.
1387 3906 1515 3962 Panorm.
1537 3903 1650 3962 Rocbus
1671 3909 1699 3960 et
1712 3902 1755 3960 alii
1770 3906 1798 3960 in

162 3994 279 4051 cientem
300 4002 415 4052 actuum
436 3994 617 4068 trequentiam
638 3998 798 4055 continuata
822 4003 874 4054 est.
891 3997 962 4053 bita-
998 3995 1066 4052 locis
1081 4010 1161 4066 saepe
1177 3993 1352 4066 allegatisllt
1364 3992 1436 4056 illos,
1452 4010 1483 4051 ac
1499 3993 1566 4051 alios
1580 3992 1701 4050 reserens
1716 3992 1798 4051 tradit

160 4083 253 4140 crrltas
273 4089 365 4140 autenr
379 4085 521 4158 specialis,
543 4101 614 4158 quse
628 4087 673 4143 bic
688 4099 814 4159 superest
829 4088 907 4144 circs
924 4089 963 4144 in·
996 4085 1095 4141 Gosar.
1109 4083 1156 4140 lib.
1172 4085 1196 4140 t.
1212 4084 1312 4140 variar.
1326 4098 1390 4154 cap.
1404 4083 1449 4153 tt,
1462 4099 1489 4139 n.
1501 4088 1528 4153 8,
1543 4077 1682 4155 ipsene,
1696 4086 1725 4137 et
1738 4097 1800 4138 sen·

163 4175 310 4230 tentionem
332 4173 403 4230 banc
424 4178 606 4232 necessariam
621 4175 654 4232 ad
669 4177 915 4247 consuetudinem,
936 4184 963 4234 et
996 4176 1031 4231 tit
1044 4177 1143 4231 Nasus.
1155 4173 1181 4228 in
1196 4174 1273 4230 Sum.
1291 4188 1317 4229 c.
1340 4175 1384 4241 te,
1399 4189 1426 4228 u.
1449 4177 1493 4230 19.
1509 4172 1587 4228 Ratio
1602 4172 1698 4242 prioris
1713 4172 1799 4242 pertis

160 4262 194 4319 de
209 4264 294 4335 signis
315 4262 388 4321 illius
407 4263 570 4322 tractabitur
583 4265 756 4324 commodius
775 4266 801 4322 in
820 4267 870 4323 fine
889 4267 962 4340 eapi-
998 4270 1052 4335 est,
1067 4265 1132 4335 qnia
1147 4263 1207 4318 iura
1221 4261 1334 4335 dieunt,
1349 4261 1508 4333 lpngaemm
1523 4259 1564 4315 vel
1578 4259 1718 4332 antiquam
1732 4273 1799 4315 con-

162 4352 198 4409 tis
217 4352 365 4426 sequentis.
998 4350 1171 4410 suetudinem
1186 4350 1220 4407 sd
1234 4349 1308 4407 buno
1322 4349 1451 4406 ellectum
1467 4347 1607 4419 sulficere,
1619 4347 1667 4404 sed
1681 4346 1716 4404 ad
1729 4348 1798 4404 anti·

441 4502 581 4572 cram
602 4503 678 4573 xv.
998 4435 1800 4608 illaillalibb?tbtbdtbbtbbt

999 4619 1100 4691 plicata
1114 4624 1167 4675 est.
1183 4619 1263 4674 Ratio
1277 4624 1367 4674 autem
1382 4617 1495 4674 ulterius
1510 4616 1593 4689 partis
1606 4621 1665 4687 est,
1681 4617 1746 4689 quia
1760 4623 1800 4674 ta·

999 4707 1032 4764 bs
1051 4705 1225 4764 consrretudo
1245 4722 1299 4763 non
1313 4711 1356 4763 est
1375 4707 1547 4776 contraius,
1562 4705 1609 4762 sed
1624 4712 1731 4777 praeter
1743 4705 1797 4778 ius,

997 4804 1029 4854 ut
1054 4799 1244 4869 supponimus:
1271 4802 1302 4853 ut
1325 4802 1416 4852 auteur
1440 4801 1549 4852 consmt
1569 4809 1601 4852 err
1628 4797 1742 4852 materia
1765 4795 1799 4851 de

999 4886 1273 4960 praescriptionibus,
1288 4887 1315 4942 in
1331 4885 1386 4957 bis,
1404 4900 1475 4958 quae
1490 4901 1542 4941 uon
1556 4892 1621 4941 sunt
1634 4892 1731 4942 eontra
1744 4886 1798 4959 ius,

999 4991 1054 5032 non
1075 4974 1226 5047 requiritur
1243 4975 1331 5030 maius
1351 4981 1460 5045 tempus
1475 4973 1534 5030 iure
1553 4973 1700 5045 canonico,
1716 4989 1799 5047 quam

999 5064 1071 5122 cirili
1083 5062 1117 5120 nd
1129 5063 1385 5136 praescriptionem,
1397 5078 1480 5136 qurum
1489 5063 1516 5118 in
1528 5062 1579 5119 hac
1592 5063 1720 5135 temporis
1732 5079 1802 5121 con·

1031 1425 1136 1475 inducta
1149 1433 1189 1476 est
1199 1427 1369 1487 cousuetudo,
1381 1427 1565 1491 relinquuntur
1578 1428 1674 1478 iudicio
1686 1429 1798 1492 pruden-

1032 1495 1066 1545 tis
1079 1497 1292 1556 viri.—Quatuor
1304 1496 1468 1547 coniecturae
1481 1497 1512 1547 ad
1526 1497 1688 1548 iudicandum
1700 1497 1732 1548 de
1745 1499 1800 1548 ani·

1032 1577 1072 1614 nto
1083 1564 1220 1615 inducendi
1232 1565 1453 1616 consuetudinem.

253 4683 372 4758 Οειιιιιι
385 4679 528 4755 temporis
541 4683 721 4741 consuetudo
735 4683 869 4758 sufficiat

376 4768 419 4828 ad
431 4769 633 4831 tredaccendum
647 4771 748 4847 lenem.
811 4780 813 4786 '

436 4951 680 5015 summarium

162 5107 965 5243 1ἒθιῑιὲιιᾜὲἷῗιᾶοᾳῖἳῖεὲἒειῧῗὲεὲἓἪξῖῃςζιῖἶῗὲᾞῖᾎ,ζ’
1000 5155 1100 5214 ditione
1122 5148 1294 5212 consuetudo
1313 5153 1485 5227 praescripta
1505 5153 1644 5228 imitatur,
1667 5158 1801 5225 utsupra

195 5261 253 5313 gem
275 5248 495 5302 introducendam.
515 5275 550 5287 -
568 5249 664 5314 Duplex
687 5252 827 5303 sententia.
845 5277 881 5291 -
897 5254 962 5305 Vera
999 5245 1088 5302 visum
1102 5235 1253 5318 eatp'ergn.
