4294 6238
884 389 1065 445 carmxx.
1696 383 1758 446 337

152 527 209 586 rior
219 525 391 592 universalis,
399 530 514 582 revocat
524 523 643 595 priorem
652 520 959 591 universalem,etiamsi
994 526 1133 594 quatenus
1155 519 1319 578 universales
1338 528 1403 578 sunt
1418 523 1444 577 in
1459 538 1624 597 unaquaque
1639 527 1791 600 provincia,

152 618 223 675 illius
239 619 403 674 mentionem
422 632 476 672 non
491 615 585 684 laniat,
602 621 633 670 ut
645 616 671 668 in
691 613 765 671 dicto
785 612 873 682 capite
892 611 960 668 diei·
993 615 1021 666 et
1036 617 1233 683 comparantur
1253 610 1291 666 ad
1302 610 1515 668 consuetudines
1531 614 1738 684 particularium
1754 617 1793 673 lo·

152 716 213 778 tur,
230 707 277 763 sed
295 703 469 763 consuetudo
484 702 645 761 universalis
660 703 741 760 babet
751 703 805 758 vim
817 702 884 774 legis
897 702 956 758 uni·
993 717 1107 770 corum,
1130 700 1219 774 regni,
1242 699 1282 755 vel
1303 701 1473 772 provinciae,
1488 703 1525 758 ita
1541 707 1571 758 ut
1585 712 1712 761 servetur
1728 705 1807 777 pro-'

152 797 282 864 versalia,
297 802 325 852 at
341 801 487 866 reputator
499 796 542 851 ius
553 793 716 850 canonicum
726 834 733 862 ,
745 792 787 848 vel
799 791 891 858 civile,
904 806 957 846 non
993 791 1097 862 portio,
1112 793 1152 845 sic
1169 790 1240 846 enim
1255 792 1334 846 etiam
1351 789 1445 847 militat
1459 791 1552 848 eadem
1564 795 1633 849 ratio
1644 801 1671 849 et
1684 795 1794 852 iurisdi-

152 889 306 959 scripturn;
328 900 407 958 ergo.
428 886 495 940 Item
516 881 662 954 princeps,
684 882 732 953 qrri
752 882 812 937 iura
825 880 916 936 omnia
931 879 956 935 in
993 879 1057 936 ctio.
1071 880 1115 935 Sic
1130 895 1196 952 ergo
1208 880 1322 935 assertio
1337 885 1379 935 est
1389 895 1518 950 expresse
1528 881 1663 942 declarata
1677 885 1702 938 in
1717 882 1792 942 dicto

153 979 256 1034 scrinio
279 976 398 1047 pectoris
419 975 462 1030 sui
483 978 613 1029 censetur
633 969 733 1027 babere
750 969 799 1038 lut
816 968 917 1025 dicitur
931 970 957 1023 in
992 983 1054 1038 cop.
1078 975 1102 1028 1.
1126 967 1160 1026 da
1180 970 1292 1025 constit.
1313 968 1339 1023 in
1360 973 1392 1040 6,
1413 971 1459 1026 ubi
1476 971 1558 1027 etiam
1573 973 1642 1028 ratio
1656 973 1791 1044 redditur,

153 1067 227 1124 dicto
244 1080 307 1136 cap.
323 1071 347 1136 l,
362 1070 390 1119 et
403 1064 429 1119 in
442 1062 460 1118 l.
473 1065 616 1128 omnium,
630 1060 660 1116 C.
676 1060 710 1124 de
722 1065 830 1118 testam.
844 1057 863 1130 l,
876 1057 956 1115 etiam
991 1060 1056 1131 quia
1074 1059 1215 1131 legislator
1234 1058 1396 1116 universalis
1415 1076 1469 1116 non
1487 1067 1616 1118 censetur
1632 1065 1704 1119 scire
1720 1063 1793 1121 tacta

78 1203 86 1214 .
154 1163 284 1214 censetur
305 1169 359 1210 non
381 1154 505 1226 ignorare
519 1150 703 1208 universalem
717 1146 955 1218 consuetudinem,
992 1149 1180 1221 particularia,
1193 1148 1227 1206 ad
1244 1165 1314 1222 quae
1332 1149 1691 1220 pertineotconsuetudines
1708 1155 1793 1223 parti·

153 1262 221 1316 ergo
243 1250 375 1302 censetor
397 1256 527 1299 revocare
541 1241 631 1308 illam,
647 1236 752 1296 edendo
767 1236 871 1312 legem,
886 1252 957 1310 qnae
992 1237 1128 1295 cularium
1144 1237 1285 1308 locorum,
1298 1253 1364 1310 ergo
1376 1233 1430 1296 noo
1442 1246 1571 1297 censetur
1582 1241 1649 1297 velle
1660 1258 1792 1300 revocare

154 1351 220 1394 cnm
237 1334 283 1390 illa
298 1332 448 1389 subsistere
462 1346 515 1387 non
531 1323 629 1402 potest'.
991 1329 1052 1386 illas
1072 1344 1120 1401 per
1137 1328 1224 1401 legem
1243 1329 1444 1401 universalem,
1460 1330 1510 1386 nisi
1530 1346 1623 1388 aarum
1645 1332 1728 1389 iaciat
1746 1347 1792 1390 ex·

196 1429 221 1484 i.
236 1425 271 1480 Et
286 1422 338 1478 boc
349 1437 414 1478 cnm
427 1421 600 1492 proportione
613 1416 738 1490 procedit
748 1419 775 1473 in
789 1431 956 1489 unoquoque
992 1423 1115 1490 pressam
1126 1419 1300 1490 mentionem,
1311 1417 1352 1474 vel
1365 1418 1458 1475 saltem
1470 1419 1497 1474 in
1510 1435 1608 1492 genere
1621 1436 1714 1478 ornnes
1726 1436 1791 1478 con·

153 1516 315 1588 episcopatu
339 1525 388 1581 pro
408 1509 513 1580 iegibus
531 1507 725 1584 synodalibus,
739 1513 767 1563 et
780 1505 958 1562 consuetudi·
993 1511 1088 1565 trarins
1107 1506 1323 1568 consuetudines
1343 1516 1472 1578 revocet,
1492 1508 1616 1566 addendo
1638 1509 1793 1567 clausulam

154 1605 234 1660 nibus
252 1599 423 1675 generalibus
440 1597 658 1670 uniuscuiusque
673 1595 811 1654 diaecesis.
827 1596 957 1668 idemque
990 1597 1210 1666 nonobstante,
1228 1604 1284 1654 etc.
1304 1599 1392 1670 Atque
1409 1599 1435 1653 in
1455 1597 1509 1655 hoc
1524 1599 1604 1656 edam
1625 1602 1793 1657 conveniunt

153 1693 209 1749 erit
224 1693 251 1748 in
266 1689 369 1764 legibus
384 1686 508 1754 civilibus
528 1686 700 1760 singulorum
718 1700 866 1758 regnorum
881 1700 956 1740 com·
991 1689 1086 1744 Glossa
1096 1693 1124 1744 et
1136 1685 1265 1744 doctores
1277 1687 1302 1742 in
1317 1685 1392 1744 dieto
1403 1703 1464 1759 cap.
1479 1693 1503 1746 l.
1514 1687 1547 1744 da
1564 1691 1707 1748 constitet.
1724 1691 1749 1747 in
1763 1695 1792 1764 e,

153 1782 256 1855 paratis
274 1779 307 1836 ad
322 1775 535 1836 consuetudines
554 1775 722 1834 universales
738 1773 957 1847 uniuscuiusque
991 1783 1019 1834 et
1033 1777 1059 1833 in
1074 1793 1137 1848 cop.
1155 1775 1207 1834 ult.
1222 1775 1256 1833 de
1270 1783 1397 1834 consuet.
1414 1777 1460 1833 ubi
1475 1779 1623 1835 Panormit.
1637 1797 1667 1836 n.
1678 1783 1726 1852 at,
1740 1782 1795 1837 llo-

154 1873 246 1945 regni,
267 1884 329 1925 nom
344 1873 387 1924 est
400 1865 495 1923 eadem
510 1866 660 1937 proportio.
673 1862 792 1936 ideoque
806 1862 874 1919 dixit
887 1861 956 1918 abb.
991 1866 1062 1924 ebus
1077 1873 1149 1924 sect.
1168 1869 1194 1937 l,
1211 1882 1238 1921 n.
1256 1869 1308 1939 30,
1325 1873 1352 1922 et
1364 1866 1442 1922 Paul.
1458 1869 1597 1924 castrans.
1611 1870 1690 1926 lason
1703 1876 1731 1926 et
1749 1869 1793 1928 olii

153 1965 182 2020 in
196 1977 258 2034 cop.
275 1960 325 2018 ult.
345 1957 379 2014 de
393 1963 521 2013 consuat.
534 1971 612 2012 num.
624 1954 677 2013 ult.
691 1953 766 2027 quod
778 1954 800 2009 si
812 1953 909 2010 civitas
920 1952 959 2008 le·
991 1957 1018 2012 in
1032 1955 1060 2012 d.
1077 1957 1094 2014 l.
1111 1954 1147 2012 de
1165 1955 1279 2029 quibus.
1295 1958 1330 2012 at
1349 1971 1414 2013 vero
1432 1957 1505 2014 Bari.
1527 1958 1554 2013 in
1569 1957 1665 2016 eadent
1684 1958 1744 2032 lega
1757 1957 1794 2016 dc

155 2053 195 2109 cit
216 2056 350 2108 statutum
371 2054 469 2104 contra
489 2061 567 2102 suarn
581 2041 828 2114 consuetudinem,
844 2049 959 2099 revocat
991 2045 1107 2120 quibus,
1122 2049 1148 2102 in
1163 2045 1227 2104 lect.
1242 2063 1269 2102 n.
1285 2050 1311 2102 5.
1326 2047 1392 2103 citat
1405 2045 1556 2104 Gnidonem
1567 2047 1593 2104 in
1609 2041 1790 2120 contrarium,

154 2141 244 2212 illam,
260 2140 326 2197 licet
340 2136 373 2194 de
386 2135 496 2192 illanon
511 2135 593 2191 laniat
606 2135 789 2205 mentionem,
805 2133 869 2204 qnia
880 2146 957 2204 prae·
991 2135 1106 2209 ipsalpne
1123 2135 1234 2194 videtur
1255 2135 1325 2192 idern
1345 2137 1447 2193 sentire
1467 2137 1620 2196 secundnm
1642 2139 1684 2194 ius
1699 2139 1791 2211 civile,

154 2232 274 2287 sumitur
290 2228 363 2284 scire
376 2224 605 2283 consuetudinem
620 2239 714 2293 snam,
728 2237 794 2278 cnm
808 2225 958 2277 consuetu·
992 2233 1105 2299 propter
1116 2226 1134 2283 Ι,
1146 2224 1197 2296 ,ῃ
1210 2229 1312 2292 Divos,
1328 2225 1356 2282 ff,
1369 2224 1402 2282 de
1414 2227 1502 2297 sepul,
1515 2226 1580 2283 aiot,
1594 2227 1658 2283 licet
1670 2235 1792 2284 nostram

154 2319 190 2377 do
205 2321 263 2375 sine
279 2317 393 2374 scientia
404 2314 497 2387 populi
510 2331 565 2371 non
578 2312 784 2370 introducatur.
796 2311 854 2384 Ego
866 2315 957 2367 anum
993 2316 1152 2374 sententiam
1165 2313 1290 2372 admittat
1301 2314 1454 2372 seeundum
1466 2315 1509 2372 ins
1520 2318 1684 2373 canonicum
1695 2357 1703 2386 ,
1716 2324 1745 2373 et
1755 2319 1793 2372 ita

154 2409 209 2466 boc
223 2416 290 2480 puto
307 2403 524 2478 intelligendum,
537 2401 792 2460 dummodoclvitas
804 2399 957 2456 absolutam
993 2404 1067 2462 illam
1087 2402 1217 2461 intellexit
1236 2405 1384 2461 Panormit.
1408 2420 1505 2477 supra,
1528 2413 1557 2462 et
1576 2405 1621 2462 illa
1641 2405 1693 2462 luit
1710 2407 1793 2463 etiarn

154 2502 318 2570 potestatem
336 2492 473 2552 statuendi
488 2493 603 2563 bsbeat,
618 2491 660 2548 vel
675 2491 697 2547 si
718 2489 820 2562 indiget
837 2489 956 2560 licentia,
992 2494 1124 2550 sententia
1141 2491 1237 2550 Azouis
1249 2493 1275 2548 in
1287 2493 1410 2563 Summa,
1423 2508 1506 2565 quem
1517 2494 1611 2567 relert,
1626 2501 1654 2551 et
1670 2497 1797 2568 sequitur

153 2593 203 2644 aut
216 2585 420 2644 confirmatione
442 2583 583 2656 principis,
595 2581 672 2638 illum
684 2582 831 2638 cernerem
847 2578 956 2651 reddat,
991 2583 1130 2640 Hostiens.
1151 2583 1179 2638 in
1200 2584 1313 2638 Summa
1334 2582 1375 2638 tit.
1399 2581 1432 2638 de
1444 2583 1610 2640 consuetud.
1623 2580 1635 2648 l
1649 2599 1728 2656 punc
1747 2583 1798 2640 cut

154 2677 243 2750 legem
266 2676 338 2746 fieri,
353 2671 508 2731 revocando
529 2669 771 2730 consuetudinem.
786 2673 956 2740 argumento
989 2670 1186 2746 praeiudicet.
1203 2669 1256 2728 Sed
1271 2686 1300 2727 re
1315 2686 1379 2728 vera
1393 2672 1467 2728 Bort.
1484 2671 1615 2729 Guidenis
1631 2676 1795 2731 sententiam

153 2781 217 2839 cap.
233 2768 311 2824 Cum
326 2761 552 2829 consuetudinis,
568 2761 602 2818 de
613 2759 740 2817 consuet.
750 2759 814 2831 quia
826 2757 957 2829 princeps
991 2759 1141 2834 improbat,
1156 2768 1187 2817 et
1207 2776 1382 2818 communem
1402 2763 1528 2834 sequitur
1549 2764 1691 2820 remittens
1715 2781 1743 2820 se
1758 2756 1794 2822 ad

152 2856 232 2913 aliter
242 2870 297 2912 nun
311 2859 405 2925 posset
415 2850 570 2908 consentire
583 2851 610 2904 in
622 2849 826 2905 revocatbnem
838 2861 957 2902 censne·
992 2849 1325 2922 canonistas,prassertim
1336 2848 1369 2906 ad
1382 2851 1456 2906 loon.
1469 2851 1555 2908 Andr.
1565 2852 1590 2907 in
1601 2852 1675 2910 dicto
1687 2869 1750 2924 cap.
1767 2855 1793 2911 1.

152 2946 272 3015 tudinis,
288 2959 353 3000 cum
370 2958 424 2998 non
440 2945 633 3013 praesumatur
647 2938 718 2995 seire
729 2934 957 2993 consuetudinem
991 2940 1097 2998 Clarius
1112 2953 1178 2996 reso
1194 2940 1344 3011 insrepetit.
1361 2957 1388 2996 n.
1406 2946 1432 2998 5.
1448 2941 1611 3014 generaliter
1625 2942 1651 2998 id
1669 2943 1792 3014 resolvit,

152 3037 302 3108 privatam.
315 3034 384 3090 Item
397 3033 461 3104 quia
475 3029 561 3086 multo
575 3026 728 3100 difficilius,
740 3033 769 3084 et
779 3028 875 3112 maiori
891 3040 957 3082 oon·
992 3044 1025 3086 ac
1039 3027 1131 3086 docet.
1148 3027 1326 3101 indicatque,
1341 3027 1406 3086 licet
1420 3029 1471 3086 boo
1487 3045 1540 3086 non
1556 3032 1591 3088 sit
1606 3037 1662 3088 tam
1682 3048 1793 3104 capres-

151 3125 318 3184 sidaratione
335 3128 471 3179 statutum
484 3118 552 3176 illud
571 3119 753 3191 permitteret,
771 3117 793 3172 si
808 3122 957 3182 consuetu·
991 3134 1054 3174 suro
1069 3117 1095 3173 in
1110 3118 1168 3174 iure
1180 3118 1252 3174 civili
1267 3118 1377 3174 sieutin
1389 3120 1541 3191 canonico,
1554 3126 1645 3176 tamen
1660 3122 1800 3192 rationem

151 3215 222 3270 dinis
241 3211 366 3269 notitiam
392 3208 516 3266 baberet.
530 3209 569 3264 bc
590 3206 707 3278 denique
727 3206 793 3278 quia
805 3207 866 3262 iure
880 3219 957 3261 com·
992 3207 1057 3264 dicti
1077 3206 1191 3279 capituli
1213 3208 1292 3278 primi
1312 3208 1338 3262 io
1359 3207 1430 3264 omni
1452 3207 1511 3265 iura
1532 3209 1697 3281 procedere,
1714 3216 1742 3267 et
1756 3211 1799 3288 ita¹

150 3307 229 3364 muni
243 3301 415 3370 decernitur,
431 3305 464 3356 nt
480 3313 534 3355 non
548 3297 593 3352 liat
606 3294 814 3352 consuetudinis
828 3295 954 3364 mastatio,
991 3304 1077 3369 eaput
1091 3295 1159 3352 illud
1175 3300 1199 3354 t.
1216 3312 1270 3352 non
1284 3301 1338 3351 tam
1352 3311 1412 3352 esse
1432 3296 1558 3369 specialis
1577 3298 1644 3354 iuris
1659 3299 1794 3356 constitu·

150 3393 170 3451 l.
186 3395 319 3457 minime,
337 3390 363 3447 u.
381 3389 413 3446 de
430 3387 555 3462 tegibus3
569 3400 634 3458 ergo
649 3383 683 3441 od
695 3383 872 3442 statuendum
889 3399 957 3440 con·
991 3389 1094 3458 tivum,
1109 3402 1192 3460 quam
1207 3385 1406 3444 declarativum
1420 3387 1480 3442 eius
1501 3386 1586 3458 iuris,
1602 3387 1677 3460 quod
1693 3369 1794 3444 secun·

151 3490 195 3542 tra
207 3479 434 3540 consuetudinem
448 3476 481 3533 de
494 3476 602 3532 licentia
612 3474 754 3547 principis,
770 3460 956 3532 necessarium
990 3475 1056 3532 dnm
1076 3482 1181 3531 rectam
1202 3474 1334 3530 rationem
1348 3476 1374 3529 io
1390 3490 1569 3555 quocumque
1583 3475 1739 3549 legislatore
1754 3476 1796 3534 lo·

151 3581 211 3636 est,
230 3572 307 3629 illam
332 3567 516 3626 conditionem
536 3565 573 3622 illi
591 3565 707 3636 aperire.
729 3562 806 3620 addc
825 3561 954 3636 deniqne,
990 3579 1055 3621 cum
1071 3561 1162 3620 habet.
1174 3565 1211 3621 Et
1222 3562 1256 3620 ad
1269 3559 1283 3630 i
1295 3565 1405 3630 Diuus,
1420 3579 1475 3619 uno
1487 3564 1570 3620 verbo
1582 3563 1618 3620 ibi
1630 3565 1790 3638 respondet,

152 3663 224 3720 banc
240 3661 435 3728 assertionem,
451 3672 500 3713 een
516 3654 663 3712 illationem
677 3669 732 3709 non
754 3652 844 3708 minus
859 3666 957 3723 proca·
990 3651 1195 3725 intelligendum
1208 3667 1280 3724 esse,
1293 3651 1404 3724 quando
1419 3653 1663 3725 princepssciebot
1673 3670 1794 3712 consue-

153 3753 221 3811 dere
234 3751 259 3806 in
273 3746 472 3807 consuetudine
482 3742 689 3812 immemoriali,
702 3757 785 3814 quam
797 3743 823 3797 in
836 3739 958 3813 qualibet
992 3743 1130 3817 tudinem,
1146 3742 1188 3800 vel
1207 3756 1337 3814 expresse
1351 3741 1437 3800 voluit
1452 3741 1526 3800 illam
1543 3743 1654 3817 tollere,
1671 3745 1692 3800 si
1706 3749 1791 3804 esset.

154 3841 206 3898 alie
218 3838 297 3897 aliter
312 3837 493 3909 praescripta.
510 3834 577 3890 Nam
591 3832 613 3887 si
629 3831 671 3888 lex
685 3837 729 3888 est
748 3845 835 3903 oeque
850 3829 957 3886 univer·
990 3835 1064 3901 Quae
1077 3833 1219 3904 responsio
1234 3831 1358 3904 procedit
1368 3831 1539 3890 extendendo
1549 3830 1627 3890 illum
1640 3839 1745 3891 textum
1760 3833 1794 3890 ab

152 3930 216 3988 salis
236 3929 286 4002 ipsi
309 3919 521 3994 coisuetuttni,
537 3921 601 3978 licet
621 3935 684 3983 non¹
697 3918 780 3976 iaciat
798 3933 955 3990 expressam
991 3928 1096 3980 statuto
1118 3920 1152 3979 ad
1170 3920 1418 3995 consuetudinem,
1435 3928 1463 3978 et
1481 3921 1653 3994 intelligendo
1668 3922 1744 3979 illum
1759 3922 1794 3980 de

151 4020 318 4077 mentionem
339 4018 417 4085 eius,
432 4011 574 4071 revocabit
593 4009 677 4066 illam.
695 4009 775 4065 Ratio
790 4007 954 4079 estendam,
990 4011 1192 4069 consuetudine
1206 4009 1387 4069 antecedente
1401 4009 1434 4069 ad
1449 4011 1552 4084 legem,
1566 4012 1614 4070 sad
1629 4012 1695 4070 alios
1710 4013 1794 4070 edam

150 4109 294 4182 quietalis
312 4102 485 4163 consuetudo
499 4116 553 4158 non
569 4097 755 4172 praesumitur
770 4097 911 4172 ignoratn,
927 4101 957 4154 et
989 4102 1071 4159 babet
1090 4117 1205 4175 sensus,
1224 4110 1256 4158 ut
1274 4101 1437 4172 supradixi.
1454 4101 1497 4158 Sic
1511 4101 1594 4158 etiam
1609 4101 1719 4158 videtur
1733 4118 1792 4158 mo·

151 4199 245 4259 solum
259 4197 326 4270 legis
339 4193 494 4251 communis
505 4191 639 4263 positivae
650 4188 703 4243 rim
714 4185 805 4244 habet.
813 4184 889 4243 Unde
900 4199 955 4240 non
982 4191 1111 4257 ,dotanda
1126 4191 1168 4247 tex
1183 4195 1209 4260 e,
1226 4191 1267 4247 tit.
1284 4195 1312 4260 2,
1329 4191 1422 4261 partit.
1439 4193 1464 4262 1,
1476 4206 1542 4247 cum
1552 4189 1629 4263 dicit,
1642 4191 1730 4263 regem
1743 4205 1792 4261 pp.

151 4293 284 4346 censetur
304 4283 428 4342 revocari
442 4297 475 4338 ex
489 4280 515 4336 ri
528 4278 644 4336 alicuius
658 4276 800 4334 clausulae
815 4275 955 4332 universa·
992 4283 1138 4338 steriorem
1159 4278 1257 4338 tollere
1277 4279 1507 4337 consuetudinem
1528 4283 1710 4351 contrariam,
1729 4281 1794 4337 ticet

151 4377 202 4446 lis,
217 4377 246 4432 in
264 4389 320 4447 que
344 4375 490 4429 censeatur
510 4368 609 4425 babere
628 4365 842 4439 specialitatem,
859 4363 906 4420 ted
922 4379 955 4420 01
990 4372 1103 4443 Gregor.
1117 4372 1184 4442 Lop.
1198 4369 1233 4425 ibi
1244 4367 1370 4424 inGloss.
1385 4367 1652 4440 6.indillerenter,et
1663 4371 1720 4425 stne
1737 4367 1794 4424 ulla

151 4471 230 4523 certa
243 4461 357 4520 seientia
373 4459 520 4532 principis,
533 4473 589 4530 quo
598 4471 651 4512 non
663 4454 803 4527 obstante,
816 4453 875 4510 vult
888 4468 956 4509 ⁰011·
991 4457 1147 4516 limitatione
1156 4457 1230 4514 illam
1241 4457 1533 4531 intellignt,allegando
1545 4458 1652 4516 dictum
1665 4455 1677 4524 i
1688 4460 1793 4514 Divus.

150 4554 218 4613 dere
232 4552 337 4626 legem,
353 4564 423 4624 quae
446 4547 534 4605 valida
547 4561 607 4603 asse
622 4560 679 4602 non
692 4549 798 4615 potest,
811 4542 862 4599 nisi
872 4542 956 4600 talem
1031 4552 1058 4607 9.
1072 4547 1125 4605 Sed
1139 4549 1233 4620 quaeri
1245 4553 1350 4620 potest,
1363 4545 1396 4603 de
1407 4563 1463 4620 qua
1473 4538 1672 4605 consuetudine
1689 4547 1742 4604 boe
1753 4548 1795 4603 in·

153 4641 381 4703 consuetudinem
400 4645 528 4709 revocet,
544 4649 610 4708 ergo
625 4634 696 4691 illam
711 4634 792 4690 etiam
807 4636 927 4688 revocat·
993 4637 1169 4712 telligendum
1180 4637 1224 4707 sit,
1233 4652 1265 4692 nn
1277 4635 1312 4694 de
1323 4634 1381 4692 sola
1392 4635 1594 4694 consuetudine
1614 4637 1794 4708 praescripta,

192 4739 221 4791 8.
236 4728 365 4789 &cundo
378 4727 493 4784 insertur
508 4741 542 4783 ex
554 4724 650 4781 eodem
660 4723 817 4780 conditione
832 4727 860 4778 et
875 4737 957 4794 regu·
991 4727 1034 4786 ael
1048 4741 1118 4800 quae
1138 4727 1193 4782 iam
1212 4725 1298 4798 legem
1316 4725 1484 4797 introdusit,
1499 4741 1533 4781 an
1547 4727 1629 4783 etiam
1643 4725 1677 4782 de
1697 4723 1796 4782 minori

151 4825 198 4898 la,
213 4838 262 4896 per
282 4821 371 4894 legem
386 4815 569 4875 universalem
584 4813 665 4870 latam
682 4828 731 4885 pro
748 4817 805 4870 tota
818 4811 954 4882 Ecclesia,
991 4809 1278 4876 consuetudinalium
1290 4815 1418 4873 doctores
1430 4814 1539 4887 allegati
1551 4814 1615 4872 nibil
1626 4814 1660 4871 de
1674 4814 1728 4871 lroc
1740 4822 1796 4871 tra·

151 4931 208 4973 non
222 4911 346 4970 revocari
364 4905 578 4966 eonsuetudines
594 4902 775 4977 particulares
791 4900 955 4973 dioecesum,
990 4913 1082 4978 etant,
1095 4903 1144 4962 sed
1158 4904 1316 4977 simpliciter
1330 4909 1358 4962 et
1371 4903 1527 4961 indistincte
1539 4904 1701 4978 loquuntur.
1719 4901 1795 4960 Unde

152 5010 203 5062 aut
216 5002 358 5058 civitatum
369 5041 376 5070 ,
389 4996 430 5055 vel
446 4996 654 5068 provinciarum
665 5035 672 5066 ,
685 4992 735 5048 nisi
749 4990 866 5048 addatur
879 4989 956 5048 clau·
992 4995 1118 5053 videntur
1138 4993 1214 5066 loqui
1231 4992 1265 5050 de
1279 4993 1481 5050 consuetudine
1503 4993 1586 5064 iuris,
1602 5009 1650 5050 seu
1666 5008 1736 5067 quae
1750 4993 1795 5048 ius

152 5092 214 5150 sula
235 5087 411 5148 revocatorias
427 5101 487 5143 non
504 5085 653 5150 obstante,
670 5081 713 5138 vel
728 5083 756 5137 in
773 5078 899 5152 spetitli,
914 5075 956 5135 vel
992 5083 1160 5154 introduxit,
1175 5097 1208 5140 aa
1223 5082 1338 5140 subinde
1353 5082 1386 5139 de
1398 5082 1600 5139 consuetudine
1612 5081 1793 5156 praescripta.

152 5182 252 5240 saltem
277 5178 304 5235 in
322 5176 450 5250 generali.
467 5177 541 5243 Quae
565 5173 681 5231 assertio
701 5186 764 5227 cum
778 5171 956 5241 proportione
991 5176 1060 5232 Nam
1076 5177 1196 5230 tractant
1207 5171 1240 5228 de
1251 5169 1468 5242 consuetudine,
1481 5187 1565 5245 quom
1577 5172 1705 5244 princeps
1719 5172 1796 5244 igno-

151 5267 367 5348 applicandaest
384 5266 417 5323 sd
429 5265 503 5338 leges
514 5277 674 5336 regnorum,
686 5260 727 5318 sel
739 5261 953 5333 prouinciarum,
994 5278 1056 5323 rere
1074 5261 1279 5337 praesumitur:
1296 5261 1356 5318 telis
1376 5267 1469 5321 autent
1483 5278 1540 5320 non
1554 5268 1647 5334 potest
1666 5262 1796 5321 inducere

232 5375 337 5428 Susam,
347 5371 617 5429 ecmonus-aaran.
651 5403 658 5416 .
1521 5371 1547 5418 43
