<?xml version="1.0" encoding="UTF-8"?>
<!DOCTYPE html PUBLIC "-//W3C//DTD XHTML 1.0 Transitional//EN"
    "http://www.w3.org/TR/xhtml1/DTD/xhtml1-transitional.dtd">
<html xmlns="http://www.w3.org/1999/xhtml" xml:lang="en" lang="en">
 <head>
  <title>
</title>
<meta http-equiv="Content-Type" content="text/html;charset=utf-8" />
  <meta name='ocr-system' content='tesseract 3.04.00' />
  <meta name='ocr-capabilities' content='ocr_page ocr_carea ocr_par ocr_line ocrx_word'/>
</head>
<body>
  <div class='ocr_page' id='page_1' title='image "./tractatusdelegi00sugoog_0179.png"; bbox 0 0 4278 6242; ppageno 0'>
   <div class='ocr_carea' id='block_1_1' title="bbox 400 370 1269 440">
    <p class='ocr_par' dir='ltr' id='par_1_1' title="bbox 400 370 1269 440">
     <span class='ocr_line' id='line_1_1' title="bbox 400 370 1269 440; baseline 0.003 -7"><span class='ocrx_word' id='word_1_1' title='bbox 400 370 463 434; x_wconf 77' lang='lat' dir='ltr'>tot</span> <span class='ocrx_word' id='word_1_2' title='bbox 1104 387 1269 440; x_wconf 79' lang='lat' dir='ltr'>aronam.</span> 
     </span>
    </p>
   </div>
   <div class='ocr_carea' id='block_1_2' title="bbox 301 507 2016 4614">
    <p class='ocr_par' dir='ltr' id='par_1_2' title="bbox 301 507 2016 4614">
     <span class='ocr_line' id='line_1_2' title="bbox 360 507 2014 588; baseline -0.002 -20"><span class='ocrx_word' id='word_1_3' title='bbox 360 509 434 579; x_wconf 85' lang='lat' dir='ltr'>Quae</span> <span class='ocrx_word' id='word_1_4' title='bbox 452 512 567 570; x_wconf 90' lang='lat' dir='ltr'>babetur</span> <span class='ocrx_word' id='word_1_5' title='bbox 581 513 607 569; x_wconf 93' lang='lat' dir='ltr'>in</span> <span class='ocrx_word' id='word_1_6' title='bbox 622 513 641 570; x_wconf 93' lang='lat' dir='ltr'>l.</span> <span class='ocrx_word' id='word_1_7' title='bbox 657 531 714 572; x_wconf 81' lang='lat' dir='ltr'>nora</span> <span class='ocrx_word' id='word_1_8' title='bbox 727 515 861 580; x_wconf 80' lang='lat' dir='ltr'>dubium.</span> <span class='ocrx_word' id='word_1_9' title='bbox 876 516 907 573; x_wconf 87' lang='lat' dir='ltr'>C.</span> <span class='ocrx_word' id='word_1_10' title='bbox 917 513 950 571; x_wconf 90' lang='lat' dir='ltr'>de</span> <span class='ocrx_word' id='word_1_11' title='bbox 965 515 1060 588; x_wconf 79' lang='lat' dir='ltr'>leg.et</span> <span class='ocrx_word' id='word_1_12' title='bbox 1074 515 1158 572; x_wconf 86' lang='lat' dir='ltr'>sumi·</span> <span class='ocrx_word' id='word_1_13' title='bbox 1193 528 1320 574; x_wconf 80' lang='lat' dir='ltr'>errorem</span> <span class='ocrx_word' id='word_1_14' title='bbox 1343 516 1378 570; x_wconf 78' lang='lat' dir='ltr'>iro</span> <span class='ocrx_word' id='word_1_15' title='bbox 1401 509 1502 569; x_wconf 85' lang='lat' dir='ltr'>eodem</span> <span class='ocrx_word' id='word_1_16' title='bbox 1526 527 1614 578; x_wconf 82' lang='lat' dir='ltr'>costr,</span> <span class='ocrx_word' id='word_1_17' title='bbox 1641 511 1735 585; x_wconf 91' lang='lat' dir='ltr'>utique</span> <span class='ocrx_word' id='word_1_18' title='bbox 1749 527 1783 568; x_wconf 90' lang='lat' dir='ltr'>ex</span> <span class='ocrx_word' id='word_1_19' title='bbox 1799 511 1914 574; x_wconf 85' lang='lat' dir='ltr'>ratione</span> <span class='ocrx_word' id='word_1_20' title='bbox 1933 507 2014 584; x_wconf 84' lang='lat' dir='ltr'>legis,</span> 
     </span>
     <span class='ocr_line' id='line_1_3' title="bbox 361 599 2015 678; baseline -0.002 -21"><span class='ocrx_word' id='word_1_21' title='bbox 361 609 408 658; x_wconf 92' lang='lat' dir='ltr'>tur</span> <span class='ocrx_word' id='word_1_22' title='bbox 425 601 592 670; x_wconf 74' lang='lat' dir='ltr'>extendre,</span> <span class='ocrx_word' id='word_1_23' title='bbox 610 610 637 660; x_wconf 92' lang='lat' dir='ltr'>et</span> <span class='ocrx_word' id='word_1_24' title='bbox 650 603 669 659; x_wconf 94' lang='lat' dir='ltr'>l.</span> <span class='ocrx_word' id='word_1_25' title='bbox 686 610 800 672; x_wconf 82' lang='lat' dir='ltr'>contra,</span> <span class='ocrx_word' id='word_1_26' title='bbox 819 605 847 662; x_wconf 88' lang='lat' dir='ltr'>tt.</span> <span class='ocrx_word' id='word_1_27' title='bbox 864 604 897 662; x_wconf 91' lang='lat' dir='ltr'>de</span> <span class='ocrx_word' id='word_1_28' title='bbox 913 605 991 678; x_wconf 89' lang='lat' dir='ltr'>legib.</span> <span class='ocrx_word' id='word_1_29' title='bbox 1010 611 1112 675; x_wconf 91' lang='lat' dir='ltr'>tamen,</span> <span class='ocrx_word' id='word_1_30' title='bbox 1128 611 1160 661; x_wconf 93' lang='lat' dir='ltr'>ut</span> <span class='ocrx_word' id='word_1_31' title='bbox 1193 619 1263 678; x_wconf 90' lang='lat' dir='ltr'>quae</span> <span class='ocrx_word' id='word_1_32' title='bbox 1285 609 1390 660; x_wconf 85' lang='lat' dir='ltr'>attenta</span> <span class='ocrx_word' id='word_1_33' title='bbox 1411 602 1512 659; x_wconf 93' lang='lat' dir='ltr'>iustitia</span> <span class='ocrx_word' id='word_1_34' title='bbox 1534 615 1621 675; x_wconf 89' lang='lat' dir='ltr'>aeque</span> <span class='ocrx_word' id='word_1_35' title='bbox 1635 607 1786 674; x_wconf 91' lang='lat' dir='ltr'>utrumque</span> <span class='ocrx_word' id='word_1_36' title='bbox 1803 599 1957 672; x_wconf 88' lang='lat' dir='ltr'>postulat,</span> <span class='ocrx_word' id='word_1_37' title='bbox 1974 599 2015 654; x_wconf 92' lang='lat' dir='ltr'>ni·</span> 
     </span>
     <span class='ocr_line' id='line_1_4' title="bbox 361 689 2015 766; baseline 0 -20"><span class='ocrx_word' id='word_1_38' title='bbox 361 689 463 748; x_wconf 88' lang='lat' dir='ltr'>eisdem</span> <span class='ocrx_word' id='word_1_39' title='bbox 479 692 546 748; x_wconf 86' lang='lat' dir='ltr'>locis</span> <span class='ocrx_word' id='word_1_40' title='bbox 559 692 671 749; x_wconf 86' lang='lat' dir='ltr'>Glossae</span> <span class='ocrx_word' id='word_1_41' title='bbox 686 693 896 764; x_wconf 84' lang='lat' dir='ltr'>advertunt,ille</span> <span class='ocrx_word' id='word_1_42' title='bbox 911 696 1012 750; x_wconf 89' lang='lat' dir='ltr'>dieitur</span> <span class='ocrx_word' id='word_1_43' title='bbox 1028 694 1158 766; x_wconf 74' lang='lat' dir='ltr'><strong>amplecti</strong></span> <span class='ocrx_word' id='word_1_44' title='bbox 1194 696 1312 763; x_wconf 92' lang='lat' dir='ltr'>mirum,</span> <span class='ocrx_word' id='word_1_45' title='bbox 1334 693 1399 765; x_wconf 90' lang='lat' dir='ltr'>quia</span> <span class='ocrx_word' id='word_1_46' title='bbox 1414 699 1480 749; x_wconf 94' lang='lat' dir='ltr'>tunc</span> <span class='ocrx_word' id='word_1_47' title='bbox 1496 708 1564 749; x_wconf 86' lang='lat' dir='ltr'>uxor</span> <span class='ocrx_word' id='word_1_48' title='bbox 1580 707 1633 748; x_wconf 92' lang='lat' dir='ltr'>non</span> <span class='ocrx_word' id='word_1_49' title='bbox 1649 691 1762 748; x_wconf 79' lang='lat' dir='ltr'><strong>intendit</strong></span> <span class='ocrx_word' id='word_1_50' title='bbox 1776 691 1913 749; x_wconf 85' lang='lat' dir='ltr'>iniuriam</span> <span class='ocrx_word' id='word_1_51' title='bbox 1932 689 2015 746; x_wconf 92' lang='lat' dir='ltr'>marl·</span> 
     </span>
     <span class='ocr_line' id='line_1_5' title="bbox 360 780 2016 858; baseline 0.001 -24"><span class='ocrx_word' id='word_1_52' title='bbox 360 780 441 836; x_wconf 83' lang='lat' dir='ltr'>rerba</span> <span class='ocrx_word' id='word_1_53' title='bbox 456 787 484 836; x_wconf 92' lang='lat' dir='ltr'>et</span> <span class='ocrx_word' id='word_1_54' title='bbox 498 796 551 837; x_wconf 94' lang='lat' dir='ltr'>uon</span> <span class='ocrx_word' id='word_1_55' title='bbox 567 781 735 839; x_wconf 86' lang='lat' dir='ltr'>voluntatem</span> <span class='ocrx_word' id='word_1_56' title='bbox 750 783 882 857; x_wconf 84' lang='lat' dir='ltr'>legis,qui</span> <span class='ocrx_word' id='word_1_57' title='bbox 898 800 949 840; x_wconf 94' lang='lat' dir='ltr'>non</span> <span class='ocrx_word' id='word_1_58' title='bbox 966 786 1066 858; x_wconf 88' lang='lat' dir='ltr'>accipit</span> <span class='ocrx_word' id='word_1_59' title='bbox 1078 784 1159 840; x_wconf 86' lang='lat' dir='ltr'>verba</span> <span class='ocrx_word' id='word_1_60' title='bbox 1194 790 1239 850; x_wconf 89' lang='lat' dir='ltr'>to,</span> <span class='ocrx_word' id='word_1_61' title='bbox 1262 785 1325 854; x_wconf 92' lang='lat' dir='ltr'>quia</span> <span class='ocrx_word' id='word_1_62' title='bbox 1346 782 1446 838; x_wconf 88' lang='lat' dir='ltr'>volenti</span> <span class='ocrx_word' id='word_1_63' title='bbox 1464 798 1518 838; x_wconf 91' lang='lat' dir='ltr'>non</span> <span class='ocrx_word' id='word_1_64' title='bbox 1536 783 1565 838; x_wconf 83' lang='lat' dir='ltr'>at</span> <span class='ocrx_word' id='word_1_65' title='bbox 1579 783 1692 852; x_wconf 80' lang='lat' dir='ltr'>iniuria3</span> <span class='ocrx_word' id='word_1_66' title='bbox 1710 797 1780 855; x_wconf 91' lang='lat' dir='ltr'>quae</span> <span class='ocrx_word' id='word_1_67' title='bbox 1797 783 1873 838; x_wconf 85' lang='lat' dir='ltr'>ratio</span> <span class='ocrx_word' id='word_1_68' title='bbox 1892 787 1950 837; x_wconf 89' lang='lat' dir='ltr'>tam</span> <span class='ocrx_word' id='word_1_69' title='bbox 1967 797 2016 837; x_wconf 90' lang='lat' dir='ltr'>ex-</span> 
     </span>
     <span class='ocr_line' id='line_1_6' title="bbox 359 869 2014 948; baseline 0.001 -24"><span class='ocrx_word' id='word_1_70' title='bbox 359 869 386 924; x_wconf 89' lang='lat' dir='ltr'>in</span> <span class='ocrx_word' id='word_1_71' title='bbox 400 885 431 926; x_wconf 89' lang='lat' dir='ltr'>ea</span> <span class='ocrx_word' id='word_1_72' title='bbox 446 871 651 945; x_wconf 81' lang='lat' dir='ltr'>significatione,</span> <span class='ocrx_word' id='word_1_73' title='bbox 667 889 750 947; x_wconf 88' lang='lat' dir='ltr'>quam</span> <span class='ocrx_word' id='word_1_74' title='bbox 765 874 904 948; x_wconf 88' lang='lat' dir='ltr'>legislator</span> <span class='ocrx_word' id='word_1_75' title='bbox 919 875 1044 946; x_wconf 76' lang='lat' dir='ltr'>intendit,</span> <span class='ocrx_word' id='word_1_76' title='bbox 1059 889 1158 946; x_wconf 90' lang='lat' dir='ltr'>quarn·</span> <span class='ocrx_word' id='word_1_77' title='bbox 1194 873 1281 930; x_wconf 90' lang='lat' dir='ltr'>cludit</span> <span class='ocrx_word' id='word_1_78' title='bbox 1303 876 1432 930; x_wconf 90' lang='lat' dir='ltr'>maritum</span> <span class='ocrx_word' id='word_1_79' title='bbox 1453 872 1487 928; x_wconf 91' lang='lat' dir='ltr'>ab</span> <span class='ocrx_word' id='word_1_80' title='bbox 1507 873 1702 944; x_wconf 83' lang='lat' dir='ltr'>accusatione,</span> <span class='ocrx_word' id='word_1_81' title='bbox 1717 887 1802 944; x_wconf 92' lang='lat' dir='ltr'>quam</span> <span class='ocrx_word' id='word_1_82' title='bbox 1819 887 1837 926; x_wconf 88' lang='lat' dir='ltr'>e</span> <span class='ocrx_word' id='word_1_83' title='bbox 1857 871 2014 927; x_wconf 88' lang='lat' dir='ltr'>retentione</span> 
     </span>
     <span class='ocr_line' id='line_1_7' title="bbox 359 951 2015 1038; baseline -0.001 -23"><span class='ocrx_word' id='word_1_84' title='bbox 359 975 414 1031; x_wconf 92' lang='lat' dir='ltr'>que</span> <span class='ocrx_word' id='word_1_85' title='bbox 434 968 527 1032; x_wconf 88' lang='lat' dir='ltr'>posset</span> <span class='ocrx_word' id='word_1_86' title='bbox 548 960 626 1018; x_wconf 89' lang='lat' dir='ltr'>lacile</span> <span class='ocrx_word' id='word_1_87' title='bbox 644 978 677 1020; x_wconf 92' lang='lat' dir='ltr'>ex</span> <span class='ocrx_word' id='word_1_88' title='bbox 697 965 761 1038; x_wconf 85' lang='lat' dir='ltr'>legis</span> <span class='ocrx_word' id='word_1_89' title='bbox 783 965 886 1021; x_wconf 89' lang='lat' dir='ltr'>ratione</span> <span class='ocrx_word' id='word_1_90' title='bbox 901 951 1066 1038; x_wconf 62' lang='lat' dir='ltr'>intelligere}</span> <span class='ocrx_word' id='word_1_91' title='bbox 1081 973 1109 1021; x_wconf 92' lang='lat' dir='ltr'>et</span> <span class='ocrx_word' id='word_1_92' title='bbox 1124 964 1160 1021; x_wconf 90' lang='lat' dir='ltr'>ita</span> <span class='ocrx_word' id='word_1_93' title='bbox 1194 963 1277 1020; x_wconf 87' lang='lat' dir='ltr'>dotis.</span> <span class='ocrx_word' id='word_1_94' title='bbox 1293 965 1421 1030; x_wconf 84' lang='lat' dir='ltr'>Quamuis</span> <span class='ocrx_word' id='word_1_95' title='bbox 1440 962 1493 1019; x_wconf 91' lang='lat' dir='ltr'>dici</span> <span class='ocrx_word' id='word_1_96' title='bbox 1514 963 1596 1018; x_wconf 87' lang='lat' dir='ltr'>etiarn</span> <span class='ocrx_word' id='word_1_97' title='bbox 1611 962 1712 1033; x_wconf 82' lang='lat' dir='ltr'><strong>possit,</strong></span> <span class='ocrx_word' id='word_1_98' title='bbox 1729 961 1781 1018; x_wconf 91' lang='lat' dir='ltr'>boo</span> <span class='ocrx_word' id='word_1_99' title='bbox 1798 963 1910 1017; x_wconf 88' lang='lat' dir='ltr'>virtute</span> <span class='ocrx_word' id='word_1_100' title='bbox 1928 960 2015 1016; x_wconf 84' lang='lat' dir='ltr'>irrisse</span> 
     </span>
     <span class='ocr_line' id='line_1_8' title="bbox 360 1048 2013 1128; baseline 0 -23"><span class='ocrx_word' id='word_1_101' title='bbox 360 1048 425 1106; x_wconf 92' lang='lat' dir='ltr'>licet</span> <span class='ocrx_word' id='word_1_102' title='bbox 439 1066 535 1108; x_wconf 83' lang='lat' dir='ltr'>rerum</span> <span class='ocrx_word' id='word_1_103' title='bbox 550 1055 595 1124; x_wconf 89' lang='lat' dir='ltr'>sit,</span> <span class='ocrx_word' id='word_1_104' title='bbox 609 1051 697 1126; x_wconf 90' lang='lat' dir='ltr'>legem</span> <span class='ocrx_word' id='word_1_105' title='bbox 710 1054 953 1127; x_wconf 79' lang='lat' dir='ltr'>comprehendere,</span> <span class='ocrx_word' id='word_1_106' title='bbox 969 1053 1102 1128; x_wconf 90' lang='lat' dir='ltr'>quidquid</span> <span class='ocrx_word' id='word_1_107' title='bbox 1116 1069 1160 1110; x_wconf 86' lang='lat' dir='ltr'>ra·</span> <span class='ocrx_word' id='word_1_108' title='bbox 1194 1054 1425 1126; x_wconf 88' lang='lat' dir='ltr'>comprehensum</span> <span class='ocrx_word' id='word_1_109' title='bbox 1446 1054 1473 1109; x_wconf 91' lang='lat' dir='ltr'>in</span> <span class='ocrx_word' id='word_1_110' title='bbox 1495 1053 1584 1110; x_wconf 83' lang='lat' dir='ltr'>verbis</span> <span class='ocrx_word' id='word_1_111' title='bbox 1605 1052 1692 1124; x_wconf 88' lang='lat' dir='ltr'>legis,</span> <span class='ocrx_word' id='word_1_112' title='bbox 1709 1051 1774 1108; x_wconf 89' lang='lat' dir='ltr'>lieet</span> <span class='ocrx_word' id='word_1_113' title='bbox 1788 1067 1846 1108; x_wconf 92' lang='lat' dir='ltr'>non</span> <span class='ocrx_word' id='word_1_114' title='bbox 1862 1065 2013 1122; x_wconf 81' lang='lat' dir='ltr'>expresse,</span> 
     </span>
     <span class='ocr_line' id='line_1_9' title="bbox 361 1139 2014 1219; baseline 0.002 -25"><span class='ocrx_word' id='word_1_115' title='bbox 361 1139 399 1194; x_wconf 93' lang='lat' dir='ltr'>tio</span> <span class='ocrx_word' id='word_1_116' title='bbox 413 1140 472 1196; x_wconf 85' lang='lat' dir='ltr'>eius</span> <span class='ocrx_word' id='word_1_117' title='bbox 485 1144 581 1214; x_wconf 79' lang='lat' dir='ltr'>exigit.</span> <span class='ocrx_word' id='word_1_118' title='bbox 594 1149 749 1200; x_wconf 89' lang='lat' dir='ltr'>nontamen</span> <span class='ocrx_word' id='word_1_119' title='bbox 761 1145 1087 1219; x_wconf 86' lang='lat' dir='ltr'>siuealiquosignilicato</span> <span class='ocrx_word' id='word_1_120' title='bbox 1099 1159 1160 1200; x_wconf 87' lang='lat' dir='ltr'>ser·</span> <span class='ocrx_word' id='word_1_121' title='bbox 1194 1141 1242 1198; x_wconf 87' lang='lat' dir='ltr'>sed</span> <span class='ocrx_word' id='word_1_122' title='bbox 1266 1157 1316 1215; x_wconf 90' lang='lat' dir='ltr'>per</span> <span class='ocrx_word' id='word_1_123' title='bbox 1340 1141 1489 1215; x_wconf 87' lang='lat' dir='ltr'>quamdam</span> <span class='ocrx_word' id='word_1_124' title='bbox 1513 1142 1739 1198; x_wconf 86' lang='lat' dir='ltr'>consecutionem</span> <span class='ocrx_word' id='word_1_125' title='bbox 1753 1161 1760 1211; x_wconf 83' lang='lat' dir='ltr'>i</span> <span class='ocrx_word' id='word_1_126' title='bbox 1783 1142 1852 1214; x_wconf 91' lang='lat' dir='ltr'>quia</span> <span class='ocrx_word' id='word_1_127' title='bbox 1868 1143 1921 1214; x_wconf 92' lang='lat' dir='ltr'>qui</span> <span class='ocrx_word' id='word_1_128' title='bbox 1940 1143 2014 1198; x_wconf 85' lang='lat' dir='ltr'>iuste</span> 
     </span>
     <span class='ocr_line' id='line_1_10' title="bbox 358 1227 2013 1304; baseline 0.001 -21"><span class='ocrx_word' id='word_1_129' title='bbox 358 1227 475 1301; x_wconf 94' lang='lat' dir='ltr'>borum,</span> <span class='ocrx_word' id='word_1_130' title='bbox 498 1231 542 1286; x_wconf 92' lang='lat' dir='ltr'>cui</span> <span class='ocrx_word' id='word_1_131' title='bbox 558 1232 630 1288; x_wconf 91' lang='lat' dir='ltr'>ratio</span> <span class='ocrx_word' id='word_1_132' title='bbox 656 1233 893 1290; x_wconf 76' lang='lat' dir='ltr'>accommodetur.</span> <span class='ocrx_word' id='word_1_133' title='bbox 909 1235 945 1291; x_wconf 84' lang='lat' dir='ltr'>Et</span> <span class='ocrx_word' id='word_1_134' title='bbox 959 1235 996 1291; x_wconf 89' lang='lat' dir='ltr'>ita</span> <span class='ocrx_word' id='word_1_135' title='bbox 1009 1234 1120 1291; x_wconf 86' lang='lat' dir='ltr'>Glossae</span> <span class='ocrx_word' id='word_1_136' title='bbox 1134 1233 1160 1288; x_wconf 92' lang='lat' dir='ltr'>in</span> <span class='ocrx_word' id='word_1_137' title='bbox 1195 1233 1283 1304; x_wconf 89' lang='lat' dir='ltr'>puniri</span> <span class='ocrx_word' id='word_1_138' title='bbox 1298 1249 1352 1288; x_wconf 93' lang='lat' dir='ltr'>non</span> <span class='ocrx_word' id='word_1_139' title='bbox 1367 1238 1466 1304; x_wconf 88' lang='lat' dir='ltr'>potest,</span> <span class='ocrx_word' id='word_1_140' title='bbox 1476 1231 1600 1303; x_wconf 89' lang='lat' dir='ltr'>prolecto</span> <span class='ocrx_word' id='word_1_141' title='bbox 1614 1246 1664 1287; x_wconf 89' lang='lat' dir='ltr'>nec</span> <span class='ocrx_word' id='word_1_142' title='bbox 1679 1232 1806 1288; x_wconf 86' lang='lat' dir='ltr'>accusari</span> <span class='ocrx_word' id='word_1_143' title='bbox 1824 1237 1940 1301; x_wconf 86' lang='lat' dir='ltr'>potest,</span> <span class='ocrx_word' id='word_1_144' title='bbox 1959 1232 2013 1285; x_wconf 92' lang='lat' dir='ltr'>uti-</span> 
     </span>
     <span class='ocr_line' id='line_1_11' title="bbox 360 1315 1917 1396; baseline 0.001 -24"><span class='ocrx_word' id='word_1_145' title='bbox 360 1318 487 1374; x_wconf 83' lang='lat' dir='ltr'>omnibus</span> <span class='ocrx_word' id='word_1_146' title='bbox 501 1318 581 1375; x_wconf 86' lang='lat' dir='ltr'>dictis</span> <span class='ocrx_word' id='word_1_147' title='bbox 599 1321 667 1378; x_wconf 90' lang='lat' dir='ltr'>locis</span> <span class='ocrx_word' id='word_1_148' title='bbox 681 1323 807 1394; x_wconf 86' lang='lat' dir='ltr'>exempla</span> <span class='ocrx_word' id='word_1_149' title='bbox 821 1326 963 1394; x_wconf 92' lang='lat' dir='ltr'>ponuntin</span> <span class='ocrx_word' id='word_1_150' title='bbox 974 1325 1074 1396; x_wconf 85' lang='lat' dir='ltr'>eo,qui</span> <span class='ocrx_word' id='word_1_151' title='bbox 1085 1315 1160 1379; x_wconf 86' lang='lat' dir='ltr'>ireti-</span> <span class='ocrx_word' id='word_1_152' title='bbox 1194 1337 1248 1395; x_wconf 92' lang='lat' dir='ltr'>que</span> <span class='ocrx_word' id='word_1_153' title='bbox 1262 1329 1370 1379; x_wconf 82' lang='lat' dir='ltr'>seruata</span> <span class='ocrx_word' id='word_1_154' title='bbox 1383 1322 1571 1394; x_wconf 76' lang='lat' dir='ltr'>proportione,</span> <span class='ocrx_word' id='word_1_155' title='bbox 1587 1326 1616 1377; x_wconf 91' lang='lat' dir='ltr'>et</span> <span class='ocrx_word' id='word_1_156' title='bbox 1629 1327 1759 1392; x_wconf 87' lang='lat' dir='ltr'>respectu</span> <span class='ocrx_word' id='word_1_157' title='bbox 1773 1321 1917 1376; x_wconf 89' lang='lat' dir='ltr'>eiusdem.</span> 
     </span>
     <span class='ocr_line' id='line_1_12' title="bbox 333 1406 2013 1496; baseline -0.002 -33"><span class='ocrx_word' id='word_1_158' title='bbox 333 1479 337 1486; x_wconf 29' lang='grc' dir='ltr'>Ι</span> <span class='ocrx_word' id='word_1_159' title='bbox 358 1406 494 1496; x_wconf 55' lang='lat' dir='ltr'>dolenter·</span> <span class='ocrx_word' id='word_1_160' title='bbox 504 1410 634 1468; x_wconf 85' lang='lat' dir='ltr'>adhaeret</span> <span class='ocrx_word' id='word_1_161' title='bbox 648 1413 834 1469; x_wconf 74' lang='lat' dir='ltr'>materialibus</span> <span class='ocrx_word' id='word_1_162' title='bbox 849 1414 954 1482; x_wconf 86' lang='lat' dir='ltr'>verbis,</span> <span class='ocrx_word' id='word_1_163' title='bbox 976 1419 1003 1470; x_wconf 92' lang='lat' dir='ltr'>et</span> <span class='ocrx_word' id='word_1_164' title='bbox 1021 1413 1054 1468; x_wconf 91' lang='lat' dir='ltr'>ab</span> <span class='ocrx_word' id='word_1_165' title='bbox 1074 1415 1161 1468; x_wconf 92' lang='lat' dir='ltr'>inten·</span> <span class='ocrx_word' id='word_1_166' title='bbox 1235 1414 1279 1469; x_wconf 84' lang='lat'>15.</span> <span class='ocrx_word' id='word_1_167' title='bbox 1295 1413 1385 1485; x_wconf 81' lang='lat' dir='ltr'>Atque</span> <span class='ocrx_word' id='word_1_168' title='bbox 1406 1411 1467 1467; x_wconf 90' lang='lat' dir='ltr'>binc</span> <span class='ocrx_word' id='word_1_169' title='bbox 1490 1410 1567 1466; x_wconf 88' lang='lat' dir='ltr'>lacile</span> <span class='ocrx_word' id='word_1_170' title='bbox 1587 1411 1734 1481; x_wconf 80' lang='lat' dir='ltr'>exponitur</span> <span class='ocrx_word' id='word_1_171' title='bbox 1756 1407 1856 1465; x_wconf 89' lang='lat' dir='ltr'>ultima</span> <span class='ocrx_word' id='word_1_172' title='bbox 1880 1423 1947 1479; x_wconf 87' lang='lat' dir='ltr'>para</span> <span class='ocrx_word' id='word_1_173' title='bbox 1968 1422 2013 1462; x_wconf 88' lang='lat' dir='ltr'>as-</span> 
     </span>
     <span class='ocr_line' id='line_1_13' title="bbox 359 1496 2011 1578; baseline 0 -28"><span class='ocrx_word' id='word_1_174' title='bbox 359 1500 387 1552; x_wconf 91' lang='lat' dir='ltr'>ta</span> <span class='ocrx_word' id='word_1_175' title='bbox 399 1498 593 1569; x_wconf 84' lang='lat' dir='ltr'>significatione</span> <span class='ocrx_word' id='word_1_176' title='bbox 608 1500 722 1558; x_wconf 89' lang='lat' dir='ltr'>recedit:</span> <span class='ocrx_word' id='word_1_177' title='bbox 736 1510 768 1559; x_wconf 90' lang='lat' dir='ltr'>ut</span> <span class='ocrx_word' id='word_1_178' title='bbox 783 1504 805 1558; x_wconf 89' lang='lat' dir='ltr'>si</span> <span class='ocrx_word' id='word_1_179' title='bbox 820 1503 980 1576; x_wconf 90' lang='lat' dir='ltr'>prohibetur</span> <span class='ocrx_word' id='word_1_180' title='bbox 995 1517 1086 1576; x_wconf 89' lang='lat' dir='ltr'>agere,</span> <span class='ocrx_word' id='word_1_181' title='bbox 1104 1517 1158 1557; x_wconf 92' lang='lat' dir='ltr'>non</span> <span class='ocrx_word' id='word_1_182' title='bbox 1194 1502 1332 1572; x_wconf 89' lang='lat' dir='ltr'>sertionis,</span> <span class='ocrx_word' id='word_1_183' title='bbox 1349 1500 1488 1578; x_wconf 83' lang='lat' dir='ltr'>videlicet,</span> <span class='ocrx_word' id='word_1_184' title='bbox 1504 1507 1535 1555; x_wconf 86' lang='lat' dir='ltr'>ut</span> <span class='ocrx_word' id='word_1_185' title='bbox 1549 1499 1617 1556; x_wconf 85' lang='lat' dir='ltr'>bueo</span> <span class='ocrx_word' id='word_1_186' title='bbox 1631 1499 1754 1556; x_wconf 81' lang='lat' dir='ltr'>extensio</span> <span class='ocrx_word' id='word_1_187' title='bbox 1774 1496 2011 1568; x_wconf 86' lang='lat' dir='ltr'>comprehensiva</span> 
     </span>
     <span class='ocr_line' id='line_1_14' title="bbox 359 1585 2011 1664; baseline -0.004 -20"><span class='ocrx_word' id='word_1_188' title='bbox 359 1587 415 1659; x_wconf 88' lang='lat' dir='ltr'>agit</span> <span class='ocrx_word' id='word_1_189' title='bbox 433 1603 481 1657; x_wconf 88' lang='lat' dir='ltr'>per</span> <span class='ocrx_word' id='word_1_190' title='bbox 503 1599 549 1660; x_wconf 71' lang='lat' dir='ltr'>ee,</span> <span class='ocrx_word' id='word_1_191' title='bbox 573 1590 629 1663; x_wconf 88' lang='lat' dir='ltr'>agit</span> <span class='ocrx_word' id='word_1_192' title='bbox 652 1599 745 1648; x_wconf 91' lang='lat' dir='ltr'>autem</span> <span class='ocrx_word' id='word_1_193' title='bbox 767 1609 816 1664; x_wconf 93' lang='lat' dir='ltr'>per</span> <span class='ocrx_word' id='word_1_194' title='bbox 839 1594 936 1664; x_wconf 86' lang='lat' dir='ltr'>alium,</span> <span class='ocrx_word' id='word_1_195' title='bbox 957 1593 978 1648; x_wconf 88' lang='lat' dir='ltr'>si</span> <span class='ocrx_word' id='word_1_196' title='bbox 999 1591 1159 1664; x_wconf 91' lang='lat' dir='ltr'>prohibetur</span> <span class='ocrx_word' id='word_1_197' title='bbox 1193 1606 1225 1647; x_wconf 90' lang='lat' dir='ltr'>ex</span> <span class='ocrx_word' id='word_1_198' title='bbox 1242 1589 1381 1647; x_wconf 90' lang='lat' dir='ltr'>identitate</span> <span class='ocrx_word' id='word_1_199' title='bbox 1396 1588 1508 1646; x_wconf 88' lang='lat' dir='ltr'>rationis</span> <span class='ocrx_word' id='word_1_200' title='bbox 1523 1588 1615 1645; x_wconf 89' lang='lat' dir='ltr'>locum</span> <span class='ocrx_word' id='word_1_201' title='bbox 1629 1585 1951 1658; x_wconf 86' lang='lat' dir='ltr'>babeat,neoessarium</span> <span class='ocrx_word' id='word_1_202' title='bbox 1966 1600 2011 1640; x_wconf 87' lang='lat' dir='ltr'>es·</span> 
     </span>
     <span class='ocr_line' id='line_1_15' title="bbox 360 1672 2011 1755; baseline -0.002 -23"><span class='ocrx_word' id='word_1_203' title='bbox 360 1683 506 1749; x_wconf 90' lang='lat' dir='ltr'>mutuare,</span> <span class='ocrx_word' id='word_1_204' title='bbox 527 1695 580 1734; x_wconf 95' lang='lat' dir='ltr'>non</span> <span class='ocrx_word' id='word_1_205' title='bbox 601 1688 725 1754; x_wconf 87' lang='lat' dir='ltr'>mutuat,</span> <span class='ocrx_word' id='word_1_206' title='bbox 745 1684 793 1738; x_wconf 89' lang='lat' dir='ltr'>sed</span> <span class='ocrx_word' id='word_1_207' title='bbox 808 1682 900 1740; x_wconf 81' lang='lat' dir='ltr'>rendit</span> <span class='ocrx_word' id='word_1_208' title='bbox 913 1683 1030 1755; x_wconf 89' lang='lat' dir='ltr'>pecunia</span> <span class='ocrx_word' id='word_1_209' title='bbox 1043 1681 1156 1752; x_wconf 88' lang='lat' dir='ltr'>credita,</span> <span class='ocrx_word' id='word_1_210' title='bbox 1193 1695 1238 1751; x_wconf 88' lang='lat' dir='ltr'>se,</span> <span class='ocrx_word' id='word_1_211' title='bbox 1259 1684 1291 1735; x_wconf 95' lang='lat' dir='ltr'>ut</span> <span class='ocrx_word' id='word_1_212' title='bbox 1310 1680 1378 1735; x_wconf 90' lang='lat' dir='ltr'>ratio</span> <span class='ocrx_word' id='word_1_213' title='bbox 1392 1679 1427 1734; x_wconf 91' lang='lat' dir='ltr'>sit</span> <span class='ocrx_word' id='word_1_214' title='bbox 1440 1677 1592 1750; x_wconf 87' lang='lat' dir='ltr'>adaequata</span> <span class='ocrx_word' id='word_1_215' title='bbox 1605 1676 1669 1750; x_wconf 85' lang='lat' dir='ltr'>legi.</span> <span class='ocrx_word' id='word_1_216' title='bbox 1687 1678 1746 1733; x_wconf 86' lang='lat' dir='ltr'>Duo</span> <span class='ocrx_word' id='word_1_217' title='bbox 1760 1681 1858 1732; x_wconf 87' lang='lat' dir='ltr'>autern</span> <span class='ocrx_word' id='word_1_218' title='bbox 1874 1674 1910 1731; x_wconf 89' lang='lat' dir='ltr'>ad</span> <span class='ocrx_word' id='word_1_219' title='bbox 1928 1672 2011 1730; x_wconf 87' lang='lat' dir='ltr'>adae·</span> 
     </span>
     <span class='ocr_line' id='line_1_16' title="bbox 358 1765 2010 1844; baseline -0.002 -22"><span class='ocrx_word' id='word_1_220' title='bbox 358 1773 388 1823; x_wconf 90' lang='lat' dir='ltr'>et</span> <span class='ocrx_word' id='word_1_221' title='bbox 406 1768 445 1822; x_wconf 89' lang='lat' dir='ltr'>sio</span> <span class='ocrx_word' id='word_1_222' title='bbox 462 1765 496 1824; x_wconf 93' lang='lat' dir='ltr'>de</span> <span class='ocrx_word' id='word_1_223' title='bbox 511 1767 579 1824; x_wconf 87' lang='lat' dir='ltr'>aliis.</span> <span class='ocrx_word' id='word_1_224' title='bbox 596 1771 697 1827; x_wconf 84' lang='lat' dir='ltr'>Deinde</span> <span class='ocrx_word' id='word_1_225' title='bbox 712 1770 802 1827; x_wconf 86' lang='lat' dir='ltr'>allerri</span> <span class='ocrx_word' id='word_1_226' title='bbox 819 1780 910 1844; x_wconf 90' lang='lat' dir='ltr'>potest</span> <span class='ocrx_word' id='word_1_227' title='bbox 923 1774 1028 1831; x_wconf 92' lang='lat' dir='ltr'>dictum</span> <span class='ocrx_word' id='word_1_228' title='bbox 1043 1789 1106 1844; x_wconf 90' lang='lat' dir='ltr'>cap.</span> <span class='ocrx_word' id='word_1_229' title='bbox 1120 1774 1156 1830; x_wconf 87' lang='lat' dir='ltr'>St</span> <span class='ocrx_word' id='word_1_230' title='bbox 1192 1769 1346 1841; x_wconf 90' lang='lat' dir='ltr'>quationem</span> <span class='ocrx_word' id='word_1_231' title='bbox 1366 1767 1523 1824; x_wconf 87' lang='lat' dir='ltr'>necessaria</span> <span class='ocrx_word' id='word_1_232' title='bbox 1543 1772 1625 1823; x_wconf 89' lang='lat' dir='ltr'>sunt:</span> <span class='ocrx_word' id='word_1_233' title='bbox 1650 1782 1752 1836; x_wconf 86' lang='lat' dir='ltr'>unum,</span> <span class='ocrx_word' id='word_1_234' title='bbox 1768 1771 1800 1821; x_wconf 93' lang='lat' dir='ltr'>ut</span> <span class='ocrx_word' id='word_1_235' title='bbox 1813 1767 1889 1822; x_wconf 91' lang='lat' dir='ltr'>ratio</span> <span class='ocrx_word' id='word_1_236' title='bbox 1912 1779 1965 1836; x_wconf 90' lang='lat' dir='ltr'>per</span> <span class='ocrx_word' id='word_1_237' title='bbox 1980 1778 2010 1819; x_wconf 90' lang='lat' dir='ltr'>se</span> 
     </span>
     <span class='ocr_line' id='line_1_17' title="bbox 354 1854 2010 1933; baseline -0.001 -22"><span class='ocrx_word' id='word_1_238' title='bbox 354 1860 526 1928; x_wconf 79' lang='lat' dir='ltr'>postquam,</span> <span class='ocrx_word' id='word_1_239' title='bbox 545 1861 558 1932; x_wconf 68' lang='lat' dir='ltr'>t</span> <span class='ocrx_word' id='word_1_240' title='bbox 571 1859 598 1914; x_wconf 87' lang='lat' dir='ltr'>st</span> <span class='ocrx_word' id='word_1_241' title='bbox 610 1874 686 1925; x_wconf 86' lang='lat' dir='ltr'>vero,</span> <span class='ocrx_word' id='word_1_242' title='bbox 705 1859 738 1916; x_wconf 95' lang='lat' dir='ltr'>de</span> <span class='ocrx_word' id='word_1_243' title='bbox 750 1859 831 1917; x_wconf 90' lang='lat' dir='ltr'>elect.</span> <span class='ocrx_word' id='word_1_244' title='bbox 846 1861 872 1916; x_wconf 91' lang='lat' dir='ltr'>in</span> <span class='ocrx_word' id='word_1_245' title='bbox 888 1865 916 1931; x_wconf 84' lang='grc'>6,</span> <span class='ocrx_word' id='word_1_246' title='bbox 933 1862 979 1918; x_wconf 91' lang='lat' dir='ltr'>ubi</span> <span class='ocrx_word' id='word_1_247' title='bbox 993 1861 1036 1919; x_wconf 90' lang='lat' dir='ltr'>lex</span> <span class='ocrx_word' id='word_1_248' title='bbox 1051 1862 1159 1933; x_wconf 87' lang='lat' dir='ltr'>praeei-</span> <span class='ocrx_word' id='word_1_249' title='bbox 1192 1858 1249 1914; x_wconf 86' lang='lat' dir='ltr'>sola</span> <span class='ocrx_word' id='word_1_250' title='bbox 1263 1865 1372 1915; x_wconf 86' lang='lat' dir='ltr'>moveat</span> <span class='ocrx_word' id='word_1_251' title='bbox 1387 1856 1555 1914; x_wconf 82' lang='lat' dir='ltr'>sufficienter</span> <span class='ocrx_word' id='word_1_252' title='bbox 1568 1863 1596 1913; x_wconf 92' lang='lat' dir='ltr'>et</span> <span class='ocrx_word' id='word_1_253' title='bbox 1609 1855 1762 1914; x_wconf 90' lang='lat' dir='ltr'>eliicaciter</span> <span class='ocrx_word' id='word_1_254' title='bbox 1776 1857 1810 1913; x_wconf 88' lang='lat' dir='ltr'>ad</span> <span class='ocrx_word' id='word_1_255' title='bbox 1823 1854 1918 1927; x_wconf 91' lang='lat' dir='ltr'>legem</span> <span class='ocrx_word' id='word_1_256' title='bbox 1941 1867 2010 1910; x_wconf 90' lang='lat' dir='ltr'>con·</span> 
     </span>
     <span class='ocr_line' id='line_1_18' title="bbox 359 1945 2009 2023; baseline -0.001 -24"><span class='ocrx_word' id='word_1_257' title='bbox 359 1945 436 2016; x_wconf 89' lang='lat' dir='ltr'>piens</span> <span class='ocrx_word' id='word_1_258' title='bbox 451 1945 542 2016; x_wconf 88' lang='lat' dir='ltr'>alieni,</span> <span class='ocrx_word' id='word_1_259' title='bbox 558 1955 590 2005; x_wconf 94' lang='lat' dir='ltr'>ut</span> <span class='ocrx_word' id='word_1_260' title='bbox 602 1947 636 2004; x_wconf 95' lang='lat' dir='ltr'>ad</span> <span class='ocrx_word' id='word_1_261' title='bbox 650 1948 757 2006; x_wconf 91' lang='lat' dir='ltr'>curiam</span> <span class='ocrx_word' id='word_1_262' title='bbox 771 1952 872 2023; x_wconf 86' lang='lat' dir='ltr'>reniet,</span> <span class='ocrx_word' id='word_1_263' title='bbox 886 1950 1018 2022; x_wconf 91' lang='lat' dir='ltr'>extendit,</span> <span class='ocrx_word' id='word_1_264' title='bbox 1035 1958 1065 2007; x_wconf 93' lang='lat' dir='ltr'>ut</span> <span class='ocrx_word' id='word_1_265' title='bbox 1078 1951 1157 2007; x_wconf 91' lang='lat' dir='ltr'>etiam</span> <span class='ocrx_word' id='word_1_266' title='bbox 1192 1946 1323 2018; x_wconf 77' lang='lat' dir='ltr'>dendam3</span> <span class='ocrx_word' id='word_1_267' title='bbox 1340 1945 1443 2018; x_wconf 89' lang='lat' dir='ltr'>aliud,&#39;</span> <span class='ocrx_word' id='word_1_268' title='bbox 1453 1953 1484 2004; x_wconf 91' lang='lat' dir='ltr'>ut</span> <span class='ocrx_word' id='word_1_269' title='bbox 1497 1947 1532 2002; x_wconf 89' lang='lat' dir='ltr'>sit</span> <span class='ocrx_word' id='word_1_270' title='bbox 1546 1946 1629 2002; x_wconf 77' lang='lat' dir='ltr'>veluti</span> <span class='ocrx_word' id='word_1_271' title='bbox 1643 1946 1701 2002; x_wconf 85' lang='lat' dir='ltr'>finis</span> <span class='ocrx_word' id='word_1_272' title='bbox 1717 1948 1818 2002; x_wconf 88' lang='lat' dir='ltr'>unicus</span> <span class='ocrx_word' id='word_1_273' title='bbox 1834 1946 1947 2017; x_wconf 91' lang='lat' dir='ltr'>integre</span> <span class='ocrx_word' id='word_1_274' title='bbox 1966 1945 2009 1998; x_wconf 94' lang='lat' dir='ltr'>in·</span> 
     </span>
     <span class='ocr_line' id='line_1_19' title="bbox 359 2031 2009 2112; baseline -0.003 -20"><span class='ocrx_word' id='word_1_275' title='bbox 359 2037 517 2108; x_wconf 87' lang='lat' dir='ltr'>praecipere</span> <span class='ocrx_word' id='word_1_276' title='bbox 536 2037 724 2112; x_wconf 87' lang='lat' dir='ltr'>intelligatur,</span> <span class='ocrx_word' id='word_1_277' title='bbox 745 2045 777 2096; x_wconf 94' lang='lat' dir='ltr'>ut</span> <span class='ocrx_word' id='word_1_278' title='bbox 798 2039 840 2097; x_wconf 91' lang='lat' dir='ltr'>ille</span> <span class='ocrx_word' id='word_1_279' title='bbox 855 2056 871 2097; x_wconf 87' lang='lat' dir='ltr'>a</span> <span class='ocrx_word' id='word_1_280' title='bbox 884 2041 961 2097; x_wconf 90' lang='lat' dir='ltr'>ouria</span> <span class='ocrx_word' id='word_1_281' title='bbox 976 2043 1033 2098; x_wconf 88' lang='lat' dir='ltr'>sine</span> <span class='ocrx_word' id='word_1_282' title='bbox 1047 2040 1158 2098; x_wconf 92' lang='lat' dir='ltr'>licentia</span> <span class='ocrx_word' id='word_1_283' title='bbox 1191 2043 1284 2094; x_wconf 88' lang='lat' dir='ltr'>tentus</span> <span class='ocrx_word' id='word_1_284' title='bbox 1300 2053 1348 2109; x_wconf 92' lang='lat' dir='ltr'>per</span> <span class='ocrx_word' id='word_1_285' title='bbox 1362 2036 1546 2109; x_wconf 81' lang='lat' dir='ltr'>legemllotio</span> <span class='ocrx_word' id='word_1_286' title='bbox 1558 2035 1655 2107; x_wconf 91' lang='lat' dir='ltr'>prioris</span> <span class='ocrx_word' id='word_1_287' title='bbox 1666 2035 1751 2106; x_wconf 85' lang='lat' dir='ltr'>partis</span> <span class='ocrx_word' id='word_1_288' title='bbox 1765 2035 1902 2108; x_wconf 54' lang='lat' dir='ltr'>ostansa</span> <span class='ocrx_word' id='word_1_289' title='bbox 1917 2033 1942 2088; x_wconf 91' lang='lat' dir='ltr'>si</span> <span class='ocrx_word' id='word_1_290' title='bbox 1963 2031 2009 2088; x_wconf 87' lang='lat' dir='ltr'>illa</span> 
     </span>
     <span class='ocr_line' id='line_1_20' title="bbox 359 2120 2008 2200; baseline -0.003 -20"><span class='ocrx_word' id='word_1_291' title='bbox 359 2132 421 2181; x_wconf 90' lang='lat' dir='ltr'>ente</span> <span class='ocrx_word' id='word_1_292' title='bbox 445 2126 549 2182; x_wconf 89' lang='lat' dir='ltr'>linitum</span> <span class='ocrx_word' id='word_1_293' title='bbox 573 2129 715 2200; x_wconf 90' lang='lat' dir='ltr'>negotium</span> <span class='ocrx_word' id='word_1_294' title='bbox 738 2144 799 2196; x_wconf 71' lang='lat' dir='ltr'>non¹</span> <span class='ocrx_word' id='word_1_295' title='bbox 813 2129 948 2188; x_wconf 87' lang='lat' dir='ltr'>discedat.</span> <span class='ocrx_word' id='word_1_296' title='bbox 965 2127 1042 2199; x_wconf 84' lang='lat' dir='ltr'>Quod</span> <span class='ocrx_word' id='word_1_297' title='bbox 1057 2130 1158 2188; x_wconf 89' lang='lat' dir='ltr'>dicitur</span> <span class='ocrx_word' id='word_1_298' title='bbox 1193 2129 1263 2184; x_wconf 88' lang='lat' dir='ltr'>ratio</span> <span class='ocrx_word' id='word_1_299' title='bbox 1283 2143 1332 2199; x_wconf 88' lang='lat' dir='ltr'>per</span> <span class='ocrx_word' id='word_1_300' title='bbox 1352 2141 1382 2183; x_wconf 88' lang='lat' dir='ltr'>se</span> <span class='ocrx_word' id='word_1_301' title='bbox 1405 2129 1528 2197; x_wconf 83' lang='lat' dir='ltr'>spectata</span> <span class='ocrx_word' id='word_1_302' title='bbox 1543 2131 1570 2181; x_wconf 91' lang='lat' dir='ltr'>et</span> <span class='ocrx_word' id='word_1_303' title='bbox 1583 2124 1641 2181; x_wconf 90' lang='lat' dir='ltr'>sola</span> <span class='ocrx_word' id='word_1_304' title='bbox 1656 2139 1709 2179; x_wconf 92' lang='lat' dir='ltr'>non</span> <span class='ocrx_word' id='word_1_305' title='bbox 1723 2129 1846 2196; x_wconf 87' lang='lat' dir='ltr'>moreat,</span> <span class='ocrx_word' id='word_1_306' title='bbox 1861 2120 1918 2178; x_wconf 88' lang='lat' dir='ltr'>sed</span> <span class='ocrx_word' id='word_1_307' title='bbox 1940 2135 2008 2178; x_wconf 90' lang='lat' dir='ltr'>con-</span> 
     </span>
     <span class='ocr_line' id='line_1_21' title="bbox 359 2210 2008 2290; baseline -0.003 -20"><span class='ocrx_word' id='word_1_308' title='bbox 359 2229 420 2270; x_wconf 88' lang='lat' dir='ltr'>esse</span> <span class='ocrx_word' id='word_1_309' title='bbox 439 2230 472 2272; x_wconf 87' lang='lat' dir='ltr'>ex</span> <span class='ocrx_word' id='word_1_310' title='bbox 492 2222 599 2286; x_wconf 91' lang='lat' dir='ltr'>mente,</span> <span class='ocrx_word' id='word_1_311' title='bbox 621 2213 687 2273; x_wconf 90' lang='lat' dir='ltr'>lice&#39;t</span> <span class='ocrx_word' id='word_1_312' title='bbox 707 2233 760 2274; x_wconf 94' lang='lat' dir='ltr'>non</span> <span class='ocrx_word' id='word_1_313' title='bbox 781 2217 903 2275; x_wconf 88' lang='lat' dir='ltr'>videatur</span> <span class='ocrx_word' id='word_1_314' title='bbox 928 2235 989 2276; x_wconf 88' lang='lat' dir='ltr'>esse</span> <span class='ocrx_word' id='word_1_315' title='bbox 1008 2237 1041 2278; x_wconf 88' lang='lat' dir='ltr'>ox</span> <span class='ocrx_word' id='word_1_316' title='bbox 1056 2218 1160 2290; x_wconf 85' lang='lat' dir='ltr'>verbis,</span> <span class='ocrx_word' id='word_1_317' title='bbox 1192 2217 1286 2274; x_wconf 89' lang='lat' dir='ltr'>iuncta</span> <span class='ocrx_word' id='word_1_318' title='bbox 1305 2232 1370 2274; x_wconf 92' lang='lat' dir='ltr'>oum</span> <span class='ocrx_word' id='word_1_319' title='bbox 1384 2215 1461 2286; x_wconf 68' lang='lat' dir='ltr'>stite,</span> <span class='ocrx_word' id='word_1_320' title='bbox 1482 2229 1548 2286; x_wconf 91' lang='lat' dir='ltr'>ergo</span> <span class='ocrx_word' id='word_1_321' title='bbox 1562 2213 1627 2270; x_wconf 89' lang='lat' dir='ltr'>licet</span> <span class='ocrx_word' id='word_1_322' title='bbox 1640 2214 1665 2270; x_wconf 94' lang='lat' dir='ltr'>in</span> <span class='ocrx_word' id='word_1_323' title='bbox 1680 2212 1735 2269; x_wconf 89' lang='lat' dir='ltr'>aliis</span> <span class='ocrx_word' id='word_1_324' title='bbox 1751 2213 1866 2270; x_wconf 85' lang='lat' dir='ltr'>casibus</span> <span class='ocrx_word' id='word_1_325' title='bbox 1882 2210 2008 2268; x_wconf 81' lang='lat' dir='ltr'>invenia-</span> 
     </span>
     <span class='ocr_line' id='line_1_22' title="bbox 359 2301 2005 2382; baseline -0.003 -22"><span class='ocrx_word' id='word_1_326' title='bbox 359 2305 424 2376; x_wconf 90' lang='lat' dir='ltr'>quia</span> <span class='ocrx_word' id='word_1_327' title='bbox 448 2306 518 2361; x_wconf 88' lang='lat' dir='ltr'>ratio</span> <span class='ocrx_word' id='word_1_328' title='bbox 538 2305 721 2378; x_wconf 90' lang='lat' dir='ltr'>praecipiendi</span> <span class='ocrx_word' id='word_1_329' title='bbox 746 2306 893 2364; x_wconf 84' lang='lat' dir='ltr'>adventurn</span> <span class='ocrx_word' id='word_1_330' title='bbox 919 2325 972 2367; x_wconf 95' lang='lat' dir='ltr'>non</span> <span class='ocrx_word' id='word_1_331' title='bbox 988 2315 1030 2366; x_wconf 90' lang='lat' dir='ltr'>est</span> <span class='ocrx_word' id='word_1_332' title='bbox 1044 2317 1158 2382; x_wconf 91' lang='lat' dir='ltr'>propter</span> <span class='ocrx_word' id='word_1_333' title='bbox 1193 2314 1255 2374; x_wconf 89' lang='lat' dir='ltr'>tur,</span> <span class='ocrx_word' id='word_1_334' title='bbox 1277 2323 1331 2364; x_wconf 94' lang='lat' dir='ltr'>non</span> <span class='ocrx_word' id='word_1_335' title='bbox 1346 2313 1437 2380; x_wconf 88' lang='lat' dir='ltr'>potest</span> <span class='ocrx_word' id='word_1_336' title='bbox 1451 2321 1484 2362; x_wconf 94' lang='lat' dir='ltr'>ex</span> <span class='ocrx_word' id='word_1_337' title='bbox 1499 2304 1545 2360; x_wconf 89' lang='lat' dir='ltr'>illa</span> <span class='ocrx_word' id='word_1_338' title='bbox 1558 2303 1662 2375; x_wconf 88' lang='lat' dir='ltr'>inlerri,</span> <span class='ocrx_word' id='word_1_339' title='bbox 1678 2303 1764 2359; x_wconf 87' lang='lat' dir='ltr'>luisse</span> <span class='ocrx_word' id='word_1_340' title='bbox 1778 2301 2005 2373; x_wconf 85' lang='lat' dir='ltr'>comprehensos</span> 
     </span>
     <span class='ocr_line' id='line_1_23' title="bbox 360 2389 2006 2471; baseline -0.002 -23"><span class='ocrx_word' id='word_1_341' title='bbox 360 2393 451 2465; x_wconf 90' lang='lat' dir='ltr'>ipsum</span> <span class='ocrx_word' id='word_1_342' title='bbox 465 2401 584 2466; x_wconf 89' lang='lat' dir='ltr'>tantum,</span> <span class='ocrx_word' id='word_1_343' title='bbox 600 2394 647 2451; x_wconf 90' lang='lat' dir='ltr'>sed</span> <span class='ocrx_word' id='word_1_344' title='bbox 663 2402 775 2467; x_wconf 92' lang='lat' dir='ltr'>propter</span> <span class='ocrx_word' id='word_1_345' title='bbox 788 2398 930 2470; x_wconf 81' lang='lat' dir='ltr'>negotium</span> <span class='ocrx_word' id='word_1_346' title='bbox 945 2398 1159 2471; x_wconf 86' lang='lat' dir='ltr'>praesentialiter</span> <span class='ocrx_word' id='word_1_347' title='bbox 1193 2396 1245 2454; x_wconf 90' lang='lat' dir='ltr'>sub</span> <span class='ocrx_word' id='word_1_348' title='bbox 1256 2404 1345 2454; x_wconf 89' lang='lat' dir='ltr'>mente</span> <span class='ocrx_word' id='word_1_349' title='bbox 1361 2393 1609 2468; x_wconf 89' lang='lat' dir='ltr'>legislatoris,quia</span> <span class='ocrx_word' id='word_1_350' title='bbox 1623 2393 1712 2463; x_wconf 92' lang='lat' dir='ltr'>potuit</span> <span class='ocrx_word' id='word_1_351' title='bbox 1726 2408 1778 2448; x_wconf 91' lang='lat' dir='ltr'>non</span> <span class='ocrx_word' id='word_1_352' title='bbox 1795 2393 1906 2449; x_wconf 84' lang='lat' dir='ltr'>moseri</span> <span class='ocrx_word' id='word_1_353' title='bbox 1924 2389 1959 2448; x_wconf 92' lang='lat' dir='ltr'>ad</span> <span class='ocrx_word' id='word_1_354' title='bbox 1976 2389 2006 2446; x_wconf 92' lang='lat' dir='ltr'>il·</span> 
     </span>
     <span class='ocr_line' id='line_1_24' title="bbox 360 2480 2005 2560; baseline -0.001 -22"><span class='ocrx_word' id='word_1_355' title='bbox 360 2483 557 2555; x_wconf 88' lang='lat' dir='ltr'>peragendum.</span> <span class='ocrx_word' id='word_1_356' title='bbox 570 2485 749 2542; x_wconf 84' lang='lat' dir='ltr'>Nihilominus</span> <span class='ocrx_word' id='word_1_357' title='bbox 763 2493 853 2543; x_wconf 91' lang='lat' dir='ltr'>tamen</span> <span class='ocrx_word' id='word_1_358' title='bbox 865 2487 933 2544; x_wconf 90' lang='lat' dir='ltr'>baec</span> <span class='ocrx_word' id='word_1_359' title='bbox 946 2489 1158 2560; x_wconf 85' lang='lat' dir='ltr'>extensio,quao</span> <span class='ocrx_word' id='word_1_360' title='bbox 1193 2487 1233 2543; x_wconf 88' lang='lat' dir='ltr'>los</span> <span class='ocrx_word' id='word_1_361' title='bbox 1248 2503 1282 2543; x_wconf 88' lang='lat' dir='ltr'>ex</span> <span class='ocrx_word' id='word_1_362' title='bbox 1296 2484 1405 2544; x_wconf 87' lang='lat' dir='ltr'>delectu</span> <span class='ocrx_word' id='word_1_363' title='bbox 1421 2484 1533 2540; x_wconf 86' lang='lat' dir='ltr'>aliarum</span> <span class='ocrx_word' id='word_1_364' title='bbox 1549 2482 1698 2552; x_wconf 88' lang='lat' dir='ltr'>rationum,</span> <span class='ocrx_word' id='word_1_365' title='bbox 1714 2481 1757 2540; x_wconf 82' lang='lat' dir='ltr'>vel</span> <span class='ocrx_word' id='word_1_366' title='bbox 1776 2480 2005 2539; x_wconf 85' lang='lat' dir='ltr'>circumstantia·</span> 
     </span>
     <span class='ocr_line' id='line_1_25' title="bbox 359 2570 2004 2648; baseline -0.002 -20"><span class='ocrx_word' id='word_1_367' title='bbox 359 2570 585 2643; x_wconf 85' lang='lat' dir='ltr'>comprehensiva</span> <span class='ocrx_word' id='word_1_368' title='bbox 600 2578 656 2631; x_wconf 90' lang='lat' dir='ltr'>sine</span> <span class='ocrx_word' id='word_1_369' title='bbox 670 2573 753 2640; x_wconf 90' lang='lat' dir='ltr'>dubio</span> <span class='ocrx_word' id='word_1_370' title='bbox 767 2583 821 2645; x_wconf 88' lang='lat' dir='ltr'>est,</span> <span class='ocrx_word' id='word_1_371' title='bbox 830 2576 896 2633; x_wconf 89' lang='lat' dir='ltr'>licet</span> <span class='ocrx_word' id='word_1_372' title='bbox 911 2577 946 2632; x_wconf 85' lang='lat' dir='ltr'>sit</span> <span class='ocrx_word' id='word_1_373' title='bbox 960 2575 1032 2633; x_wconf 89' lang='lat' dir='ltr'>ultra</span> <span class='ocrx_word' id='word_1_374' title='bbox 1046 2593 1158 2648; x_wconf 90' lang='lat' dir='ltr'>expres·</span> <span class='ocrx_word' id='word_1_375' title='bbox 1193 2591 1267 2632; x_wconf 92' lang='lat' dir='ltr'>rum.</span> <span class='ocrx_word' id='word_1_376' title='bbox 1279 2575 1359 2632; x_wconf 86' lang='lat' dir='ltr'>Ratio</span> <span class='ocrx_word' id='word_1_377' title='bbox 1373 2590 1438 2631; x_wconf 87' lang='lat' dir='ltr'>voro</span> <span class='ocrx_word' id='word_1_378' title='bbox 1453 2574 1565 2630; x_wconf 88' lang='lat' dir='ltr'>alterius</span> <span class='ocrx_word' id='word_1_379' title='bbox 1577 2573 1661 2644; x_wconf 88' lang='lat' dir='ltr'>partis</span> <span class='ocrx_word' id='word_1_380' title='bbox 1674 2578 1727 2644; x_wconf 90' lang='lat' dir='ltr'>est,</span> <span class='ocrx_word' id='word_1_381' title='bbox 1736 2575 1803 2646; x_wconf 89' lang='lat' dir='ltr'>quia</span> <span class='ocrx_word' id='word_1_382' title='bbox 1818 2575 1841 2628; x_wconf 87' lang='lat' dir='ltr'>ai</span> <span class='ocrx_word' id='word_1_383' title='bbox 1856 2573 1932 2628; x_wconf 93' lang='lat' dir='ltr'>ratio</span> <span class='ocrx_word' id='word_1_384' title='bbox 1949 2586 2004 2628; x_wconf 93' lang='lat' dir='ltr'>non</span> 
     </span>
     <span class='ocr_line' id='line_1_26' title="bbox 361 2662 2005 2738; baseline 0 -23"><span class='ocrx_word' id='word_1_385' title='bbox 361 2677 420 2717; x_wconf 91' lang='lat' dir='ltr'>sam</span> <span class='ocrx_word' id='word_1_386' title='bbox 445 2669 472 2718; x_wconf 92' lang='lat' dir='ltr'>et</span> <span class='ocrx_word' id='word_1_387' title='bbox 501 2662 652 2734; x_wconf 87' lang='lat' dir='ltr'>rigorosam</span> <span class='ocrx_word' id='word_1_388' title='bbox 677 2665 903 2736; x_wconf 82' lang='lat' dir='ltr'>significationem</span> <span class='ocrx_word' id='word_1_389' title='bbox 926 2667 1002 2722; x_wconf 80' lang='lat' dir='ltr'>verbi</span> <span class='ocrx_word' id='word_1_390' title='bbox 1025 2665 1157 2738; x_wconf 87' lang='lat' dir='ltr'>veniendi,</span> <span class='ocrx_word' id='word_1_391' title='bbox 1193 2667 1230 2722; x_wconf 87' lang='lat' dir='ltr'>sit</span> <span class='ocrx_word' id='word_1_392' title='bbox 1252 2665 1356 2738; x_wconf 81' lang='lat' dir='ltr'>integre</span> <span class='ocrx_word' id='word_1_393' title='bbox 1381 2668 1409 2719; x_wconf 92' lang='lat' dir='ltr'>et</span> <span class='ocrx_word' id='word_1_394' title='bbox 1431 2662 1581 2735; x_wconf 90' lang='lat' dir='ltr'>adaequate</span> <span class='ocrx_word' id='word_1_395' title='bbox 1604 2663 1724 2730; x_wconf 89' lang='lat' dir='ltr'>intenta,</span> <span class='ocrx_word' id='word_1_396' title='bbox 1751 2677 1805 2718; x_wconf 91' lang='lat' dir='ltr'>non</span> <span class='ocrx_word' id='word_1_397' title='bbox 1823 2667 1956 2734; x_wconf 85' lang='lat' dir='ltr'>oporter,</span> <span class='ocrx_word' id='word_1_398' title='bbox 1973 2664 2005 2715; x_wconf 93' lang='lat' dir='ltr'>ut</span> 
     </span>
     <span class='ocr_line' id='line_1_27' title="bbox 359 2751 2006 2827; baseline -0.002 -20"><span class='ocrx_word' id='word_1_399' title='bbox 359 2751 532 2807; x_wconf 87' lang='lat' dir='ltr'>considerata</span> <span class='ocrx_word' id='word_1_400' title='bbox 553 2752 728 2809; x_wconf 88' lang='lat' dir='ltr'>nibilominus</span> <span class='ocrx_word' id='word_1_401' title='bbox 748 2757 872 2826; x_wconf 85' lang='lat' dir='ltr'>materia,</span> <span class='ocrx_word' id='word_1_402' title='bbox 888 2761 916 2810; x_wconf 93' lang='lat' dir='ltr'>et</span> <span class='ocrx_word' id='word_1_403' title='bbox 930 2755 1156 2827; x_wconf 88' lang='lat' dir='ltr'>circumstantiis,</span> <span class='ocrx_word' id='word_1_404' title='bbox 1193 2753 1407 2826; x_wconf 88' lang='lat' dir='ltr'>comprehendat</span> <span class='ocrx_word' id='word_1_405' title='bbox 1426 2751 1541 2822; x_wconf 91' lang='lat' dir='ltr'>omnia,</span> <span class='ocrx_word' id='word_1_406' title='bbox 1562 2766 1633 2825; x_wconf 89' lang='lat' dir='ltr'>quae</span> <span class='ocrx_word' id='word_1_407' title='bbox 1654 2751 1725 2808; x_wconf 90' lang='lat' dir='ltr'>illam</span> <span class='ocrx_word' id='word_1_408' title='bbox 1745 2753 1916 2824; x_wconf 87' lang='lat' dir='ltr'>participare</span> <span class='ocrx_word' id='word_1_409' title='bbox 1942 2764 2006 2822; x_wconf 91' lang='lat' dir='ltr'>pos·</span> 
     </span>
     <span class='ocr_line' id='line_1_28' title="bbox 360 2839 2004 2918; baseline -0.001 -23"><span class='ocrx_word' id='word_1_410' title='bbox 360 2856 414 2896; x_wconf 94' lang='lat' dir='ltr'>non</span> <span class='ocrx_word' id='word_1_411' title='bbox 427 2847 470 2897; x_wconf 90' lang='lat' dir='ltr'>est</span> <span class='ocrx_word' id='word_1_412' title='bbox 483 2844 593 2897; x_wconf 92' lang='lat' dir='ltr'>omnino</span> <span class='ocrx_word' id='word_1_413' title='bbox 604 2849 680 2898; x_wconf 85' lang='lat' dir='ltr'>extra</span> <span class='ocrx_word' id='word_1_414' title='bbox 696 2842 777 2900; x_wconf 91' lang='lat' dir='ltr'>latam</span> <span class='ocrx_word' id='word_1_415' title='bbox 797 2853 826 2901; x_wconf 92' lang='lat' dir='ltr'>et</span> <span class='ocrx_word' id='word_1_416' title='bbox 847 2844 975 2902; x_wconf 88' lang='lat' dir='ltr'>usitatam</span> <span class='ocrx_word' id='word_1_417' title='bbox 990 2846 1160 2918; x_wconf 81' lang='lat' dir='ltr'>significatio·</span> <span class='ocrx_word' id='word_1_418' title='bbox 1194 2850 1269 2900; x_wconf 89' lang='lat' dir='ltr'>sunt.</span> <span class='ocrx_word' id='word_1_419' title='bbox 1284 2845 1319 2900; x_wconf 80' lang='lat' dir='ltr'>tt</span> <span class='ocrx_word' id='word_1_420' title='bbox 1338 2857 1404 2899; x_wconf 85' lang='lat' dir='ltr'>vero</span> <span class='ocrx_word' id='word_1_421' title='bbox 1424 2840 1533 2914; x_wconf 91' lang='lat' dir='ltr'>quando</span> <span class='ocrx_word' id='word_1_422' title='bbox 1553 2841 1593 2896; x_wconf 87' lang='lat' dir='ltr'>sic</span> <span class='ocrx_word' id='word_1_423' title='bbox 1611 2848 1655 2897; x_wconf 87' lang='lat' dir='ltr'>est</span> <span class='ocrx_word' id='word_1_424' title='bbox 1669 2839 1833 2914; x_wconf 85' lang='lat' dir='ltr'>adaequata,</span> <span class='ocrx_word' id='word_1_425' title='bbox 1851 2848 1881 2897; x_wconf 90' lang='lat' dir='ltr'>et</span> <span class='ocrx_word' id='word_1_426' title='bbox 1896 2843 2004 2911; x_wconf 88' lang='lat' dir='ltr'>integre</span> 
     </span>
     <span class='ocr_line' id='line_1_29' title="bbox 358 2923 2003 3006; baseline -0.002 -20"><span class='ocrx_word' id='word_1_427' title='bbox 358 2944 420 2986; x_wconf 91' lang='lat' dir='ltr'>nem</span> <span class='ocrx_word' id='word_1_428' title='bbox 436 2930 509 2986; x_wconf 83' lang='lat' dir='ltr'>verbi</span> <span class='ocrx_word' id='word_1_429' title='bbox 524 2930 663 3002; x_wconf 80' lang='lat' dir='ltr'>veniendi,</span> <span class='ocrx_word' id='word_1_430' title='bbox 682 2947 744 2988; x_wconf 89' lang='lat' dir='ltr'>nom</span> <span class='ocrx_word' id='word_1_431' title='bbox 758 2934 805 3006; x_wconf 91' lang='lat' dir='ltr'>qui</span> <span class='ocrx_word' id='word_1_432' title='bbox 820 2931 901 3004; x_wconf 91' lang='lat' dir='ltr'>dicit,</span> <span class='ocrx_word' id='word_1_433' title='bbox 917 2936 1003 2990; x_wconf 83' lang='lat' dir='ltr'>seire</span> <span class='ocrx_word' id='word_1_434' title='bbox 1016 2935 1107 3006; x_wconf 87' lang='lat' dir='ltr'>aliquo</span> <span class='ocrx_word' id='word_1_435' title='bbox 1125 2933 1159 2990; x_wconf 91' lang='lat' dir='ltr'>ad</span> <span class='ocrx_word' id='word_1_436' title='bbox 1194 2934 1311 3002; x_wconf 91' lang='lat' dir='ltr'>intenta,</span> <span class='ocrx_word' id='word_1_437' title='bbox 1334 2937 1442 3004; x_wconf 90' lang='lat' dir='ltr'>oportet</span> <span class='ocrx_word' id='word_1_438' title='bbox 1462 2923 1562 2988; x_wconf 82' lang='lat' dir='ltr'>salvari</span> <span class='ocrx_word' id='word_1_439' title='bbox 1583 2923 1701 3002; x_wconf 84' lang='lat' dir='ltr'>integre,</span> <span class='ocrx_word' id='word_1_440' title='bbox 1717 2937 1746 2986; x_wconf 93' lang='lat' dir='ltr'>et</span> <span class='ocrx_word' id='word_1_441' title='bbox 1758 2930 1818 2988; x_wconf 92' lang='lat' dir='ltr'>ideo</span> <span class='ocrx_word' id='word_1_442' title='bbox 1833 2947 1871 2988; x_wconf 90' lang='lat' dir='ltr'>ex</span> <span class='ocrx_word' id='word_1_443' title='bbox 1887 2931 1913 2987; x_wconf 89' lang='lat' dir='ltr'>ri</span> <span class='ocrx_word' id='word_1_444' title='bbox 1930 2929 2003 2987; x_wconf 91' lang='lat' dir='ltr'>illius</span> 
     </span>
     <span class='ocr_line' id='line_1_30' title="bbox 360 3017 2002 3094; baseline -0.001 -20"><span class='ocrx_word' id='word_1_445' title='bbox 360 3017 470 3091; x_wconf 81' lang='lat' dir='ltr'>aliquod</span> <span class='ocrx_word' id='word_1_446' title='bbox 484 3020 636 3093; x_wconf 80' lang='lat' dir='ltr'>negotium,</span> <span class='ocrx_word' id='word_1_447' title='bbox 651 3022 750 3078; x_wconf 88' lang='lat' dir='ltr'>virtute</span> <span class='ocrx_word' id='word_1_448' title='bbox 765 3021 841 3092; x_wconf 90' lang='lat' dir='ltr'>dicit,</span> <span class='ocrx_word' id='word_1_449' title='bbox 857 3039 886 3078; x_wconf 89' lang='lat' dir='ltr'>se</span> <span class='ocrx_word' id='word_1_450' title='bbox 899 3023 939 3078; x_wconf 91' lang='lat' dir='ltr'>ire</span> <span class='ocrx_word' id='word_1_451' title='bbox 953 3022 985 3078; x_wconf 89' lang='lat' dir='ltr'>ad</span> <span class='ocrx_word' id='word_1_452' title='bbox 1000 3037 1160 3094; x_wconf 89' lang='lat' dir='ltr'>permaneo·</span> <span class='ocrx_word' id='word_1_453' title='bbox 1194 3023 1223 3078; x_wconf 86' lang='lat' dir='ltr'>irt</span> <span class='ocrx_word' id='word_1_454' title='bbox 1237 3024 1323 3079; x_wconf 88' lang='lat' dir='ltr'>omnis</span> <span class='ocrx_word' id='word_1_455' title='bbox 1339 3017 1570 3093; x_wconf 83' lang='lat' dir='ltr'>ampliatid,quae</span> <span class='ocrx_word' id='word_1_456' title='bbox 1584 3021 1738 3076; x_wconf 85' lang='lat' dir='ltr'>necessaria</span> <span class='ocrx_word' id='word_1_457' title='bbox 1752 3026 1794 3078; x_wconf 84' lang='lat' dir='ltr'>ert</span> <span class='ocrx_word' id='word_1_458' title='bbox 1808 3018 1841 3076; x_wconf 88' lang='lat' dir='ltr'>ad</span> <span class='ocrx_word' id='word_1_459' title='bbox 1860 3019 2002 3078; x_wconf 85' lang='lat' dir='ltr'>vitandam</span> 
     </span>
     <span class='ocr_line' id='line_1_31' title="bbox 359 3105 2001 3183; baseline 0 -20"><span class='ocrx_word' id='word_1_460' title='bbox 359 3106 425 3166; x_wconf 88' lang='lat' dir='ltr'>dum</span> <span class='ocrx_word' id='word_1_461' title='bbox 440 3107 494 3176; x_wconf 93' lang='lat' dir='ltr'>ibi,</span> <span class='ocrx_word' id='word_1_462' title='bbox 511 3107 642 3180; x_wconf 90' lang='lat' dir='ltr'>quamdiu</span> <span class='ocrx_word' id='word_1_463' title='bbox 657 3111 797 3182; x_wconf 91' lang='lat' dir='ltr'>negotium</span> <span class='ocrx_word' id='word_1_464' title='bbox 814 3111 1002 3182; x_wconf 83' lang='lat' dir='ltr'>postulaverit,</span> <span class='ocrx_word' id='word_1_465' title='bbox 1017 3110 1091 3183; x_wconf 93' lang='lat' dir='ltr'>quod</span> <span class='ocrx_word' id='word_1_466' title='bbox 1102 3127 1159 3168; x_wconf 94' lang='lat' dir='ltr'>mo·</span> <span class='ocrx_word' id='word_1_467' title='bbox 1194 3127 1302 3169; x_wconf 89' lang='lat' dir='ltr'>omnem</span> <span class='ocrx_word' id='word_1_468' title='bbox 1325 3109 1463 3182; x_wconf 83' lang='lat' dir='ltr'>fraudem,</span> <span class='ocrx_word' id='word_1_469' title='bbox 1484 3116 1513 3167; x_wconf 91' lang='lat' dir='ltr'>et</span> <span class='ocrx_word' id='word_1_470' title='bbox 1532 3109 1793 3166; x_wconf 85' lang='lat' dir='ltr'>circumventionem</span> <span class='ocrx_word' id='word_1_471' title='bbox 1812 3108 1892 3182; x_wconf 87' lang='lat' dir='ltr'>legia.</span> <span class='ocrx_word' id='word_1_472' title='bbox 1910 3110 1947 3166; x_wconf 84' lang='lat' dir='ltr'>Et</span> <span class='ocrx_word' id='word_1_473' title='bbox 1964 3105 2001 3164; x_wconf 86' lang='lat' dir='ltr'>ita</span> 
     </span>
     <span class='ocr_line' id='line_1_32' title="bbox 301 3189 1996 3275; baseline -0.001 -21"><span class='ocrx_word' id='word_1_474' title='bbox 301 3251 306 3262; x_wconf 74' lang='grc'>,</span> <span class='ocrx_word' id='word_1_475' title='bbox 359 3198 453 3254; x_wconf 81' lang='lat' dir='ltr'>naliter</span> <span class='ocrx_word' id='word_1_476' title='bbox 467 3198 553 3271; x_wconf 89' lang='lat' dir='ltr'>magis</span> <span class='ocrx_word' id='word_1_477' title='bbox 573 3189 775 3271; x_wconf 53' lang='lat' dir='ltr'>intelligitur&#39;in</span> <span class='ocrx_word' id='word_1_478' title='bbox 790 3215 839 3270; x_wconf 93' lang='lat' dir='ltr'>eo,</span> <span class='ocrx_word' id='word_1_479' title='bbox 855 3200 902 3273; x_wconf 89' lang='lat' dir='ltr'>qui</span> <span class='ocrx_word' id='word_1_480' title='bbox 916 3200 989 3256; x_wconf 87' lang='lat' dir='ltr'>venit</span> <span class='ocrx_word' id='word_1_481' title='bbox 1001 3215 1034 3257; x_wconf 87' lang='lat' dir='ltr'>er</span> <span class='ocrx_word' id='word_1_482' title='bbox 1049 3201 1161 3272; x_wconf 53' lang='lat' dir='ltr'>praece?</span> <span class='ocrx_word' id='word_1_483' title='bbox 1194 3201 1347 3275; x_wconf 84' lang='lat' dir='ltr'>procedunt</span> <span class='ocrx_word' id='word_1_484' title='bbox 1361 3200 1486 3273; x_wconf 83' lang='lat' dir='ltr'>vulgaria</span> <span class='ocrx_word' id='word_1_485' title='bbox 1499 3201 1561 3256; x_wconf 88' lang='lat' dir='ltr'>iura</span> <span class='ocrx_word' id='word_1_486' title='bbox 1573 3199 1601 3254; x_wconf 92' lang='lat' dir='ltr'>in</span> <span class='ocrx_word' id='word_1_487' title='bbox 1615 3197 1666 3255; x_wconf 87' lang='lat' dir='ltr'>bac</span> <span class='ocrx_word' id='word_1_488' title='bbox 1681 3198 1806 3269; x_wconf 92' lang='lat' dir='ltr'>materia,</span> <span class='ocrx_word' id='word_1_489' title='bbox 1822 3197 1841 3253; x_wconf 93' lang='lat' dir='ltr'>i.</span> <span class='ocrx_word' id='word_1_490' title='bbox 1861 3196 1996 3270; x_wconf 72' lang='lat' dir='ltr'>adigere,</span> 
     </span>
     <span class='ocr_line' id='line_1_33' title="bbox 358 3285 1997 3365; baseline -0.002 -22"><span class='ocrx_word' id='word_1_491' title='bbox 358 3294 419 3359; x_wconf 90' lang='lat' dir='ltr'>pto,</span> <span class='ocrx_word' id='word_1_492' title='bbox 434 3287 499 3358; x_wconf 85' lang='lat' dir='ltr'>quin</span> <span class='ocrx_word' id='word_1_493' title='bbox 512 3287 598 3360; x_wconf 87' lang='lat' dir='ltr'>magis</span> <span class='ocrx_word' id='word_1_494' title='bbox 613 3287 710 3359; x_wconf 87' lang='lat' dir='ltr'>pendet</span> <span class='ocrx_word' id='word_1_495' title='bbox 723 3304 755 3344; x_wconf 96' lang='lat' dir='ltr'>ex</span> <span class='ocrx_word' id='word_1_496' title='bbox 772 3287 913 3346; x_wconf 88' lang='lat' dir='ltr'>voluntate</span> <span class='ocrx_word' id='word_1_497' title='bbox 927 3290 1127 3360; x_wconf 88' lang='lat' dir='ltr'>praecipientis.</span> <span class='ocrx_word' id='word_1_498' title='bbox 1192 3294 1244 3364; x_wconf 68' lang='lat' dir='ltr'>tri</span> <span class='ocrx_word' id='word_1_499' title='bbox 1255 3297 1412 3365; x_wconf 83' lang='lat' dir='ltr'>patronus,</span> <span class='ocrx_word' id='word_1_500' title='bbox 1428 3291 1522 3346; x_wconf 89' lang='lat' dir='ltr'>iuncto</span> <span class='ocrx_word' id='word_1_501' title='bbox 1534 3292 1547 3362; x_wconf 72' lang='lat'><strong>5</strong></span> <span class='ocrx_word' id='word_1_502' title='bbox 1559 3289 1585 3345; x_wconf 82' lang='lat' dir='ltr'>st</span> <span class='ocrx_word' id='word_1_503' title='bbox 1597 3301 1674 3353; x_wconf 85' lang='lat' dir='ltr'>vero,</span> <span class='ocrx_word' id='word_1_504' title='bbox 1690 3285 1719 3342; x_wconf 85' lang='lat' dir='ltr'>li.</span> <span class='ocrx_word' id='word_1_505' title='bbox 1731 3285 1764 3342; x_wconf 89' lang='lat' dir='ltr'>de</span> <span class='ocrx_word' id='word_1_506' title='bbox 1778 3288 1838 3343; x_wconf 92' lang='lat' dir='ltr'>iure</span> <span class='ocrx_word' id='word_1_507' title='bbox 1853 3289 1997 3358; x_wconf 88' lang='lat' dir='ltr'>patronat.</span> 
     </span>
     <span class='ocr_line' id='line_1_34' title="bbox 399 3373 2001 3454; baseline -0.002 -21"><span class='ocrx_word' id='word_1_508' title='bbox 399 3375 517 3434; x_wconf 83' lang='lat' dir='ltr'>Tandem</span> <span class='ocrx_word' id='word_1_509' title='bbox 532 3377 598 3434; x_wconf 85' lang='lat' dir='ltr'>lacit</span> <span class='ocrx_word' id='word_1_510' title='bbox 611 3393 673 3449; x_wconf 88' lang='lat' dir='ltr'>cap.</span> <span class='ocrx_word' id='word_1_511' title='bbox 694 3380 777 3453; x_wconf 84' lang='lat' dir='ltr'>Quin</span> <span class='ocrx_word' id='word_1_512' title='bbox 793 3383 824 3435; x_wconf 81' lang='lat' dir='ltr'>in</span> <span class='ocrx_word' id='word_1_513' title='bbox 842 3377 966 3446; x_wconf 80' lang='lat' dir='ltr'>insutis,</span> <span class='ocrx_word' id='word_1_514' title='bbox 988 3379 1022 3436; x_wconf 91' lang='lat' dir='ltr'>de</span> <span class='ocrx_word' id='word_1_515' title='bbox 1036 3379 1156 3453; x_wconf 89' lang='lat' dir='ltr'>regular.</span> <span class='ocrx_word' id='word_1_516' title='bbox 1192 3387 1220 3437; x_wconf 91' lang='lat' dir='ltr'>et</span> <span class='ocrx_word' id='word_1_517' title='bbox 1233 3382 1332 3453; x_wconf 89' lang='lat' dir='ltr'>optime</span> <span class='ocrx_word' id='word_1_518' title='bbox 1348 3382 1375 3436; x_wconf 92' lang='lat' dir='ltr'>in</span> <span class='ocrx_word' id='word_1_519' title='bbox 1391 3382 1408 3435; x_wconf 93' lang='lat' dir='ltr'>l.</span> <span class='ocrx_word' id='word_1_520' title='bbox 1425 3395 1493 3436; x_wconf 75' lang='lat' dir='ltr'>erem</span> <span class='ocrx_word' id='word_1_521' title='bbox 1503 3383 1602 3454; x_wconf 86' lang='lat' dir='ltr'>puter,</span> <span class='ocrx_word' id='word_1_522' title='bbox 1620 3373 1846 3445; x_wconf 68' lang='lat' dir='ltr'>tummatmtr,</span> <span class='ocrx_word' id='word_1_523' title='bbox 1865 3377 1896 3436; x_wconf 83' lang='lat' dir='ltr'>il.</span> <span class='ocrx_word' id='word_1_524' title='bbox 1913 3374 1948 3431; x_wconf 93' lang='lat' dir='ltr'>de</span> <span class='ocrx_word' id='word_1_525' title='bbox 1963 3374 2001 3430; x_wconf 90' lang='lat' dir='ltr'>le·</span> 
     </span>
     <span class='ocr_line' id='line_1_35' title="bbox 359 3463 1997 3543; baseline -0.003 -21"><span class='ocrx_word' id='word_1_526' title='bbox 359 3466 437 3534; x_wconf 83' lang='lat' dir='ltr'>Quod</span> <span class='ocrx_word' id='word_1_527' title='bbox 452 3464 485 3522; x_wconf 90' lang='lat' dir='ltr'>de</span> <span class='ocrx_word' id='word_1_528' title='bbox 501 3466 640 3523; x_wconf 87' lang='lat' dir='ltr'>monacbis</span> <span class='ocrx_word' id='word_1_529' title='bbox 656 3465 825 3540; x_wconf 90' lang='lat' dir='ltr'>loquitur,et</span> <span class='ocrx_word' id='word_1_530' title='bbox 838 3468 992 3525; x_wconf 79' lang='lat' dir='ltr'>extenditur</span> <span class='ocrx_word' id='word_1_531' title='bbox 1003 3467 1157 3526; x_wconf 89' lang='lat' dir='ltr'>secundum</span> <span class='ocrx_word' id='word_1_532' title='bbox 1192 3476 1249 3543; x_wconf 90' lang='lat' dir='ltr'>gat.</span> <span class='ocrx_word' id='word_1_533' title='bbox 1264 3474 1294 3540; x_wconf 81' lang='lat'>2,</span> <span class='ocrx_word' id='word_1_534' title='bbox 1309 3477 1338 3526; x_wconf 90' lang='lat' dir='ltr'>et</span> <span class='ocrx_word' id='word_1_535' title='bbox 1354 3469 1424 3534; x_wconf 80' lang='lat' dir='ltr'>alin,</span> <span class='ocrx_word' id='word_1_536' title='bbox 1447 3469 1473 3524; x_wconf 90' lang='lat' dir='ltr'>in</span> <span class='ocrx_word' id='word_1_537' title='bbox 1492 3467 1594 3539; x_wconf 89' lang='lat' dir='ltr'>quibus</span> <span class='ocrx_word' id='word_1_538' title='bbox 1612 3479 1646 3523; x_wconf 89' lang='lat' dir='ltr'>ex</span> <span class='ocrx_word' id='word_1_539' title='bbox 1659 3467 1764 3522; x_wconf 88' lang='lat' dir='ltr'>ratione</span> <span class='ocrx_word' id='word_1_540' title='bbox 1779 3465 1938 3522; x_wconf 85' lang='lat' dir='ltr'>extenditur</span> <span class='ocrx_word' id='word_1_541' title='bbox 1954 3463 1997 3518; x_wconf 88' lang='lat' dir='ltr'>lex</span> 
     </span>
     <span class='ocr_line' id='line_1_36' title="bbox 359 3553 1996 3631; baseline -0.003 -19"><span class='ocrx_word' id='word_1_542' title='bbox 359 3571 454 3612; x_wconf 87' lang='lat' dir='ltr'>omues</span> <span class='ocrx_word' id='word_1_543' title='bbox 468 3554 502 3612; x_wconf 91' lang='lat' dir='ltr'>ad</span> <span class='ocrx_word' id='word_1_544' title='bbox 517 3571 613 3612; x_wconf 87' lang='lat' dir='ltr'>omnes</span> <span class='ocrx_word' id='word_1_545' title='bbox 628 3556 772 3629; x_wconf 88' lang='lat' dir='ltr'>religiosos</span> <span class='ocrx_word' id='word_1_546' title='bbox 787 3558 813 3613; x_wconf 93' lang='lat' dir='ltr'>in</span> <span class='ocrx_word' id='word_1_547' title='bbox 828 3557 925 3614; x_wconf 84' lang='lat' dir='ltr'>insulis</span> <span class='ocrx_word' id='word_1_548' title='bbox 942 3557 1110 3630; x_wconf 86' lang='lat' dir='ltr'>habitantes,</span> <span class='ocrx_word' id='word_1_549' title='bbox 1128 3563 1159 3614; x_wconf 89' lang='lat' dir='ltr'>ut</span> <span class='ocrx_word' id='word_1_550' title='bbox 1192 3559 1226 3616; x_wconf 88' lang='lat' dir='ltr'>nd</span> <span class='ocrx_word' id='word_1_551' title='bbox 1239 3575 1287 3616; x_wconf 91' lang='lat' dir='ltr'>eos</span> <span class='ocrx_word' id='word_1_552' title='bbox 1302 3574 1394 3630; x_wconf 88' lang='lat' dir='ltr'>casus,</span> <span class='ocrx_word' id='word_1_553' title='bbox 1411 3559 1437 3614; x_wconf 88' lang='lat' dir='ltr'>in</span> <span class='ocrx_word' id='word_1_554' title='bbox 1452 3557 1554 3631; x_wconf 88' lang='lat' dir='ltr'>quibus</span> <span class='ocrx_word' id='word_1_555' title='bbox 1568 3556 1644 3612; x_wconf 85' lang='lat' dir='ltr'>tieret</span> <span class='ocrx_word' id='word_1_556' title='bbox 1656 3555 1732 3613; x_wconf 88' lang='lat' dir='ltr'>lraus</span> <span class='ocrx_word' id='word_1_557' title='bbox 1746 3554 1810 3631; x_wconf 91' lang='lat' dir='ltr'>legi,</span> <span class='ocrx_word' id='word_1_558' title='bbox 1827 3554 1881 3612; x_wconf 88' lang='lat' dir='ltr'>uisi</span> <span class='ocrx_word' id='word_1_559' title='bbox 1900 3553 1945 3611; x_wconf 90' lang='lat' dir='ltr'>lex</span> <span class='ocrx_word' id='word_1_560' title='bbox 1958 3554 1996 3608; x_wconf 87' lang='lat' dir='ltr'>ita</span> 
     </span>
     <span class='ocr_line' id='line_1_37' title="bbox 358 3645 1379 3724; baseline 0.003 -23"><span class='ocrx_word' id='word_1_561' title='bbox 358 3652 420 3702; x_wconf 90' lang='lat' dir='ltr'>ante</span> <span class='ocrx_word' id='word_1_562' title='bbox 437 3645 707 3724; x_wconf 83' lang='lat' dir='ltr'>decimumoctavum</span> <span class='ocrx_word' id='word_1_563' title='bbox 728 3662 830 3703; x_wconf 91' lang='lat' dir='ltr'>annum</span> <span class='ocrx_word' id='word_1_564' title='bbox 844 3663 898 3704; x_wconf 95' lang='lat' dir='ltr'>non</span> <span class='ocrx_word' id='word_1_565' title='bbox 914 3649 1105 3718; x_wconf 86' lang='lat' dir='ltr'>admittantur,</span> <span class='ocrx_word' id='word_1_566' title='bbox 1121 3646 1156 3704; x_wconf 93' lang='lat' dir='ltr'>ob</span> <span class='ocrx_word' id='word_1_567' title='bbox 1192 3649 1379 3722; x_wconf 87' lang='lat' dir='ltr'>ampliaretur.</span> 
     </span>
     <span class='ocr_line' id='line_1_38' title="bbox 358 3729 1995 3808; baseline -0.003 -18"><span class='ocrx_word' id='word_1_568' title='bbox 358 3737 491 3790; x_wconf 89' lang='lat' dir='ltr'>rationem</span> <span class='ocrx_word' id='word_1_569' title='bbox 508 3741 611 3806; x_wconf 83' lang='lat' dir='ltr'>textus,</span> <span class='ocrx_word' id='word_1_570' title='bbox 624 3736 731 3792; x_wconf 89' lang='lat' dir='ltr'>seilicet</span> <span class='ocrx_word' id='word_1_571' title='bbox 745 3737 809 3808; x_wconf 89' lang='lat' dir='ltr'>quia</span> <span class='ocrx_word' id='word_1_572' title='bbox 822 3738 848 3792; x_wconf 91' lang='lat' dir='ltr'>in</span> <span class='ocrx_word' id='word_1_573' title='bbox 863 3737 914 3794; x_wconf 87' lang='lat' dir='ltr'>illis</span> <span class='ocrx_word' id='word_1_574' title='bbox 928 3737 997 3794; x_wconf 90' lang='lat' dir='ltr'>iocis</span> <span class='ocrx_word' id='word_1_575' title='bbox 1009 3737 1159 3794; x_wconf 90' lang='lat' dir='ltr'>duriorest</span> <span class='ocrx_word' id='word_1_576' title='bbox 1235 3743 1278 3798; x_wconf 84' lang='grc'>16.</span> <span class='ocrx_word' id='word_1_577' title='bbox 1296 3737 1373 3795; x_wconf 78' lang='lat' dir='ltr'>Addo</span> <span class='ocrx_word' id='word_1_578' title='bbox 1388 3750 1453 3793; x_wconf 86' lang='lat' dir='ltr'>vero</span> <span class='ocrx_word' id='word_1_579' title='bbox 1468 3734 1594 3806; x_wconf 92' lang='lat' dir='ltr'>ulterius,</span> <span class='ocrx_word' id='word_1_580' title='bbox 1612 3739 1644 3791; x_wconf 93' lang='lat' dir='ltr'>ut</span> <span class='ocrx_word' id='word_1_581' title='bbox 1657 3733 1753 3807; x_wconf 85' lang='lat' dir='ltr'>regula</span> <span class='ocrx_word' id='word_1_582' title='bbox 1767 3731 1831 3790; x_wconf 90' lang='lat' dir='ltr'>data</span> <span class='ocrx_word' id='word_1_583' title='bbox 1847 3729 1995 3806; x_wconf 86' lang='lat' dir='ltr'>procedat,</span> 
     </span>
     <span class='ocr_line' id='line_1_39' title="bbox 359 3821 1997 3898; baseline -0.002 -20"><span class='ocrx_word' id='word_1_584' title='bbox 359 3823 559 3880; x_wconf 86' lang='lat' dir='ltr'>monachorum</span> <span class='ocrx_word' id='word_1_585' title='bbox 574 3827 833 3898; x_wconf 84' lang='lat' dir='ltr'>congregatiosed,</span> <span class='ocrx_word' id='word_1_586' title='bbox 845 3825 908 3882; x_wconf 89' lang='lat' dir='ltr'>data</span> <span class='ocrx_word' id='word_1_587' title='bbox 921 3827 972 3884; x_wconf 91' lang='lat' dir='ltr'>bac</span> <span class='ocrx_word' id='word_1_588' title='bbox 987 3829 1156 3898; x_wconf 87' lang='lat' dir='ltr'>extensione,</span> <span class='ocrx_word' id='word_1_589' title='bbox 1193 3829 1377 3886; x_wconf 89' lang='lat' dir='ltr'>necessarium</span> <span class='ocrx_word' id='word_1_590' title='bbox 1391 3841 1463 3897; x_wconf 88' lang='lat' dir='ltr'>esse,</span> <span class='ocrx_word' id='word_1_591' title='bbox 1476 3827 1609 3882; x_wconf 90' lang='lat' dir='ltr'>rationem</span> <span class='ocrx_word' id='word_1_592' title='bbox 1625 3823 1692 3896; x_wconf 87' lang='lat' dir='ltr'>legis</span> <span class='ocrx_word' id='word_1_593' title='bbox 1705 3838 1767 3880; x_wconf 86' lang='lat' dir='ltr'>esse</span> <span class='ocrx_word' id='word_1_594' title='bbox 1781 3822 1850 3880; x_wconf 88' lang='lat' dir='ltr'>adeo</span> <span class='ocrx_word' id='word_1_595' title='bbox 1868 3821 1997 3879; x_wconf 87' lang='lat' dir='ltr'>intrinse-</span> 
     </span>
     <span class='ocr_line' id='line_1_40' title="bbox 359 3909 1995 3989; baseline -0.004 -21"><span class='ocrx_word' id='word_1_596' title='bbox 359 3919 472 3969; x_wconf 87' lang='lat' dir='ltr'>constat</span> <span class='ocrx_word' id='word_1_597' title='bbox 491 3928 525 3970; x_wconf 88' lang='lat' dir='ltr'>ex</span> <span class='ocrx_word' id='word_1_598' title='bbox 546 3929 618 3978; x_wconf 86' lang='lat' dir='ltr'>usu,</span> <span class='ocrx_word' id='word_1_599' title='bbox 638 3930 736 3970; x_wconf 89' lang='lat' dir='ltr'>nomen</span> <span class='ocrx_word' id='word_1_600' title='bbox 759 3914 958 3972; x_wconf 90' lang='lat' dir='ltr'>monachorum</span> <span class='ocrx_word' id='word_1_601' title='bbox 972 3931 1052 3989; x_wconf 85' lang='lat' dir='ltr'>saepe</span> <span class='ocrx_word' id='word_1_602' title='bbox 1065 3917 1091 3972; x_wconf 90' lang='lat' dir='ltr'>in</span> <span class='ocrx_word' id='word_1_603' title='bbox 1105 3915 1159 3972; x_wconf 85' lang='lat' dir='ltr'>lota</span> <span class='ocrx_word' id='word_1_604' title='bbox 1193 3933 1255 3974; x_wconf 86' lang='lat' dir='ltr'>nam</span> <span class='ocrx_word' id='word_1_605' title='bbox 1268 3924 1297 3974; x_wconf 91' lang='lat' dir='ltr'>et</span> <span class='ocrx_word' id='word_1_606' title='bbox 1311 3915 1490 3974; x_wconf 82' lang='lat' dir='ltr'>universalem</span> <span class='ocrx_word' id='word_1_607' title='bbox 1505 3913 1538 3970; x_wconf 86' lang='lat' dir='ltr'>ad</span> <span class='ocrx_word' id='word_1_608' title='bbox 1553 3929 1636 3970; x_wconf 87' lang='lat' dir='ltr'>casus</span> <span class='ocrx_word' id='word_1_609' title='bbox 1650 3929 1755 3982; x_wconf 86' lang='lat' dir='ltr'>omues,</span> <span class='ocrx_word' id='word_1_610' title='bbox 1768 3913 1815 3986; x_wconf 91' lang='lat' dir='ltr'>qui</span> <span class='ocrx_word' id='word_1_611' title='bbox 1829 3929 1862 3969; x_wconf 88' lang='lat' dir='ltr'>ex</span> <span class='ocrx_word' id='word_1_612' title='bbox 1879 3915 1906 3968; x_wconf 89' lang='lat' dir='ltr'>ri</span> <span class='ocrx_word' id='word_1_613' title='bbox 1923 3909 1995 3967; x_wconf 88' lang='lat' dir='ltr'>iilius</span> 
     </span>
     <span class='ocr_line' id='line_1_41' title="bbox 359 4001 1996 4079; baseline -0.004 -20"><span class='ocrx_word' id='word_1_614' title='bbox 359 4003 555 4076; x_wconf 81' lang='lat' dir='ltr'>significatione</span> <span class='ocrx_word' id='word_1_615' title='bbox 569 4019 620 4074; x_wconf 93' lang='lat' dir='ltr'>pro</span> <span class='ocrx_word' id='word_1_616' title='bbox 634 4003 768 4075; x_wconf 88' lang='lat' dir='ltr'>religiosis</span> <span class='ocrx_word' id='word_1_617' title='bbox 783 4007 867 4074; x_wconf 85' lang='lat' dir='ltr'>sumi,</span> <span class='ocrx_word' id='word_1_618' title='bbox 881 4013 909 4061; x_wconf 94' lang='lat' dir='ltr'>et</span> <span class='ocrx_word' id='word_1_619' title='bbox 922 4005 962 4061; x_wconf 86' lang='lat' dir='ltr'>sic</span> <span class='ocrx_word' id='word_1_620' title='bbox 977 4007 1116 4063; x_wconf 85' lang='lat' dir='ltr'>invenitur</span> <span class='ocrx_word' id='word_1_621' title='bbox 1129 4008 1157 4062; x_wconf 91' lang='lat' dir='ltr'>in</span> <span class='ocrx_word' id='word_1_622' title='bbox 1193 4008 1220 4062; x_wconf 89' lang='lat' dir='ltr'>io</span> <span class='ocrx_word' id='word_1_623' title='bbox 1235 4005 1293 4079; x_wconf 90' lang='lat' dir='ltr'>lege</span> <span class='ocrx_word' id='word_1_624' title='bbox 1309 4003 1501 4078; x_wconf 89' lang='lat' dir='ltr'>comprehendi</span> <span class='ocrx_word' id='word_1_625' title='bbox 1514 4001 1700 4072; x_wconf 87' lang='lat' dir='ltr'>dicuutur,ut</span> <span class='ocrx_word' id='word_1_626' title='bbox 1714 4003 1739 4060; x_wconf 88' lang='lat' dir='ltr'>in</span> <span class='ocrx_word' id='word_1_627' title='bbox 1755 4017 1789 4059; x_wconf 91' lang='lat' dir='ltr'>ea</span> <span class='ocrx_word' id='word_1_628' title='bbox 1799 4002 1919 4058; x_wconf 86' lang='lat' dir='ltr'>babeant</span> <span class='ocrx_word' id='word_1_629' title='bbox 1929 4013 1996 4056; x_wconf 91' lang='lat' dir='ltr'>con·</span> 
     </span>
     <span class='ocr_line' id='line_1_42' title="bbox 358 4091 1996 4165; baseline -0.004 -16"><span class='ocrx_word' id='word_1_630' title='bbox 358 4091 452 4149; x_wconf 89' lang='lat' dir='ltr'>multis</span> <span class='ocrx_word' id='word_1_631' title='bbox 466 4093 535 4148; x_wconf 87' lang='lat' dir='ltr'>aliis.</span> <span class='ocrx_word' id='word_1_632' title='bbox 551 4091 703 4165; x_wconf 80' lang='lat' dir='ltr'>Aliquando</span> <span class='ocrx_word' id='word_1_633' title='bbox 724 4101 816 4149; x_wconf 89' lang='lat' dir='ltr'>autem</span> <span class='ocrx_word' id='word_1_634' title='bbox 837 4093 945 4151; x_wconf 87' lang='lat' dir='ltr'>ridetur</span> <span class='ocrx_word' id='word_1_635' title='bbox 964 4094 1021 4150; x_wconf 88' lang='lat' dir='ltr'>lieri</span> <span class='ocrx_word' id='word_1_636' title='bbox 1034 4097 1158 4152; x_wconf 88' lang='lat' dir='ltr'>extensio</span> <span class='ocrx_word' id='word_1_637' title='bbox 1192 4096 1335 4154; x_wconf 90' lang='lat' dir='ltr'>nexionem</span> <span class='ocrx_word' id='word_1_638' title='bbox 1350 4093 1533 4152; x_wconf 85' lang='lat' dir='ltr'>necessariam</span> <span class='ocrx_word' id='word_1_639' title='bbox 1548 4093 1574 4148; x_wconf 91' lang='lat' dir='ltr'>in</span> <span class='ocrx_word' id='word_1_640' title='bbox 1589 4091 1682 4150; x_wconf 88' lang='lat' dir='ltr'>ordine</span> <span class='ocrx_word' id='word_1_641' title='bbox 1694 4091 1726 4148; x_wconf 91' lang='lat' dir='ltr'>ad</span> <span class='ocrx_word' id='word_1_642' title='bbox 1738 4092 1868 4148; x_wconf 87' lang='lat' dir='ltr'>iustitiam</span> <span class='ocrx_word' id='word_1_643' title='bbox 1884 4097 1912 4148; x_wconf 92' lang='lat' dir='ltr'>et</span> <span class='ocrx_word' id='word_1_644' title='bbox 1929 4102 1996 4162; x_wconf 92' lang='lat' dir='ltr'>pru·</span> 
     </span>
     <span class='ocr_line' id='line_1_43' title="bbox 359 4181 1992 4259; baseline -0.004 -19"><span class='ocrx_word' id='word_1_645' title='bbox 359 4185 470 4240; x_wconf 94' lang='lat' dir='ltr'>omnino</span> <span class='ocrx_word' id='word_1_646' title='bbox 485 4189 593 4253; x_wconf 82' lang='lat' dir='ltr'>praeter</span> <span class='ocrx_word' id='word_1_647' title='bbox 607 4181 760 4254; x_wconf 86' lang='lat' dir='ltr'>rerba,imo</span> <span class='ocrx_word' id='word_1_648' title='bbox 775 4183 978 4255; x_wconf 89' lang='lat' dir='ltr'>quodammodo</span> <span class='ocrx_word' id='word_1_649' title='bbox 992 4192 1089 4242; x_wconf 88' lang='lat' dir='ltr'>contra</span> <span class='ocrx_word' id='word_1_650' title='bbox 1100 4186 1155 4256; x_wconf 90' lang='lat' dir='ltr'>ille,</span> <span class='ocrx_word' id='word_1_651' title='bbox 1192 4185 1312 4242; x_wconf 91' lang='lat' dir='ltr'>dentiam</span> <span class='ocrx_word' id='word_1_652' title='bbox 1327 4185 1406 4259; x_wconf 86' lang='lat' dir='ltr'>legis,</span> <span class='ocrx_word' id='word_1_653' title='bbox 1422 4184 1449 4242; x_wconf 95' lang='lat' dir='ltr'>id</span> <span class='ocrx_word' id='word_1_654' title='bbox 1463 4191 1507 4241; x_wconf 88' lang='lat' dir='ltr'>est</span> <span class='ocrx_word' id='word_1_655' title='bbox 1520 4189 1551 4239; x_wconf 91' lang='lat' dir='ltr'>ut</span> <span class='ocrx_word' id='word_1_656' title='bbox 1564 4183 1600 4239; x_wconf 89' lang='lat' dir='ltr'>sit</span> <span class='ocrx_word' id='word_1_657' title='bbox 1612 4189 1710 4238; x_wconf 90' lang='lat' dir='ltr'>contra</span> <span class='ocrx_word' id='word_1_658' title='bbox 1724 4187 1829 4238; x_wconf 87' lang='lat' dir='ltr'>rectam</span> <span class='ocrx_word' id='word_1_659' title='bbox 1845 4182 1992 4246; x_wconf 83' lang='lat' dir='ltr'>rationem,</span> 
     </span>
     <span class='ocr_line' id='line_1_44' title="bbox 359 4270 1995 4346; baseline -0.002 -17"><span class='ocrx_word' id='word_1_660' title='bbox 359 4279 391 4329; x_wconf 91' lang='lat' dir='ltr'>ut</span> <span class='ocrx_word' id='word_1_661' title='bbox 404 4273 429 4327; x_wconf 95' lang='lat' dir='ltr'>in</span> <span class='ocrx_word' id='word_1_662' title='bbox 443 4271 516 4328; x_wconf 86' lang='lat' dir='ltr'>dicte</span> <span class='ocrx_word' id='word_1_663' title='bbox 530 4271 548 4327; x_wconf 95' lang='lat' dir='ltr'>l.</span> <span class='ocrx_word' id='word_1_664' title='bbox 565 4273 641 4327; x_wconf 85' lang='lat' dir='ltr'>seire</span> <span class='ocrx_word' id='word_1_665' title='bbox 654 4274 756 4338; x_wconf 81' lang='lat' dir='ltr'>etiem,</span> <span class='ocrx_word' id='word_1_666' title='bbox 776 4270 896 4339; x_wconf 74' lang='lat' dir='ltr'>luituri.</span> <span class='ocrx_word' id='word_1_667' title='bbox 920 4274 968 4330; x_wconf 87' lang='lat' dir='ltr'>sed</span> <span class='ocrx_word' id='word_1_668' title='bbox 990 4273 1023 4329; x_wconf 90' lang='lat' dir='ltr'>ibi</span> <span class='ocrx_word' id='word_1_669' title='bbox 1043 4273 1160 4346; x_wconf 87' lang='lat' dir='ltr'>cogebat</span> <span class='ocrx_word' id='word_1_670' title='bbox 1191 4276 1234 4332; x_wconf 81' lang='lat' dir='ltr'>vel</span> <span class='ocrx_word' id='word_1_671' title='bbox 1249 4282 1345 4332; x_wconf 89' lang='lat' dir='ltr'>contra</span> <span class='ocrx_word' id='word_1_672' title='bbox 1360 4273 1549 4346; x_wconf 92' lang='lat' dir='ltr'>prudentiam,</span> <span class='ocrx_word' id='word_1_673' title='bbox 1560 4273 1585 4327; x_wconf 96' lang='lat' dir='ltr'>in</span> <span class='ocrx_word' id='word_1_674' title='bbox 1600 4271 1764 4344; x_wconf 86' lang='lat' dir='ltr'>quibusdam</span> <span class='ocrx_word' id='word_1_675' title='bbox 1780 4271 1890 4328; x_wconf 85' lang='lat' dir='ltr'>casibus</span> <span class='ocrx_word' id='word_1_676' title='bbox 1904 4270 1940 4327; x_wconf 95' lang='lat' dir='ltr'>ob</span> <span class='ocrx_word' id='word_1_677' title='bbox 1955 4275 1995 4325; x_wconf 89' lang='lat' dir='ltr'>to·</span> 
     </span>
     <span class='ocr_line' id='line_1_45' title="bbox 301 4358 1992 4434; baseline -0.002 -16"><span class='ocrx_word' id='word_1_678' title='bbox 301 4423 303 4427; x_wconf 63' lang='grc'>,</span> <span class='ocrx_word' id='word_1_679' title='bbox 359 4361 574 4418; x_wconf 83' lang='lat' dir='ltr'>alianecessitas</span> <span class='ocrx_word' id='word_1_680' title='bbox 584 4360 683 4417; x_wconf 86' lang='lat' dir='ltr'>vitandi</span> <span class='ocrx_word' id='word_1_681' title='bbox 694 4361 896 4428; x_wconf 85' lang='lat' dir='ltr'>absurdum,ut</span> <span class='ocrx_word' id='word_1_682' title='bbox 908 4377 993 4433; x_wconf 88' lang='lat' dir='ltr'>supra</span> <span class='ocrx_word' id='word_1_683' title='bbox 1003 4362 1157 4420; x_wconf 75' lang='lat' dir='ltr'>dixibliud</span> <span class='ocrx_word' id='word_1_684' title='bbox 1191 4365 1245 4422; x_wconf 88' lang='lat' dir='ltr'>lem</span> <span class='ocrx_word' id='word_1_685' title='bbox 1259 4366 1391 4426; x_wconf 90' lang='lat' dir='ltr'>rationem</span> <span class='ocrx_word' id='word_1_686' title='bbox 1405 4362 1560 4434; x_wconf 87' lang='lat' dir='ltr'>disponere,</span> <span class='ocrx_word' id='word_1_687' title='bbox 1573 4368 1602 4417; x_wconf 89' lang='lat' dir='ltr'>et</span> <span class='ocrx_word' id='word_1_688' title='bbox 1614 4376 1669 4416; x_wconf 92' lang='lat' dir='ltr'>non</span> <span class='ocrx_word' id='word_1_689' title='bbox 1684 4363 1711 4416; x_wconf 91' lang='lat' dir='ltr'>in</span> <span class='ocrx_word' id='word_1_690' title='bbox 1726 4360 1853 4417; x_wconf 87' lang='lat' dir='ltr'>omnibus</span> <span class='ocrx_word' id='word_1_691' title='bbox 1868 4358 1992 4417; x_wconf 87' lang='lat' dir='ltr'>eamdem</span> 
     </span>
     <span class='ocr_line' id='line_1_46' title="bbox 358 4447 1994 4527; baseline -0.004 -20"><span class='ocrx_word' id='word_1_692' title='bbox 358 4449 515 4521; x_wconf 88' lang='lat' dir='ltr'>exemplum</span> <span class='ocrx_word' id='word_1_693' title='bbox 530 4465 610 4506; x_wconf 90' lang='lat' dir='ltr'>sumo</span> <span class='ocrx_word' id='word_1_694' title='bbox 623 4465 657 4505; x_wconf 92' lang='lat' dir='ltr'>ex</span> <span class='ocrx_word' id='word_1_695' title='bbox 671 4449 723 4522; x_wconf 91' lang='lat' dir='ltr'>leg.</span> <span class='ocrx_word' id='word_1_696' title='bbox 737 4447 824 4516; x_wconf 84' lang='lat' dir='ltr'>iliud,</span> <span class='ocrx_word' id='word_1_697' title='bbox 842 4451 869 4507; x_wconf 87' lang='lat' dir='ltr'>tl.</span> <span class='ocrx_word' id='word_1_698' title='bbox 886 4451 919 4508; x_wconf 91' lang='lat' dir='ltr'>ad</span> <span class='ocrx_word' id='word_1_699' title='bbox 935 4452 988 4524; x_wconf 91' lang='lat' dir='ltr'>leg.</span> <span class='ocrx_word' id='word_1_700' title='bbox 1005 4452 1097 4525; x_wconf 79' lang='lat' dir='ltr'>Aquil.</span> <span class='ocrx_word' id='word_1_701' title='bbox 1111 4452 1156 4510; x_wconf 93' lang='lat' dir='ltr'>ubi</span> <span class='ocrx_word' id='word_1_702' title='bbox 1190 4455 1325 4511; x_wconf 91' lang='lat' dir='ltr'>rationem</span> <span class='ocrx_word' id='word_1_703' title='bbox 1340 4468 1426 4527; x_wconf 89' lang='lat' dir='ltr'>aeque</span> <span class='ocrx_word' id='word_1_704' title='bbox 1441 4449 1677 4523; x_wconf 86' lang='lat' dir='ltr'>participantibus.</span> <span class='ocrx_word' id='word_1_705' title='bbox 1690 4451 1759 4507; x_wconf 88' lang='lat' dir='ltr'>Nam</span> <span class='ocrx_word' id='word_1_706' title='bbox 1773 4449 1795 4505; x_wconf 93' lang='lat' dir='ltr'>si</span> <span class='ocrx_word' id='word_1_707' title='bbox 1810 4449 1871 4508; x_wconf 88' lang='lat' dir='ltr'>talis</span> <span class='ocrx_word' id='word_1_708' title='bbox 1888 4465 1943 4506; x_wconf 95' lang='lat' dir='ltr'>non</span> <span class='ocrx_word' id='word_1_709' title='bbox 1959 4448 1994 4502; x_wconf 89' lang='lat' dir='ltr'>sit</span> 
     </span>
     <span class='ocr_line' id='line_1_47' title="bbox 358 4537 1992 4614; baseline -0.003 -18"><span class='ocrx_word' id='word_1_710' title='bbox 358 4539 498 4611; x_wconf 86' lang='lat' dir='ltr'>dispositio</span> <span class='ocrx_word' id='word_1_711' title='bbox 517 4538 653 4610; x_wconf 89' lang='lat' dir='ltr'>quaedam</span> <span class='ocrx_word' id='word_1_712' title='bbox 674 4538 790 4611; x_wconf 90' lang='lat' dir='ltr'>loquens</span> <span class='ocrx_word' id='word_1_713' title='bbox 810 4540 844 4597; x_wconf 92' lang='lat' dir='ltr'>de</span> <span class='ocrx_word' id='word_1_714' title='bbox 866 4540 951 4609; x_wconf 89' lang='lat' dir='ltr'>iurto,</span> <span class='ocrx_word' id='word_1_715' title='bbox 968 4538 1001 4595; x_wconf 92' lang='lat' dir='ltr'>ad</span> <span class='ocrx_word' id='word_1_716' title='bbox 1016 4556 1095 4597; x_wconf 92' lang='lat' dir='ltr'>omne</span> <span class='ocrx_word' id='word_1_717' title='bbox 1110 4541 1157 4597; x_wconf 90' lang='lat' dir='ltr'>da·</span> <span class='ocrx_word' id='word_1_718' title='bbox 1191 4545 1271 4614; x_wconf 86' lang='lat' dir='ltr'>ratio,</span> <span class='ocrx_word' id='word_1_719' title='bbox 1287 4559 1341 4600; x_wconf 93' lang='lat' dir='ltr'>non</span> <span class='ocrx_word' id='word_1_720' title='bbox 1355 4547 1447 4614; x_wconf 84' lang='lat' dir='ltr'>potest</span> <span class='ocrx_word' id='word_1_721' title='bbox 1460 4539 1518 4597; x_wconf 88' lang='lat' dir='ltr'>sola</span> <span class='ocrx_word' id='word_1_722' title='bbox 1534 4539 1579 4596; x_wconf 92' lang='lat' dir='ltr'>illa</span> <span class='ocrx_word' id='word_1_723' title='bbox 1593 4553 1693 4612; x_wconf 89' lang='lat' dir='ltr'>cogere</span> <span class='ocrx_word' id='word_1_724' title='bbox 1708 4539 1740 4596; x_wconf 90' lang='lat' dir='ltr'>ad</span> <span class='ocrx_word' id='word_1_725' title='bbox 1756 4538 1837 4596; x_wconf 89' lang='lat' dir='ltr'>talem</span> <span class='ocrx_word' id='word_1_726' title='bbox 1857 4537 1992 4597; x_wconf 90' lang='lat' dir='ltr'>extensio·</span> 
     </span>
    </p>
   </div>
   <div class='ocr_carea' id='block_1_3' title="bbox 276 4627 1993 4702">
    <p class='ocr_par' dir='ltr' id='par_1_3' title="bbox 276 4627 1993 4702">
     <span class='ocr_line' id='line_1_48' title="bbox 276 4627 1993 4702; baseline -0.003 -17"><span class='ocrx_word' id='word_1_727' title='bbox 276 4651 282 4664; x_wconf 89' lang='lat'><em>·</em></span> <span class='ocrx_word' id='word_1_728' title='bbox 357 4643 452 4685; x_wconf 89' lang='lat' dir='ltr'>mnum</span> <span class='ocrx_word' id='word_1_729' title='bbox 467 4627 629 4684; x_wconf 88' lang='lat' dir='ltr'>iniuriosum</span> <span class='ocrx_word' id='word_1_730' title='bbox 649 4627 821 4700; x_wconf 77' lang='lat' dir='ltr'>extenditur3</span> <span class='ocrx_word' id='word_1_731' title='bbox 837 4635 865 4686; x_wconf 93' lang='lat' dir='ltr'>et</span> <span class='ocrx_word' id='word_1_732' title='bbox 879 4628 1006 4685; x_wconf 89' lang='lat' dir='ltr'>subditur</span> <span class='ocrx_word' id='word_1_733' title='bbox 1020 4629 1155 4702; x_wconf 84' lang='lat' dir='ltr'>probatio,</span> <span class='ocrx_word' id='word_1_734' title='bbox 1192 4649 1252 4688; x_wconf 92' lang='lat' dir='ltr'>nem</span> <span class='ocrx_word' id='word_1_735' title='bbox 1269 4631 1431 4698; x_wconf 85' lang='lat' dir='ltr'>taciendam,</span> <span class='ocrx_word' id='word_1_736' title='bbox 1447 4629 1497 4686; x_wconf 87' lang='lat' dir='ltr'>nisi</span> <span class='ocrx_word' id='word_1_737' title='bbox 1512 4627 1620 4685; x_wconf 89' lang='lat' dir='ltr'>aliunde</span> <span class='ocrx_word' id='word_1_738' title='bbox 1634 4635 1762 4685; x_wconf 88' lang='lat' dir='ltr'>sumatur</span> <span class='ocrx_word' id='word_1_739' title='bbox 1772 4643 1806 4686; x_wconf 89' lang='lat' dir='ltr'>ex</span> <span class='ocrx_word' id='word_1_740' title='bbox 1816 4629 1907 4686; x_wconf 85' lang='lat' dir='ltr'>verbis</span> <span class='ocrx_word' id='word_1_741' title='bbox 1919 4627 1993 4684; x_wconf 90' lang='lat' dir='ltr'>eius·</span> 
     </span>
    </p>
   </div>
   <div class='ocr_carea' id='block_1_4' title="bbox 354 4717 1991 5330">
    <p class='ocr_par' dir='ltr' id='par_1_4' title="bbox 354 4717 1991 5330">
     <span class='ocr_line' id='line_1_49' title="bbox 357 4717 1991 4793; baseline 0.001 -21"><span class='ocrx_word' id='word_1_742' title='bbox 357 4717 423 4788; x_wconf 87' lang='lat' dir='ltr'>quia</span> <span class='ocrx_word' id='word_1_743' title='bbox 439 4718 519 4786; x_wconf 90' lang='lat' dir='ltr'>ratio,</span> <span class='ocrx_word' id='word_1_744' title='bbox 531 4731 601 4788; x_wconf 89' lang='lat' dir='ltr'>quae</span> <span class='ocrx_word' id='word_1_745' title='bbox 618 4717 642 4772; x_wconf 93' lang='lat' dir='ltr'>in</span> <span class='ocrx_word' id='word_1_746' title='bbox 657 4717 730 4774; x_wconf 77' lang='lat' dir='ltr'>turm</span> <span class='ocrx_word' id='word_1_747' title='bbox 746 4719 840 4790; x_wconf 87' lang='lat' dir='ltr'>movit,</span> <span class='ocrx_word' id='word_1_748' title='bbox 855 4719 948 4776; x_wconf 90' lang='lat' dir='ltr'>eadem</span> <span class='ocrx_word' id='word_1_749' title='bbox 963 4721 989 4775; x_wconf 91' lang='lat' dir='ltr'>in</span> <span class='ocrx_word' id='word_1_750' title='bbox 1005 4719 1103 4776; x_wconf 90' lang='lat' dir='ltr'>damno</span> <span class='ocrx_word' id='word_1_751' title='bbox 1118 4721 1157 4776; x_wconf 88' lang='lat' dir='ltr'>in·</span> <span class='ocrx_word' id='word_1_752' title='bbox 1190 4718 1252 4776; x_wconf 92' lang='lat' dir='ltr'>dem</span> <span class='ocrx_word' id='word_1_753' title='bbox 1265 4719 1343 4793; x_wconf 88' lang='lat' dir='ltr'>legis,</span> <span class='ocrx_word' id='word_1_754' title='bbox 1353 4719 1394 4776; x_wconf 84' lang='lat' dir='ltr'>vel</span> <span class='ocrx_word' id='word_1_755' title='bbox 1404 4735 1436 4776; x_wconf 89' lang='lat' dir='ltr'>ex</span> <span class='ocrx_word' id='word_1_756' title='bbox 1449 4718 1507 4774; x_wconf 88' lang='lat' dir='ltr'>aliis</span> <span class='ocrx_word' id='word_1_757' title='bbox 1518 4718 1774 4774; x_wconf 85' lang='lat' dir='ltr'>iuribus.Probetur</span> <span class='ocrx_word' id='word_1_758' title='bbox 1785 4721 1892 4776; x_wconf 87' lang='lat' dir='ltr'>ratione</span> <span class='ocrx_word' id='word_1_759' title='bbox 1908 4727 1991 4788; x_wconf 77' lang='lat' dir='ltr'>saepe</span> 
     </span>
     <span class='ocr_line' id='line_1_50' title="bbox 357 4805 1990 4881; baseline -0.002 -18"><span class='ocrx_word' id='word_1_760' title='bbox 357 4807 441 4881; x_wconf 77' lang='lat' dir='ltr'>iuriae</span> <span class='ocrx_word' id='word_1_761' title='bbox 455 4806 605 4874; x_wconf 86' lang='lat' dir='ltr'>invenitur,</span> <span class='ocrx_word' id='word_1_762' title='bbox 623 4806 695 4862; x_wconf 91' lang='lat' dir='ltr'>unde</span> <span class='ocrx_word' id='word_1_763' title='bbox 711 4809 848 4880; x_wconf 87' lang='lat' dir='ltr'>sequitur,</span> <span class='ocrx_word' id='word_1_764' title='bbox 865 4813 895 4864; x_wconf 93' lang='lat' dir='ltr'>ut</span> <span class='ocrx_word' id='word_1_765' title='bbox 909 4805 977 4864; x_wconf 90' lang='lat' dir='ltr'>idem</span> <span class='ocrx_word' id='word_1_766' title='bbox 992 4807 1090 4865; x_wconf 88' lang='lat' dir='ltr'>debeat</span> <span class='ocrx_word' id='word_1_767' title='bbox 1102 4811 1157 4866; x_wconf 86' lang='lat' dir='ltr'>oxi·</span> <span class='ocrx_word' id='word_1_768' title='bbox 1191 4809 1274 4881; x_wconf 91' lang='lat' dir='ltr'>lacta,</span> <span class='ocrx_word' id='word_1_769' title='bbox 1289 4809 1354 4881; x_wconf 91' lang='lat' dir='ltr'>quia</span> <span class='ocrx_word' id='word_1_770' title='bbox 1368 4808 1411 4865; x_wconf 92' lang='lat' dir='ltr'>lex</span> <span class='ocrx_word' id='word_1_771' title='bbox 1424 4806 1525 4880; x_wconf 90' lang='lat' dir='ltr'>pendet</span> <span class='ocrx_word' id='word_1_772' title='bbox 1538 4822 1572 4864; x_wconf 89' lang='lat' dir='ltr'>ex</span> <span class='ocrx_word' id='word_1_773' title='bbox 1586 4805 1742 4880; x_wconf 86' lang='lat' dir='ltr'>roltrntate,</span> <span class='ocrx_word' id='word_1_774' title='bbox 1757 4808 1884 4865; x_wconf 82' lang='lat' dir='ltr'>uoluntas</span> <span class='ocrx_word' id='word_1_775' title='bbox 1900 4815 1990 4864; x_wconf 87' lang='lat' dir='ltr'>autem</span> 
     </span>
     <span class='ocr_line' id='line_1_51' title="bbox 357 4892 1989 4973; baseline -0.002 -22"><span class='ocrx_word' id='word_1_776' title='bbox 357 4897 471 4952; x_wconf 85' lang='lat' dir='ltr'>stimant.</span> <span class='ocrx_word' id='word_1_777' title='bbox 489 4896 614 4951; x_wconf 84' lang='lat' dir='ltr'>sumitur</span> <span class='ocrx_word' id='word_1_778' title='bbox 635 4896 717 4952; x_wconf 87' lang='lat' dir='ltr'>etiam</span> <span class='ocrx_word' id='word_1_779' title='bbox 732 4899 866 4968; x_wconf 91' lang='lat' dir='ltr'>optimum</span> <span class='ocrx_word' id='word_1_780' title='bbox 882 4897 1036 4970; x_wconf 87' lang='lat' dir='ltr'>exemplum</span> <span class='ocrx_word' id='word_1_781' title='bbox 1050 4915 1083 4955; x_wconf 85' lang='lat' dir='ltr'>ex</span> <span class='ocrx_word' id='word_1_782' title='bbox 1098 4899 1156 4973; x_wconf 91' lang='lat' dir='ltr'>lege</span> <span class='ocrx_word' id='word_1_783' title='bbox 1191 4913 1239 4969; x_wconf 89' lang='lat' dir='ltr'>pra</span> <span class='ocrx_word' id='word_1_784' title='bbox 1261 4913 1311 4954; x_wconf 88' lang='lat' dir='ltr'>sua</span> <span class='ocrx_word' id='word_1_785' title='bbox 1332 4896 1453 4953; x_wconf 88' lang='lat' dir='ltr'>libertate</span> <span class='ocrx_word' id='word_1_786' title='bbox 1473 4903 1563 4969; x_wconf 90' lang='lat' dir='ltr'>potest</span> <span class='ocrx_word' id='word_1_787' title='bbox 1584 4910 1670 4952; x_wconf 92' lang='lat' dir='ltr'>unum</span> <span class='ocrx_word' id='word_1_788' title='bbox 1691 4895 1774 4967; x_wconf 89' lang='lat' dir='ltr'>velle,</span> <span class='ocrx_word' id='word_1_789' title='bbox 1789 4903 1818 4954; x_wconf 93' lang='lat' dir='ltr'>et</span> <span class='ocrx_word' id='word_1_790' title='bbox 1832 4913 1887 4954; x_wconf 95' lang='lat' dir='ltr'>non</span> <span class='ocrx_word' id='word_1_791' title='bbox 1906 4892 1989 4958; x_wconf 87' lang='lat' dir='ltr'>aliud,</span> 
     </span>
     <span class='ocr_line' id='line_1_52' title="bbox 357 4984 1990 5059; baseline -0.004 -17"><span class='ocrx_word' id='word_1_792' title='bbox 357 5003 426 5043; x_wconf 86' lang='lat' dir='ltr'>cunr</span> <span class='ocrx_word' id='word_1_793' title='bbox 441 4984 557 5052; x_wconf 83' lang='lat' dir='ltr'>molier,</span> <span class='ocrx_word' id='word_1_794' title='bbox 577 4985 604 5040; x_wconf 87' lang='lat' dir='ltr'>ll.</span> <span class='ocrx_word' id='word_1_795' title='bbox 622 4985 707 5042; x_wconf 86' lang='lat' dir='ltr'>solut.</span> <span class='ocrx_word' id='word_1_796' title='bbox 725 4989 880 5052; x_wconf 85' lang='lat' dir='ltr'>matrimon.</span> <span class='ocrx_word' id='word_1_797' title='bbox 894 4986 1000 5043; x_wconf 86' lang='lat' dir='ltr'>dixerat</span> <span class='ocrx_word' id='word_1_798' title='bbox 1014 4989 1085 5043; x_wconf 92' lang='lat' dir='ltr'>enim</span> <span class='ocrx_word' id='word_1_799' title='bbox 1101 4987 1153 5044; x_wconf 84' lang='lat' dir='ltr'>les:</span> <span class='ocrx_word' id='word_1_800' title='bbox 1190 4987 1295 5042; x_wconf 87' lang='lat' dir='ltr'>etiamsi</span> <span class='ocrx_word' id='word_1_801' title='bbox 1310 4986 1335 5040; x_wconf 92' lang='lat' dir='ltr'>in</span> <span class='ocrx_word' id='word_1_802' title='bbox 1351 4993 1471 5058; x_wconf 88' lang='lat' dir='ltr'>utroque</span> <span class='ocrx_word' id='word_1_803' title='bbox 1485 4986 1519 5040; x_wconf 84' lang='lat' dir='ltr'>eit</span> <span class='ocrx_word' id='word_1_804' title='bbox 1533 4984 1628 5041; x_wconf 91' lang='lat' dir='ltr'>eadem</span> <span class='ocrx_word' id='word_1_805' title='bbox 1643 4987 1713 5041; x_wconf 91' lang='lat' dir='ltr'>ratio</span> <span class='ocrx_word' id='word_1_806' title='bbox 1730 4985 1845 5043; x_wconf 90' lang='lat' dir='ltr'>volendi.</span> <span class='ocrx_word' id='word_1_807' title='bbox 1857 4989 1891 5044; x_wconf 86' lang='lat' dir='ltr'>Et</span> <span class='ocrx_word' id='word_1_808' title='bbox 1905 4997 1990 5059; x_wconf 86' lang='lat' dir='ltr'>quan·</span> 
     </span>
     <span class='ocr_line' id='line_1_53' title="bbox 359 5067 1991 5146; baseline -0.005 -13"><span class='ocrx_word' id='word_1_809' title='bbox 359 5077 436 5133; x_wconf 82' lang='lat' dir='ltr'>Cum</span> <span class='ocrx_word' id='word_1_810' title='bbox 450 5072 556 5130; x_wconf 83' lang='lat' dir='ltr'>multer</span> <span class='ocrx_word' id='word_1_811' title='bbox 569 5071 850 5144; x_wconf 75' lang='lat' dir='ltr'>adstiteratasuerit</span> <span class='ocrx_word' id='word_1_812' title='bbox 862 5077 918 5132; x_wconf 87' lang='lat' dir='ltr'>virt</span> <span class='ocrx_word' id='word_1_813' title='bbox 932 5073 1157 5145; x_wconf 67' lang='lat' dir='ltr'>lenocinioque</span> <span class='ocrx_word' id='word_1_814' title='bbox 1192 5075 1227 5132; x_wconf 93' lang='lat' dir='ltr'>do</span> <span class='ocrx_word' id='word_1_815' title='bbox 1249 5067 1302 5132; x_wconf 80' lang='lat' dir='ltr'>don</span> <span class='ocrx_word' id='word_1_816' title='bbox 1324 5074 1465 5132; x_wconf 90' lang='lat' dir='ltr'>intercedit</span> <span class='ocrx_word' id='word_1_817' title='bbox 1484 5073 1557 5130; x_wconf 90' lang='lat' dir='ltr'>dieta</span> <span class='ocrx_word' id='word_1_818' title='bbox 1578 5074 1728 5146; x_wconf 89' lang='lat' dir='ltr'>connexio,</span> <span class='ocrx_word' id='word_1_819' title='bbox 1748 5077 1848 5146; x_wconf 90' lang='lat' dir='ltr'>poterit</span> <span class='ocrx_word' id='word_1_820' title='bbox 1869 5067 1991 5132; x_wconf 87' lang='lat' dir='ltr'>etiamid</span> 
     </span>
     <span class='ocr_line' id='line_1_54' title="bbox 354 5159 1989 5240; baseline -0.001 -21"><span class='ocrx_word' id='word_1_821' title='bbox 354 5167 497 5240; x_wconf 82' lang='lat' dir='ltr'>privatur</span> <span class='ocrx_word' id='word_1_822' title='bbox 509 5162 585 5220; x_wconf 82' lang='lat' dir='ltr'>dote.</span> <span class='ocrx_word' id='word_1_823' title='bbox 602 5165 636 5220; x_wconf 85' lang='lat' dir='ltr'>Et</span> <span class='ocrx_word' id='word_1_824' title='bbox 651 5163 803 5236; x_wconf 89' lang='lat' dir='ltr'>subiungit,</span> <span class='ocrx_word' id='word_1_825' title='bbox 818 5163 1001 5222; x_wconf 81' lang='lat' dir='ltr'>audiendum</span> <span class='ocrx_word' id='word_1_826' title='bbox 1015 5180 1087 5226; x_wconf 84' lang='lat' dir='ltr'>esse.</span> <span class='ocrx_word' id='word_1_827' title='bbox 1103 5166 1156 5238; x_wconf 84' lang='lat' dir='ltr'>qui</span> <span class='ocrx_word' id='word_1_828' title='bbox 1189 5165 1247 5222; x_wconf 89' lang='lat' dir='ltr'>lieri</span> <span class='ocrx_word' id='word_1_829' title='bbox 1260 5167 1317 5222; x_wconf 88' lang='lat' dir='ltr'>siue</span> <span class='ocrx_word' id='word_1_830' title='bbox 1332 5165 1475 5233; x_wconf 85' lang='lat' dir='ltr'>iniustitia,</span> <span class='ocrx_word' id='word_1_831' title='bbox 1489 5162 1530 5219; x_wconf 86' lang='lat' dir='ltr'>vel</span> <span class='ocrx_word' id='word_1_832' title='bbox 1546 5163 1629 5220; x_wconf 90' lang='lat' dir='ltr'>etiam</span> <span class='ocrx_word' id='word_1_833' title='bbox 1644 5164 1702 5219; x_wconf 87' lang='lat' dir='ltr'>sine</span> <span class='ocrx_word' id='word_1_834' title='bbox 1718 5164 1909 5237; x_wconf 87' lang='lat' dir='ltr'>imprudentia,</span> <span class='ocrx_word' id='word_1_835' title='bbox 1926 5159 1989 5237; x_wconf 88' lang='lat' dir='ltr'>quia</span> 
     </span>
     <span class='ocr_line' id='line_1_55' title="bbox 355 5251 1989 5330; baseline -0.004 -18"><span class='ocrx_word' id='word_1_836' title='bbox 355 5251 467 5312; x_wconf 79' lang='lat' dir='ltr'>dicerit</span> <span class='ocrx_word' id='word_1_837' title='bbox 481 5269 519 5312; x_wconf 77' lang='lat' dir='ltr'>ea·</span> <span class='ocrx_word' id='word_1_838' title='bbox 528 5257 623 5310; x_wconf 86' lang='lat' dir='ltr'>mente</span> <span class='ocrx_word' id='word_1_839' title='bbox 636 5253 719 5327; x_wconf 76' lang='lat' dir='ltr'>lepis,</span> <span class='ocrx_word' id='word_1_840' title='bbox 734 5256 832 5312; x_wconf 74' lang='lat' dir='ltr'>sirum</span> <span class='ocrx_word' id='word_1_841' title='bbox 843 5270 902 5312; x_wconf 81' lang='lat' dir='ltr'>eon</span> <span class='ocrx_word' id='word_1_842' title='bbox 911 5269 996 5330; x_wconf 86' lang='lat' dir='ltr'>posse</span> <span class='ocrx_word' id='word_1_843' title='bbox 1006 5269 1155 5313; x_wconf 84' lang='lat' dir='ltr'>accusare</span> <span class='ocrx_word' id='word_1_844' title='bbox 1190 5255 1258 5313; x_wconf 89' lang='lat' dir='ltr'>lorte</span> <span class='ocrx_word' id='word_1_845' title='bbox 1275 5271 1329 5314; x_wconf 94' lang='lat' dir='ltr'>non</span> <span class='ocrx_word' id='word_1_846' title='bbox 1344 5251 1469 5328; x_wconf 88' lang='lat' dir='ltr'>expedit,</span> <span class='ocrx_word' id='word_1_847' title='bbox 1484 5253 1527 5310; x_wconf 83' lang='lat' dir='ltr'>rel</span> <span class='ocrx_word' id='word_1_848' title='bbox 1541 5267 1594 5309; x_wconf 92' lang='lat' dir='ltr'>non</span> <span class='ocrx_word' id='word_1_849' title='bbox 1609 5259 1720 5326; x_wconf 87' lang='lat' dir='ltr'>oportet</span> <span class='ocrx_word' id='word_1_850' title='bbox 1733 5255 1822 5312; x_wconf 88' lang='lat' dir='ltr'>omnia</span> <span class='ocrx_word' id='word_1_851' title='bbox 1838 5253 1922 5327; x_wconf 81' lang='lat' dir='ltr'>selle,</span> <span class='ocrx_word' id='word_1_852' title='bbox 1940 5263 1989 5308; x_wconf 86' lang='lat' dir='ltr'>eeu</span> 
     </span>
    </p>
   </div>
   <div class='ocr_carea' id='block_1_5' title="bbox 0 0 2144 6242">
    <p class='ocr_par' dir='ltr' id='par_1_5' title="bbox 0 0 2144 6242">
     <span class='ocr_line' id='line_1_56' title="bbox 0 0 2144 6242; baseline 0 0"><span class='ocrx_word' id='word_1_853' title='bbox 0 0 2144 6242; x_wconf 95' lang='lat' dir='ltr'> </span> 
     </span>
    </p>
   </div>
  </div>
 </body>
</html>
