4190 6234
378 357 434 420 ⁵2³
1079 375 1228 426 rannus.

337 499 408 572 bris,
430 515 492 558 nam
507 505 565 561 sine
580 501 663 561 dnbio
677 509 752 560 esset
764 515 894 578 magnum
908 498 1075 574 reipublicae
1088 515 1136 558 oo·
1177 499 1239 559 ulio
1258 503 1345 560 tertio
1364 501 1605 564 intercedendum
1620 521 1695 577 esse,
1714 516 1749 566 ut
1760 503 1900 570 remittet
1909 526 1981 587 poe-
1997 539 2000 544 ·

339 590 697 649 eumentumdlihilomieus
709 599 798 650 tamen
810 590 918 665 aliquod
930 591 1076 647 intervenit
1086 588 1141 646 dis·
1175 607 1259 649 nom.
1270 591 1369 650 Deinde
1385 593 1409 649 in
1425 592 1486 650 aliis
1500 595 1605 667 poenis,
1617 612 1688 670 quae
1703 605 1808 657 uatum
1824 599 1860 658 sd
1874 601 1984 658 bonum

339 683 467 754 crimem
489 697 551 739 nam
573 682 680 740 facilius
701 681 754 739 hoc
775 683 865 739 lacere
888 686 979 753 potest
1002 681 1140 752 princepe,
1177 695 1325 738 commune
1345 680 1524 752 ordinantur,
1541 683 1665 743 habenda
1678 688 1760 756 etism
1774 691 1903 748 estrttio
1918 690 1986 747 boni

340 785 424 842 quam
439 770 606 830 iudex.Nem
621 773 730 830 inferior
745 770 834 830 solum
847 770 873 829 id
886 770 1035 844 potcet,rel
1050 772 1078 826 iu
1093 783 1141 826 ca·
1177 771 1344 828 communis.
1362 774 1430 830 llam
1450 772 1473 828 si
1491 771 1592 832 delicta
1611 783 1677 832 sunt
1694 778 1860 853 frequentis,
1875 779 1922 836 rel
1938 779 1986 837 de·

344 862 421 918 sibus
437 863 494 919 iure
513 864 662 937 expressis,
678 864 720 920 rel
735 863 935 920 cousuetudine
947 861 1078 933 receptis,
1093 862 1142 915 sut
1176 859 1303 934 linquens
1318 861 1473 920 obstinatus
1486 869 1540 934 est,
1555 863 1598 921 vel
1614 865 1815 943 incorrigibilis,
1833 876 1883 928 sut
1897 884 1983 927 seen·-

343 959 417 1008 certe
430 967 479 1026 per
493 952 604 1010 modum
618 951 862 1026 epiilriao,quaado
873 967 927 1008 nou
938 957 980 1008 est
993 949 1080 1007 iscilis
1096 964 1139 1005 re·
1176 947 1305 1024 dalosus,
1329 949 1438 1008 vitanda
1457 957 1499 1008 eet
1519 953 1694 1029 intercessi03
1714 959 1752 1015 ita
1765 959 1837 1017 enim
1852 967 1896 1016 eet
1911 959 1983 1018 iudi-

342 1057 442 1100 cnrsus
464 1041 497 1100 ad
520 1043 702 1114 superiorem.
718 1044 754 1099 tt
768 1057 834 1100 vero
854 1042 983 1114 princeps
999 1038 1080 1095 habet
1093 1052 1141 1094 eu·
1176 1038 1304 1111 gentibus
1328 1038 1564 1112 subveniendum,
1588 1052 1619 1101 ut
1641 1045 1744 1104 iustitia
1765 1063 1819 1105 Μ
1842 1048 1984 1107 pedum·

342 1147 465 1204 premam
481 1139 656 1205 potestatem,
668 1139 697 1190 et
709 1131 744 1189 ad
756 1129 989 1204 interpretandam
1005 1129 1102 1202 legem,
1115 1131 1142 1183 et
1177 1127 1321 1196 Quomodo
1335 1130 1445 1202 exponit
1457 1128 1538 1186 divus
1551 1130 1669 1190 Thomas
1685 1139 1713 1193 2.
1729 1141 1759 1206 2,
1773 1153 1801 1210 q.
1818 1140 1866 1206 62,
1881 1145 1942 1196 art.
1955 1143 1984 1198 ι.

345 1222 378 1280 nd
393 1222 856 1296 dispensandum,quotiescumque
871 1221 1022 1294 prudenter
1036 1217 1139 1276 iudica·
1177 1215 1210 1272 ad
1230 1214 1296 1274 illud
1320 1218 1408 1276 exod.
1424 1223 1471 1279 2³:
1487 1213 1637 1298 Pauperis
1657 1241 1719 1282 coa
1742 1226 1931 1286 miserem
1955 1232 1988 1286 p„

342 1313 425 1384 verit,
440 1327 553 1368 caueam
574 1328 635 1370 erse
657 1311 860 1384 sufficientem,
881 1311 922 1367 vel
941 1306 1147 1366 rationabilem·
1176 1303 1305 1368 iudicio.
1329 1307 1435 1368 scilicet
1453 1317 1551 1368 contra
1564 1313 1709 1388 iustitiam,
1726 1315 1871 1390 multoque
1887 1319 1987 1374 minus

346 1401 422 1460 Unde
445 1401 555 1458 inferior
575 1401 657 1460 index
678 1402 722 1460 vix
743 1408 834 1473 potest
852 1397 996 1474 aliquando
1016 1400 1141 1454 minuere
1179 1403 1278 1453 eontra
1293 1411 1441 1457 commune
1456 1401 1571 1459 bouum.
1584 1404 1643 1460 uuo
1660 1404 1743 1477 igitur
1756 1407 1827 1462 iuste
1841 1407 1986 1479 postulari

345 1508 476 1564 poenam,
499 1492 550 1549 nisi
570 1491 681 1566 quando
701 1492 782 1549 etism
797 1497 922 1562 tenetur,
937 1490 1003 1562 quin
1015 1487 1141 1544 nimirum
1178 1492 1306 1561 possunt,
1322 1505 1409 1546 unum
1422 1498 1476 1564 eat,
1489 1497 1521 1548 ut
1535 1493 1558 1548 si
1571 1506 1615 1549 res
1629 1493 1711 1552 inerit
1725 1492 1818 1570 aliquo
1834 1497 1917 1554 modo
1933 1498 1988 1555 du·

344 1582 387 1639 lex
401 1582 442 1638 rel
461 1581 635 1639 consuetudo
646 1580 817 1654 disponit,ut
827 1582 852 1638 in
866 1595 898 1636 eo
910 1595 979 1637 casn
989 1581 1141 1648 minuatur,
1177 1575 1231 1647 bia,
1240 1577 1332 1634 mitior
1345 1578 1535 1652 interpretatio
1550 1581 1606 1656 ost,
1620 1582 1645 1640 id
1657 1583 1728 1642 enim
1741 1591 1771 1642 et
1783 1587 1881 1643 rationl
1896 1592 1928 1644 et
1941 1603 1988 1644 re-

345 1677 394 1729 aut
406 1671 474 1729 ratio
492 1671 637 1746 aequitatis
649 1673 805 1729 necessario
819 1669 845 1727 id
860 1668 991 1743 postulet.
1008 1668 1140 1739 Princeps
1178 1667 1260 1740 gulae
1282 1667 1348 1724 iuris
1369 1675 1585 1727 cousentaneum
1606 1678 1659 1744 est,
1676 1687 1738 1746 cap.
1756 1677 1792 1732 In
1805 1677 1932 1751 possets,
1952 1677 1988 1735 qe

346 1769 438 1820 autem
461 1777 541 1834 saepe
563 1767 654 1834 potest
671 1760 848 1834 dispensare,
861 1759 968 1817 etiamsi
983 1773 1037 1815 non
1052 1763 1143 1813 tenea·
1178 1756 1270 1831 regul.
1285 1759 1355 1814 iuris
1370 1759 1396 1814 in
1411 1761 1437 1816 o.
1454 1773 1517 1831 cap.
1532 1756 1677 1834 Alttgunt,
1696 1766 1745 1835 26,
1761 1773 1868 1838 quaest.
1888 1769 1917 1840 7,
1938 1768 1986 1826 ubi

344 1853 478 1910 tomitem
492 1851 637 1927 aliquando
653 1859 743 1925 potest
755 1853 826 1909 iuste
840 1851 867 1908 id
882 1851 971 1908 iacere
985 1849 1010 1905 in
1025 1848 1143 1922 gratiam
1177 1847 1248 1904 inter
1267 1847 1319 1904 alia
1333 1847 1424 1922 inquit
1437 1847 1662 1925 chrysostomus:
1676 1851 1790 1912 Melius
1803 1860 1848 1913 est
1855 1862 1988 1932 propter

345 1942 530 2015 subditorum,
549 1950 581 1999 ut
595 1957 624 1999 re
638 1941 691 1999 illis
707 1940 832 1999 ostendat
845 1941 992 2015 benignum
1005 1943 1034 1996 et
1046 1936 1142 1994 libers·
1177 1934 1418 1995 misericordiam
1438 1941 1591 1996 rationem
1604 1938 1736 2010 reddere,
1754 1958 1846 2017 quom
1854 1951 1987 2020 propter

345 2031 416 2102 lem,
432 2041 464 2092 ut
478 2049 525 2090 eor
538 2032 685 2091 benevolos
704 2038 731 2089 et
744 2033 927 2107 obsequentes
941 2030 1053 2100 habeat,
1069 2028 1143 2084 sicut
1177 2024 1395 2084 crudelitatem.
1411 2029 1462 2087 Ubi
1476 2029 1570 2087 Glossa
1584 2030 1680 2089 limitat
1693 2032 1763 2091 hanc
1778 2035 1918 2109 regulam,
1932 2039 1986 2094 nisi

345 2123 466 2182 Pontifex
488 2138 568 2196 saepe
589 2129 721 2180 censetur
740 2123 810 2180 iuste
828 2120 1024 2196 indulgentiam
1040 2131 1141 2175 conce·
1179 2131 1245 2173 rous
1265 2117 1418 2176 obstinatus
1440 2120 1475 2176 sit
1488 2125 1517 2176 et
1529 2120 1738 2196 incorrigibilis,
1753 2130 1783 2182 ct
1795 2140 1872 2198 spem
1886 2141 1985 2182 emen-

344 2212 409 2270 dere
428 2211 462 2270 ob
482 2211 597 2270 similem
612 2227 735 2269 eausam.
751 2213 817 2269 ltem
834 2218 925 2284 potest
939 2208 1029 2267 iacere
1044 2207 1139 2264 remis·
1179 2205 1295 2264 dationis
1310 2223 1365 2265 nou
1379 2205 1522 2282 praebeam
1543 2214 1610 2268 tunc
1625 2213 1698 2268 enim
1712 2215 1835 2272 edomia
1851 2230 1923 2273 casu
1939 2231 1985 2271 ar.

347 2303 452 2359 sionem
473 2305 499 2358 io
515 2303 632 2373 gratiam
648 2301 763 2358 alterius
778 2301 908 2374 principis
923 2300 949 2356 id
965 2296 1139 2372 postulantia
1177 2295 1311 2368 bitrario,
1333 2297 1424 2370 rigore
1444 2299 1548 2373 potins,
1570 2316 1653 2374 quam
1667 2301 1836 2377 benignitate
1850 2319 1920 2362 oum
1934 2305 1983 2363 inp

345 2407 416 2449 nam·
431 2392 499 2449 haec
519 2392 697 2450 beneficentia
711 2399 808 2450 mutua
822 2390 978 2448 necessaria
990 2395 1044 2459 est,
1058 2393 1087 2443 et
1100 2401 1144 2444 re·
1180 2384 1314 2443 utendum
1328 2392 1381 2443 est.
1397 2389 1537 2461 Secundo,
1552 2396 1585 2447 ut
1599 2391 1635 2448 ait
1648 2389 1728 2450 dirus
1738 2395 1917 2470 ¹Augustinus
1935 2413 1985 2452 su·

345 2482 450 2542 dundat
463 2483 545 2540 etism
561 2483 587 2538 ia
604 2482 705 2539 bouum
720 2482 953 2538 commune-Item
965 2483 1077 2552 propter
1090 2477 1145 2532 nti·
1180 2491 1241 2548 pra,
1256 2477 1404 2549 generatim
1419 2478 1552 2550 postulari
1565 2487 1666 2554 potest,
1679 2489 1710 2541 ut
1724 2491 1829 2542 tautum
1844 2484 1878 2542 dc
1893 2501 1987 2559 poene

345 2573 449 2631 litatem
468 2589 619 2646 personae,
636 2589 707 2647 quae
723 2571 854 2646 deliquit,
870 2571 912 2629 rel
927 2576 1039 2644 propter
1052 2568 1145 2639 priore
1182 2564 1352 2637 remittatur,
1368 2572 1502 2640 quantum
1517 2567 1588 2626 iutra
1602 2569 1772 2630 latitudinem
1787 2574 1910 2632 iustitiae
1924 2575 1983 2633 fieri

345 2665 491 2737 obsequia,
514 2670 606 2738 potest
625 2662 764 2721 interdum
784 2663 854 2720 iuste
875 2676 940 2719 curn
955 2659 1000 2717 illo
1016 2659 1041 2714 in
1057 2672 1144 2729 poena
1178 2656 1313 2727 potuerit,
1326 2656 1382 2712 sive
1397 2657 1424 2713 in
1440 2659 1574 2731 pronitate
1590 2675 1706 2733 poenae,
1718 2661 1774 2720 sire
1787 2665 1813 2720 in
1830 2663 1926 2737 modo,
1936 2673 1988 2723 aut

347 2769 517 2828 oupensare.
533 2755 570 2810 Et
583 2752 660 2810 facile
673 2759 717 2810 est
730 2751 797 2810 alias
811 2743 913 2808 similes
929 2749 1048 2807 rationes
1062 2761 1144 2804 exco·
1179 2749 1303 2817 corpore
1326 2747 1404 2815 eius,
1422 2744 1464 2802 vel
1479 2748 1506 2803 iu
1521 2747 1580 2804 aliis
1596 2750 1827 2826 circumstantiis,
1842 2769 1916 2828 quae
1930 2755 1986 2812 ire·

343 2847 443 2919 gitare,
453 2860 523 2918 quae
537 2844 562 2899 in
578 2842 751 2901 interioribus
767 2841 904 2900 iudicibus
917 2857 971 2898 non
983 2838 1138 2896 sufficiunt.
1180 2840 1297 2905 quenter
1312 2848 1344 2890 ex
1360 2833 1502 2893 uoluntate
1512 2835 1608 2895 iudicis
1622 2839 1749 2912 pendam.

343 2935 447 3007 Estque
462 2932 516 2990 alia
529 2933 689 3004 differentia,
699 2931 773 3005 quod
789 2932 918 3004 princeps
932 2937 1025 3005 potest
1036 2935 1145 2985 antece·
1218 2925 1246 2981 7.
1261 2925 1356 2982 Posset
1369 2931 1461 2983 autem
1476 2925 1519 2984 hic
1534 2937 1737 3002 consequenter
1751 2931 1876 3004 tractari,
1890 2949 1927 2990 an
1941 2933 1985 2991 iu.

345 3023 453 3094 deuter,
469 3030 501 3079 ut
514 3024 554 3080 sic
568 3021 667 3094 dicam,
682 3020 837 3080 concedere
852 3020 1036 3094 privilegium,
1052 3025 1084 3076 ut
1097 3017 1144 3074 ali·
1178 3010 1230 3070 dex
1247 3011 1337 3086 inique
1351 3029 1446 3088 ageas,
1458 3017 1621 3076 remittendo
1631 3035 1748 3092 poenam
1764 3020 1842 3094 legis,
1855 3028 1985 3080 teneatur

344 3114 408 3185 quie
423 3128 477 3168 nou
491 3113 578 3184 poerit
591 3111 638 3169 tali
651 3126 739 3183 poena
755 3111 858 3182 puniri,
871 3108 944 3182 quod
960 3125 1013 3166 non
1027 3107 1145 3180 possunt
1180 3099 1213 3156 ad
1225 3099 1344 3174 aliquant
1355 3103 1568 3180 restitutionem,
1577 3107 1617 3164 vei
1629 3110 1736 3166 ratione
1748 3113 1908 3170 nocumenti
1920 3111 1984 3170 inde

343 3200 485 3258 interiores
499 3199 683 3258 iudicesdlia
697 3200 778 3258 etiam
793 3205 905 3256 notatur
916 3214 932 3255 a
945 3198 1039 3256 Glossa
1053 3204 1081 3254 ct
1094 3196 1143 3254 do·
1182 3192 1272 3248 secuti
1287 3191 1463 3267 reipublicae,
1479 3201 1528 3252 aut
1542 3197 1636 3254 tertiae
1651 3213 1796 3274 personae,
1811 3208 1861 3259 aut
1874 3201 1982 3258 rationo

345 3290 471 3348 otoribns
491 3290 593 3363 citatis,
615 3289 691 3362 quod
711 3287 812 3362 iudex,
832 3289 897 3347 licet
910 3295 973 3346 anta
987 3289 1070 3346 letam
1083 3301 1144 3343 sen·
1179 3280 1317 3339 carentiae
1332 3283 1415 3354 lucri,
1430 3284 1504 3357 quod
1519 3285 1545 3341 in
1560 3287 1655 3359 poenis
1669 3290 1834 3359 pecuniariis
1849 3291 1923 3350 solet
1936 3309 1984 3350 ac.

343 3381 454 3439 tentiam
469 3382 556 3453 possit
570 3378 708 3438 interdum
724 3377 796 3436 illam
810 3385 975 3450 temperare,
986 3385 1048 3450 post
1062 3377 1143 3434 latam
1178 3385 1303 3428 crescere
1323 3371 1379 3443 illi,
1401 3375 1446 3430 cui
1468 3373 1531 3434 talis
1552 3391 1640 3447 poena
1653 3385 1728 3436 esset
1741 3378 1913 3452 applicanda.
1930 3383 1985 3440 sed

344 3472 506 3530 seutentiam
521 3468 586 3527 nihil
603 3475 702 3542 potest,
720 3469 784 3543 quia
804 3470 858 3525 iam
873 3469 986 3525 iunctus
997 3472 1040 3524 est
1050 3466 1143 3524 officio
1178 3459 1255 3518 hacc*
1268 3463 1393 3534 quaestio
1411 3464 1530 3536 pertinet
1543 3465 1578 3522 nd
1591 3470 1734 3526 materiam
1748 3468 1782 3528 de
1796 3472 1983 3529 restitutionis

343 3561 547 3633 suo.Priaceps
561 3564 651 3618 autem
664 3557 801 3616 interdum
812 3563 913 3631 potest,
924 3556 1073 3614 dnmmodo
1088 3572 1143 3614 nou
1178 3550 1253 3607 etde
1268 3549 1344 3608 ollio.
1357 3550 1471 3627 iudicis,
1484 3569 1516 3614 ex
1532 3570 1588 3628 quo
1604 3557 1679 3615 nasci
1692 3565 1783 3631 potest
1795 3559 1859 3617 talis
1874 3561 1983 3638 obliga.

341 3650 477 3711 redundet
487 3657 584 3713 eontra
595 3651 638 3706 ius
649 3648 727 3707 alteri
739 3649 906 3721 quaesitum,
915 3663 963 3704 seu
974 3647 999 3703 in
1011 3646 1142 3705 damnum
1178 3639 1226 3713 tio,
1243 3642 1266 3697 si
1279 3655 1352 3714 quae
1365 3648 1419 3714 est,
1433 3649 1462 3699 et
1476 3643 1538 3702 idac
1552 3644 1627 3702 illem
1641 3649 1751 3704 remitto
1765 3649 1790 3705 in
1806 3654 1833 3709 2.
1851 3655 1879 3720 2,
1892 3667 1922 3724 q.
1934 3657 1982 3725 ep,

342 3744 424 3802 tertii.
439 3743 508 3799 Nam
530 3740 583 3798 lroe
603 3755 657 3797 uon
678 3745 768 3811 potest
788 3738 861 3796 iuste
883 3740 1010 3811 princeps
1032 3734 1140 3810 iuierre,
1176 3735 1205 3786 et
1219 3731 1265 3788 di.
1282 3729 1383 3787 Deinde
1403 3739 1498 3804 posset
1516 3735 1597 3790 etiem
1617 3735 1735 3812 inquiri,
1749 3737 1860 3811 quando
1876 3757 1982 3812 poenae

342 3833 392 3890 nisi
410 3838 515 3889 tantum
530 3830 638 3887 intersit
650 3829 722 3885 bono
737 3827 895 3897 communi,
911 3833 941 3884 ut
954 3832 1066 3898 propter
1074 3825 1143 3884 illud
1177 3819 1395 3893 multiplicantur
1414 3823 1441 3879 io
1462 3821 1599 3880 distinctis
1619 3824 1745 3900 legibus,
1765 3843 1798 3885 an
1813 3831 1868 3887 sint
1882 3847 1981 3889 omnes

341 3923 443 3996 privari
459 3921 546 3993 possit
558 3917 735 3992 particularis
749 3932 865 3990 persona
879 3917 1014 3973 inre-suo.
1176 3909 1367 3984 imponendae,
1393 3927 1441 3970 scu
1467 3912 1660 3988 exequendae,
1685 3916 1728 3974 vel
1751 3917 1836 3976 altera
1856 3927 1976 3978 tantum,

380 4013 448 4070 Hine
463 4024 530 4084 ergo
545 4006 622 4065 iacile
637 4007 747 4079 intelligi
763 4011 869 4078 potest,
884 4005 950 4079 quid
964 4004 997 4064 ad
1013 4003 1140 4064 ultimam
1174 3999 1254 4068 Quod
1270 4006 1391 4058 tractant
1408 4002 1528 4076 iurietae,
1545 4002 1578 4061 ad
1592 4021 1665 4079 quos
1678 4005 1731 4064 hoc
1746 4009 1832 4083 magis
1847 4013 1977 4084 pertinet,

340 4103 474 4162 rationem
489 4096 629 4156 dubitandi
643 4094 864 4168 respondendum
875 4095 997 4153 sit.llam
1009 4095 1034 4151 in
1045 4095 1138 4166 primis
1175 4095 1207 4146 ut
1220 4090 1323 4148 Bartol.
1341 4092 1366 4148 in
1384 4091 1437 4164 leg.
1453 4097 1482 4162 2,
1499 4093 1526 4151 ii.
1541 4092 1575 4151 de
1589 4095 1614 4152 ri
1628 4095 1693 4152 bon.
1712 4105 1817 4171 raptor.
1833 4102 1936 4158 Annus,
1951 4104 1978 4159 q,

341 4189 494 4252 carendum
508 4193 561 4257 cst,
577 4188 599 4242 si
616 4185 771 4258 pecuniaria
785 4186 820 4242 sit
833 4199 921 4257 poena
934 4191 1027 4242 certae
1041 4201 1137 4258 perso·
1173 4193 1236 4251 cap.
1258 4179 1345 4255 erod
1358 4179 1437 4249 olim,
1456 4182 1489 4238 de
1510 4183 1566 4240 iud.
1582 4186 1696 4243 Nasam.
1713 4189 1741 4244 iu
1759 4191 1858 4247 consil.
1880 4197 1924 4249 lo.
1940 4192 1976 4251 de

340 4297 390 4340 nae
411 4275 587 4353 applicanda,
609 4281 642 4332 ut
661 4274 735 4331 illius
754 4275 881 4331 remissio
902 4269 955 4331 non
971 4282 1137 4347 procuretur
1172 4272 1286 4327 constit.
1299 4277 1329 4328 et
1343 4271 1451 4345 attingit
1465 4273 1491 4328 iu
1505 4277 1849 4348 capitoquorumdom,
1863 4279 1897 4337 de
1916 4281 1974 4340 tuq,

338 4389 404 4431 cum
418 4369 581 4432 detrimento
596 4363 680 4437 tertii,
690 4363 766 4438 quod
779 4362 819 4420 rel
834 4363 870 4420 sit
883 4363 1077 4440 iniusturn,rel
1088 4380 1135 4423 ea·
1172 4357 1261 4416 Glose.
1278 4359 1367 4416 ultim.
1385 4377 1412 4416 a.
1428 4365 1477 4433 at,
1492 4366 1540 4433 29,
1553 4368 1582 4420 et
1595 4367 1642 4422 30.
1657 4365 1778 4424 Breviter
1792 4375 1883 4428 umen
1898 4369 1974 4438 dico,
2055 4433 2056 4444 χ

337 4462 411 4521 ritati
430 4474 484 4516 non
504 4460 731 4513 consentancum.
746 4454 782 4512 lit
795 4453 866 4510 enim
880 4453 947 4511 dixit
960 4454 1090 4512 imbros.
1107 4459 1134 4513 3.
1172 4449 1195 4506 si
1216 4447 1290 4522 leges
1310 4449 1369 4521 ipso
1390 4449 1465 4508 iacto
1480 4451 1620 4524 imponant
1633 4453 1756 4515 diversas
1771 4475 1888 4534 poenas,
1906 4467 1974 4521 tuno

343 4549 431 4623 Offic.
440 4563 501 4619 cap.
515 4550 543 4604 ιιι
556 4546 587 4603 Si
600 4559 658 4600 non
670 4547 766 4618 potest
777 4545 830 4600 unt
843 4543 1003 4612 subveniri,
1019 4547 1078 4602 uisi
1090 4543 1138 4602 ut·
1171 4554 1266 4597 omncs
1288 4538 1391 4597 incurri
1410 4555 1460 4613 per
1481 4540 1552 4600 idem
1567 4543 1710 4619 delictum,
1723 4548 1764 4604 rol
1779 4556 1840 4606 ante
1852 4551 1893 4609 rel
1910 4561 1974 4626 post

338 4647 383 4699 ter
403 4635 557 4703 laedetur,
578 4630 764 4707 “comorodtus
783 4637 839 4700 est,
861 4637 1129 4704 restructionem,
1169 4627 1396 4700 declarationem,
1409 4629 1482 4688 iuxta
1494 4633 1576 4690 rerba
1590 4633 1667 4708 legis.
1675 4636 1821 4709 Probatur,
1833 4639 1898 4712 quia
1911 4658 1967 4699 non

270 4789 272 4794 ,
336 4743 429 4806 pssum
443 4737 572 4800 provere
587 4720 734 4789 citemus,-
747 4719 869 4795 ideoque
881 4726 915 4778 tu
930 4727 1029 4780 causis
1038 4739 1134 4800 pecu·
1169 4724 1212 4774 est
1222 4719 1308 4774 maior
1323 4720 1392 4776 ratio
1405 4718 1437 4776 de
1454 4736 1508 4778 una
1522 4737 1621 4796 poena,
1633 4741 1716 4799 quam
1728 4725 1762 4784 de
1773 4728 1837 4802 alim
1849 4745 1918 4804 ergo
1931 4733 1973 4789 sel

335 4819 447 4877 atomis
462 4814 640 4872 intervenire
659 4827 717 4867 non
736 4815 779 4868 est
794 4810 973 4879 sacerdotis,
992 4810 1136 4887 quiufre.
1168 4812 1271 4866 neutra·
1285 4807 1327 4865 rel
1347 4813 1467 4883 utraque
1481 4810 1642 4870 incurritur,
1660 4809 1783 4874 primum
1803 4825 1896 4877 ,utem
1917 4820 1971 4878 dici

334 4912 455 4984 patenter
470 4903 544 4977 fieri
566 4918 625 4958 nou
642 4903 759 4976 potest,
786 4907 858 4975 quta
878 4901 958 4960 ulter
978 4902 1131 4963 laedatur.
1169 4913 1224 4956 nou
1238 4905 1339 4972 potest,
1356 4906 1387 4956 ιιι
1401 4915 1450 4972 per
1464 4917 1494 4957 se
1515 4909 1634 4977 constaq
1651 4920 1719 4979 ergo
1734 4907 1900 4968 seeundum.
1913 4912 1971 4970 Neo

335 4993 505 5057 Sacerdotis
524 5006 592 5066 ergo
612 4995 673 5064 est,
691 4989 770 5048 nulli
782 5007 894 5059 nocere,
911 4991 1050 5066 prodesse
1062 4993 1134 5054 velte
1168 4989 1249 5046 etiam
1265 4987 1319 5044 dici
1339 4994 1440 5060 potest,
1457 4988 1561 5049 incurri
1581 4991 1668 5051 solam
1682 5011 1798 5068 poenam
1816 4999 1970 5072 impositam

334 5087 483 5152 omnibus,
500 5099 589 5158 posse
602 5085 703 5140 cutem
717 5078 809 5138 sotius
822 5083 879 5139 Dei
891 5087 942 5139 est.
962 5085 1028 5158 Gap.
1044 5087 1133 5143 Deui-
1167 5094 1184 5135 a
1197 5077 1343 5150 posteriori
1356 5077 1426 5153 lege,
1439 5079 1502 5152 qula
1515 5084 1652 5154 posterior
1666 5083 1710 5144 lex
1723 5087 1846 5159 poenalis
1858 5106 1914 5148 non
1929 5108 1970 5150 re-

334 5194 397 5253 que,
416 5181 461 5249 tl,
475 5180 581 5248 quaest.
597 5178 623 5231 5.
639 5171 715 5230 Unde
729 5171 901 5245 Augumioos
916 5189 1010 5246 supra:
1027 5178 1064 5232 In
1076 5176 1129 5234 lau-
1167 5179 1249 5233 voeat
1268 5172 1406 5232 diversam
1420 5188 1536 5248 poenam
1556 5176 1704 5249 positama
1724 5179 1808 5252 priori
1829 5179 1901 5256 lege,
1921 5185 1970 5242 nisi

330 5265 459 5328 ammodt
474 5263 602 5328 ceribus,
612 5261 775 5336 inquinans
788 5277 857 5319 cum
869 5260 979 5331 iiidice,
996 5263 1048 5323 sed
1062 5281 1133 5324 com
1167 5265 1214 5323 ulii
1224 5279 1258 5324 ex
1272 5263 1362 5322 verbis
1372 5269 1422 5322 aut
1435 5263 1517 5324 modo
1529 5263 1596 5339 legis
1607 5272 1730 5341 constat,
1741 5268 1812 5327 hanc
1822 5285 1883 5328 esse
1895 5287 1970 5330 men·
