4260 6222
862 371 969 428 canor
983 373 1092 422 xxxv.
1489 385 1490 388 ¹
1610 325 1617 331 ¹
1682 356 1743 418 too

148 497 232 557 betur
246 499 272 554 in
287 497 306 554 l.
319 503 335 556 2
348 543 356 571 ,
368 499 398 554 C.
412 498 446 554 de
461 499 514 554 iur.
528 496 638 555 dominii
655 496 797 568 impetron.
811 501 839 552 et
855 495 952 553 melius
990 499 1089 568 leriae,
1112 502 1142 553 ut
1160 497 1334 568 supponitur.
1352 497 1418 552 ltem
1440 496 1609 570 quianullus
1625 505 1718 554 certus
1734 514 1784 555 nu·

146 589 174 642 in
190 589 207 643 l.
226 592 278 660 ts,
295 589 336 644 tit.
358 593 405 656 18,
422 595 494 661 part.
512 592 545 658 3,
561 588 607 643 ubi
630 585 680 641 lrac
697 588 802 642 ratione
823 599 951 657 expresse
988 602 1081 642 merus
1096 593 1208 642 actuum
1223 585 1356 658 designari
1371 592 1477 657 potest,
1491 603 1541 642 nec
1557 586 1735 660 peraliqnnm
1748 588 1785 643 le·

147 677 323 746 declaratur,
348 677 409 734 talia
431 677 568 750 privilegia
590 692 639 748 per
657 678 772 748 primam
788 683 951 733 contraven·
987 691 1047 746 gem
1068 683 1111 732 est
1130 675 1342 733 determinatus.
1359 675 1516 732 Secundum
1538 685 1630 732 autem
1647 677 1682 732 its
1695 677 1786 732 decla-

148 769 252 824 tionem
268 769 369 829 amittis
385 769 421 825 ibi
437 775 528 824 autern
544 767 730 840 significatur,
743 767 832 823 idnon
845 772 951 822 tantam
987 772 1065 820 ratur
1079 765 1274 837 supponendo,
1296 781 1376 822 unam
1395 780 1428 822 ex
1443 764 1642 821 conditionibus
1661 765 1694 821 ad
1709 781 1786 836 prae-

146 873 210 914 esse
231 873 279 928 per
301 857 414 913 modum
429 857 657 927 renunciationis,
672 855 719 912 sed
735 857 814 912 etiarn
830 872 878 927 ρετ
893 871 951 911 mo·
987 854 1160 912 scribendum
1178 855 1315 927 requisitis
1330 870 1408 926 esse,
1423 861 1454 910 ut
1469 859 1576 925 tempus
1591 855 1784 926 praescriptio-

145 945 215 1002 dum
227 961 341 1018 poenae,
358 953 469 1017 propter
480 946 717 1003 circumstantiam
729 943 951 1002 contraveniendi
986 945 1027 1000 nis
1049 960 1102 999 non
1123 946 1350 1016 interrumpatur.
1368 946 1497 1016 Suppono
1517 942 1629 1013 deinde,
1652 945 1786 1016 praescri-

146 1043 231 1108 pacto
247 1051 262 1091 a
277 1051 340 1108 rege
355 1036 526 1092 confirmato.
986 1037 1105 1106 ptionem
1127 1041 1224 1090 contra
1245 1034 1456 1108 privilegiarium
1476 1035 1502 1088 in
1518 1034 1652 1104 praesenti
1665 1035 1785 1105 incipere

191 1127 233 1182 ti.
251 1123 379 1186 Secundo
394 1125 474 1181 obiici
486 1131 576 1196 potest
587 1123 605 1180 i.
622 1123 673 1182 ult.
686 1125 713 1181 d.
727 1124 761 1182 de
775 1126 846 1195 priv.
863 1130 948 1181 veter.
986 1139 1018 1180 eo
1040 1125 1114 1195 ipso,
1135 1123 1208 1195 quod
1230 1123 1273 1180 ille
1295 1131 1390 1180 contra
1405 1122 1575 1196 privilegium
1591 1139 1672 1180 suum
1688 1139 1785 1195 opera·

147 1213 194 1270 ulii
215 1212 335 1283 dicitur,
358 1221 501 1269 veteranos
522 1220 672 1270 excusatos
689 1213 723 1269 ab
737 1214 876 1286 aliquibus
892 1229 951 1270 mu·
986 1219 1041 1268 trrr.
1058 1214 1135 1271 Unde
1155 1228 1280 1285 suppono
1296 1216 1397 1283 tertio,¹
1410 1228 1488 1282 eum,
1505 1214 1551 1286 qui
1566 1219 1663 1270 contra
1678 1215 1786 1285 privile-

146 1303 275 1369 neribus,
290 1306 317 1358 si
326 1306 412 1377 possi
426 1306 498 1367 strat,
517 1319 547 1360 se
560 1305 592 1358 tn
606 1301 742 1359 ordinem
760 1301 831 1374 legi,
849 1318 951 1358 otone·
985 1304 1103 1374 giarium
1125 1302 1313 1374 praescribere
1334 1311 1442 1375 potest,
1458 1303 1577 1374 incipere
1598 1305 1678 1376 quasi
1700 1305 1786 1374 possi·

145 1392 230 1448 ra'bus
242 1389 336 1464 sonos·
356 1389 500 1464 cogendos
521 1407 596 1452 esse,
620 1407 669 1463 ρετ
689 1389 763 1464 quod
783 1391 950 1463 significatur
986 1391 1050 1448 ders
1070 1395 1232 1457 iuscontra
1254 1393 1344 1460 illum,
1360 1396 1450 1450 statim
1471 1409 1504 1450 ae
1519 1393 1575 1465 ipse
1591 1401 1687 1451 contra
1702 1410 1785 1450 snum

147 1497 197 1552 per
213 1497 294 1537 arnam
306 1481 654 1538 contraventiocemamitti
667 1481 949 1553 totumprivilegiums
986 1481 1154 1554 privilegium
1175 1488 1305 1553 operatus
1325 1489 1381 1555 εει,
1397 1482 1461 1555 quia
1482 1498 1534 1538 uon
1556 1490 1645 1554 potest
1663 1483 1786 1540 inchoari

145 1571 200 1628 Sed
221 1571 404 1643 respondetur
426 1569 530 1643 primo,
547 1586 599 1628 non
620 1586 681 1627 esse
700 1569 903 1644 intelligendum
917 1569 951 1628 de
985 1563 1167 1643 praescriptio
1178 1571 1283 1644 absque
1295 1573 1477 1644 possessione,
1488 1579 1515 1628 ει
1527 1573 1710 1646 quiaquingit
1722 1587 1787 1629 oon·

145 1661 205 1716 aliis
221 1662 400 1729 muneribus,
415 1659 447 1716 ad
463 1675 533 1732 quae
549 1661 628 1716 electi
645 1677 699 1718 non
715 1666 794 1733 sunt,
808 1675 858 1718 nec
869 1661 950 1717 etiam
986 1668 1029 1717 tra
1045 1661 1214 1734 privilegium
1230 1677 1312 1718 saraim
1328 1661 1353 1716 in
1368 1661 1490 1718 savorem
1505 1661 1634 1732 alterins,
1650 1669 1785 1734 quantum

145 1758 177 1805 ut
198 1752 260 1822 cogi
278 1752 397 1822 possint,
415 1765 443 1806 se
465 1751 565 1806 iterum
580 1749 660 1822 eligi,
677 1750 725 1808 sed
740 1749 830 1807 solum
845 1758 876 1807 ut
890 1752 951 1824 cogl
986 1756 1029 1805 est
1049 1764 1083 1806 ex
1102 1765 1131 1806 se
1144 1749 1271 1822 ,aliquid
1285 1749 1321 1806 illi
1337 1752 1461 1822 confert,
1477 1751 1550 1824 quod
1567 1751 1634 1809 alter
1649 1751 1788 1823 possidere

144 1841 253 1911 possint
273 1841 366 1896 subire
387 1854 517 1906 munera,
535 1839 568 1896 ad
583 1855 654 1913 quae
668 1856 698 1898 se
712 1839 772 1912 eligi
787 1841 858 1912 passi
874 1848 947 1897 sunt.
986 1839 1098 1911 incipit,
1112 1847 1145 1896 ut
1158 1841 1180 1895 si
1195 1838 1286 1897 solvat
1298 1842 1444 1914 tributum,
1457 1840 1526 1897 alius
1541 1842 1634 1914 incipit
1645 1843 1785 1914 possidere

144 1931 182 1987 Et
195 1930 231 1984 ita
243 1944 294 1984 non
306 1915 504 2002 probat'ur,per
516 1945 598 1986 unam
607 1930 859 1987 contraventiouem
871 1932 948 1986 amit·
984 1930 1027 1985 lus
1040 1929 1164 2000 petendi,
1176 1929 1197 1985 si
1213 1929 1314 1986 habens
1328 1929 1526 1986 immunitatem
1544 1930 1683 2002 permittat
1696 1947 1725 1987 εε
1739 1931 1787 1986 eli·

146 2020 164 2074 ti
180 2025 269 2076 totum
289 2019 480 2092 privilegium,
495 2019 542 2076 sed
561 2019 651 2076 solum
668 2019 755 2076 amitti
770 2020 794 2074 in
808 2035 860 2092 eo,
876 2018 950 2094 quod
985 2019 1027 2090 gi,
1043 2019 1112 2074 alius
1128 2017 1235 2076 ridetur
1250 2019 1349 2076 babere
1363 2020 1405 2075 ius
1419 2019 1552 2092 eligendi,
1567 2026 1596 2075 ct
1612 2021 1653 2075 sic
1668 2019 1701 2076 ds
1715 2020 1784 2078 aliis.

145 2116 241 2166 actum
257 2115 320 2181 est,
336 2116 363 2166 et
383 2111 411 2165 in
424 2123 457 2164 eo
472 2109 558 2166 amitti
571 2113 729 2165 constanter
743 2116 772 2164 et
784 2109 951 2166 irrevocabi-
1028 2112 1071 2167 to.
1089 2109 1135 2164 llis
1150 2123 1216 2180 ergo
1230 2109 1340 2181 positis,
1355 2106 1490 2180 dicimus,
1506 2107 1540 2164 ed
1555 2108 1786 2165 continuationem
1877 2135 1879 2140 .

144 2197 218 2255 liter.
235 2199 302 2255 itam
317 2199 363 2271 qui
378 2199 518 2255 consensit
528 2185 655 2255 electioni
666 2199 700 2256 ad
712 2199 822 2271 aliquod
833 2215 947 2269 munus,
986 2203 1013 2254 et
1027 2199 1293 2255 consummationem
1309 2199 1532 2272 praescriptionis
1549 2200 1735 2255 necessarium
1746 2215 1789 2255 es-

143 2290 248 2345 virtute
271 2289 441 2345 renunciavit
461 2287 599 2360 privilegio
613 2289 706 2362 quoad
721 2305 830 2346 omnem
845 2287 949 2361 obliga·
986 2303 1032 2358 se,
1048 2294 1078 2344 ut
1091 2295 1153 2358 post
1168 2303 1254 2344 unum
1274 2295 1367 2346 actum
1385 2288 1521 2360 privilegio
1536 2288 1705 2344 contrarium
1724 2286 1788 2343 nihil

143 2381 265 2448 tionem,
281 2393 352 2450 quae
372 2393 405 2434 ex
421 2377 466 2434 tali
481 2377 613 2434 electione
629 2378 705 2450 sequi
720 2378 804 2450 solet,
821 2377 886 2435 alias
903 2377 950 2434 iri·
986 2377 1184 2451 privilegiarius
1210 2377 1306 2448 saciat,
1329 2393 1384 2450 quo
1405 2376 1531 2434 videatur
1551 2379 1670 2449 priorem
1691 2384 1788 2434 acturo

143 2469 206 2523 vola
227 2475 321 2538 esset,
342 2474 371 2523 et
390 2467 491 2522 inutilis
513 2468 674 2538 consensio,
697 2483 761 2525 cum
783 2483 838 2540 quo
858 2476 949 2525 tamen
986 2473 1138 2523 retractare
1150 2507 1157 2539 ,
1169 2466 1233 2522 etid
1247 2465 1384 2536 sufficiet,
1398 2467 1453 2522 sive
1466 2466 1682 2538 repetatsimiles
1697 2475 1787 2535 actus,

142 2557 245 2626 optime
263 2561 336 2628 stat,
350 2563 379 2612 ut
393 2555 566 2629 privilegium
575 2556 667 2628 quoad
678 2556 728 2613 alia
741 2557 878 2630 integrum
893 2575 949 2614 ma·
986 2555 1043 2612 sive
1064 2571 1135 2628 non,
1158 2561 1272 2612 eatenus
1293 2555 1363 2612 enim
1379 2562 1461 2612 erunt
1474 2555 1636 2626 necessarii,
1652 2563 1787 2627 quatenus

141 2653 219 2702 neat.
241 2645 325 2702 Aliter
346 2644 506 2716 responderi
528 2644 597 2702 solet
617 2647 818 2718 communiter,
835 2648 868 2702 ibi
889 2661 951 2704 asse
985 2644 1019 2701 ad
1040 2663 1093 2702 non
1108 2645 1308 2703 retractandam
1324 2646 1441 2717 priorem
1457 2642 1625 2703 voluntatem
1640 2646 1789 2702 necessarii

142 2750 298 2792 sermonem
312 2735 488 2794 deelectione
500 2734 533 2792 ad
544 2733 769 2808 decurionatum,
782 2743 812 2792 ut
827 2735 861 2791 ibi
874 2736 951 2793 Glos·
986 2736 1103 2806 luerint,
1118 2743 1147 2792 et
1166 2752 1219 2791 non
1241 2735 1327 2792 aliter.
1350 2737 1429 2792 Ratio
1450 2742 1507 2806 est,
1529 2736 1594 2808 quia
1608 2735 1785 2803 continuatio,

142 2841 177 2882 sa
189 2827 300 2897 exponit
314 2827 403 2882 citans
419 2825 469 2880 alia
488 2824 561 2882 iure:
578 2825 742 2902 tenebantur
755 2831 845 2882 autem
865 2825 951 2884 decu·
986 2840 1036 2881 seu
1056 2841 1110 2882 non
1130 2825 1292 2897 interruptio
1313 2833 1355 2898 est
1376 2824 1529 2882 necessaria
1548 2824 1580 2880 ad
1597 2825 1790 2896 praescriptio·

141 2918 235 2972 riones
252 2920 327 2972 ceris
342 2913 476 2987 quaedam
492 2929 607 2971 munera
624 2929 771 2986 exercere,
787 2920 815 2971 ει
828 2915 888 2973 ideo
903 2915 950 2989 qui
986 2931 1047 2972 nem
1060 2936 1068 2989 3
1084 2915 1132 2972 sed
1154 2915 1327 2988 privilegium
1342 2931 1396 2971 non
1410 2915 1541 2971 amittitur
1555 2930 1604 2986 per
1619 2915 1791 2972 contrarium

142 3013 243 3061 contra
255 3021 336 3062 suum
349 3004 518 3077 privilegium
529 3001 707 3061 decurionem
719 3005 775 3062 lieri
788 3022 885 3077 passus
896 3013 948 3078 est,
986 3021 1068 3062 usum
1081 3047 1088 3078 ,
1102 3007 1155 3062 nisl
1169 3005 1257 3062 media
1272 3005 1499 3079 praescriptione,
1517 3011 1549 3060 ut
1561 3003 1666 3060 dictum
1680 3009 1731 3073 est,
1745 3017 1789 3060 er·

141 3109 260 3151 munera
280 3094 438 3150 decurionis
459 3093 551 3150 subire
571 3095 693 3168 cogitur.
710 3097 751 3152 lta
765 3095 837 3152 Bari.
855 3101 883 3152 et
905 3095 951 3152 alil
985 3110 1020 3170 go
1041 3095 1137 3152 eadem
1159 3097 1329 3152 continuatio
1350 3096 1505 3151 necessaria
1526 3098 1569 3149 est
1588 3091 1622 3148 ad
1638 3092 1712 3149 huno
1726 3093 1789 3148 elle-

143 3172 201 3255 ibi,
216 3188 244 3238 et
257 3184 465 3240 Panormitanus
478 3189 507 3239 ει
526 3183 635 3240 Felinus
650 3198 744 3254 supra.
762 3185 865 3242 Sensus
886 3201 952 3242 vero
988 3192 1077 3242 ctum.
1093 3187 1168 3242 ilaec
1183 3192 1274 3242 autem
1289 3185 1457 3241 continuatio
1472 3181 1612 3240 sufficiens
1626 3184 1689 3251 erit,
1702 3183 1724 3240 si
1739 3195 1788 3252 per

142 3275 173 3328 in
194 3271 265 3328 idem
285 3272 369 3344 redit,
384 3273 448 3344 quia
468 3271 550 3336 etiam
571 3271 624 3328 hoc
646 3272 729 3331 modo
749 3288 802 3331 non
818 3273 952 3330 tundatur
987 3281 1077 3332 tntum
1092 3281 1201 3347 tempus
1212 3273 1397 3331 necessarium
1409 3275 1484 3344 prior
1495 3279 1576 3329 actus
1590 3288 1642 3328 non
1655 3277 1789 3328 retracte-

143 3362 248 3418 decisio
266 3361 338 3416 illius
352 3368 444 3420 textus
455 3363 483 3418 in
495 3361 539 3418 illo
553 3361 704 3434 principio,
717 3363 792 3435 qnod
804 3379 851 3436 per
867 3379 950 3420 unam
987 3372 1051 3437 tur,
1069 3379 1130 3421 nam
1145 3380 1193 3435 per
1208 3365 1259 3420 hoo
1274 3363 1357 3420 durat
1371 3363 1457 3418 virtus
1470 3362 1540 3432 eius,
1556 3367 1584 3417 et
1598 3361 1666 3436 alter
1680 3375 1790 3431 semper

144 3453 397 3508 contraventionenr
416 3452 549 3509 amittitur
564 3458 653 3509 totum
666 3453 852 3525 privilegium,
865 3453 912 3510 sed
924 3454 950 3510 ia
986 3455 1131 3512 continuat
1146 3455 1362 3525 possessionem,
1378 3467 1460 3526 quem
1475 3449 1628 3521 inclinavi13
1642 3466 1710 3522 ergo
1725 3449 1790 3508 nihil

144 3541 217 3614 hoe,
232 3539 307 3613 quod
318 3541 482 3597 renuncians
493 3541 633 3615 privilegio
644 3543 670 3597 in
683 3557 737 3597 uno
749 3557 949 3614 munere,cen-
986 3543 1059 3599 aliud
1089 3558 1137 3615 ρετ
1162 3558 1191 3598 εε
1213 3542 1399 3598 necessatium
1424 3545 1481 3610 εει,
1508 3553 1574 3612 ergo
1600 3539 1790 3610 multiplicatio

144 3639 224 3687 setur
246 3632 449 3686 renunciarem
464 3629 823 3704 omnibus,quaccumiali
838 3645 951 3688 munere
988 3639 1102 3690 actuum
1123 3648 1177 3690 non
1198 3637 1241 3688 εει
1261 3645 1309 3702 ρετ
1330 3646 1358 3687 εε
1379 3630 1550 3698 ττεεεεεετίε,
1567 3629 1614 3685 sed
1631 3635 1693 3700 post
1707 3643 1789 3686 usum

146 3728 212 3775 srrnt
225 3735 364 3786 counexa3
377 3718 452 3792 quod
463 3717 637 3776 verissimum
648 3727 702 3794 εει,
714 3727 757 3778 εει
768 3727 858 3777 tamen
869 3720 949 3794 longe
986 3723 1125 3795 privilegio
1140 3723 1314 3780 contrarium
1329 3720 1394 3776 satis
1408 3726 1464 3788 est,
1480 3718 1597 3790 emplius
1610 3733 1664 3774 non
1681 3720 1720 3775 uti
1735 3720 1791 3790 pri·

145 3811 303 3883 diversum,
321 3816 353 3865 ut
366 3824 416 3880 ρετ
431 3823 459 3864 se
474 3815 592 3865 constat.
986 3812 1084 3884 vilegio
1099 3818 1157 3869 toto
1172 3819 1295 3884 tempore
1309 3809 1466 3867 necessario
1481 3806 1514 3865 ad
1530 3807 1787 3879 praescriptionem,

190 3905 234 3957 te.
256 3898 456 3955 declarandum
477 3913 542 3955 vero
563 3905 708 3971 superest,
729 3899 752 3954 si
778 3913 849 3956 unus
870 3903 950 3954 actus
986 3915 1039 3957 neo
1053 3901 1159 3957 directe
1174 3901 1325 3957 reclamare
1337 3905 1433 3956 contra
1444 3897 1562 3980 priorem
1575 3912 1733 3968 usum,nec
1746 3912 1791 3953 re-

144 3989 302 4046 contrarius
321 4005 375 4046 non
390 3987 495 4044 sullicit
508 3987 541 4044 ad
555 3987 755 4046 destruendum
770 3989 881 4046 omnino
896 3989 950 4062 pri·
985 3995 1108 4047 tractare
1129 3989 1225 4062 illum,
1248 3987 1291 4046 bis
1311 3991 1382 4046 enim
1405 3985 1492 4044 modis
1517 3993 1608 4058 potest
1629 3985 1790 4061 interrumpi

147 4081 294 4153 vilegium,
309 4087 379 4152 quot
393 4075 544 4135 sufficiant.
561 4077 600 4135 ad
615 4079 689 4151 quod
704 4078 758 4135 duo
772 4077 893 4136 breviter
907 4093 951 4134 re·
965 4067 971 4078 ”
986 4081 1185 4154 praescriptio:
1203 4081 1226 4136 si
1239 4087 1331 4136 autem
1346 4077 1409 4135 nibil
1425 4078 1525 4134 borum
1543 4076 1710 4146 intercedat,
1726 4092 1790 4132 oen·
1866 4075 1870 4082 '

145 4167 286 4240 spondeo:
306 4184 392 4224 unum
411 4175 453 4224 est
466 4209 473 4239 ,
488 4168 562 4224 sicut
581 4183 654 4224 unus
668 4175 749 4224 actus
765 4184 819 4225 non
835 4167 949 4240 sullicit,
987 4175 1063 4227 setur
1086 4169 1188 4226 durare
1210 4169 1286 4241 prior
1306 4176 1402 4240 nctus,
1417 4173 1445 4225 et
1459 4182 1567 4239 semper
1582 4167 1668 4238 magis
1684 4167 1790 4238 praein-

144 4261 182 4315 ita
197 4273 287 4329 neque
304 4257 399 4330 plures
414 4257 439 4311 in
459 4255 583 4329 quolibet
603 4272 717 4312 numero
736 4257 866 4313 sullieere
879 4299 886 4326 ,
900 4256 951 4311 nisi
984 4258 1087 4316 dicare.
1105 4261 1140 4316 Ut
1154 4274 1181 4313 v.
1197 4273 1225 4330 g.
1239 4258 1260 4314 si
1274 4258 1335 4329 quis
1348 4257 1430 4313 semel
1442 4256 1522 4313 solvit
1532 4255 1679 4327 gabellum,
1691 4258 1790 4312 etiam-

147 4346 266 4420 legitimo
285 4354 407 4418 ternpore
421 4345 454 4402 ad
468 4345 710 4419 praescriptionem
721 4347 877 4404 necessario
890 4345 951 4402 talis
987 4350 1009 4403 si
1024 4350 1124 4406 iterum
1138 4363 1193 4403 non
1208 4347 1310 4418 solvat,
1327 4362 1380 4402 non
1394 4361 1428 4402 ex
1442 4362 1495 4402 usu
1510 4344 1652 4418 privilegii,
1666 4344 1714 4400 sed
1725 4345 1789 4415 quia

147 4451 217 4490 usus
233 4436 419 4492 continuetur,
435 4433 516 4492 Aliud
530 4442 589 4508 εει,
605 4435 627 4491 si
644 4441 750 4507 tempus
764 4434 951 4492 necessarium
988 4453 1042 4493 non
1064 4437 1191 4494 occurrit
1211 4437 1338 4508 occasio,
1354 4441 1381 4490 et
1394 4437 1420 4490 in
1435 4451 1467 4491 eo
1483 4441 1555 4490 statu
1570 4440 1728 4506 permaneat
1742 4448 1790 4504 per

146 4525 181 4582 nd
203 4525 442 4598 praescriptionem
458 4539 524 4582 cum
544 4524 604 4582 aliis
619 4524 820 4582 conditionibus
836 4524 952 4599 requisi·
987 4527 1141 4600 legitimum
1156 4531 1276 4598 tempus,
1290 4525 1397 4582 amittet
1407 4524 1576 4596 privilegium
1588 4522 1684 4580 saltem
1696 4520 1788 4594 quoad
1828 4529 1830 4540 ·

147 4617 182 4672 tis
203 4599 370 4679 intercedat,
388 4631 420 4671 ex
443 4620 519 4686 parte
534 4631 602 4670 usus
617 4615 745 4672 contrarii
762 4631 814 4672 non
829 4629 890 4672 csse
905 4630 954 4671 ne·
988 4618 1060 4675 illam
1082 4619 1202 4689 speciem
1224 4614 1336 4684 tributi,
1352 4613 1415 4685 quia
1429 4613 1624 4685 praescribitur
1638 4618 1736 4668 contra
1752 4611 1790 4682 ip·

147 4706 302 4760 cessarium
323 4711 430 4759 certum
449 4717 594 4760 numerum
610 4709 739 4776 actarum,
756 4705 809 4760 imo
825 4703 952 4776 nec-pltr-
989 4723 1061 4763 sum.
1078 4707 1152 4764 idem
1171 4711 1229 4775 est,
1245 4704 1267 4760 si
1282 4721 1379 4776 passus
1393 4709 1450 4774 est,
1466 4719 1494 4760 se
1509 4702 1571 4774 eligi
1590 4701 1623 4757 ad
1638 4717 1757 4771 munus,
1774 4717 1790 4756 a

145 4810 192 4851 res
207 4801 303 4866 actus,
317 4793 366 4849 nisi
382 4789 526 4866 quatenus
535 4795 683 4850 necessarii
698 4794 815 4865 luerint,
830 4803 861 4852 ut
873 4811 952 4865 prae·
990 4813 1046 4871 quo
1061 4801 1121 4853 erat
1134 4796 1279 4866 immunis,
1295 4793 1337 4849 vel
1352 4795 1373 4849 si
1387 4809 1484 4865 pessus
1498 4799 1541 4848 est
1554 4789 1717 4847 electionem
1732 4792 1790 4848 lieri

147 4885 265 4956 scriptio
280 4899 328 4956 ρετ
342 4890 431 4940 totum
448 4883 598 4956 legitimum
613 4890 721 4955 tempus
736 4900 789 4940 non
806 4885 953 4941 interrum-
990 4888 1047 4942 sine
1062 4901 1112 4942 suo
1127 4883 1273 4958 suffragio,
1290 4883 1322 4940 ad
1337 4882 1411 4956 quod
1427 4880 1507 4937 habet
1521 4879 1707 4952 privilegium:
1725 4894 1786 4936 uam

147 4981 245 5046 patur.
259 4976 383 5031 Primum
395 4971 568 5029 manifestum
579 4979 664 5029 estex
675 4972 754 5029 dictis
765 5015 771 5046 ,
783 4974 846 5046 quia
857 4974 953 5031 eadem
990 4969 1054 5032 lieet
1075 4973 1150 5032 nulle
1168 4974 1218 5030 alia
1237 4974 1335 5030 electio
1353 4973 1413 5041 liat,
1433 4971 1555 5027 iliacum
1570 4977 1693 5040 tempore
1709 4969 1787 5027 sulli-

146 5069 191 5120 est
209 5063 278 5119 ratio
291 5061 325 5118 de
336 5077 408 5134 arno,
420 5068 448 5118 et
458 5061 491 5118 de
501 5061 627 5133 pluribus
639 5063 757 5132 actibus,
771 5068 877 5119 servata
887 5078 951 5135 pro·
988 5065 1077 5121 ciente
1092 5063 1213 5121 sullicit:
1228 5069 1256 5119 et
1270 5062 1308 5117 sic
1322 5060 1356 5117 de
1371 5060 1437 5117 aliis.
1450 5059 1528 5126 Quod
1541 5065 1631 5130 potest
1643 5061 1724 5117 etiam
1737 5059 1785 5115 de·

149 5154 291 5228 portione,
307 5167 413 5225 semper
426 5151 497 5207 enim
513 5157 603 5222 potest
618 5151 796 5224 privilegium·
810 5152 842 5208 ad
859 5153 952 5224 plures
988 5154 1088 5211 olarari
1106 5169 1153 5226 per
1174 5154 1377 5225 proportionem
1401 5148 1434 5206 ad
1456 5151 1700 5221 praescriptionem
1721 5165 1789 5205 con·

149 5241 262 5302 extendi
286 5249 377 5298 tractu
395 5241 542 5313 temporis,
557 5240 599 5298 rel
615 5256 663 5315 ρετ
677 5241 882 5313 amplitudinem
898 5259 952 5300 ma·
988 5253 1031 5303 tra
1045 5245 1191 5301 servitutes
1213 5241 1347 5313 urbanas,
1364 5241 1389 5296 in
1411 5239 1512 5315 quibus
1526 5245 1606 5296 actara
1627 5237 1783 5296 contrarius

229 5351 475 5406 Suantmliebeplbos
483 5349 606 5394 -l’srall.
1577 5346 1604 5394 pa
