4290 6222
425 305 488 378 398
1118 333 1217 381 arnna
1234 333 1308 383 vrrr.

386 456 433 514 sed
447 455 528 512 etiam
540 471 604 512 cum
617 456 689 512 omui
702 455 868 526 proprietate
879 461 908 511 et
918 457 1139 528 exaggeratione,
1153 463 1184 512 ut
1221 466 1249 515 ει
1263 459 1340 532 qnasi
1360 458 1548 515 connaturalis
1563 457 1668 516 lundnti
1684 459 1708 514 in
1724 459 1888 530 proprietate
1902 459 1994 529 origine·

287 543 290 550 ’
312 579 321 590 -
386 546 476 619 magis
491 546 584 600 statim
599 543 811 600 declarabimus.
1221 548 1277 619 ria,
1292 563 1341 604 εειι
1357 548 1492 619 naturali,
1511 548 1578 606 illud
1594 548 1691 606 merito
1704 548 1833 620 distingui
1848 565 1863 604 n
1881 549 1998 620 privilegio

425 640 451 692 6.
467 635 636 704 Quapropter
651 640 705 689 tam
720 632 753 688 de
768 632 909 706 priuilegio
925 631 967 689 nd
978 636 1087 698 instar,
1102 649 1185 706 qrrarn
1221 651 1270 707 per
1286 637 1581 706 communicationem,
1598 638 1661 708 quia
1675 636 1711 693 ibi
1722 653 1773 692 non
1786 638 1817 692 lit
1831 651 1861 692 re
1871 651 1929 692 nera
1939 653 1997 691 con·

345 715 349 729 '
384 723 418 780 de
433 713 571 794 privilegio
589 737 637 792 per
651 721 926 779 communicationem
941 721 1080 780 distinctio
1096 722 1187 794 aliqua
1221 724 1368 780 munientia
1386 725 1526 796 privilegii,
1539 724 1586 782 sed
1601 723 1761 781 conceditur
1776 740 1827 795 per
1838 724 1996 796 prin-ilmina.
2065 752 2068 761 ‹

384 810 580 883 praemittenda
597 816 656 877 est,
672 817 703 866 ut
717 811 824 882 proprie
838 818 866 866 et
880 813 994 866 univoce
1014 811 1060 866 bat
1074 825 1185 880 compa·
1220 813 1295 886 qnod
1313 815 1391 870 alteri
1403 815 1532 870 conuenit
1545 816 1602 870 sine
1616 814 1676 882 ill03
1692 815 1732 871 rel
1748 814 1770 869 ιι
1781 813 1909 870 conrodit
1919 827 1949 868 ει
1958 814 2000 882 pri·

385 887 464 956 rntio.
483 901 572 956 Primo
581 915 648 970 ergo
660 898 771 955 duobus
785 899 872 954 modis
885 898 993 970 intelligi
1004 905 1092 970 potest
1104 899 1187 970 privi-
1221 903 1335 976 vilegio,
1352 903 1417 959 illud
1432 910 1475 960 est
1488 903 1539 959 inm
1554 905 1657 960 lactum
1672 903 1750 976 qrrasi
1764 902 1941 958 connaturale
1952 917 1999 972 pro-

385 989 485 1062 logium
507 1004 567 1044 esse
587 987 629 1045 ad
650 991 748 1044 instar
756 1007 767 1055 ,¹
783 990 871 1059 primo
892 986 1052 1053 adinstar
1072 987 1186 1044 alterius
1221 997 1282 1061 pter
1303 991 1493 1062 antiquitatem
1513 993 1642 1064 originis,
1658 999 1689 1047 nt
1709 992 1734 1046 iu
1750 988 1891 1047 nobilitate
1905 991 2001 1060 origina-

384 1076 557 1146 conditionis,
577 1093 625 1133 sen
640 1077 825 1148 proprietatis,
842 1093 912 1150 quae
927 1080 953 1133 in
967 1078 1114 1148 exemplari
1130 1092 1184 1132 non
1221 1081 1275 1146 rin,
1289 1077 1332 1134 rel
1351 1079 1374 1133 in
1391 1079 1447 1135 inre
1462 1081 1627 1137 civitatisex
1642 1080 1754 1152 antiqno
1775 1078 1929 1146 domicilio,
1941 1086 1965 1134 ει
1976 1079 2001 1132 si·

385 1173 427 1222 εει
439 1182 472 1221 ει
487 1166 639 1237 privilegio,
656 1165 702 1222 sed
716 1181 749 1222 err
764 1165 880 1222 naturali
896 1167 1015 1239 origine,
1031 1165 1074 1220 vel
1090 1180 1124 1221 ex
1139 1181 1186 1220 nn·
1221 1166 1339 1224 milibus.
1355 1169 1389 1223 Et
1402 1167 1516 1225 lortasse
1529 1169 1593 1224 Pius
1608 1169 1640 1224 V.
1654 1170 1679 1224 in
1695 1167 1837 1240 praedicta
1850 1167 1933 1236 Brrlla,
1947 1183 2002 1238 qnae

383 1257 477 1327 iinon,
500 1261 547 1312 aut
569 1254 703 1311 ordinario
727 1257 795 1310 inre.
817 1256 943 1312 Secundo
963 1261 1054 1328 potest
1074 1253 1184 1325 privile·
1221 1255 1327 1326 incipit:
1345 1259 1426 1312 Dum
1439 1255 1616 1328 indefessae,
1636 1256 1695 1314 ideo
1711 1266 1766 1313 tam
1781 1265 1913 1312 accurata
1928 1256 2002 1311 decla·

385 1347 460 1418 gium
475 1361 536 1401 esse
552 1343 594 1401 cd
606 1347 704 1400 instar
722 1344 833 1401 alterins
854 1345 1005 1417 privilegii,
1021 1344 1062 1401 rel
1078 1342 1185 1414 prtnte·
1220 1346 1306 1416 rarii,
1324 1345 1395 1401 illam
1417 1347 1693 1402 communicationem
1711 1346 1919 1419 privilegiorum
1942 1345 2005 1401 Ordi-

383 1435 449 1505 giati
469 1433 560 1506 qrroad
582 1435 642 1506 ius,
664 1433 737 1506 qnod
758 1448 790 1488 en
812 1434 925 1504 speciali
940 1431 1078 1506 privilegio
1093 1431 1183 1487 babet.
1221 1449 1287 1491 num
1306 1434 1520 1492 mendicantium
1534 1436 1634 1493 iactam
1649 1436 1800 1505 societati,
1816 1451 1871 1490 non
1887 1450 1944 1490 esse
1958 1443 2005 1488 tan·

384 1523 469 1579 Priori
485 1521 566 1579 modo
581 1529 620 1577 εει
639 1537 732 1578 rerum
746 1564 753 1591 ,
768 1521 844 1594 quod
867 1523 891 1578 in
906 1520 1023 1596 quadarn
1038 1523 1183 1576 conlirma·
1220 1528 1278 1578 tum
1293 1522 1334 1579 ad
1347 1526 1456 1590 instar,
1470 1525 1534 1597 quia
1546 1525 1573 1580 in
1585 1524 1631 1580 illa
1643 1523 1850 1593 declaraverat,
1868 1523 2005 1594 religionen

385 1613 456 1668 tione
475 1621 560 1682 supra
574 1612 751 1683 sumebatur,
768 1611 938 1685 privilegium
959 1610 1001 1668 od
1018 1615 1117 1668 instar
1132 1627 1185 1667 non
1221 1612 1365 1668 Societatis
1388 1613 1448 1668 lesu
1471 1612 1671 1669 mendicantem
1690 1629 1767 1684 esse,
1783 1620 1812 1670 et
1836 1612 1897 1668 ideo
1917 1628 1947 1667 nc
1959 1615 2006 1683 qun

385 1701 553 1757 constituere
568 1700 671 1772 aliquid
687 1715 750 1756 nere
764 1700 831 1771 tale,
845 1700 926 1771 quale
940 1709 984 1756 est
998 1715 1079 1756 snum
1094 1714 1185 1755 erem·
1221 1709 1346 1772 proteret,
1363 1717 1424 1758 esse
1444 1701 1643 1762 mendicantem
1665 1701 1756 1758 solrrm
1770 1719 1804 1758 err
1820 1702 1958 1773 priuilegio
1968 1743 1975 1770 ,
1986 1709 2007 1756 ει

384 1791 458 1862 piar,
476 1790 523 1846 sed
543 1791 650 1846 licticne
668 1790 751 1858 inrisp
772 1789 811 1845 sic
826 1791 898 1845 enirn
914 1789 1084 1861 privilegium
1100 1789 1188 1862 legiti·
1221 1791 1328 1847 lictione
1345 1791 1428 1860 iuris,
1444 1799 1473 1847 et
1488 1791 1548 1848 ideo
1562 1792 1677 1849 concedi
1692 1792 1727 1848 illi
1742 1791 1953 1848 mendicantium
1967 1793 2006 1861 pri·

384 1881 510 1937 rnatirrnis
524 1879 579 1937 dici
594 1887 685 1952 potest
696 1878 737 1937 nd
747 1881 846 1936 instar
857 1880 1040 1952 legitimorum
1054 1880 1183 1951 liliorum,
1221 1879 1334 1951 vilegia,
1348 1880 1438 1936 solrrm
1453 1880 1495 1937 ad
1507 1883 1606 1937 instar
1618 1897 1746 1937 resarum
1758 1879 1966 1938 blendicantium
1976 1895 2007 1934 re·

384 1987 436 2025 non
450 1975 539 2026 tannen
557 1969 621 2026 lacit
632 1983 696 2025 rere
706 1977 735 2024 et
746 1969 855 2026 realiter
867 1968 1016 2041 legitimum
1028 1966 1125 2040 lilium,
1137 1969 1186 2027 sed
1221 1966 1368 2041 ligionurnp
1391 1967 1450 2024 ideo
1465 1969 1616 2041 expiressit,
1632 1969 1785 2025 concedere
1801 1985 1831 2026 εε
1843 1969 1908 2025 ιιιιι
1920 1969 2008 2039 privile·

384 2059 493 2115 betlone
515 2059 591 2116 iuris.
608 2059 642 2114 ιιι
662 2059 701 2114 sic
723 2058 805 2114 etiarn
826 2056 960 2129 procedit,
981 2056 1055 2130 quod
1077 2057 1185 2114 dicebat
1219 2057 1261 2129 gin
1276 2057 1404 2117 societati
1424 2057 1647 2128 pariiormiteret
1660 2073 1748 2130 aeqrre
1763 2057 1948 2129 principaliter
1961 2056 2010 2112 abs-

386 2145 460 2204 Bnld.
476 2148 612 2203 ciramea
627 2145 767 2219 privilegio
783 2163 835 2201 non
851 2161 911 2202 ease
926 2145 1076 2218 legitimum
1094 2153 1122 2202 et
1136 2161 1183 2201 na·
1220 2161 1274 2218 qne
1291 2146 1345 2202 ulla
1363 2163 1476 2218 prorsus
1490 2147 1638 2203 differentia
1648 2187 1656 2218 ,
1668 2149 1733 2219 qraia
1746 2147 1880 2203 nimirum
1895 2148 1961 2202 inter
1976 2161 2009 2200 ιε-

385 2237 502 2294 ιιιιιιειιι
518 2235 620 2308 ειιειιι,
636 2235 683 2292 sed
698 2237 783 2292 instar
796 2236 855 2292 eins
869 2235 1023 2292 secundnm
1038 2235 1183 2309 quamdam
1221 2223 1283 2292 rum
1303 2243 1331 2291 ει
1357 2238 1451 2292 lictum
1468 2237 1577 2292 fictione
1592 2235 1659 2291 ιιιιιε
1674 2240 1782 2307 semper
1797 2235 1960 2307 relinquitur
1972 2233 2010 2289 ali·

386 2311 630 2381 similitudinariam
652 2326 798 2381 rationem.
816 2325 894 2382 Sicut
913 2327 994 2382 etiam
1009 2325 1101 2382 dicere
1116 2324 1186 2381 sole·
1221 2339 1276 2396 qna
1298 2324 1467 2396 dillerentia3
1487 2325 1611 2380 Societas
1631 2333 1723 2380 nartem
1742 2339 1797 2380 non
1821 2325 1932 2380 fictione
1945 2325 2010 2391 inuis,

385 2429 462 2482 mus,
480 2413 648 2486 priuilegium
664 2412 759 2470 nobilis
773 2430 826 2470 non
841 2414 930 2470 iacere
945 2429 1007 2471 vere
1026 2421 1054 2470 ει
1077 2420 1186 2470 natura·
1221 2412 1267 2468 sed
1288 2428 1350 2470 vere
1372 2413 1467 2487 religio
1487 2413 1645 2470 mendicans
1658 2419 1715 2485 εει,
1730 2423 1760 2471 ει
1772 2414 1832 2472 ιιιεε
1849 2429 1938 2487 aeque
1952 2413 2013 2484 prin·

386 2504 448 2559 liter
473 2502 604 2572 nobilem,
626 2501 674 2559 aed
698 2502 812 2560 civiliter
835 2504 941 2560 lictione
964 2503 1042 2559 ioris.
1063 2504 1098 2559 Et
1120 2517 1184 2558 cum
1220 2501 1359 2572 cipaliler,
1375 2511 1405 2559 ει
1420 2505 1477 2558 sina
1492 2500 1756 2559 nlladill'erentiailli
1778 2504 2011 2560 communicantur

384 2591 478 2648 eadem
502 2591 656 2648 limitatione
675 2591 864 2664 accipiendum
883 2598 940 2661 est,
962 2592 1036 2665 quod
1051 2591 1121 2648 idem
1136 2593 1184 2659 ait,
1220 2589 1370 2662 privilegia.
1727 2593 1729 2598 '

383 2697 493 2737 omnem
517 2680 723 2738 similitudinem
744 2697 804 2738 esse
825 2683 984 2755 figmentum
1005 2681 1060 2752 rei,
1080 2689 1107 2738 ει
1131 2696 1184 2736 non
1260 2680 1383 2751 benique
1404 2685 1512 2752 oportet
1532 2679 1645 2736 alteram
1665 2678 1870 2736 distinctionem
1899 2679 2013 2736 adbibere

384 2771 595 2842 proprietatem,
618 2777 662 2828 εει
681 2771 752 2828 enim
774 2787 869 2828 rerum
890 2772 923 2826 de
944 2770 995 2826 bac
1011 2770 1185 2826 similitudine
1222 2782 1255 2823 ει
1282 2773 1361 2838 ριιιε
1388 2768 1645 2825 communicationis
1669 2768 1895 2840 privilegiorum
1918 2768 2019 2824 dnobus

385 2858 534 2930 legali,nt
554 2859 591 2914 sic
612 2858 867 2930 dicam,respectn
888 2862 925 2914 rei
946 2859 1094 2931 naturalis,
1121 2875 1183 2915 nam
1219 2857 1291 2913 enim
1303 2855 1457 2913 modislreri
1470 2858 1612 2929 contingit.
1627 2858 2013 2931 Primo,ut·pririleginranni
2109 2907 2110 2914 ,

388 2947 490 3019 alioqui
506 2946 627 3018 perlecta
640 2955 669 3004 et
683 2948 815 3004 naturalis
830 2947 979 3005 similitudo
994 2949 1144 3006 inveritate
1158 2957 1186 3006 et
1221 2953 1325 3004 tantum
1340 2963 1387 3018 per
1402 2963 1431 3003 εε
1445 2953 1477 3005 ει
1487 2954 1601 3018 propter
1615 2963 1644 3002 ae
1659 2945 1848 3017 concedatur,
1867 2947 1902 3004 ab
1917 2947 1963 3003 illc
1973 2960 2013 3002 aa·
2111 2971 2112 2976 ¹

384 3039 550 3109 proprietate
571 3039 712 3107 consistit,
736 3037 788 3092 imo
810 3039 831 3092 ει
852 3039 1004 3108 proprietas
1025 3037 1184 3110 inutraque
1221 3044 1275 3094 tem
1296 3037 1375 3109 qnasi
1397 3038 1548 3108 redundet,
1564 3043 1592 3092 et
1611 3036 1749 3092 derivetur
1770 3029 1804 3092 ad
1825 3037 1897 3093 alios
1912 3043 2013 3108 propter

271 3143 276 3155 ·
383 3133 507 3183 extremo
529 3125 622 3197 legalis
642 3125 695 3197 sit,
717 3133 807 3197 potest
826 3124 973 3182 similitudo
993 3141 1055 3183 esse
1075 3128 1185 3182 omnino
1219 3128 1431 3193 connexionem,
1447 3142 1529 3199 qrrnm
1551 3124 1650 3182 babent
1668 3140 1734 3181 cum
1748 3124 1794 3180 illo
1810 3125 1920 3196 primo;
1939 3126 1975 3180 ιιι
1988 3130 2014 3178 ιιι

384 3216 505 3288 propria,
524 3224 551 3270 et
565 3231 618 3270 nnn
635 3221 739 3272 tantum
754 3214 882 3287 analoga,
899 3221 929 3270 ut
942 3217 994 3270 iam
1016 3214 1117 3271 dicam.
1135 3218 1185 3271 Po·
1219 3232 1271 3272 non
1293 3218 1320 3270 in
1343 3216 1461 3287 propriis
1482 3217 1608 3285 personis
1621 3216 1769 3271 censeatur
1785 3213 1835 3270 illis
1855 3229 2013 3271 concessum
2113 3223 2114 3228 ’

382 3306 489 3362 ειειιειι
510 3311 602 3361 autem
624 3302 705 3360 rnodo
727 3319 776 3359 nos
791 3303 924 3359 hactenns
940 3303 1024 3359 locuti
1040 3319 1137 3358 sunaus
1151 3303 1185 3359 dc
1220 3304 1407 3376 privilegium,
1423 3303 1470 3360 sed
1484 3306 1510 3359 in
1524 3303 1587 3360 alio.
1602 3304 1646 3360 Sic
1662 3302 1803 3375 priuilegia
1826 3303 1964 3376 religionis
1974 3304 2014 3358 ati-

384 3393 523 3466 priuilcgio
544 3391 587 3451 ad
599 3395 713 3458 instar,
731 3393 876 3462 nimirum,
892 3392 965 3464 qnod
981 3390 1075 3448 datum
1090 3398 1132 3448 est
1146 3392 1184 3447 in·
1219 3395 1299 3449 cuius
1314 3393 1449 3449 interdum
1465 3392 1705 3449 communicantur
1718 3392 1900 3449 familiaribus
1916 3409 1967 3448 non
1979 3407 2014 3446 ιι-

383 3491 439 3539 ειει
460 3483 573 3538 alterius
595 3481 740 3554 pniulegii,
757 3497 805 3537 scu
826 3479 902 3552 quod
917 3479 987 3538 idem
1003 3489 1061 3551 εει,
1078 3481 1111 3537 ad
1126 3483 1185 3536 imi·
1221 3483 1291 3538 tione
1307 3483 1367 3545 sui,
1383 3482 1430 3537 sed
1446 3484 1552 3538 ratione
1567 3481 1720 3553 religionis,
1734 3497 1814 3553 aqrra
1832 3483 1946 3538 omnino
1960 3497 2015 3552 pen·

382 3573 510 3628 tationem
530 3571 678 3628 ellectunm
699 3579 728 3627 et
749 3572 964 3642 proprietatum,
986 3585 1057 3638 quae
1082 3572 1109 3625 in
1130 3569 1183 3626 alio
1219 3571 1318 3628 dentin
1336 3573 1444 3628 illorum
1461 3571 1671 3629 usnetlrnctn.
1684 3571 1828 3640 Secundo,
1847 3571 2012 3642 priuilegium

382 3667 448 3717 aaut
467 3663 547 3717 etiarn
570 3675 603 3716 en
618 3659 775 3732 priuilegio,
791 3673 853 3715 nam
870 3659 923 3715 boc
938 3657 1018 3714 modo
1032 3657 1185 3732 loquuntur
1220 3662 1265 3716 uni
1276 3663 1385 3732 corpori
1397 3661 1438 3717 rel
1451 3675 1582 3732 personae
1593 3674 1774 3729 concessum,
1793 3661 2015 3716 communicatur

383 3749 443 3804 iura
464 3748 497 3805 de
519 3748 661 3822 privilegio
681 3748 723 3805 od
742 3751 853 3810 instar,
870 3747 955 3804 ethic
970 3753 1014 3804 est
1028 3749 1182 3806 communis
1219 3749 1295 3806 alteri
1316 3753 1424 3821 proprie
1444 3755 1472 3805 ct
1492 3749 1657 3822 aequalitem
1675 3750 1710 3807 ita
1732 3756 1763 3806 ut
1785 3765 1817 3806 ea
1834 3751 1949 3820 propria
1962 3761 2015 3819 per·

384 3854 454 3893 usus
466 3839 527 3894 talis
543 3838 635 3894 nocis:
650 3854 711 3892 nam
727 3837 802 3909 prius
816 3853 868 3892 non
884 3835 955 3893 solet
968 3839 1061 3892 vocari
1078 3837 1183 3907 privile·
1219 3853 1286 3894 sona
1300 3839 1346 3894 illo
1363 3839 1402 3894 nti
1414 3840 1517 3909 possit,
1531 3853 1585 3893 non
1598 3838 1697 3906 minus,
1709 3854 1792 3910 qnam
1809 3839 1885 3908 prior
1904 3841 2014 3909 poterat,

385 3928 460 3999 glum
475 3924 517 3984 ad
529 3928 636 3992 inetur,
653 3924 700 3981 sed
715 3924 852 3982 directum
866 3933 909 3992 et,
923 3931 954 3981 ut
965 3925 1000 3980 ita
1014 3923 1116 3992 dicam,
1129 3927 1183 3996 pri·
1221 3929 1260 3984 rel
1284 3943 1367 4000 qrrpm
1390 3927 1447 3998 ipsa
1470 3934 1579 3997 posset,
1596 3927 1618 3982 si
1639 3929 1745 3998 primo,
1760 3933 1788 3982 ει
1808 3941 1857 3997 per
1879 3943 1912 3982 se
1928 3925 2018 3982 luisset

383 4017 515 4085 mnrium,
532 4014 595 4070 licet
607 4015 721 4070 ellectua
735 4015 793 4070 eius
805 4015 890 4086 possit
901 4013 1023 4070 diciesse
1034 4012 1184 4071 adinstar
1219 4019 1454 4075 communicatum
1474 4017 1499 4072 ει
1519 4015 1701 4088 priuilegium.
1718 4018 1752 4072 Et
1772 4015 1824 4071 boc
1846 4014 1930 4072 moda
1947 4030 2016 4071 corn·

382 4102 495 4159 alterins
517 4102 632 4160 allectus
654 4103 785 4162 naturalis
807 4103 961 4159 secundnm
986 4103 1135 4176 analogiam
1157 4112 1185 4161 et
1220 4108 1370 4163 mnnicntio
1386 4105 1591 4177 privilegiorum
1603 4104 1740 4161 ordinarie
1751 4105 1779 4160 ιιι
1790 4106 1863 4160 inter
1874 4104 2015 4177 religiones

382 4193 517 4249 lictionern
536 4193 614 4250 irrris.
631 4193 689 4249 iloc
704 4207 770 4266 ergo
781 4193 954 4266 privilegium
964 4191 1006 4250 od
1017 4195 1116 4250 instar
1130 4209 1183 4248 non
1219 4195 1392 4271 perinduttn
1412 4195 1592 4264 Pontificum,
1614 4200 1644 4249 nt
1657 4200 1766 4250 constat
1779 4195 1805 4248 in
1822 4195 1961 4250 societate
1971 4233 1979 4262 ,
1991 4197 2017 4247 ct

343 4351 348 4360 ,
382 4289 422 4339 εει
437 4283 548 4352 lictum,
570 4281 617 4338 sed
632 4296 743 4353 rernm,
755 4296 804 4337 nec
819 4281 923 4337 inducit
936 4281 1038 4356 aliquid
1054 4298 1104 4354 per
1117 4283 1183 4338 iuris
1219 4283 1296 4340 Bulla
1316 4285 1416 4350 citata,
1431 4293 1459 4339 et
1478 4298 1511 4339 en
1532 4282 1583 4339 alia
1604 4283 1728 4355 Gregorii
1749 4282 1822 4338 lltll:
1839 4279 2018 4338 Accendante

382 4372 529 4442 fictionem,
539 4371 587 4428 aad
597 4377 694 4427 verset
704 4371 813 4442 proprie
822 4370 1101 4444 concedit,qnidqnid
1111 4370 1183 4426 alind
1219 4377 1359 4430 Ιιιιιιιιιιο.Ι
1370 4381 1398 4429 ει
1411 4371 1481 4428 idom
1496 4377 1539 4428 est
1553 4373 1577 4427 iu
1589 4371 1646 4427 aliis
1659 4370 1852 4444 religionibus,
1866 4379 1899 4428 nt
1911 4375 2019 4428 constat

383 4460 549 4532 privilegium
563 4501 570 4530 ,
586 4459 660 4532 qnod
675 4466 717 4514 εει
730 4458 812 4515 ιειιιιι
823 4459 960 4532 exemplar
974 4476 1067 4520 sunni.
1085 4475 1184 4516 concc-
1219 4478 1252 4518 err
1274 4461 1443 4533 compendiis
1466 4460 1549 4516 rerbo
1564 4450 1811 4524 comanirntcalio,
1829 4466 1858 4516 et
1871 4460 1956 4516 refert
1969 4459 2017 4514 late

382 4551 437 4620 dit,
449 4551 523 4605 etita
541 4549 644 4604 inducit
659 4547 863 4604 similitudinem
878 4547 902 4602 in
918 4549 1061 4621 privilegiis
1073 4549 1184 4604 omnino
1220 4554 1345 4608 Emman.
1367 4549 1467 4606 Roder.
1494 4557 1517 4606 ι.
1536 4557 1601 4606 ιοιιι.
1619 4563 1647 4620 q.
1666 4554 1713 4618 55,
1729 4551 1888 4620 praesertim
1903 4555 1957 4604 art.
1973 4552 2017 4615 21,

382 4639 516 4711 propriam
534 4645 562 4694 ει
577 4638 680 4711 absque
695 4638 786 4710 aliquo
801 4637 938 4708 figmento.
1219 4655 1283 4696 cum
1297 4637 1424 4696 Corduba
1437 4641 1463 4693 in
1480 4637 1562 4694 addit.
1576 4638 1609 4694 nd
1624 4636 1774 4707 compend.
1789 4637 1873 4692 uerbo
1887 4653 2018 4694 narramu-

423 4731 448 4785 ι.
465 4730 543 4784 ιιιιιι
564 4726 633 4784 banc
655 4743 721 4800 ergo
742 4727 943 4784 distinctionem
963 4726 1111 4785 dicendum
1131 4737 1183 4801 cst,
1219 4731 1349 4795 clantio,
1369 4728 1393 4783 in
1409 4729 1470 4784 tine.

383 4818 550 4890 privilegium
575 4815 682 4890 proprie
702 4817 806 4874 dictum
822 4816 864 4873 od
878 4815 989 4883 ιιιειαν,
1009 4818 1101 4889 ntiqrre
1116 4819 1185 4876 alte·
1258 4818 1431 4888 Pririleginm
1442 4832 1510 4890 ergo
1525 4817 1764 4873 communicatum
1780 4815 1862 4888 priori
1878 4815 1960 4873 modo
1974 4815 2019 4872 ali-

382 4909 439 4966 rius
455 4909 556 4980 proprii
575 4906 720 4979 privilegii,
735 4921 788 4962 non
809 4906 937 4978 distingui
954 4922 968 4962 a
983 4908 1092 4978 propria
1107 4923 1182 4964 com·
1219 4909 1265 4964 cui
1280 4914 1421 4980 tanaquam
1433 4908 1590 4964 accessorio
1606 4907 1709 4962 ratione
1722 4905 1894 4978 principalia,
1908 4923 1962 4963 non
1974 4921 2019 4976 po·

383 4997 564 5054 ninnicatione
582 4996 729 5068 priuilegii3
746 5004 773 5052 et
787 4995 839 5051 boc
855 5005 929 5052 recte
945 4994 1054 5066 probari
1075 4997 1183 5052 rntioni·
1210 5004 1272 5055 test
1284 4995 1337 5052 dici
1353 4993 1523 5068 privilegium
1535 4993 1577 5053 acl
1586 4998 1684 5052 instar
1694 4995 1804 5067 proprio
1822 5002 2020 5067 summumne

381 5083 432 5142 bus
454 5086 541 5152 iactis.
565 5085 737 5156 l‘ririlegium
759 5091 851 5140 autem
873 5088 1002 5139 vocaturn
1023 5082 1065 5139 nd
1084 5087 1184 5142 instar
1218 5085 1252 5142 de
1273 5084 1317 5141 illo
1337 5086 1364 5140 in
1383 5085 1519 5156 superiori
1534 5091 1638 5156 puncto
1653 5085 1739 5140 locuti
1754 5099 1870 5154 snmus,
1888 5085 2019 5155 quianon

382 5183 493 5247 propter
516 5175 601 5232 solnm
623 5174 803 5231 imitationem
825 5174 937 5231 alterius
958 5173 1025 5229 iuris
1039 5173 1181 5248 ordinarii,
1218 5180 1261 5232 εει
1274 5174 1309 5232 ibi
1323 5177 1468 5232 concessio
1485 5173 1565 5231 unius
1581 5173 1715 5247 privilegii
1731 5172 1773 5230 nd
1784 5175 1883 5230 instar
1894 5172 2016 5240 alterins,
