4260 6222
446 373 510 439 tto

407 519 479 575 vatio
496 517 578 575 habet
591 533 672 574 snum
686 516 814 574 ellectum
828 532 862 574 ao
878 518 935 590 ipso
951 515 1024 592 quod
1039 519 1084 590 lit,
1098 517 1203 575 etiamsi
1238 527 1284 576 cet
1305 535 1359 576 non
1370 521 1473 592 possit
1497 520 1606 594 exigere
1620 517 1755 588 declinas,
1775 533 1825 576 nec
1843 517 1975 592 privilegio
1988 520 2021 576 nti

347 665 355 676 ,
406 607 440 664 ad
456 607 569 664 alterius
583 607 705 664 notitiam
719 623 774 664 non
790 609 943 680 perveniat,
958 624 1025 683 ergo
1040 609 1121 665 etiam
1136 607 1202 664 illud
1239 615 1301 668 ante
1322 611 1445 668 notitiam
1461 611 1537 683 eius,
1560 609 1735 667 nihilominus
1749 616 1812 682 post
1826 610 1944 666 notitiatn
1958 607 2022 664 habi·

405 697 577 769 privilegium
599 713 652 752 non
667 696 768 768 pendet
789 697 815 752 in
830 697 1024 756 suscitentur
1040 699 1203 769 notitiaepi·
1239 704 1414 772 tanepoterit
1433 701 1541 774 exigere
1562 701 1653 757 omnia
1676 717 1691 756 a
1712 705 1835 770 tempore
1851 699 2021 756 concessionis

404 787 501 858 scopi,
518 793 546 843 et
562 786 633 843 idern
647 793 689 844 est
703 799 768 844 cnm
783 789 958 859 proportione
973 787 1007 845 de
1022 803 1201 862 quocumque
1238 805 1271 846 ex
1288 798 1354 847 tunc
1372 791 1474 860 iactae,
1496 793 1518 846 si
1531 789 1565 846 de
1581 796 1671 846 tuente
1685 789 1819 846 Pontidois
1834 790 1900 846 satis
1917 795 2021 844 constet.

404 875 455 932 alio
472 876 561 934 tertia.
1237 879 1329 936 Altera
1348 895 1413 936 rem
1429 895 1510 952 pars,
1526 879 1601 952 quod
1616 878 1721 937 scilicet
1735 879 1760 935 in
1776 878 1884 950 iudice,
1901 877 1940 934 rel
1954 879 2021 934 tertio

441 971 489 1024 25.
506 967 604 1024 ilices:
620 966 676 1021 llac
692 966 796 1021 ratione
811 965 985 1038 probaretur,
1000 982 1032 1022 ex
1048 972 1125 1038 parte
1146 965 1201 1036 pri·
1235 984 1288 1024 non
1305 971 1460 1041 requiratur
1474 969 1592 1038 notitia,
1609 967 1717 1025 videtur
1731 969 1766 1026 ita
1778 983 1908 1040 expressa
1922 965 2021 1024 indicto

402 1055 519 1128 vilegiati
535 1070 623 1128 neque
638 1055 855 1126 acceptationem
870 1056 984 1130 requiri,
997 1057 1060 1128 quie
1076 1071 1199 1112 reserva·
1234 1072 1261 1112 c.
1282 1061 1305 1114 l.
1322 1057 1357 1116 da
1373 1072 1501 1118 concess.
1519 1058 1613 1130 praeb.
1631 1065 1662 1115 ut
1679 1059 1772 1130 negari
1786 1073 1839 1114 non
1855 1059 1949 1128 possit.
1964 1057 2020 1112 liant

402 1147 439 1203 tio
455 1161 585 1215 castrum,
602 1163 628 1200 v.
645 1161 673 1216 g.
690 1144 779 1201 valida
791 1153 851 1218 est,
867 1153 894 1201 et
910 1145 990 1202 babet
1002 1145 1143 1216 ellectum,
1158 1151 1199 1202 et·
1235 1153 1324 1203 tamen
1345 1146 1545 1220 intelligendam
1568 1153 1653 1220 puto,
1673 1148 1783 1220 quando
1798 1145 1879 1203 index
1894 1161 1943 1202 oon
1959 1146 2021 1217 penit

401 1236 454 1292 iant
475 1251 528 1292 non
550 1240 710 1306 acceptante
733 1234 773 1290 tel
795 1243 966 1308 repugnante
982 1234 1102 1308 subdito,
1118 1235 1198 1291 cuius
1234 1237 1417 1294 ostensionem
1431 1235 1571 1310 privilegii,
1589 1245 1618 1294 et
1631 1237 1772 1294 sulliciens
1787 1245 1896 1310 tempus
1912 1237 2021 1307 elapsum

401 1339 484 1381 casus
504 1331 706 1395 reservantem¹
717 1339 784 1397 ergo
798 1324 921 1382 similiter
934 1327 1070 1395 exemptio
1085 1325 1138 1382 erit
1152 1341 1198 1380 va·
1232 1334 1293 1396 est,
1313 1329 1340 1382 in
1358 1342 1415 1399 qtto
1431 1335 1523 1398 posset
1543 1326 1615 1384 illius
1629 1327 1753 1384 notitiam
1767 1326 1917 1398 consequi,
1942 1329 1969 1380 et
1981 1339 2021 1396 pet

401 1412 454 1470 lida
475 1420 550 1470 motu
572 1415 684 1485 proprio
704 1412 789 1482 lacte,
804 1415 887 1469 etiam
901 1414 1043 1487 ignorante
1058 1421 1195 1487 exempto.
1232 1415 1306 1472 illuns
1322 1417 1406 1487 stetit,
1422 1416 1463 1473 vel
1479 1433 1546 1474 castr
1560 1414 1679 1488 accidit,
1696 1424 1727 1474 ul
1741 1431 1794 1472 non
1809 1415 1932 1486 baberet,
1951 1421 1977 1470 et
1988 1416 2020 1468 sie

1130 389 1232 442 ttetttt
1246 393 1322 444 virt.

400 1503 575 1575 Respondes,
588 1517 642 1558 non
656 1517 718 1558 asse
732 1501 828 1574 simile,
842 1518 904 1558 uam
917 1505 1197 1560 reservatiocssuurn
1231 1513 1341 1562 cessant
1360 1509 1538 1578 coniectura,
1560 1512 1588 1563 et
1608 1507 1689 1577 iurat,
1713 1520 1784 1579 quae
1808 1506 1836 1561 in
1864 1503 2020 1560 contrarium

399 1608 454 1649 non
475 1593 557 1649 babet
574 1595 706 1648 rationem
725 1592 836 1660 laveris,
852 1591 898 1648 sed
914 1591 1030 1665 rigoris,
1047 1597 1075 1648 et
1088 1593 1154 1663 odii,
1169 1599 1197 1648 et
1232 1594 1423 1652 afferebantur.
1785 1587 1790 1594 ’
1979 1593 1983 1604 “

398 1697 452 1740 non
467 1681 496 1739 lit
511 1683 536 1737 in
550 1681 671 1738 lavorern
686 1679 787 1737 subditi
803 1683 913 1752 proprie
929 1679 1131 1754 loquendo,ssd
1148 1696 1196 1752 po·

397 1771 454 1828 tius
477 1786 542 1828 curn
566 1785 647 1827 onere
671 1771 731 1827 eius
752 1775 865 1841 propter
878 1785 1025 1827 commune
1039 1770 1151 1842 bonum,
1167 1776 1195 1829 et

397 1861 460 1920 ideo
475 1877 528 1917 non
543 1865 684 1932 spectatur
700 1874 852 1936 consensus
866 1860 1072 1927 eius.Quamvis
1087 1866 1118 1917 ut
1129 1874 1196 1930 pru·

396 1950 471 2008 denti
492 1949 574 2026 modo
598 1951 643 2006 liat
664 1951 827 2018 reservatio,
844 1948 1005 2007 notilicanda
1025 1949 1059 2006 sit
1073 1947 1192 2021 subdito,

396 2047 532 2115 quantum
553 2046 595 2098 est
607 2055 640 2097 ex
655 2048 732 2112 parte
748 2039 916 2112 superioris,
937 2044 1081 2111 numquam
1096 2039 1194 2095 habeat

395 2131 544 2203 ellectum,
567 2137 597 2188 ut
610 2132 731 2187 vitentur
745 2128 934 2201 incommoda,
951 2145 1022 2202 quae
1035 2129 1101 2187 alias
1115 2144 1191 2201 sequt

395 2227 523 2294 possent3
539 2221 613 2294 quod
629 2221 798 2277 sufficienter
812 2221 841 2276 ut
855 2236 904 2292 per
915 2220 1052 2290 publicam
1068 2219 1192 2292 promul·

395 2312 543 2383 gationetn,
553 2326 602 2367 seu
613 2309 827 2382 publicationem
839 2325 904 2366 cunt
917 2316 1039 2382 tempore
1052 2309 1192 2366 scilinien·

395 2405 433 2468 te,
450 2405 482 2454 ut
494 2399 527 2456 ad
543 2399 664 2456 omniunt
680 2400 802 2456 notitiam
816 2399 954 2471 deveniat,
968 2403 1034 2472 quin
1045 2400 1133 2456 lertur
1143 2415 1191 2471 per

393 2487 507 2546 modum
523 2488 656 2560 iegis,aut
669 2488 801 2560 generalis
813 2489 950 2561 praecepti
965 2489 1106 2560 irritantis,
1116 2487 1190 2562 quod
1227 2463 1250 2512 ¹·
1265 2463 1301 2513 ⁰⁹
1313 2464 1424 2515 ⁶¹l⁰¹¹¹¹¹⁸

393 2593 447 2634 non
467 2583 577 2650 oportet
594 2578 765 2650 singulorum
783 2577 900 2635 auribus
916 2579 1045 2650 intimari,
1061 2588 1093 2634 ut
1107 2593 1189 2635 suum

393 2668 522 2725 ellectum
536 2667 645 2724 babeat.
661 2667 802 2739 Exemptio
823 2674 914 2724 autem
933 2667 1095 2726 conceditur
1110 2671 1137 2723 in
1152 2667 1191 2724 ia·

394 2773 487 2814 vorem
503 2757 706 2830 privilegiatl,et
720 2757 779 2814 ideo
794 2758 953 2830 priusquam
968 2756 1083 2814 effectus
1094 2759 1190 2830 acqui·

393 2855 487 2920 ratur,
507 2847 587 2904 debet
606 2846 638 2903 ab
653 2863 685 2904 eo
701 2849 854 2919 acceptari,
871 2849 966 2903 saltent
981 2863 1031 2918 per
1044 2847 1188 2917 nuncium,

393 2936 437 2994 vel
458 2937 685 3022 instrumentum,
708 2936 774 2993 baec
795 2944 887 2994 autem
901 2937 1054 3006 acceptatio
1069 2934 1190 2992 sulliciet

392 3027 450 3083 sine
465 3025 514 3082 alia
531 3026 625 3083 notitia
638 3027 706 3082 eius.
718 3027 746 3081 ln
763 3027 820 3097 ipso
836 3032 927 3081 autem
942 3024 1088 3096 ordinario,
1101 3041 1116 3080 a
1131 3040 1187 3097 quo

391 3117 420 3173 iit
434 3117 580 3190 enentptio,
593 3121 623 3173 ut
636 3118 758 3188 privetur
771 3131 786 3171 a
797 3115 982 3172 iurisdictione
993 3115 1018 3170 in
1031 3116 1111 3170 talant
1126 3129 1188 3186 per·

392 3221 504 3276 sonarn,
528 3221 616 3277 neque
637 3207 748 3277 notitia,
764 3204 806 3262 vel
820 3220 974 3262 consensus
988 3206 1049 3261 eius
1064 3204 1186 3276 postula-

392 3303 449 3368 tur,
465 3302 514 3352 ottt
527 3303 715 3368 exspectatur.

430 3388 476 3444 26.
491 3387 562 3442 llaec
577 3399 641 3457 ergo
657 3383 752 3441 ultima
766 3387 900 3442 sentemia
912 3383 1052 3457 probanda
1067 3383 1185 3441 videtur.

390 3475 459 3534 liant
473 3474 507 3531 de
521 3474 603 3545 priori
617 3481 694 3546 parte
709 3473 921 3549 (scilicet,quod
937 3476 961 3530 in
977 3474 1030 3530 boc
1045 3474 1188 3547 privilegio

391 3567 425 3623 ad
441 3564 558 3621 valorem
572 3571 599 3620 et
612 3564 740 3621 ellectum
756 3564 876 3621 sullieiat
885 3564 1041 3636 acceptatio
1052 3567 1079 3620 in
1092 3565 1188 3621 absen-

391 3656 429 3712 tia
447 3670 494 3727 per
512 3653 638 3726 tertiuml
660 3653 766 3710 videtur
784 3653 1051 3726 esseeadamretio,
1067 3653 1188 3727 quiade

392 3744 452 3802 eliis
469 3744 613 3816 privilegiis
626 3743 759 3818 positivis,
771 3759 821 3800 seu
835 3743 1050 3802 concedentibus
1070 3743 1188 3816 aliquam

391 3839 565 3907 potestatem,
579 3835 635 3890 into
649 3835 746 3904 maior,
761 3840 898 3907 quatenus
911 3834 1019 3892 lacilins
1034 3840 1076 3892 est
1089 3835 1189 3890 exinte-

392 3939 439 3994 re,
453 3923 496 3980 vel
511 3923 604 3980 tollere
619 3939 699 3996 onus,
716 3939 800 3998 quam
815 3922 880 3981 dare
894 3923 995 3997 aliquid
1008 3922 1042 3980 de
1056 3937 1138 3980 novo.
1155 3924 1189 3983 Et

393 4013 494 4087 alioqui
508 4019 600 4071 cessat
614 4013 666 4070 boc
680 4029 781 4087 genere
795 4013 1001 4086 privilegiorum
1017 4012 1128 4070 moralis
1141 4028 1189 4070 oc·

391 4105 467 4160 casio
484 4103 587 4160 abusus
605 4119 670 4161 cum
685 4101 809 4175 periculo
824 4102 938 4159 violandi
952 4103 1071 4176 aliquam
1087 4102 1185 4176 legem,

392 4193 456 4266 quio
473 4207 520 4264 per
542 4193 609 4250 baec
624 4191 761 4264 privilegis
775 4207 830 4248 non
844 4191 1008 4249 conceditur
1022 4191 1188 4264 dispensatio

390 4283 417 4340 in
432 4281 523 4355 aliqua
536 4281 605 4354 lege,
621 4279 668 4338 sed
683 4288 789 4338 tantum
804 4280 953 4338 intenditur
966 4281 1065 4340 ablatio
1079 4280 1188 4339 iurisdl-
1215 4327 1222 4334 .

391 4371 489 4428 cilonis
503 4372 531 4428 in
547 4386 617 4441 uno,
633 4385 680 4443 per
700 4385 782 4443 quarn
798 4370 913 4427 resultat
926 4370 1061 4443 exemptio
1078 4371 1103 4426 in
1119 4370 1183 4427 alio.

390 4460 426 4520 Et
445 4459 509 4517 licet
526 4475 624 4517 verum
637 4462 687 4531 sit,
702 4460 883 4517 necessariam
896 4475 956 4516 esse
970 4461 1096 4517 notitiam
1110 4458 1190 4516 sulii·

391 4552 506 4608 cientem
522 4550 549 4607 in
563 4549 745 4622 privilegiato,
759 4555 790 4607 ut
799 4551 884 4623 possit
897 4550 974 4608 licite
986 4553 1023 4608 uti
1036 4565 1086 4607 sua
1097 4565 1188 4608 esem·

392 4643 495 4716 pliona,
512 4656 566 4697 non
580 4639 702 4712 parendo
716 4640 804 4711 alteri,
818 4640 860 4697 vel
875 4640 1074 4697 contemnendo
1089 4654 1190 4697 censu·

390 4747 449 4792 rant
473 4733 550 4802 eiua3
572 4729 748 4787 nibilominus
768 4745 823 4786 non
842 4737 885 4786 est
904 4728 1007 4786 morale
1034 4729 1187 4801 periculum

1484 1799 1625 1869 CAPUT
1648 1797 1771 1870 xxvi.

1230 1993 1278 2049 An
1300 1991 1405 2067 ubique
1426 1996 1522 2067 possit
1545 1995 1612 2067 quis
1639 1991 1719 2049 licite
1737 2009 1789 2050 sno
1804 1991 2016 2069 privilegiasse,

1186 2131 1191 2142 .
1265 2085 1293 2138 et
1304 2085 1483 2162 praesertim
1497 2085 1787 2162 cctrnltcrritortum
1801 2079 1990 2140 concedentis.

1496 2275 1767 2344 snnntrinat
1848 2253 1851 2258 ¹

1352 2535 1357 2546 η
1427 2463 1506 2516 tantia
1520 2464 1568 2515 loci
1584 2466 1609 2514 in
1623 2464 1820 2528 privilegiis.-—
1829 2463 1927 2528 lluplev
1940 2477 2014 2514 sensus

1258 2536 1415 2596 quaestionis

1258 2605 1338 2665 giunt.
1350 2601 1510 2654 -Pontilet
1527 2604 1644 2654 concedit
1664 2604 1832 2666 privilegium
1849 2617 1896 2667 pro
1913 2605 1974 2654 omni
1985 2605 2014 2654 lo

1258 2685 1297 2722 co.
1307 2671 1369 2722 —2
1382 2674 1548 2736 Privilegiunt
1561 2685 1575 2721 a
1589 2673 1712 2723 Poutilice
1724 2685 1877 2724 concessum
1891 2673 1955 2723 valet
1967 2675 2015 2724 nbi·
2105 2659 2106 2680 ³

1257 2755 1323 2806 que,
1343 2743 1367 2793 si
1383 2744 1500 2794 absolute
1519 2741 1685 2794 concedatur.
1698 2769 1731 2779 -
1742 2741 1768 2792 3.
1780 2743 1951 2806 Prisitegtun
1965 2757 2014 2792 con·

1258 2825 1357 2862 cessum
1371 2827 1416 2876 pro
1428 2812 1599 2863 determinato
1609 2813 1673 2862 loco‘
1686 2825 1733 2876 pro
1743 2813 1790 2866 illo
1801 2819 1902 2862 tanturn
1914 2813 2012 2861 salet.-

1259 2881 1443 2933 lieterminatio
1456 2883 1504 2931 loci
1517 2895 1548 2931 cx
1560 2889 1635 2946 parte
1647 2882 1743 2932 obiecti
1754 2889 1780 2931 et
1791 2894 1823 2930 cs
1835 2887 1908 2946 parte
1917 2882 2012 2932 subiecti

1259 2951 1379 3012 notanda.
1390 2979 1425 2988 -
1438 2952 1464 3002 l.
1478 2951 1547 3003 ldens
1560 2951 1725 3002 concedentis
1738 2952 1817 3001 etiam
1832 2952 1926 3001 limitat
1946 2953 2013 3014 priti-

1260 3021 1363 3082 legium.
1372 3020 1525 3083 -ttegutao
1537 3021 1568 3070 ad
1583 3020 1750 3086 indagandam
1760 3030 1875 3072 mentem
1887 3022 2012 3071 conceden-

1258 3091 1411 3141 tis—llulla
1421 3091 1555 3141 cruciatae
1568 3089 1747 3154 quomododat
1758 3090 1879 3154 llispanis
1899 3091 2012 3140 licentiam

1258 3159 1414 3211 concedendi
1433 3161 1572 3211 lacticinia.
1587 3189 1619 3197 —
1635 3159 1660 3210 ii.
1676 3159 1822 3224 applicatio
1845 3160 1971 3211 doctrinae
1987 3157 2011 3206 al

1258 3231 1386 3294 praelatos
1398 3229 1542 3281 interiores.
1552 3255 1586 3268 -
1594 3231 1710 3281 Potestas
1724 3231 1890 3293 imperatoris
1902 3227 2024 3293 quomodo,

1257 3311 1284 3350 se
1296 3299 1416 3349 extendat
1426 3302 1452 3351 in
1464 3300 1607 3364 privilegiis
1619 3299 1798 3350 concedendis.
1807 3327 1843 3338 -
1853 3301 1879 3353 n.
1893 3299 1927 3350 lle
1940 3301 2011 3348 tatere

1257 3369 1386 3434 privilegii
1398 3368 1553 3432 concedendi
1566 3377 1639 3420 extra
1651 3369 1826 3420 territorium.
1837 3371 1962 3420 —Status
1973 3369 2010 3416 bu·

1258 3441 1298 3489 ius
1313 3439 1473 3501 quaestionis
1491 3440 1638 3501 generalius
1652 3445 1791 3489 tractatur.
1803 3467 1841 3476 -
1853 3439 1877 3487 7.
1891 3438 1931 3489 llis
1944 3437 2009 3502 priri·
2101 3449 2102 3452 ¹

1257 3508 1319 3573 legii
1331 3507 1385 3558 dati
1398 3509 1431 3557 ab
1445 3521 1495 3559 uno
1507 3510 1626 3572 episcopo
1640 3509 1678 3558 vel
1691 3509 1808 3574 principe
1819 3509 1846 3558 io
1857 3509 1938 3558 allano
1946 3509 2010 3556 terri·

1259 3578 1334 3629 torio.
1350 3605 1385 3614 —
1397 3577 1422 3627 8.
1435 3575 1548 3628 lnlertnr
1564 3580 1660 3642 primo:
1675 3578 1747 3628 Libri
1761 3577 1888 3641 prohibiti
1902 3575 2010 3641 quonndo

1258 3647 1359 3710 legendi
1371 3660 1402 3697 ex
1416 3645 1608 3710 privilegio-
1621 3648 1647 3698 o.
1663 3647 1776 3698 lniertur
1788 3647 1916 3699 mundo:
1931 3647 2006 3704 netu,

1256 3718 1300 3780 qui
1324 3717 1437 3780 pendent
1457 3729 1471 3765 a
1495 3717 1628 3769 voluntate
1647 3717 1772 3782 principis
1790 3717 1872 3768 alieni
1885 3715 2005 3773 territorii,

1256 3785 1384 3850 quomodo
1396 3785 1556 3836 iaciendi-
1567 3787 1610 3838 lli.
1620 3786 1725 3849 Quando
1738 3787 1811 3837 licite
1825 3787 1867 3837 uti
1879 3787 1954 3851 possit
1966 3784 2006 3848 pri·

1256 3857 1352 3920 vllegio
1364 3857 1391 3906 in
1403 3857 1488 3907 alieno
1501 3857 1742 3919 territort0.-Qus
1753 3869 1833 3907 sensu
1848 3857 1931 3908 locum
1944 3855 2005 3904 babet

1256 3925 1412 3990 praecedens
1424 3927 1565 3978 conclusio.
1577 3954 1612 3964 —
1628 3927 1671 3977 tl.
1685 3926 1839 3977 Declaratur
1853 3926 1915 3976 baec
1927 3923 2007 3980 doctri·

1257 3995 1380 4048 ηιμ-η.
1392 3997 1557 4060 dispensatus
1569 3997 1596 4048 in
1608 4003 1669 4046 actu
1679 3997 1736 4048 iure
1748 3997 1881 4046 communi
1895 3993 2007 4060 prohibito
2096 3995 2097 3998 ’

1257 4073 1284 4116 et
1302 4077 1351 4116 non
1370 4066 1420 4115 alio
1439 4066 1553 4126 ratione,
1568 4067 1665 4130 ubique
1677 4071 1762 4130 potest
1774 4065 1914 4130 privilegio
1927 4065 1967 4113 uti.
1980 4087 2005 4096 —

1258 4135 1301 4185 ts.
1312 4135 1452 4185 llifflcultas
1463 4135 1496 4184 de
1507 4134 1697 4199 dispensatione
1711 4135 1736 4184 in
1751 4142 1893 4198 praecepto
1905 4133 2007 4184 ecclesis-

1257 4204 1419 4255 stico.-ll.
1430 4204 1528 4268 Duplex
1540 4206 1629 4256 modus
1642 4204 1799 4255 concedendi
1812 4205 2005 4268 privilegium.-

1259 4274 1301 4325 tn.
1316 4273 1482 4339 privilegium
1495 4276 1628 4338 personale
1641 4275 1674 4324 ob
1687 4274 1830 4337 legitimam
1843 4281 2006 4334 causantem

1258 4345 1312 4409 ipsa
1325 4355 1431 4409 persona
1444 4345 1540 4408 ubique
1554 4343 1801 4408 incedit-triplex
1815 4339 2005 4396 ravin-loss

1256 4413 1320 4465 tislit
1339 4414 1483 4465 rationibus
1501 4413 1646 4464 contrariae
1664 4413 1821 4466 sententiae.
1833 4441 1869 4452 -
1884 4413 1924 4464 l'l.
1936 4409 2007 4474 lppli·

1257 4491 1332 4534 catur
1345 4483 1462 4535 doctrina
1475 4483 1594 4547 praeced.
1609 4495 1712 4548 paragr.
1725 4483 1843 4548 exposita
1855 4482 1887 4534 ad
1899 4491 2007 4534 summunt

1258 4553 1405 4606 Pontificem
1417 4555 1509 4606 saltem
1521 4551 1705 4618 aliquomodo.

1267 4733 1292 4787 t.
1309 4727 1431 4785 Diximus
1445 4726 1479 4784 de
1493 4727 1702 4786 circumstantia
1719 4727 1869 4800 temporis,
1883 4722 2008 4784 dicendum

391 4823 496 4878 abusus
512 4821 698 4877 concessionis
712 4819 858 4891 privilegii,
877 4817 984 4875 etiamsi
1003 4818 1040 4873 sit
1054 4817 1142 4875 valida
1155 4833 1190 4875 ex
1223 4819 1352 4893 seqnitur
1372 4818 1406 4874 de
1426 4819 1632 4876 circumstantia
1650 4816 1719 4888 loci,
1739 4832 1810 4890 quae
1830 4819 1858 4874 in
1874 4817 1959 4890 legum
1971 4811 2009 4867 ob

1433 2533 1465 2583 dc
1484 2535 1555 2595 loco,
1576 2547 1622 2598 pro
1639 2548 1690 2597 quo
1707 2546 1859 2584 concessant
1872 2541 1911 2584 est
1925 2535 2012 2598 privile
2105 2541 2106 2550 ¹

391 4913 420 4969 vi
434 4910 629 4982 acceptationis
645 4909 825 4981 tertiiapotest
841 4915 934 4965 antem
948 4923 1008 4963 esse
1022 4907 1100 4964 valde
1114 4908 1189 4965 utilis
1223 4910 1377 4966 servatione
1397 4909 1512 4966 maxime
1528 4909 1683 4966 necessaria
1696 4914 1749 4963 est.
1764 4909 1862 4964 Potest
1880 4912 1965 4963 auten
1977 4902 2007 4956 lo·

391 5002 426 5060 ad
442 4997 595 5059 revocanda
608 4999 700 5056 omnia'
711 5004 809 5055 contre
820 4997 991 5069 privilegium
1006 4996 1106 5054 lactea
1121 5007 1187 5054 tem·
1223 5013 1275 5055 cus
1295 4998 1444 5070 dupliciter
1465 4997 1499 5055 ad
1520 4997 1708 5071 privilegium,
1728 5013 1776 5054 seu
1797 4995 1832 5054 ad
1855 4997 1927 5054 illius
1941 5007 2007 5050 usum

392 5105 457 5164 pore
475 5088 673 5148 concessionis.
689 5087 768 5144 Sicut
790 5087 812 5142 si
831 5087 904 5157 Papa
927 5085 1060 5143 concedat
1083 5087 1187 5145 absenti
1223 5089 1391 5161 comparari.
1407 5089 1499 5145 Primo
1518 5104 1551 5144 ex
1573 5095 1649 5160 parte
1664 5087 1779 5160 obiecti,
1801 5103 1853 5144 sen
1868 5093 1943 5142 aetus
1955 5095 2006 5138 coe

392 5181 599 5248 collectionem,
624 5185 652 5234 et
671 5177 816 5234 utilitatem
837 5174 954 5232 alicuius
970 5178 1054 5247 partis
1068 5174 1187 5233 decima·
1210 5163 1293 5235 'cessi
1309 5193 1356 5252 per
1372 5177 1686 5250 privilegium,seeundo
1697 5193 1730 5233 ex
1743 5185 1819 5249 parte
1830 5185 2004 5249 personarum,
2082 5165 2083 5172 ’

393 5285 472 5344 runt,
486 5278 515 5328 et
528 5283 575 5343 per
589 5275 799 5342 proettratorent
814 5265 984 5340 privilegium
998 5273 1140 5342 acceptet,
1156 5267 1187 5326 li·
1223 5268 1265 5328 vel
1287 5267 1484 5340 concedentis,
1501 5268 1541 5326 vel
1556 5269 1602 5326 cui
1617 5266 1780 5326 conceditur
1794 5267 1971 5342 privilegium,
1985 5267 2006 5314 st
