4278 6242
416 389 458 450 98
1116 393 1263 441 ntnrnv.

378 533 458 598 sant,
481 525 559 581 iuxta
579 538 640 594 cap.
660 523 736 578 Cum
751 523 910 592 contineat,
929 518 961 574 de
976 519 1093 574 iureiur.
1108 531 1170 588 cap.
1210 523 1287 573 ctum
1307 517 1366 573 eius
1384 517 1555 575 renunciatio
1577 522 1697 592 privatae
1715 536 1859 593 personae.
1877 523 1912 579 Et
1925 527 2010 595 patet,

380 616 533 689 Quemvis,
551 610 585 667 dc
599 611 687 682 puetis
701 612 730 665 in
745 613 772 679 6,
785 608 906 665 authent.
923 611 1124 671 sacramente,
1142 605 1172 660 G.
1211 606 1276 676 quia
1287 605 1331 662 ilfa
1347 609 1519 664 renunciatio
1531 623 1585 664 non
1601 616 1693 680 potest
1706 611 1849 683 impedire,
1863 613 2013 684 quominus

377 705 399 760 si
414 703 547 759 adversus
560 695 1011 769 venditionemsnpponuntenim
1022 694 1089 750 haee
1101 694 1173 764 iura,
1211 700 1357 765 peccatum
1379 696 1414 751 sit
1434 695 1525 752 facere
1539 704 1634 754 aetum
1648 705 1745 756 contra
1759 698 1848 773 legem
1864 699 2014 771 prohiben-

376 807 457 865 posse
471 792 590 862 aliquem
609 787 708 844 cedere
722 787 774 843 iuri
787 799 856 855 suc,
875 787 959 842 etiam
974 789 1072 840 contra
1088 783 1174 855 legem
1213 789 1266 838 tem
1288 783 1430 854 absolute,
1453 787 1517 857 quia
1537 775 1665 842 voluntas
1680 787 1785 858 privata
1798 804 1853 844 non
1868 796 1964 860 potest
1977 788 2015 845 fa·

376 883 544 951 irritantem,
564 884 592 935 et
610 880 647 934 ita
661 878 734 934 licite
754 873 1091 948 implerequodiuravi13
1107 886 1174 943 ergo
1211 885 1286 942 cere,
1303 879 1333 928 ut
1348 872 1390 928 lert
1406 873 1553 944 prohibens
1567 867 1620 931 non
1636 875 1754 948 obliget,
1777 893 1866 950 neque
1881 885 2014 949 respectu

376 977 442 1026 tunc
464 975 555 1024 cessat
573 965 775 1037 irritatiolegis
791 979 839 1036 per
859 964 1093 1020 renunciationem
1109 977 1174 1032 pro·
1210 958 1383 1032 obligationis
1399 960 1465 1034 legis
1480 962 1562 1020 habet
1576 962 1670 1021 iocum
1686 967 1870 1035 renunciatio,
1882 982 1954 1039 erge
1970 984 2015 1023 ne-

376 1059 425 1131 prii
449 1059 523 1114 iuris.
540 1059 575 1114 tit
593 1057 661 1112 ratio
679 1061 738 1128 est,
758 1055 821 1127 quia
834 1054 884 1110 bae
900 1053 973 1124 leges
989 1066 1070 1122 saepe
1085 1049 1175 1106 eonti-
1211 1064 1265 1120 que
1286 1057 1414 1121 respectu
1436 1051 1596 1108 irritationis
1616 1052 1715 1111 habere
1730 1060 1820 1126 potest
1835 1054 1951 1122 lecum,
1968 1063 2016 1112 aut

376 1154 442 1203 nent
456 1147 593 1218 privatum
609 1145 738 1215 furorem,
748 1143 795 1199 cui
806 1143 997 1214 unusquisque
1010 1138 1174 1196 renunciare
1209 1139 1284 1209 vim,
1307 1141 1372 1211 quia
1394 1157 1448 1196 non
1461 1148 1502 1197 est
1515 1141 1674 1212 verisimile,
1690 1143 1875 1216 legislatorem
1891 1145 2015 1202 voluisse

335 1229 338 1238 ’
376 1241 477 1309 potest,
494 1252 556 1307 cap.
572 1232 619 1291 Ad
633 1233 840 1308 apostoticam,
858 1231 891 1288 de
905 1231 1026 1304 regular.
1208 1227 1388 1286 irritationem
1402 1229 1492 1287 lacere
1507 1236 1615 1287 tantum
1627 1232 1678 1288 sub
1691 1249 1722 1289 ea
1736 1233 1905 1306 conditione,
1921 1234 2016 1305 prohi-

415 1326 455 1382 Ad
475 1325 595 1396 priorem
615 1327 719 1394 partem
734 1321 898 1394 respondeo,
914 1320 987 1376 illam
1003 1319 1091 1391 legem
1106 1319 1175 1373 anti·
1211 1315 1301 1373 bendo
1316 1325 1410 1376 aetum
1425 1320 1482 1376 sine
1496 1320 1663 1379 conditione.
1678 1323 1713 1378 tlt
1728 1339 1793 1381 aero
1806 1323 1852 1380 len
1866 1340 1939 1395 pure
1956 1325 2017 1381 irri-

377 1431 462 1486 quam
475 1430 528 1469 non
542 1413 627 1469 fuisse
642 1412 801 1484 simpliciter
815 1412 985 1481 irritantem,
1001 1410 1048 1465 sed
1064 1406 1116 1464 sub
1132 1406 1176 1461 ille
1211 1411 1275 1462 leus
1290 1422 1344 1462 nen
1360 1408 1485 1479 prohibet
1498 1417 1591 1467 actum
1606 1411 1744 1486 absolute,
1760 1412 1808 1470 sed
1824 1413 1914 1471 fertur
1930 1415 1959 1470 in
1973 1415 2013 1470 fa-

378 1503 554 1574 cenditione,
579 1501 630 1557 nisi
650 1507 769 1572 utraque
784 1516 865 1572 pars,
886 1498 993 1554 seilicet
1012 1497 1132 1554 novitius
1146 1503 1175 1552 et
1213 1505 1307 1553 vorem
1327 1499 1511 1571 privatorum,
1533 1503 1579 1557 cui
1593 1509 1705 1572 possent
1719 1504 1769 1574 ipsi
1784 1504 1964 1560 renunciare.
1981 1505 2015 1560 Et

379 1600 550 1661 conventus,
567 1592 680 1648 cederet
694 1591 747 1647 iuri
761 1605 829 1663 suo,
845 1604 894 1644 seu
910 1589 990 1644 libere
1006 1589 1177 1643 consentiret
1212 1583 1271 1642 ideo
1292 1586 1359 1642 dixit
1379 1589 1525 1646 Panormit.
1548 1589 1572 1645 in
1597 1605 1659 1661 cap.
1675 1589 1722 1647 Ad
1734 1592 1955 1666 apostoticam,
1983 1593 2016 1650 de

376 1686 402 1738 in
419 1681 613 1753 professionem
630 1687 709 1736 anien
724 1680 836 1735 factam.
847 1675 922 1735 Unde
935 1691 984 1732 nec
997 1676 1038 1732 lex
1054 1675 1098 1730 iffa
1109 1690 1176 1730 eoo·
1211 1674 1335 1745 regular.
1352 1675 1427 1748 quod
1442 1676 1495 1746 lex,
1507 1678 1588 1734 cuius
1603 1676 1689 1735 favori
1704 1682 1870 1738 renunciare
1883 1683 1951 1754 quis
1967 1699 2017 1755 po·

376 1771 478 1828 tinebat
491 1769 644 1826 absolutam
660 1767 885 1838 prohihitionem,
903 1772 934 1822 ut
948 1765 1080 1837 professio
1096 1770 1176 1820 antea
1211 1767 1282 1834 test,
1308 1779 1362 1818 non
1386 1765 1440 1820 ta'm
1454 1771 1497 1821 est
1511 1765 1668 1839 prohibitio,
1681 1783 1763 1841 qnam
1777 1769 1943 1844 exhortatio,
1962 1773 2015 1828 uti-

376 1876 430 1915 non
449 1860 542 1930 fieret,
564 1857 613 1914 sed
635 1863 741 1913 tantum
759 1855 811 1912 sub
825 1855 920 1912 eadem
935 1853 1102 1910 conditione.
1119 1855 1175 1910 Nec
1211 1867 1263 1923 quc
1284 1859 1413 1923 respectu
1434 1854 1520 1926 illius,
1543 1871 1605 1912 nam
1629 1865 1757 1929 respectu
1777 1859 1894 1916 aliorum
1916 1869 2013 1932 potest

367 1955 433 2005 crat
452 1955 517 2005 tune
536 1949 623 2018 posita
639 1947 768 2018 primario
782 1951 895 2016 propter
908 1945 1011 2000 benrrm
1025 1949 1115 1999 status
1131 1957 1174 1998 re·
1211 1940 1352 1997 continere
1366 1941 1419 1997 vim
1435 1943 1636 2015 prohibitionis,
1653 1946 1725 2002 sicat
1737 1947 1771 2002 de
1787 1948 1929 2020 privilegio
1944 1951 2016 2007 diei-

375 2039 463 2112 ligiosi
487 2037 627 2107 absolute,
648 2036 696 2092 sed
715 2032 918 2091 incommodum
941 2032 1172 2102 contrahentium,
1212 2045 1289 2101 mus,
1311 2046 1363 2086 oon
1380 2029 1479 2088 bebere
1494 2034 1628 2090 rationem
1643 2033 1711 2107 legis
1725 2041 1855 2107 respectu
1868 2039 1951 2107 eius,
1968 2041 2014 2095 cui

376 2135 405 2183 et
418 2125 604 2198 dependenter
618 2123 651 2180 ab
665 2139 761 2180 eorum
774 2124 991 2178 renunciatione.
1003 2122 1077 2188 Quae
1087 2121 1177 2176 omnia
1211 2118 1387 2192 conceditur,
1403 2120 1452 2176 sed
1466 2129 1593 2193 respectu
1609 2123 1822 2181 aliorumTales
1836 2141 1903 2199 ergo
1921 2127 2014 2184 riden-

376 2216 517 2272 manifeste
539 2212 710 2285 colliguntur
728 2228 761 2268 ex
780 2228 842 2283 cop.
859 2210 906 2267 Ad
920 2209 1124 2284 apostolicam,
1141 2208 1175 2264 de
1211 2215 1257 2264 tur
1272 2223 1334 2264 esse
1350 2209 1411 2265 illae
1426 2209 1511 2282 leges,
1527 2226 1576 2266 nos
1592 2219 1684 2270 autem
1697 2213 1730 2269 de
1746 2213 1852 2286 legibus
1868 2215 2016 2287 prohiben-

375 2304 497 2378 regular.
507 2303 563 2359 lmo
579 2302 616 2358 ibi
631 2303 809 2374 significatur,
819 2309 885 2358 tunc
897 2301 987 2372 aliquo
999 2299 1079 2355 modo
1092 2297 1176 2353 fuisse
1212 2298 1296 2368 tibus,
1309 2305 1338 2354 et
1350 2299 1522 2357 irritantibus
1533 2299 1657 2358 obsolute
1669 2302 1817 2375 loquimur.
1825 2304 1904 2370 Quod
1921 2307 1944 2361 sl
1960 2307 2017 2362 for-

308 2431 310 2436 ·
376 2393 540 2464 prohibitam
563 2392 635 2447 iilam
656 2392 907 2460 renunciationem,
927 2405 982 2444 non
1002 2387 1174 2458 simpliciter,
1212 2394 1285 2444 tasse
1303 2387 1375 2460 leges
1389 2389 1449 2446 illae
1464 2391 1604 2447 continent
1614 2393 1768 2449 absolutam
1782 2393 2016 2466 irritationem,ut

376 2481 425 2538 scd
445 2497 477 2537 ne
495 2482 595 2552 passim
609 2480 698 2535 fieret:
717 2479 757 2535 vel
773 2494 806 2533 ne
821 2477 968 2534 indiscrete
984 2476 1174 2532 admitteretur
1211 2483 1253 2532 est
1266 2476 1420 2550 probabile,
1437 2477 1585 2537 dicendum
1599 2487 1652 2553 est,
1668 2498 1722 2538 nou
1735 2482 1863 2553 impediri
1878 2483 2015 2540 irritatio·

379 2571 439 2628 talis
455 2570 625 2626 renunciatio
639 2569 701 2633 unni
716 2567 891 2638 probationis,
902 2569 952 2639 pai
966 2569 999 2622 in
1012 2563 1177 2622 subsidi-une
1212 2580 1273 2622 nem
1293 2565 1354 2621 talis
1369 2573 1448 2622 aetus
1463 2582 1510 2639 per
1525 2570 1724 2644 iuramentum,
1741 2571 1789 2628 aed
1804 2573 1938 2629 sustineri
1951 2573 2018 2629 elie-

367 2657 555 2732 srapilitotis
574 2659 726 2716 humanae
740 2659 873 2713 noscitur
886 2659 1066 2713 institutum.
1082 2657 1176 2727 ltaque
1212 2660 1290 2711 ctum
1304 2656 1374 2728 eius,
1390 2657 1437 2729 qui
1452 2673 1505 2713 non
1521 2666 1582 2715 erat
1595 2676 1643 2732 per
1657 2659 1743 2732 legem
1758 2660 1967 2734 prohibitus,et
1981 2663 2018 2718 ita

376 2749 423 2805 illa
443 2748 485 2804 lex
510 2763 564 2803 non
584 2753 642 2802 erat
662 2747 792 2816 irritans,
814 2745 855 2801 vel
874 2761 927 2802 non
941 2750 1001 2801 erat
1014 2760 1046 2801 ea
1061 2745 1127 2814 iilis,
1143 2743 1177 2800 de
1212 2743 1361 2800 formaliter
1380 2751 1408 2801 et
1425 2747 1452 2802 in
1467 2762 1496 2802 sc
1511 2762 1565 2804 non
1581 2749 1738 2805 confirmari
1752 2757 1847 2807 aetum
1863 2767 1913 2823 per
1928 2753 2017 2825 legem

378 2839 480 2910 quibus
506 2853 579 2892 nunc
602 2835 764 2908 loquimur,
786 2835 850 2908 quio
870 2849 920 2891 nec
948 2833 1032 2890 dabat
1060 2834 1177 2889 formam
1212 2831 1336 2888 absolute
1359 2835 1498 2891 irritatum
1514 2843 1627 2907 propter
1639 2839 1878 2896 renunciationem
1894 2841 2017 2912 privatae

378 2926 587 2983 substantialem
605 2926 783 2994 contractui,
806 2923 854 2980 sed
876 2923 1040 2994 praefigebat
1055 2929 1175 2994 tempus,
1212 2936 1360 2992 personae,
1384 2922 1432 2980 sed
1453 2925 1542 2982 solum
1562 2927 1661 2984 virtute
1675 2929 1787 2985 formari
1806 2929 1859 2986 alia
1873 2931 1919 2987 ria
1934 2933 2016 2988 susti·

379 3033 430 3073 nec
445 3015 606 3088 prohibebat
619 3015 744 3071 absolute
759 3014 939 3084 eontrarium,
956 3011 1003 3068 sed
1018 3027 1084 3067 caim
1098 3019 1175 3067 certo
1213 3009 1301 3066 nendo
1315 3011 1442 3068 eumdem
1457 3013 1644 3086 effectum,'ut
1657 3018 1683 3072 in
1697 3015 1772 3074 dicto
1785 3018 1849 3076 loeo
1866 3019 1949 3076 latius
1965 3026 2020 3075 tra·
2092 2999 2093 3006 ἵ

378 3106 471 3164 niodo.
488 3103 639 3162 Concilium
661 3110 753 3160 autem
774 3101 949 3159 tridentinum
968 3100 1122 3157 absolutam
1141 3099 1177 3155 le·
1212 3105 1318 3156 etatum
1332 3107 1385 3157 est.

379 3213 442 3268 gem
458 3193 646 3266 prohibentem
661 3191 799 3262 statuit,et
812 3189 967 3248 clausulam
982 3189 1104 3245 absolute
1118 3189 1178 3246 irri-

380 3291 484 3341 tantem
500 3281 612 3352 addidit3
632 3287 661 3337 et
673 3278 732 3336 ideo
748 3281 800 3335 iam
815 3287 927 3336 nonest
942 3278 1021 3334 locus
1037 3278 1178 3334 renuncia·
1476 3281 1614 3351 CAPUT
1637 3281 1757 3350 xxm,

379 3375 443 3430 boui
457 3371 561 3444 proprii
575 3370 654 3440 iuris,
666 3369 747 3425 etiam
762 3369 783 3423 si
797 3368 849 3425 hoc
864 3369 954 3440 ipsum
967 3353 1178 3424 concilium'noa

379 3459 641 3534 expresseritUnde
656 3465 746 3529 potest
760 3458 852 3530 potius
866 3458 1019 3530 retorqueri
1034 3472 1179 3529 argumen·
1220 3480 1326 3536 mmm
1341 3477 1373 3531 5„
1387 3474 1448 3547 ,093
1461 3477 1603 3532 „mam
1619 3481 1722 3534 actm„
1733 3477 1894 3552 ipsos-acto
1908 3485 1937 3536 ει
1950 3485 2021 3537 m

378 3560 451 3622 tum,
466 3549 540 3622 quod
556 3549 603 3605 ubi
618 3548 660 3605 lex
674 3547 850 3604 deiformem
866 3547 993 3604 absolute
1008 3547 1178 3619 praecipien-
1278 3579 1396 3620 omnem
1410 3567 1586 3621 ,munnam
1600 3564 1710 3623 gabea,
1723 3565 1822 3624 locum
1835 3569 1960 3642 epum·

380 3642 430 3708 do,
446 3640 489 3696 vel
504 3638 691 3710 prohibendo,
707 3644 734 3694 et
749 3637 879 3694 irritando
895 3637 1055 3709 simpliciter
1070 3645 1178 3704 actum,

379 3745 433 3786 non
449 3727 557 3784 habeat
582 3726 673 3782 locam
698 3728 803 3798 privata
827 3727 1015 3797 renunciatio,
1032 3740 1083 3781 nec
1099 3733 1179 3783 actus
1401 3774 1408 3788 ,
1497 3747 1741 3811 Samarium

380 3816 532 3873 nullitatem
547 3816 680 3886 impedire
695 3815 785 3872 debet.

361 3914 367 3927 ⁶
419 3907 497 4004 Tum,
519 3921 583 3962 ΨΟ
603 3905 1180 3978 ⁰⁰⁰⁰sfi¹³¹¹0s³l³⁰f³in⁰b5⁰⁰ti⁰¹¹⁰p⁰'
1217 3932 1658 4000 illatiodubitandi-Quidam
1677 3933 2024 3998 aiuntcpiihiamsufficere

336 4031 340 4042 ·
382 3996 450 4066 sita,
472 4009 548 4049 cirea
562 4009 644 4066 oriam
659 3995 764 4050 institui
780 4001 873 4067 posset
886 3995 967 4066 longa
982 3995 1129 4066 disputatio
1144 3996 1177 4052 de
1251 4004 1282 4054 ad
1295 4005 1484 4056 matrimonium
1496 4004 1552 4053 sine
1566 4003 1675 4053 testibus
1688 4003 1714 4052 in
1727 4004 1892 4064 necessitato,
1904 4006 1949 4056 uhi
1964 4019 2023 4068 pro

381 4085 407 4139 ri
421 4090 448 4139 et
462 4082 544 4139 modo
560 4081 730 4154 obligationis
747 4083 854 4139 illerum
868 4082 977 4156 legum,
997 4090 1025 4141 et
1040 4083 1178 4156 quomodo
1250 4075 1393 4135 mitigatum
1406 4081 1445 4124 est
1463 4073 1600 4123 c0¹¹⁰i¹ium
1613 4071 1793 4123 tridentinum.
1804 4072 1875 4122 -9-
1890 4073 1962 4124 Mens
1978 4087 2024 4124 θυ-

1251 4145 1332 4194 otonis
1353 4144 1488 4205 negativa,
1506 4142 1640 4210 moraliter
1658 4142 1876 4205 loquendo—3.
1895 4143 1973 4193 ilatio
1990 4144 2022 4194 de

384 4262 439 4319 Sed
453 4263 519 4334 quia
533 4260 566 4317 de
580 4259 632 4317 hae
647 4277 677 4318 re
688 4261 824 4332 disputavi
834 4262 886 4319 late
899 4263 925 4318 in
937 4269 1009 4319 tract
1032 4259 1066 4318 de
1079 4265 1167 4321 iuram
1251 4215 1319 4296 omni
1333 4213 1485 4294 {mamm
1498 4239 1533 4248 “
1543 4211 1570 4260 ‘¹'
1585 4211 1723 4263 mmmm
1736 4213 1805 4262 inter
1818 4211 2023 4276 ¹¹¹⁰¹¹¹b¹3i⁰¹¹e¹¹¹

1012 4303 1019 4319 ·
1172 4309 1177 4319 ·
1253 4289 1281 4332 ct
1294 4290 1475 4332 irritationem.

383 4351 432 4409 lib.
449 4356 477 4408 2.
495 4367 510 4406 a
525 4365 586 4422 cap.
603 4356 650 4422 20,
666 4350 724 4407 ideo
739 4351 857 4409 breuiter
871 4351 943 4423 dieo,
960 4353 1091 4425 inprimis
1107 4354 1181 4427 leges

384 4440 445 4498 illas
466 4455 520 4496 non
540 4455 600 4496 esse
622 4440 777 4512 simpliciter
797 4439 989 4514 prohibentes,
1008 4442 1055 4498 sed
1072 4449 1181 4500 tontum
1259 4441 1376 4498 flictio
1397 4437 1537 4495 dubitandi
1558 4446 1616 4509 est,
1638 4439 1703 4512 quia
1717 4439 1903 4510 interpretatio
1922 4439 2022 4496 volun·

384 4543 453 4601 pure
479 4529 635 4598 irritantes,
653 4529 709 4585 imo
731 4543 781 4585 nee
802 4530 928 4587 absolute
949 4531 1108 4602 irritantes,
1134 4529 1182 4587 sed
1217 4529 1280 4586 tatis
1295 4527 1459 4600 legislatoris
1474 4527 1582 4584 ridetur
1597 4543 1678 4599 posse
1694 4525 1792 4582 habere
1808 4526 1902 4583 locam
1914 4528 1942 4582 in
1953 4528 2020 4600 legi·

386 4618 465 4691 quasi
487 4617 539 4673 sub
553 4617 721 4689 conditione,
743 4619 794 4674 nisi
818 4618 883 4692 ille,
905 4619 940 4675 ob
960 4623 1042 4676 euius
1062 4621 1183 4677 favorem
1216 4619 1268 4692 bus
1289 4617 1460 4674 irritantibus
1477 4631 1530 4672 noa
1544 4617 1653 4691 minus,
1674 4631 1755 4687 quam
1769 4615 1796 4671 in
1810 4615 2021 4686 prohibentibus

385 4707 455 4762 latae
478 4712 555 4777 snm,
571 4707 624 4761 iuri
639 4723 689 4763 suo
703 4709 913 4765 renunciaverit.
930 4709 980 4766 Est
998 4711 1069 4766 enim
1084 4705 1184 4783 magna
1220 4715 1342 4778 tantum,
1359 4706 1400 4763 ael
1415 4706 1731 4778 praecipientibus3ergo
1746 4705 1847 4776 poterit
1860 4719 1972 4760 cessare
1987 4705 2022 4760 ir-

387 4793 538 4874 diiierentia
561 4795 630 4851 inter
645 4796 732 4869 legera
748 4797 828 4853 simul
843 4797 1052 4872 prohibentem,
1076 4808 1104 4856 et
1118 4801 1180 4856 irri-
1218 4797 1307 4854 ritatio
1322 4812 1370 4867 per
1384 4797 1601 4852 coniecturatam
1618 4801 1736 4850 mentem
1751 4793 1928 4867 legislatoris,
1945 4796 2022 4851 sicut

387 4890 514 4956 tantem,
536 4892 564 4941 et
587 4901 655 4957 pure
679 4886 853 4959 irritantem,
878 4903 941 4944 nam
965 4889 1039 4959 prior
1063 4905 1115 4945 non
1141 4907 1184 4945 so·
1218 4893 1310 4945 cessat
1327 4885 1467 4958 obligatio.
1484 4883 1621 4942 Probatur
1635 4885 1822 4956 aequiparatio
1835 4903 1842 4939 ι
1856 4883 1928 4955 'quia
1944 4884 2021 4940 sieut

387 4973 445 5030 lum
461 4973 549 5031 irritat
572 4981 687 5044 actum,
708 4977 731 5031 si
755 4975 815 5047 bat,
836 4975 883 5032 sed
898 4977 978 5032 etiam
992 4977 1133 5048 prohibet,
1150 4995 1183 5036 ne
1218 4979 1260 5034 lex
1274 4975 1440 5049 generaliter
1454 4973 1602 5046 prohibens
1616 4979 1707 5044 potest
1726 4973 1751 5026 in
1774 4971 1938 5043 particulari
1952 4987 2025 5030 casu

387 5063 453 5130 frat,
482 5073 510 5120 et
535 5065 574 5120 ita
599 5064 759 5136 regulariter
783 5064 844 5122 talis
868 5066 910 5123 let
933 5083 986 5123 non
1001 5068 1087 5124 fertur
1105 5070 1132 5124 in
1146 5068 1184 5123 fa·
1218 5083 1273 5123 non
1287 5065 1376 5122 solum
1390 5079 1445 5121 non
1458 5079 1518 5120 esse
1533 5062 1622 5136 utilis,
1638 5060 1782 5120 sedetiam
1798 5076 1908 5132 nocere,
1927 5063 1967 5118 ita
1981 5069 2021 5118 et·

389 5167 483 5209 aorern
510 5155 679 5225 privatorum
696 5194 703 5226 ,
734 5155 782 5212 sed
810 5156 907 5212 intuitu
933 5157 1087 5214 eommunis
1110 5155 1183 5229 boni,
1218 5157 1271 5213 iam
1292 5156 1334 5213 lea
1353 5153 1460 5211 irritans
1478 5159 1616 5227 quotenus
1631 5152 1691 5208 talis
1706 5158 1759 5222 est,
1775 5167 1824 5208 seu
1841 5150 1932 5224 (quod
1947 5151 2020 5208 idem

388 5247 416 5297 et
434 5241 497 5299 ideo
516 5242 584 5302 nihil
597 5243 721 5303 conferre
736 5251 843 5319 potest,
859 5247 893 5303 ad
906 5245 1109 5320 impediendum
1122 5247 1185 5304 elle·
1220 5243 1276 5318 esti
1292 5245 1367 5302 sieut
1380 5243 1405 5299 in
1421 5243 1504 5315 priori
1518 5241 1578 5315 lege
1593 5247 1683 5314 potest
1696 5257 1807 5298 cessare
1822 5241 1891 5298 ratio
1907 5241 1976 5314 legis
1996 5242 2022 5297 in

381 4174 569 4229 iuramentum
593 4171 795 4244 quodammodo
820 4179 916 4230 eontra
942 4174 999 4230 illas
1014 4175 1177 4245 praevaleat.
