4260 6222
863 362 1109 462 carnrxxrrrx.
1684 357 1747 420 509

139 489 240 544 veniat
253 487 404 562 ignorantia
417 485 693 560 privilegil,rolnntas
707 487 828 547 icrmalis
840 489 951 550 alterius
987 501 1078 552 autem
1099 494 1236 554 nonnullis
1258 496 1360 570 regulis
1380 496 1499 554 breviter
1518 512 1577 556 rena
1597 503 1683 556 totana
1701 499 1728 556 in
1743 512 1785 554 se-

138 584 234 635 actus·
245 576 280 634 de
294 593 324 633 se
337 577 515 650 repugnantis
529 577 682 652 privilegio,
696 595 749 635 non
763 581 814 638 erit
826 581 950 638 virtualis
985 586 1079 660 quenti
1093 587 1183 659 capite
1197 586 1473 659 comprehendemus.

139 668 277 725 voluntas
287 665 437 724 revocandi
449 667 631 742 privilegium,
645 670 710 741 quia
719 671 873 742 ignorantia
884 687 951 729 cau·

139 762 192 815 sat
207 771 264 812 non
277 755 474 829 voluntarium,
486 771 518 813 eo
533 756 609 830 qnod
622 757 688 814 nibil
703 761 738 815 sit
749 758 875 832 votitam,
885 762 951 834 quia
1194 817 1202 826 ,
1225 765 1366 836 CAPUT
1386 764 1541 834 XXXIX,

137 849 365 918 praecognitum.
381 845 459 914 Quod
473 846 611 918 eleganter
625 847 752 906 indicavit
768 851 952 908 iurisconsul·
1502 873 1507 876 ·

140 943 193 991 ²¹¹⁵
208 936 235 991 5¹¹
250 935 269 991 ¹·
281 932 530 1036 idssdlfflllfanub
544 943 556 1010 d
570 941 641 992 will
654 942 683 993 ⁶²
696 937 762 1004 alib
777 939 803 996 ff·
817 939 850 996 ‘¹0
867 929 951 998 ⁰³⁶⁰·
1042 959 1171 1038 Quaado
1186 967 1320 1019 censetur
1328 963 1470 1036 princeps
1484 963 1573 1017 tacita
1586 973 1726 1018 revocare

139 1031 201 1080 sat.
215 1030 299 1081 tutor.
314 1027 382 1081 Drcrt
394 1041 476 1096 enam,
488 1025 646 1083 facultatem
661 1027 741 1085 alicui
757 1032 845 1086 tutori
857 1030 951 1088 datam
1096 1049 1286 1126 mmmmm
1301 1054 1408 1108 comm
1420 1048 1497 1106 pugg
1510 1047 1670 1124 operando.

139 1112 180 1170 ad
195 1113 358 1172 mutandum
369 1113 549 1188 domicilium,
558 1124 625 1173 tnnc
637 1133 699 1174 esse
711 1118 856 1177 virtualem
869 1119 951 1178 licen·

122 1205 214 1260 ,ιῑιιιι
228 1202 379 1261 dimittendi
393 1220 494 1262 munus
512 1211 541 1262 et
555 1206 768 1266 sollicitudinem
782 1209 867 1282 illam,
884 1227 950 1268 curn
1260 1231 1419 1296 Summa,
1430 1229 1502 1292 pum

142 1293 213 1351 data
229 1301 273 1350 est
284 1309 322 1350 ea
335 1297 478 1368 resrrtpto
491 1298 685 1370 imperatoris
699 1301 804 1362 amens,
822 1304 951 1357 tutorem
1052 1317 1069 1332 ··

137 1398 208 1438 esse
228 1399 306 1438 eum.
322 1381 448 1440 iudicans
472 1392 587 1457 aperte,
614 1387 671 1443 sine
694 1388 740 1444 tali
760 1390 873 1446 scientie
895 1405 949 1446 non
987 1414 1675 1481 1·Quam,modisgg,0g„„,p,i,gegpum,..g,
1697 1414 1782 1465 ΜΝ,

141 1487 229 1543 posse
248 1485 308 1528 esse
329 1471 404 1528 illam
426 1474 537 1530 tacitam
558 1474 737 1540 laenitatem,
754 1476 799 1532 ubi
814 1476 841 1533 id
855 1483 951 1534 notant
1019 1488 1119 1550 ιοιιιιιι.
1131 1516 1166 1524 -
1176 1489 1200 1538 3.
1217 1487 1343 1538 Secunda.
1356 1514 1388 1523 -
1398 1488 1423 1536 t.
1438 1486 1533 1537 Tertia.
1544 1485 1728 1535 -blttererrtia
1743 1485 1782 1533 in·

137 1561 234 1616 Gloss.
249 1561 323 1618 Bart.
339 1567 368 1617 et
385 1560 523 1619 doctores.
540 1563 614 1621 ldem
633 1565 752 1621 sumitur
772 1569 838 1623 satis
858 1573 949 1639 aperte
1020 1564 1060 1606 ter
1080 1559 1265 1620 fssi'ttcssliffieffl
1282 1564 1309 1606 el
1323 1557 1537 1618 reprobationem.
1549 1555 1618 1605 -5·
1632 1555 1729 1617 il¹¹³r¹³
1742 1566 1782 1604 ιθ·

133 1665 177 1707 es
193 1650 283 1721 capite
300 1652 324 1707 l.
341 1649 374 1706 de
387 1653 499 1708 constit.
518 1653 543 1708 in
559 1657 591 1724 6,
608 1655 654 1711 ubi
673 1657 744 1726 Papa
758 1655 833 1722 dicit,
852 1671 880 1711 se
895 1671 947 1712 non
1018 1627 1144 1762 {331¹an
1152 1625 1315 1747 figalssffiffdfl
1326 1625 1392 1758 affin
1399 1626 1587 1757 pngggffiaff
1589 1622 1782 1757 '3233ssssssss

140 1754 276 1838 revocare
294 1741 375 1796 tacite
391 1755 438 1811 per
453 1757 532 1799 suam
546 1741 632 1815 legem
646 1743 800 1814 generalem
813 1759 861 1816 ea,
878 1761 949 1818 pirae
1018 1767 1138 1832 speciale.
1149 1765 1215 1815 -7,
1230 1766 1396 1828 privilegium
1408 1765 1519 1829 spectare
1531 1764 1625 1815 minuit
1636 1764 1768 1826 generale.

140 1843 271 1900 ignorare
291 1831 492 1903 praesumitur,
514 1833 576 1905 quia
592 1833 719 1890 nimirum
734 1849 800 1889 oram
815 1834 859 1890 illa
874 1835 949 1907 igno·
1648 1866 1650 1870 ·

141 1920 236 1974 rentia
249 1933 303 1976 non
318 1925 371 1975 stat
384 1921 510 1977 virtualis
524 1921 662 1978 voluntas.
675 1922 725 1979 Ubi
738 1923 818 1978 etiam
833 1923 858 1981 id
873 1940 950 1981 corn·
1025 1931 1049 1983 l.
1063 1925 1204 1996 suppono,
1217 1923 1317 1994 tribus,
1330 1921 1372 1980 val
1383 1927 1504 1995 quatuor
1515 1919 1601 1980 modis
1613 1935 1693 1993 posse
1705 1917 1790 1993 pilo.

140 2009 265 2064 muniter
281 2015 439 2076 notatur,et
451 2010 478 2066 in
490 2010 577 2082 capite
589 2010 742 2078 Noaurdll,
755 2012 788 2068 de
800 2015 946 2086 rescripto,
983 2013 1072 2086 cipern
1093 2015 1226 2087 derogare
1247 2015 1330 2071 tacite
1351 2014 1435 2085 priori
1455 2011 1604 2086 privilegio.
1620 2011 1710 2068 Primo
1731 2025 1779 2082 per

139 2111 176 2153 ειι
191 2109 246 2169 quo
261 2103 339 2155 testu
354 2105 382 2156 et
394 2115 427 2156 err
442 2099 499 2156 aliis
515 2100 663 2158 referendis
678 2101 749 2157 idern
761 2101 949 2176 colligitnr‚et
983 2105 1070 2176 legem
1086 2103 1283 2174 universalem,
1297 2117 1368 2176 quae
1379 2100 1582 2172 universaliter,
1597 2107 1628 2157 nt
1638 2105 1727 2168 sonat,
1739 2100 1778 2155 in·

140 2196 188 2244 est
201 2203 246 2244 res
260 2188 354 2256 clara,
370 2193 396 2245 et
410 2189 443 2246 ab
457 2190 584 2246 omnibus
598 2195 719 2262 recepta.
736 2191 829 2247 Solum
843 2199 887 2249 est
900 2192 947 2248 ob-
981 2193 1093 2250 tellecta
1109 2192 1253 2266 derogabit
1266 2191 1447 2265 privilegium.
1459 2189 1587 2248 &cundo
1602 2205 1651 2262 per
1664 2189 1778 2246 bominis

142 2276 440 2351 serrandum,qnando
452 2284 571 2349 constat,
581 2279 729 2350 principem
738 2295 793 2336 non
806 2281 946 2353 ignorasse
982 2282 1159 2351 mandatum,
1179 2280 1221 2336 vel
1242 2281 1408 2352 rescriptum
1433 2278 1573 2353 privilegio
1596 2280 1775 2336 contrarium.

140 2367 330 2440 privilegium,
345 2374 412 2424 tunc
428 2373 529 2425 attente
543 2369 740 2441 inspiciendum
756 2383 828 2441 esse,
845 2375 946 2442 quanta
981 2373 1072 2429 Tertio
1097 2386 1145 2444 per
1168 2371 1331 2426 sententiam
1354 2368 1446 2426 datam
1470 2373 1567 2426 contra
1594 2367 1775 2441 privilegium.

141 2458 181 2512 sit
194 2457 374 2530 repugnantia
388 2457 458 2514 inter
472 2465 566 2515 notum
581 2458 711 2530 principis
724 2465 752 2514 ει
762 2457 944 2531 privilegium,
980 2462 1083 2529 Quarto
1101 2476 1149 2534 per
1163 2475 1265 2516 novum
1280 2459 1462 2531 privilegium.

141 2546 209 2619 quia
222 2547 310 2603 solum
324 2548 351 2602 in
366 2562 399 2604 eo
410 2545 554 2620 derogabit
563 2548 703 2620 privilegio
715 2554 807 2604 elnon
817 2548 944 2620 amplius.
1019 2556 1047 2608 2.
1064 2551 1154 2606 Prima
1168 2563 1234 2621 ergo
1249 2548 1343 2620 regula
1358 2554 1416 2618 est,
1429 2562 1478 2620 per
1493 2548 1580 2620 legem
1596 2545 1776 2604 universalem

141 2638 239 2709 ltaque
254 2638 279 2692 sl
298 2635 423 2693 absolute
444 2646 488 2694 est
501 2637 711 2709 incompatibilia
725 2653 796 2694 nova
809 2636 948 2710 dispositio
980 2655 1033 2696 oon
1044 2638 1223 2712 derogantem
1233 2637 1371 2710 privilegia
1380 2651 1525 2709 expresse,
1539 2651 1593 2692 non
1606 2635 1777 2708 derogantur

141 2727 275 2797 principis
287 2740 351 2782 cum
364 2731 421 2783 toto
433 2726 583 2800 privilagio,
596 2733 685 2783 totum
701 2727 816 2798 ouieret,
827 2732 855 2782 et
868 2741 946 2784 roao-
981 2730 1060 2786 tacite
1071 2727 1208 2801 privilegia
1219 2727 1245 2783 in
1257 2741 1373 2798 corpore
1385 2727 1454 2782 iuris
1465 2740 1518 2781 non
1529 2730 1667 2782 contenta:
1680 2727 1716 2782 ita
1727 2724 1775 2782 do·

139 2813 233 2883 nabit3
251 2815 273 2870 si
295 2829 360 2871 vero
374 2814 464 2871 solum
478 2831 511 2872 ει
526 2820 602 2886 parte
616 2816 744 2888 deroget,
760 2823 866 2872 tantum
883 2832 946 2872 sus·
979 2825 1045 2876 cent
1065 2823 1193 2875 auctores
1215 2815 1335 2889 allegati.
1351 2817 1386 2872 Et
1399 2817 1471 2872 ratio
1483 2822 1541 2886 εει,
1557 2817 1621 2888 quia
1636 2814 1775 2887 legislator

141 2903 243 2978 pendet
267 2905 332 2962 illud
351 2919 400 2976 pro
420 2905 512 2978 aliquo
534 2911 672 2977 tempore,
695 2905 735 2961 vel
755 2905 898 2978 derogabit
918 2905 943 2961 in
980 2923 1034 2964 non
1052 2907 1241 2980 praesumitur
1255 2905 1327 2961 scire
1343 2904 1385 2961 ius
1399 2905 1616 2976 privatum,nec
1629 2903 1777 2976 particula·

142 3011 206 3050 uno.
218 2995 329 3064 ellectu,
342 2996 384 3052 vel
400 3002 465 3051 actu
476 2996 550 3052 iuxta
564 3009 719 3052 mensuram
735 2998 942 3068 repugnantiae.
979 3001 1020 3055 ria
1033 2998 1122 3067 iacta,
1138 3000 1213 3051 iuxta
1227 2998 1312 3066 caput
1329 2999 1353 3052 1.
1369 2994 1402 3050 de
1417 2994 1560 3050 constitut.
1575 2995 1603 3050 in
1619 2997 1654 3064 6;
1674 3009 1707 3050 ex
1722 3009 1777 3066 quo

139 3087 177 3141 Ut
191 3087 214 3141 si
228 3099 277 3141 rer
295 3084 397 3155 iubeat,
409 3085 493 3141 semel
507 3084 575 3157 exigi
590 3085 723 3142 tributum
735 3100 751 3140 a
765 3085 943 3158 privilegiato,
980 3094 1055 3144 testu
1071 3086 1149 3158 plane
1163 3083 1302 3154 colligitur
1316 3083 1389 3140 dicta
1398 3084 1509 3155 regula,
1522 3083 1586 3156 quia
1603 3090 1711 3140 certum
1723 3088 1776 3156 est,

140 3190 196 3229 non
210 3175 302 3230 statim
326 3180 457 3231 censetur
474 3173 599 3231 absolute
621 3189 751 3230 revocare
771 3174 943 3248 privilegium
980 3175 1149 3248 privilegium
1164 3173 1304 3229 continere
1318 3172 1485 3243 particulare
1504 3175 1563 3238 ius,
1579 3173 1620 3228 vel
1638 3174 1727 3244 potius
1742 3173 1777 3229 ad

141 3269 247 3330 totum,
270 3261 318 3318 sed
333 3267 440 3319 tantum
453 3278 504 3335 pro
519 3262 654 3334 illavice,
676 3263 749 3320 siout
763 3279 846 3336 supra
859 3265 886 3320 in
908 3265 942 3320 si·
979 3265 1100 3334 iactum,
1115 3277 1198 3335 quam
1213 3260 1246 3318 ad
1261 3261 1303 3316 ius
1317 3263 1460 3331 pertinere.
1475 3263 1509 3318 Et
1522 3261 1582 3318 ideo
1598 3259 1720 3318 additum
1734 3268 1777 3319 est

141 3352 246 3409 milido
267 3355 349 3408 tacita
364 3353 570 3409 renunciatione
589 3352 760 3409 dicebamus.
773 3353 842 3420 Quia
863 3369 942 3410 revo·
978 3356 1007 3410 in
1026 3353 1139 3426 regula,
1155 3365 1307 3408 sermonem
1328 3366 1388 3407 esse
1406 3351 1440 3408 de
1453 3350 1598 3423 privilegiis
1617 3351 1776 3422 incorpore

139 3442 214 3498 ontio
229 3446 272 3498 est
292 3439 400 3514 odiosa,
415 3448 443 3498 et
463 3441 522 3498 ideo
542 3457 597 3498 non
616 3447 658 3498 est
678 3441 849 3498 extendenda
871 3442 942 3500 ultra
977 3443 1044 3500 iuris
1065 3457 1117 3498 non
1138 3441 1290 3508 contentis,
1314 3456 1375 3497 nam
1398 3439 1460 3512 illa,
1476 3454 1546 3514 quas
1569 3439 1596 3494 io
1617 3440 1674 3496 iure
1689 3441 1776 3497 conti·
1874 3471 1892 3525 ss

140 3531 292 3602 praecisam
313 3532 514 3588 necessitatem.
535 3531 601 3587 ltern
626 3532 690 3604 quia
711 3533 732 3587 si
764 3533 943 3605 repugnantia
977 3538 1094 3603 nentur,
1109 3531 1161 3587 iana
1179 3532 1315 3602 pertinent
1328 3528 1362 3584 ad
1379 3529 1546 3584 universales
1560 3527 1652 3600 leges,
1667 3535 1696 3585 ει
1709 3543 1776 3585 con-

141 3625 252 3676 nonest
274 3621 370 3685 maior,
386 3633 437 3676 nec
458 3619 581 3676 virtualis
602 3620 730 3677 voluntas
750 3621 775 3677 in
795 3623 886 3694 rigore
900 3627 942 3677 est
977 3626 1123 3695 sequenter
1141 3635 1196 3676 non
1211 3625 1426 3690 praesumuntur
1440 3619 1589 3690 ignoraris
1610 3611 1774 3689 legislatore,

139 3709 237 3775 maior,
256 3709 307 3764 nisi
321 3707 426 3764 aliunde
440 3706 474 3763 de
487 3708 531 3763 illa
546 3715 663 3766 constet.
977 3713 1091 3784 ideoque
1100 3715 1257 3782 sequnntur
1267 3706 1348 3764 aliam
1359 3706 1483 3780 regulam
1491 3705 1657 3781 generalium
1671 3705 1773 3779 legum,

182 3796 368 3854 &Difficultas
376 3811 441 3853 vero
449 3797 574 3854 estcirca
582 3797 654 3854 banc
661 3798 862 3855 revocationem
873 3799 941 3856 taci·
976 3801 1051 3876 qnod
1067 3800 1110 3856 lex
1128 3797 1265 3872 posterior
1284 3804 1398 3858 revocat
1411 3796 1544 3868 priorem,
1559 3794 1664 3852 etiarnsi
1679 3793 1707 3850 id
1720 3809 1775 3852 non

141 3893 210 3956 tam,
225 3885 336 3958 quando
347 3885 630 3958 censeaturprinoeps
642 3889 823 3957 posteriorem
835 3895 940 3958 actum,
972 3892 1124 3964 exprimat,
1139 3891 1216 3946 iuxta
1230 3887 1356 3960 superius
1371 3885 1443 3942 dicta
1456 3885 1503 3942 lib.
1520 3886 1565 3955 Vl,
1582 3898 1645 3957 cap.
1661 3885 1731 3942 xlx.

141 3991 193 4033 seu
208 3975 412 4046 dispositionem
426 3975 516 4031 iacere
530 3991 597 4032 oum
611 3977 778 4048 ignorantia,
799 3977 841 4032 vel
856 3977 942 4034 scien·
1016 3986 1043 4038 3.
1060 3977 1186 4038 Secunda
1202 3977 1297 4051 regula
1307 3982 1364 4032 est:
1379 3977 1429 4032 Per
1439 3974 1604 4047 particulare
1615 3973 1796 4032 mandatum*

106 4137 111 4147 Ι
138 4067 179 4123 tia
200 4063 348 4136 privilegii,
364 4063 474 4136 quando
495 4063 525 4120 id
543 4081 598 4121 non
618 4072 758 4123 constaret
771 4081 804 4124 ex
819 4067 942 4124 secundo
976 4070 1110 4142 bominis,
1124 4084 1172 4125 seu
1187 4068 1352 4139 rescriptum
1367 4065 1495 4138 principis
1505 4081 1559 4122 non
1576 4063 1725 4138 derogatur
1736 4069 1776 4121 ta·

139 4155 291 4224 rescripto,
310 4154 353 4210 rel
369 4153 437 4226 lege.
452 4154 520 4210 Nam
535 4155 557 4210 si
571 4152 597 4209 id
612 4161 721 4212 constet
734 4169 782 4227 per
794 4155 888 4228 verba,
900 4156 942 4213 ael
976 4155 1231 4230 cite'privllegium,
1243 4155 1264 4212 si
1274 4170 1403 4227 expressa
1416 4153 1541 4211 clausula
1556 4152 1737 4226 derogationis
1748 4153 1775 4211 in
1836 4190 1844 4210 .

138 4241 292 4300 clausulam
310 4240 428 4314 aliquam
447 4240 473 4297 id
488 4241 661 4300 sufficienter
675 4244 873 4316 explicantem,
890 4244 942 4301 tol·
976 4264 1009 4306 eo
1030 4263 1083 4304 uon
1102 4245 1228 4304 addatur.
1249 4247 1299 4302 Est
1317 4246 1399 4302 etiam
1417 4245 1600 4302 communiter
1613 4250 1726 4315 recepta
1741 4259 1772 4299 ει

137 4333 206 4388 litur
222 4331 391 4402 obscuritas,
404 4332 456 4387 imo
472 4336 537 4403 tunc
552 4334 642 4404 potius
656 4334 814 4390 censebitur
830 4349 942 4407 expres·
977 4353 1039 4410 cap.
1056 4340 1135 4395 Cum
1148 4333 1298 4403 ordlnsm,
1317 4337 1349 4407 6,
1363 4335 1396 4392 de
1407 4335 1535 4406 rescript.
1549 4349 1613 4392 cum
1625 4333 1721 4390 Glossa
1731 4332 1773 4390 ul·

137 4437 185 4494 sa,
209 4434 293 4493 quarn
314 4421 397 4477 tacita
417 4417 572 4490 rovdoatio,
586 4426 620 4478 ιιι
638 4421 661 4476 si
683 4422 801 4480 addatur
817 4421 942 4480 clausula
975 4431 1043 4487 tima
1066 4428 1093 4483 in
1113 4439 1175 4498 oap.
1195 4430 1219 4484 ι.
1235 4424 1298 4482 eod.
1314 4425 1343 4481 εἰ
1363 4424 1443 4481 babet
1462 4422 1532 4480 idem
1553 4422 1772 4492 tundamentum,

137 4526 200 4566 raon
219 4509 364 4577 obstante,
382 4518 438 4568 eto.
460 4509 502 4567 rel
524 4512 638 4577 similes,
654 4511 802 4586 dequibus
817 4514 842 4570 in
861 4517 942 4586 sirpe·
975 4517 1049 4592 quod
1063 4514 1248 4590 praecedena3
1264 4515 1422 4590 quinetiam
1437 4515 1462 4570 in
1481 4518 1627 4586 praecepto
1640 4513 1674 4570 ab
1687 4512 1773 4570 borni·

137 4598 257 4655 rioribus
267 4598 428 4656 dictumest.
438 4599 551 4673 Propria
561 4616 626 4674 ergo
634 4600 781 4658 difficultas
791 4609 844 4676 εει,
854 4619 941 4678 quan·
975 4624 1024 4680 ne,
1042 4607 1084 4663 rel
1102 4607 1236 4678 rescripto
1250 4604 1410 4678 particulari
1424 4604 1458 4660 ad
1474 4605 1550 4676 lites,
1568 4602 1609 4660 vel
1624 4602 1723 4676 aliquid
1738 4603 1774 4658 si·

135 4687 173 4743 do
190 4688 217 4743 in
230 4689 374 4760 posteriori
389 4691 525 4762 rescripto
543 4691 618 4748 nulla
628 4693 665 4748 'iit
684 4694 783 4748 mentio
797 4694 938 4769 privilegii,
973 4698 1048 4770 anile,
1061 4714 1115 4754 non
1126 4697 1314 4769 praesumitur
1327 4697 1455 4766 princeps
1466 4691 1568 4750 babere
1581 4693 1707 4749 notitiam
1718 4692 1773 4764 pri·

136 4791 189 4833 nec
206 4779 233 4833 in
248 4779 356 4850 specie,
372 4793 424 4836 nec
438 4780 463 4835 in
478 4795 593 4852 genere,
607 4780 658 4860 sed
672 4781 761 4838 solnm
772 4783 801 4840 iit
811 4783 941 4855 simplici·
974 4787 1072 4862 vilegii.
1085 4787 1142 4843 lmo
1156 4784 1243 4842 multo
1255 4783 1350 4840 maiori
1361 4781 1501 4839 rationein
1512 4782 1558 4838 tali
1570 4797 1638 4838 casu
1653 4780 1705 4836 boc
1718 4795 1772 4836 nou

136 4872 179 4921 ter
197 4881 269 4922 nova
287 4865 428 4941 dispositio
446 4881 604 4943 repugnans
623 4871 774 4944 privilegio.
789 4873 826 4928 lle
841 4888 895 4945 qua
910 4888 939 4930 re
974 4876 1176 4950 praesumitur;
1190 4875 1254 4948 quia
1264 4915 1272 4946 ,
1284 4877 1316 4930 ut
1327 4871 1496 4930 disitGlossa
1507 4874 1534 4926 in
1544 4885 1606 4942 cap.
1624 4874 1648 4927 ι.
1660 4869 1695 4926 de
1706 4885 1773 4926 con·

137 4954 224 5011 multa
244 4953 341 5012 dicunt
359 4956 425 5014 iuris
444 4959 569 5014 canonici
583 4961 747 5031 interpretes
762 4960 788 5016 in
803 4977 864 5034 oap.
885 4965 940 5019 Ve-
974 4967 1109 5023 stitution.
1126 4965 1153 5020 in
1168 4967 1200 5034 6,
1219 4963 1303 5020 verbo
1318 4965 1474 5028 poscatur,
1492 4975 1575 5033 quem
1591 4959 1636 5016 alii
1650 4975 1771 5033 sequun-

135 5046 238 5112 pisas,
256 5045 290 5102 de
304 5049 467 5119 praescript.
482 5055 509 5103 et
523 5049 549 5103 in
563 5065 623 5120 capi.
645 5055 669 5120 ι,
685 5056 713 5107 et
727 5065 788 5122 cap.
806 5052 939 5109 Νοιιιιιιι-
975 5062 1036 5128 tur,
1057 5055 1151 5112 maiori
1170 5069 1235 5111 cunr
1256 5052 1451 5109 deliberatione
1464 5057 1493 5106 et
1506 5051 1665 5109 maturitate
1678 5050 1708 5105 tit
1719 5065 1771 5120 pu-

135 5134 173 5198 ts,
189 5133 224 5192 de
244 5137 371 5208 rescript.
387 5136 475 5195 Gloss.
490 5147 518 5196 et
531 5139 573 5196 alii
588 5145 642 5208 25,
656 5157 684 5214 q.
700 5145 729 5200 2.
747 5142 772 5197 in
790 5142 934 5215 principio,
973 5145 1061 5202 blioee
1075 5145 1142 5218 legis
1154 5142 1252 5214 editio,
1265 5157 1348 5214 quam
1360 5141 1458 5213 privati
1473 5142 1600 5212 rescripti
1611 5142 1768 5211 concessio,

135 5224 257 5301 sylvest.
272 5233 301 5283 ει
320 5227 364 5284 alii
385 5229 545 5286 summistae
566 5230 649 5287 serbo
668 5230 872 5306 privilegium:
887 5249 937 5290 uos
970 5252 1038 5310 ergo
1052 5236 1074 5291 si
1085 5235 1112 5291 in
1126 5235 1185 5308 lege
1196 5231 1452 5292 constituendaucn
1464 5231 1650 5305 praesumitur
1660 5231 1687 5286 in
1699 5229 1772 5309 prin·
