<?xml version="1.0" encoding="UTF-8"?>
<!DOCTYPE html PUBLIC "-//W3C//DTD XHTML 1.0 Transitional//EN"
    "http://www.w3.org/TR/xhtml1/DTD/xhtml1-transitional.dtd">
<html xmlns="http://www.w3.org/1999/xhtml" xml:lang="en" lang="en">
 <head>
  <title>
</title>
<meta http-equiv="Content-Type" content="text/html;charset=utf-8" />
  <meta name='ocr-system' content='tesseract 3.04.00' />
  <meta name='ocr-capabilities' content='ocr_page ocr_carea ocr_par ocr_line ocrx_word'/>
</head>
<body>
  <div class='ocr_page' id='page_1' title='image "./tractatusdelegi00sugoog/tractatusdelegi00sugoog_0667.png"; bbox 0 0 4232 6220; ppageno 0'>
   <div class='ocr_carea' id='block_1_1' title="bbox 376 383 1249 456">
    <p class='ocr_par' dir='ltr' id='par_1_1' title="bbox 376 383 1249 456">
     <span class='ocr_line' id='line_1_1' title="bbox 376 383 1249 456; baseline 0.002 -4"><span class='ocrx_word' id='word_1_1' title='bbox 376 383 438 452; x_wconf 76' lang='grc'><strong>640</strong></span> <span class='ocrx_word' id='word_1_2' title='bbox 1097 403 1249 456; x_wconf 76' lang='lat' dir='ltr'><strong>emesa.</strong></span> 
     </span>
    </p>
   </div>
   <div class='ocr_carea' id='block_1_2' title="bbox 324 529 2067 1050">
    <p class='ocr_par' dir='ltr' id='par_1_2' title="bbox 324 529 2067 1050">
     <span class='ocr_line' id='line_1_2' title="bbox 324 529 1980 604; baseline 0.004 -24"><span class='ocrx_word' id='word_1_3' title='bbox 324 532 446 600; x_wconf 76' lang='lat' dir='ltr'><strong>plorum</strong></span> <span class='ocrx_word' id='word_1_4' title='bbox 466 529 726 600; x_wconf 75' lang='lat' dir='ltr'><strong>caeremonialium,</strong></span> <span class='ocrx_word' id='word_1_5' title='bbox 741 545 812 603; x_wconf 83' lang='lat' dir='ltr'><strong>quae</strong></span> <span class='ocrx_word' id='word_1_6' title='bbox 831 538 911 589; x_wconf 88' lang='lat' dir='ltr'><strong>erant</strong></span> <span class='ocrx_word' id='word_1_7' title='bbox 928 531 953 587; x_wconf 91' lang='lat' dir='ltr'><strong>io</strong></span> <span class='ocrx_word' id='word_1_8' title='bbox 969 530 1028 604; x_wconf 88' lang='lat' dir='ltr'><strong>lege</strong></span> <span class='ocrx_word' id='word_1_9' title='bbox 1043 533 1139 604; x_wconf 87' lang='lat' dir='ltr'><strong>veteri,</strong></span> <span class='ocrx_word' id='word_1_10' title='bbox 1176 540 1256 588; x_wconf 87' lang='lat' dir='ltr'><strong>actus</strong></span> <span class='ocrx_word' id='word_1_11' title='bbox 1277 532 1399 588; x_wconf 88' lang='lat' dir='ltr'><strong>intereos</strong></span> <span class='ocrx_word' id='word_1_12' title='bbox 1417 529 1450 588; x_wconf 91' lang='lat' dir='ltr'><strong>ad</strong></span> <span class='ocrx_word' id='word_1_13' title='bbox 1469 529 1541 588; x_wconf 89' lang='lat' dir='ltr'><strong>illam</strong></span> <span class='ocrx_word' id='word_1_14' title='bbox 1556 529 1727 588; x_wconf 88' lang='lat' dir='ltr'><strong>necessarios</strong></span> <span class='ocrx_word' id='word_1_15' title='bbox 1741 529 1891 602; x_wconf 86' lang='lat' dir='ltr'><strong>praecipit.</strong></span> <span class='ocrx_word' id='word_1_16' title='bbox 1908 529 1980 588; x_wconf 85' lang='lat' dir='ltr'>Unde</span> 
     </span>
     <span class='ocr_line' id='line_1_3' title="bbox 333 616 2067 695; baseline 0.001 -23"><span class='ocrx_word' id='word_1_17' title='bbox 333 616 439 674; x_wconf 90' lang='lat' dir='ltr'><strong>scilicet</strong></span> <span class='ocrx_word' id='word_1_18' title='bbox 458 618 609 689; x_wconf 80' lang='lat' dir='ltr'><strong>sacrificis,</strong></span> <span class='ocrx_word' id='word_1_19' title='bbox 631 625 822 692; x_wconf 88' lang='lat' dir='ltr'><strong>sacramente,</strong></span> <span class='ocrx_word' id='word_1_20' title='bbox 838 635 933 691; x_wconf 89' lang='lat' dir='ltr'><strong>saara,</strong></span> <span class='ocrx_word' id='word_1_21' title='bbox 949 629 978 678; x_wconf 87' lang='lat' dir='ltr'><strong>et</strong></span> <span class='ocrx_word' id='word_1_22' title='bbox 992 621 1141 678; x_wconf 86' lang='lat' dir='ltr'><strong>observan—</strong></span> <span class='ocrx_word' id='word_1_23' title='bbox 1175 620 1285 678; x_wconf 88' lang='lat' dir='ltr'><strong>duobus</strong></span> <span class='ocrx_word' id='word_1_24' title='bbox 1306 619 1394 677; x_wconf 89' lang='lat' dir='ltr'><strong>modis</strong></span> <span class='ocrx_word' id='word_1_25' title='bbox 1415 620 1622 695; x_wconf 86' lang='lat' dir='ltr'><strong>praecipiuntur</strong></span> <span class='ocrx_word' id='word_1_26' title='bbox 1640 634 1690 690; x_wconf 89' lang='lat' dir='ltr'><strong>per</strong></span> <span class='ocrx_word' id='word_1_27' title='bbox 1707 619 1778 676; x_wconf 92' lang='lat' dir='ltr'><strong>hauc</strong></span> <span class='ocrx_word' id='word_1_28' title='bbox 1794 619 1884 692; x_wconf 89' lang='lat' dir='ltr'><strong>legem</strong></span> <span class='ocrx_word' id='word_1_29' title='bbox 1906 626 1981 675; x_wconf 89' lang='lat' dir='ltr'><strong>setrrs</strong></span> <span class='ocrx_word' id='word_1_30' title='bbox 2066 677 2067 690; x_wconf 47' lang='lat'><strong>,</strong></span> 
     </span>
     <span class='ocr_line' id='line_1_4' title="bbox 334 695 2067 782; baseline 0.002 -22"><span class='ocrx_word' id='word_1_31' title='bbox 334 706 403 774; x_wconf 90' lang='lat' dir='ltr'><strong>tiae,</strong></span> <span class='ocrx_word' id='word_1_32' title='bbox 420 703 509 761; x_wconf 90' lang='lat' dir='ltr'><strong>solum</strong></span> <span class='ocrx_word' id='word_1_33' title='bbox 521 704 554 762; x_wconf 92' lang='lat' dir='ltr'><strong>de</strong></span> <span class='ocrx_word' id='word_1_34' title='bbox 569 707 661 777; x_wconf 90' lang='lat' dir='ltr'><strong>primis</strong></span> <span class='ocrx_word' id='word_1_35' title='bbox 673 707 784 764; x_wconf 89' lang='lat' dir='ltr'><strong>duobus</strong></span> <span class='ocrx_word' id='word_1_36' title='bbox 795 708 856 765; x_wconf 91' lang='lat' dir='ltr'><strong>data</strong></span> <span class='ocrx_word' id='word_1_37' title='bbox 869 714 934 764; x_wconf 89' lang='lat' dir='ltr'><strong>sunt</strong></span> <span class='ocrx_word' id='word_1_38' title='bbox 943 717 1091 781; x_wconf 86' lang='lat' dir='ltr'><strong>praecepta</strong></span> <span class='ocrx_word' id='word_1_39' title='bbox 1102 709 1140 767; x_wconf 94' lang='lat' dir='ltr'><strong>di·</strong></span> <span class='ocrx_word' id='word_1_40' title='bbox 1174 711 1283 768; x_wconf 92' lang='lat' dir='ltr'><strong>interni.</strong></span> <span class='ocrx_word' id='word_1_41' title='bbox 1298 710 1387 766; x_wconf 87' lang='lat' dir='ltr'><strong>Primo</strong></span> <span class='ocrx_word' id='word_1_42' title='bbox 1401 725 1450 782; x_wconf 90' lang='lat' dir='ltr'><strong>per</strong></span> <span class='ocrx_word' id='word_1_43' title='bbox 1463 725 1493 766; x_wconf 92' lang='lat' dir='ltr'><strong>se</strong></span> <span class='ocrx_word' id='word_1_44' title='bbox 1507 715 1534 765; x_wconf 88' lang='lat' dir='ltr'><strong>et</strong></span> <span class='ocrx_word' id='word_1_45' title='bbox 1543 707 1667 778; x_wconf 83' lang='lat' dir='ltr'><strong>directe,</strong></span> <span class='ocrx_word' id='word_1_46' title='bbox 1683 711 1722 766; x_wconf 92' lang='lat' dir='ltr'><strong>ita</strong></span> <span class='ocrx_word' id='word_1_47' title='bbox 1740 716 1772 766; x_wconf 94' lang='lat' dir='ltr'><strong>ut</strong></span> <span class='ocrx_word' id='word_1_48' title='bbox 1790 711 1819 764; x_wconf 93' lang='lat' dir='ltr'><strong>in</strong></span> <span class='ocrx_word' id='word_1_49' title='bbox 1841 710 1904 781; x_wconf 89' lang='lat' dir='ltr'><strong>ipso</strong></span> <span class='ocrx_word' id='word_1_50' title='bbox 1919 715 1980 764; x_wconf 86' lang='lat' dir='ltr'><strong>actu</strong></span> <span class='ocrx_word' id='word_1_51' title='bbox 2066 695 2067 752; x_wconf 61' lang='lat'><em>3</em></span> 
     </span>
     <span class='ocr_line' id='line_1_5' title="bbox 334 793 2067 874; baseline 0.003 -26"><span class='ocrx_word' id='word_1_52' title='bbox 334 793 394 850; x_wconf 87' lang='lat' dir='ltr'><strong>rina</strong></span> <span class='ocrx_word' id='word_1_53' title='bbox 413 793 437 848; x_wconf 89' lang='lat' dir='ltr'><strong>la</strong></span> <span class='ocrx_word' id='word_1_54' title='bbox 452 793 511 867; x_wconf 87' lang='lat' dir='ltr'><strong>lege</strong></span> <span class='ocrx_word' id='word_1_55' title='bbox 526 810 610 865; x_wconf 85' lang='lat' dir='ltr'><strong>nora,</strong></span> <span class='ocrx_word' id='word_1_56' title='bbox 629 795 662 853; x_wconf 94' lang='lat' dir='ltr'><strong>de</strong></span> <span class='ocrx_word' id='word_1_57' title='bbox 677 797 736 853; x_wconf 92' lang='lat' dir='ltr'><strong>aliis</strong></span> <span class='ocrx_word' id='word_1_58' title='bbox 752 812 816 854; x_wconf 85' lang='lat' dir='ltr'><strong>vero</strong></span> <span class='ocrx_word' id='word_1_59' title='bbox 831 797 940 855; x_wconf 88' lang='lat' dir='ltr'><strong>duobus</strong></span> <span class='ocrx_word' id='word_1_60' title='bbox 958 797 1020 855; x_wconf 92' lang='lat' dir='ltr'><strong>dala</strong></span> <span class='ocrx_word' id='word_1_61' title='bbox 1035 805 1078 855; x_wconf 90' lang='lat' dir='ltr'><strong>est</strong></span> <span class='ocrx_word' id='word_1_62' title='bbox 1092 815 1139 870; x_wconf 94' lang='lat' dir='ltr'><strong>po·</strong></span> <span class='ocrx_word' id='word_1_63' title='bbox 1174 801 1283 857; x_wconf 89' lang='lat' dir='ltr'><strong>interno</strong></span> <span class='ocrx_word' id='word_1_64' title='bbox 1296 801 1374 871; x_wconf 87' lang='lat' dir='ltr'><strong>quasi</strong></span> <span class='ocrx_word' id='word_1_65' title='bbox 1385 805 1594 855; x_wconf 90' lang='lat' dir='ltr'><strong>consummetur</strong></span> <span class='ocrx_word' id='word_1_66' title='bbox 1606 799 1718 854; x_wconf 87' lang='lat' dir='ltr'><strong>materia</strong></span> <span class='ocrx_word' id='word_1_67' title='bbox 1730 801 1885 870; x_wconf 58' lang='lat' dir='ltr'><strong>praecepta</strong></span> <span class='ocrx_word' id='word_1_68' title='bbox 1895 795 1981 854; x_wconf 89' lang='lat' dir='ltr'><strong>ethoc</strong></span> <span class='ocrx_word' id='word_1_69' title='bbox 2066 797 2067 874; x_wconf 43' lang='grc' dir='ltr'>ζ</span> 
     </span>
     <span class='ocr_line' id='line_1_6' title="bbox 331 883 2067 961; baseline 0.002 -23"><span class='ocrx_word' id='word_1_70' title='bbox 331 889 416 939; x_wconf 90' lang='lat' dir='ltr'><strong>testas</strong></span> <span class='ocrx_word' id='word_1_71' title='bbox 435 883 580 940; x_wconf 76' lang='lat' dir='ltr'><strong>Ecclesiae</strong></span> <span class='ocrx_word' id='word_1_72' title='bbox 593 884 627 941; x_wconf 93' lang='lat' dir='ltr'><strong>ad</strong></span> <span class='ocrx_word' id='word_1_73' title='bbox 647 885 829 957; x_wconf 89' lang='lat' dir='ltr'><strong>instituenda,</strong></span> <span class='ocrx_word' id='word_1_74' title='bbox 850 893 878 942; x_wconf 90' lang='lat' dir='ltr'><strong>et</strong></span> <span class='ocrx_word' id='word_1_75' title='bbox 892 887 1082 959; x_wconf 88' lang='lat' dir='ltr'><strong>praecipienda</strong></span> <span class='ocrx_word' id='word_1_76' title='bbox 1096 886 1139 944; x_wconf 89' lang='lat' dir='ltr'><strong>illa</strong></span> <span class='ocrx_word' id='word_1_77' title='bbox 1174 887 1258 946; x_wconf 90' lang='lat' dir='ltr'><strong>modo</strong></span> <span class='ocrx_word' id='word_1_78' title='bbox 1273 888 1478 960; x_wconf 87' lang='lat' dir='ltr'><strong>praecipiuntur</strong></span> <span class='ocrx_word' id='word_1_79' title='bbox 1489 893 1569 945; x_wconf 88' lang='lat' dir='ltr'><strong>actus</strong></span> <span class='ocrx_word' id='word_1_80' title='bbox 1581 888 1716 944; x_wconf 86' lang='lat' dir='ltr'><strong>virtutum</strong></span> <span class='ocrx_word' id='word_1_81' title='bbox 1732 887 1946 961; x_wconf 82' lang='lat' dir='ltr'><strong>theologalium,</strong></span> <span class='ocrx_word' id='word_1_82' title='bbox 1957 893 1983 943; x_wconf 86' lang='lat' dir='ltr'><strong>et</strong></span> <span class='ocrx_word' id='word_1_83' title='bbox 2066 885 2067 942; x_wconf 83' lang='lat' dir='ltr'><strong>l</strong></span> 
     </span>
     <span class='ocr_line' id='line_1_7' title="bbox 332 970 2067 1050; baseline 0.003 -24"><span class='ocrx_word' id='word_1_84' title='bbox 332 985 383 1026; x_wconf 91' lang='lat' dir='ltr'><strong>suu</strong></span> <span class='ocrx_word' id='word_1_85' title='bbox 403 970 530 1041; x_wconf 80' lang='lat' dir='ltr'><strong>prudenti</strong></span> <span class='ocrx_word' id='word_1_86' title='bbox 545 973 671 1046; x_wconf 83' lang='lat' dir='ltr'><strong>arbitriu;</strong></span> <span class='ocrx_word' id='word_1_87' title='bbox 684 973 737 1031; x_wconf 91' lang='lat' dir='ltr'><strong>hoc</strong></span> <span class='ocrx_word' id='word_1_88' title='bbox 748 990 815 1046; x_wconf 86' lang='lat' dir='ltr'><strong>ergo</strong></span> <span class='ocrx_word' id='word_1_89' title='bbox 826 976 968 1045; x_wconf 72' lang='lat' dir='ltr'><strong>spectabat</strong></span> <span class='ocrx_word' id='word_1_90' title='bbox 979 974 1012 1032; x_wconf 92' lang='lat' dir='ltr'><strong>ad</strong></span> <span class='ocrx_word' id='word_1_91' title='bbox 1030 975 1138 1033; x_wconf 87' lang='lat' dir='ltr'><strong>liberta·</strong></span> <span class='ocrx_word' id='word_1_92' title='bbox 1174 987 1256 1036; x_wconf 89' lang='lat' dir='ltr'><strong>actus</strong></span> <span class='ocrx_word' id='word_1_93' title='bbox 1268 979 1401 1034; x_wconf 87' lang='lat' dir='ltr'><strong>contrarii</strong></span> <span class='ocrx_word' id='word_1_94' title='bbox 1412 977 1602 1049; x_wconf 88' lang='lat' dir='ltr'><strong>prohibentur.</strong></span> <span class='ocrx_word' id='word_1_95' title='bbox 1615 975 1828 1048; x_wconf 70' lang='lat' dir='ltr'><strong>praecipiuntur</strong></span> <span class='ocrx_word' id='word_1_96' title='bbox 1839 977 1926 1033; x_wconf 91' lang='lat' dir='ltr'><strong>etiam</strong></span> <span class='ocrx_word' id='word_1_97' title='bbox 1936 975 1983 1031; x_wconf 91' lang='lat' dir='ltr'><strong>ali·</strong></span> <span class='ocrx_word' id='word_1_98' title='bbox 2066 1013 2067 1050; x_wconf 39' lang='grc' dir='ltr'>ι</span> 
     </span>
    </p>
   </div>
   <div class='ocr_carea' id='block_1_3' title="bbox 331 1058 2067 1229">
    <p class='ocr_par' dir='ltr' id='par_1_3' title="bbox 331 1058 2067 1229">
     <span class='ocr_line' id='line_1_8' title="bbox 332 1058 2067 1150; baseline 0.001 -33"><span class='ocrx_word' id='word_1_99' title='bbox 332 1067 387 1117; x_wconf 87' lang='lat' dir='ltr'><strong>tem</strong></span> <span class='ocrx_word' id='word_1_100' title='bbox 410 1068 439 1116; x_wconf 90' lang='lat' dir='ltr'><strong>et</strong></span> <span class='ocrx_word' id='word_1_101' title='bbox 459 1058 653 1132; x_wconf 76' lang='lat' dir='ltr'><strong>perfectionem</strong></span> <span class='ocrx_word' id='word_1_102' title='bbox 674 1061 756 1119; x_wconf 90' lang='lat' dir='ltr'><strong>huius</strong></span> <span class='ocrx_word' id='word_1_103' title='bbox 777 1063 950 1136; x_wconf 76' lang='lat' dir='ltr'><strong>legisltatiu</strong></span> <span class='ocrx_word' id='word_1_104' title='bbox 971 1070 1062 1122; x_wconf 89' lang='lat' dir='ltr'><strong>autem</strong></span> <span class='ocrx_word' id='word_1_105' title='bbox 1083 1072 1136 1135; x_wconf 88' lang='lat' dir='ltr'><strong>est,</strong></span> <span class='ocrx_word' id='word_1_106' title='bbox 1173 1067 1222 1140; x_wconf 86' lang='lat' dir='ltr'><strong>qui</strong></span> <span class='ocrx_word' id='word_1_107' title='bbox 1242 1073 1321 1123; x_wconf 89' lang='lat' dir='ltr'><strong>actus</strong></span> <span class='ocrx_word' id='word_1_108' title='bbox 1335 1067 1467 1122; x_wconf 83' lang='lat' dir='ltr'><strong>virtutum</strong></span> <span class='ocrx_word' id='word_1_109' title='bbox 1482 1065 1819 1137; x_wconf 89' lang='lat' dir='ltr'><strong>moralium,praesertim</strong></span> <span class='ocrx_word' id='word_1_110' title='bbox 1836 1079 1907 1121; x_wconf 84' lang='lat' dir='ltr'><strong>sero</strong></span> <span class='ocrx_word' id='word_1_111' title='bbox 1922 1079 1981 1135; x_wconf 89' lang='lat' dir='ltr'><strong>poe-</strong></span> <span class='ocrx_word' id='word_1_112' title='bbox 2066 1083 2067 1150; x_wconf 36' lang='grc' dir='ltr'>ι</span> 
     </span>
     <span class='ocr_line' id='line_1_9' title="bbox 331 1150 2067 1229; baseline 0.002 -24"><span class='ocrx_word' id='word_1_113' title='bbox 331 1151 398 1222; x_wconf 86' lang='lat' dir='ltr'><strong>quia</strong></span> <span class='ocrx_word' id='word_1_114' title='bbox 421 1150 556 1208; x_wconf 83' lang='lat' dir='ltr'><strong>sacrificia</strong></span> <span class='ocrx_word' id='word_1_115' title='bbox 575 1156 603 1206; x_wconf 88' lang='lat' dir='ltr'><strong>et</strong></span> <span class='ocrx_word' id='word_1_116' title='bbox 622 1159 793 1210; x_wconf 89' lang='lat' dir='ltr'><strong>sacramenta</strong></span> <span class='ocrx_word' id='word_1_117' title='bbox 814 1154 948 1224; x_wconf 87' lang='lat' dir='ltr'><strong>pertinent</strong></span> <span class='ocrx_word' id='word_1_118' title='bbox 962 1152 994 1210; x_wconf 92' lang='lat' dir='ltr'><strong>ad</strong></span> <span class='ocrx_word' id='word_1_119' title='bbox 1010 1153 1138 1210; x_wconf 90' lang='lat' dir='ltr'><strong>substan·</strong></span> <span class='ocrx_word' id='word_1_120' title='bbox 1171 1157 1311 1228; x_wconf 90' lang='lat' dir='ltr'><strong>nitentiae,</strong></span> <span class='ocrx_word' id='word_1_121' title='bbox 1323 1171 1394 1229; x_wconf 85' lang='lat' dir='ltr'><strong>quae</strong></span> <span class='ocrx_word' id='word_1_122' title='bbox 1404 1161 1447 1212; x_wconf 89' lang='lat' dir='ltr'><strong>est</strong></span> <span class='ocrx_word' id='word_1_123' title='bbox 1457 1154 1597 1227; x_wconf 88' lang='lat' dir='ltr'><strong>dispositio</strong></span> <span class='ocrx_word' id='word_1_124' title='bbox 1609 1152 1643 1211; x_wconf 92' lang='lat' dir='ltr'><strong>ad</strong></span> <span class='ocrx_word' id='word_1_125' title='bbox 1654 1155 1786 1212; x_wconf 88' lang='lat' dir='ltr'><strong>iustitiam</strong></span> <span class='ocrx_word' id='word_1_126' title='bbox 1798 1169 1898 1211; x_wconf 88' lang='lat' dir='ltr'><strong>coram</strong></span> <span class='ocrx_word' id='word_1_127' title='bbox 1916 1157 1979 1210; x_wconf 87' lang='lat' dir='ltr'><strong>beo.</strong></span> <span class='ocrx_word' id='word_1_128' title='bbox 2066 1151 2067 1154; x_wconf 72' lang='grc'>’</span> 
     </span>
    </p>
   </div>
   <div class='ocr_carea' id='block_1_4' title="bbox 332 1237 2067 1317">
    <p class='ocr_par' dir='ltr' id='par_1_4' title="bbox 332 1237 2067 1317">
     <span class='ocr_line' id='line_1_10' title="bbox 332 1237 2067 1317; baseline 0.003 -23"><span class='ocrx_word' id='word_1_129' title='bbox 332 1239 395 1294; x_wconf 90' lang='lat' dir='ltr'><strong>tiam</strong></span> <span class='ocrx_word' id='word_1_130' title='bbox 421 1239 515 1295; x_wconf 92' lang='lat' dir='ltr'><strong>cultus</strong></span> <span class='ocrx_word' id='word_1_131' title='bbox 535 1237 636 1310; x_wconf 69' lang='lat' dir='ltr'><strong>divini,</strong></span> <span class='ocrx_word' id='word_1_132' title='bbox 653 1240 817 1297; x_wconf 85' lang='lat' dir='ltr'><strong>sacrificium</strong></span> <span class='ocrx_word' id='word_1_133' title='bbox 831 1241 958 1314; x_wconf 85' lang='lat' dir='ltr'><strong>quidem,</strong></span> <span class='ocrx_word' id='word_1_134' title='bbox 973 1244 1038 1314; x_wconf 81' lang='lat' dir='ltr'><strong>quia</strong></span> <span class='ocrx_word' id='word_1_135' title='bbox 1051 1242 1136 1300; x_wconf 84' lang='lat' dir='ltr'><strong>veluti</strong></span> <span class='ocrx_word' id='word_1_136' title='bbox 1170 1245 1269 1302; x_wconf 88' lang='lat' dir='ltr'><strong>Posset</strong></span> <span class='ocrx_word' id='word_1_137' title='bbox 1290 1246 1374 1302; x_wconf 91' lang='lat' dir='ltr'><strong>ctiam</strong></span> <span class='ocrx_word' id='word_1_138' title='bbox 1394 1245 1419 1302; x_wconf 90' lang='lat' dir='ltr'><strong>iu</strong></span> <span class='ocrx_word' id='word_1_139' title='bbox 1433 1243 1487 1302; x_wconf 89' lang='lat' dir='ltr'><strong>hon</strong></span> <span class='ocrx_word' id='word_1_140' title='bbox 1503 1243 1597 1301; x_wconf 88' lang='lat' dir='ltr'><strong>ordine</strong></span> <span class='ocrx_word' id='word_1_141' title='bbox 1612 1244 1751 1300; x_wconf 88' lang='lat' dir='ltr'><strong>numerari</strong></span> <span class='ocrx_word' id='word_1_142' title='bbox 1765 1245 1871 1317; x_wconf 86' lang='lat' dir='ltr'><strong>oratio,</strong></span> <span class='ocrx_word' id='word_1_143' title='bbox 1887 1249 1981 1315; x_wconf 85' lang='lat' dir='ltr'><strong>quate·</strong></span> <span class='ocrx_word' id='word_1_144' title='bbox 2066 1265 2067 1272; x_wconf 48' lang='lat'>¹</span> 
     </span>
    </p>
   </div>
   <div class='ocr_carea' id='block_1_5' title="bbox 326 1326 2067 2209">
    <p class='ocr_par' dir='ltr' id='par_1_5' title="bbox 328 1326 2067 1495">
     <span class='ocr_line' id='line_1_11' title="bbox 328 1326 2067 1410; baseline 0.003 -28"><span class='ocrx_word' id='word_1_145' title='bbox 328 1328 475 1384; x_wconf 88' lang='lat' dir='ltr'><strong>essentiam</strong></span> <span class='ocrx_word' id='word_1_146' title='bbox 494 1326 588 1384; x_wconf 92' lang='lat' dir='ltr'><strong>cultus</strong></span> <span class='ocrx_word' id='word_1_147' title='bbox 609 1326 691 1384; x_wconf 85' lang='lat' dir='ltr'><strong>divini</strong></span> <span class='ocrx_word' id='word_1_148' title='bbox 706 1331 827 1399; x_wconf 76' lang='lat' dir='ltr'><strong>externi,</strong></span> <span class='ocrx_word' id='word_1_149' title='bbox 843 1336 872 1386; x_wconf 90' lang='lat' dir='ltr'><strong>et</strong></span> <span class='ocrx_word' id='word_1_150' title='bbox 886 1331 988 1402; x_wconf 90' lang='lat' dir='ltr'><strong>publici</strong></span> <span class='ocrx_word' id='word_1_151' title='bbox 1001 1332 1134 1402; x_wconf 87' lang='lat' dir='ltr'><strong>continet,</strong></span> <span class='ocrx_word' id='word_1_152' title='bbox 1171 1350 1224 1390; x_wconf 88' lang='lat' dir='ltr'><strong>aus</strong></span> <span class='ocrx_word' id='word_1_153' title='bbox 1246 1335 1271 1389; x_wconf 90' lang='lat' dir='ltr'><strong>iu</strong></span> <span class='ocrx_word' id='word_1_154' title='bbox 1293 1340 1384 1390; x_wconf 89' lang='lat' dir='ltr'><strong>mente</strong></span> <span class='ocrx_word' id='word_1_155' title='bbox 1397 1335 1583 1390; x_wconf 89' lang='lat' dir='ltr'><strong>consummari</strong></span> <span class='ocrx_word' id='word_1_156' title='bbox 1598 1341 1704 1405; x_wconf 86' lang='lat' dir='ltr'><strong>potest,</strong></span> <span class='ocrx_word' id='word_1_157' title='bbox 1719 1339 1748 1390; x_wconf 87' lang='lat' dir='ltr'><strong>et</strong></span> <span class='ocrx_word' id='word_1_158' title='bbox 1765 1333 1909 1390; x_wconf 87' lang='lat' dir='ltr'><strong>interdum</strong></span> <span class='ocrx_word' id='word_1_159' title='bbox 1924 1347 1981 1388; x_wconf 83' lang='lat' dir='ltr'><strong>esse</strong></span> <span class='ocrx_word' id='word_1_160' title='bbox 2066 1403 2067 1410; x_wconf 13' lang='grc' dir='ltr'><strong>ἶ</strong></span> 
     </span>
     <span class='ocr_line' id='line_1_12' title="bbox 330 1417 1904 1495; baseline 0.004 -25"><span class='ocrx_word' id='word_1_161' title='bbox 330 1423 504 1473; x_wconf 87' lang='lat' dir='ltr'><strong>sacramente</strong></span> <span class='ocrx_word' id='word_1_162' title='bbox 523 1431 600 1487; x_wconf 86' lang='lat' dir='ltr'><strong>vero,</strong></span> <span class='ocrx_word' id='word_1_163' title='bbox 615 1419 681 1489; x_wconf 91' lang='lat' dir='ltr'><strong>quia</strong></span> <span class='ocrx_word' id='word_1_164' title='bbox 695 1417 728 1475; x_wconf 92' lang='lat' dir='ltr'><strong>ad</strong></span> <span class='ocrx_word' id='word_1_165' title='bbox 739 1420 981 1477; x_wconf 82' lang='lat' dir='ltr'><strong>sanctificationem</strong></span> <span class='ocrx_word' id='word_1_166' title='bbox 993 1421 1135 1478; x_wconf 90' lang='lat' dir='ltr'><strong>cultorum</strong></span> <span class='ocrx_word' id='word_1_167' title='bbox 1170 1425 1340 1491; x_wconf 84' lang='lat' dir='ltr'><strong>necessaria,</strong></span> <span class='ocrx_word' id='word_1_168' title='bbox 1360 1423 1485 1495; x_wconf 85' lang='lat' dir='ltr'><strong>quamvis</strong></span> <span class='ocrx_word' id='word_1_169' title='bbox 1498 1422 1589 1488; x_wconf 85' lang='lat' dir='ltr'><strong>verbis</strong></span> <span class='ocrx_word' id='word_1_170' title='bbox 1603 1422 1719 1494; x_wconf 82' lang='lat' dir='ltr'><strong>exprimi</strong></span> <span class='ocrx_word' id='word_1_171' title='bbox 1732 1437 1787 1478; x_wconf 91' lang='lat' dir='ltr'><strong>nou</strong></span> <span class='ocrx_word' id='word_1_172' title='bbox 1803 1423 1904 1493; x_wconf 88' lang='lat' dir='ltr'><strong>possit.</strong></span> 
     </span>
    </p>

    <p class='ocr_par' dir='ltr' id='par_1_6' title="bbox 326 1504 1984 2209">
     <span class='ocr_line' id='line_1_13' title="bbox 329 1504 1980 1584; baseline 0.002 -22"><span class='ocrx_word' id='word_1_173' title='bbox 329 1507 375 1562; x_wconf 85' lang='lat' dir='ltr'><strong>bet</strong></span> <span class='ocrx_word' id='word_1_174' title='bbox 396 1504 568 1562; x_wconf 86' lang='lat' dir='ltr'><strong>ordinantur.</strong></span> <span class='ocrx_word' id='word_1_175' title='bbox 585 1506 620 1562; x_wconf 89' lang='lat' dir='ltr'><strong>El</strong></span> <span class='ocrx_word' id='word_1_176' title='bbox 634 1504 694 1562; x_wconf 92' lang='lat' dir='ltr'><strong>ideo</strong></span> <span class='ocrx_word' id='word_1_177' title='bbox 707 1505 742 1562; x_wconf 94' lang='lat' dir='ltr'><strong>de</strong></span> <span class='ocrx_word' id='word_1_178' title='bbox 756 1507 797 1563; x_wconf 92' lang='lat' dir='ltr'><strong>his</strong></span> <span class='ocrx_word' id='word_1_179' title='bbox 815 1511 937 1580; x_wconf 88' lang='lat' dir='ltr'><strong>oportuit</strong></span> <span class='ocrx_word' id='word_1_180' title='bbox 951 1507 1009 1566; x_wconf 90' lang='lat' dir='ltr'><strong>dari</strong></span> <span class='ocrx_word' id='word_1_181' title='bbox 1024 1525 1135 1580; x_wconf 89' lang='lat' dir='ltr'><strong>praece·</strong></span> <span class='ocrx_word' id='word_1_182' title='bbox 1218 1517 1262 1570; x_wconf 87' lang='grc'><strong>19.</strong></span> <span class='ocrx_word' id='word_1_183' title='bbox 1278 1513 1339 1569; x_wconf 76' lang='lat' dir='ltr'><strong>Alio</strong></span> <span class='ocrx_word' id='word_1_184' title='bbox 1354 1510 1435 1568; x_wconf 93' lang='lat' dir='ltr'><strong>modo</strong></span> <span class='ocrx_word' id='word_1_185' title='bbox 1450 1518 1566 1584; x_wconf 90' lang='lat' dir='ltr'><strong>possunt</strong></span> <span class='ocrx_word' id='word_1_186' title='bbox 1577 1517 1659 1567; x_wconf 90' lang='lat' dir='ltr'><strong>aetus</strong></span> <span class='ocrx_word' id='word_1_187' title='bbox 1671 1512 1768 1567; x_wconf 90' lang='lat' dir='ltr'><strong>interni</strong></span> <span class='ocrx_word' id='word_1_188' title='bbox 1778 1510 1907 1582; x_wconf 88' lang='lat' dir='ltr'><strong>praecipi</strong></span> <span class='ocrx_word' id='word_1_189' title='bbox 1920 1525 1980 1581; x_wconf 86' lang='lat' dir='ltr'><strong>pra·</strong></span> 
     </span>
     <span class='ocr_line' id='line_1_14' title="bbox 328 1594 1982 1674; baseline 0.002 -25"><span class='ocrx_word' id='word_1_190' title='bbox 328 1600 375 1666; x_wconf 92' lang='lat' dir='ltr'><strong>pta</strong></span> <span class='ocrx_word' id='word_1_191' title='bbox 394 1594 500 1662; x_wconf 86' lang='lat' dir='ltr'><strong>diviua,</strong></span> <span class='ocrx_word' id='word_1_192' title='bbox 515 1601 546 1651; x_wconf 89' lang='lat' dir='ltr'><strong>ul</strong></span> <span class='ocrx_word' id='word_1_193' title='bbox 561 1594 710 1652; x_wconf 86' lang='lat' dir='ltr'><strong>substantia</strong></span> <span class='ocrx_word' id='word_1_194' title='bbox 721 1594 803 1652; x_wconf 81' lang='lat' dir='ltr'><strong>divini</strong></span> <span class='ocrx_word' id='word_1_195' title='bbox 815 1597 908 1653; x_wconf 90' lang='lat' dir='ltr'><strong>cultus</strong></span> <span class='ocrx_word' id='word_1_196' title='bbox 924 1598 1000 1653; x_wconf 91' lang='lat' dir='ltr'><strong>tirma</strong></span> <span class='ocrx_word' id='word_1_197' title='bbox 1014 1606 1040 1654; x_wconf 90' lang='lat' dir='ltr'><strong>et</strong></span> <span class='ocrx_word' id='word_1_198' title='bbox 1053 1598 1135 1654; x_wconf 85' lang='lat' dir='ltr'><strong>stabi·</strong></span> <span class='ocrx_word' id='word_1_199' title='bbox 1169 1608 1231 1674; x_wconf 90' lang='lat' dir='ltr'><strong>pter</strong></span> <span class='ocrx_word' id='word_1_200' title='bbox 1243 1608 1383 1671; x_wconf 83' lang='lat' dir='ltr'><strong>externos,</strong></span> <span class='ocrx_word' id='word_1_201' title='bbox 1395 1600 1441 1672; x_wconf 87' lang='lat' dir='ltr'><strong>qui</strong></span> <span class='ocrx_word' id='word_1_202' title='bbox 1453 1599 1589 1657; x_wconf 88' lang='lat' dir='ltr'><strong>interdum</strong></span> <span class='ocrx_word' id='word_1_203' title='bbox 1602 1615 1649 1671; x_wconf 89' lang='lat' dir='ltr'><strong>per</strong></span> <span class='ocrx_word' id='word_1_204' title='bbox 1664 1615 1692 1655; x_wconf 90' lang='lat' dir='ltr'><strong>se</strong></span> <span class='ocrx_word' id='word_1_205' title='bbox 1705 1600 1793 1670; x_wconf 87' lang='lat' dir='ltr'><strong>primo</strong></span> <span class='ocrx_word' id='word_1_206' title='bbox 1803 1599 1982 1670; x_wconf 90' lang='lat' dir='ltr'><strong>praecipiun-</strong></span> 
     </span>
     <span class='ocr_line' id='line_1_15' title="bbox 329 1683 1981 1762; baseline 0.001 -21"><span class='ocrx_word' id='word_1_207' title='bbox 329 1684 361 1741; x_wconf 90' lang='lat' dir='ltr'><strong>lis</strong></span> <span class='ocrx_word' id='word_1_208' title='bbox 382 1700 489 1757; x_wconf 87' lang='lat' dir='ltr'><strong>semper</strong></span> <span class='ocrx_word' id='word_1_209' title='bbox 503 1687 529 1740; x_wconf 89' lang='lat' dir='ltr'><strong>in</strong></span> <span class='ocrx_word' id='word_1_210' title='bbox 545 1683 668 1741; x_wconf 84' lang='lat' dir='ltr'><strong>Ecclesia</strong></span> <span class='ocrx_word' id='word_1_211' title='bbox 684 1693 872 1756; x_wconf 89' lang='lat' dir='ltr'><strong>permaneret,</strong></span> <span class='ocrx_word' id='word_1_212' title='bbox 884 1694 911 1742; x_wconf 93' lang='lat' dir='ltr'><strong>et</strong></span> <span class='ocrx_word' id='word_1_213' title='bbox 924 1694 955 1743; x_wconf 95' lang='lat' dir='ltr'><strong>ut</strong></span> <span class='ocrx_word' id='word_1_214' title='bbox 966 1702 1013 1759; x_wconf 88' lang='lat' dir='ltr'><strong>per</strong></span> <span class='ocrx_word' id='word_1_215' title='bbox 1025 1686 1133 1744; x_wconf 88' lang='lat' dir='ltr'><strong>laliasi·</strong></span> <span class='ocrx_word' id='word_1_216' title='bbox 1170 1697 1235 1762; x_wconf 92' lang='lat' dir='ltr'><strong>tur,</strong></span> <span class='ocrx_word' id='word_1_217' title='bbox 1258 1697 1289 1746; x_wconf 91' lang='lat' dir='ltr'><strong>ut</strong></span> <span class='ocrx_word' id='word_1_218' title='bbox 1307 1694 1416 1745; x_wconf 89' lang='lat' dir='ltr'><strong>coastat</strong></span> <span class='ocrx_word' id='word_1_219' title='bbox 1435 1689 1549 1745; x_wconf 81' lang='lat' dir='ltr'><strong>murima</strong></span> <span class='ocrx_word' id='word_1_220' title='bbox 1567 1686 1601 1744; x_wconf 92' lang='lat' dir='ltr'><strong>de</strong></span> <span class='ocrx_word' id='word_1_221' title='bbox 1616 1687 1769 1761; x_wconf 84' lang='lat' dir='ltr'><strong>praeceptis</strong></span> <span class='ocrx_word' id='word_1_222' title='bbox 1792 1695 1981 1744; x_wconf 88' lang='lat' dir='ltr'><strong>sacramento·</strong></span> 
     </span>
     <span class='ocr_line' id='line_1_16' title="bbox 328 1773 1982 1853; baseline 0.001 -23"><span class='ocrx_word' id='word_1_223' title='bbox 328 1788 381 1846; x_wconf 83' lang='lat' dir='ltr'><strong>gna</strong></span> <span class='ocrx_word' id='word_1_224' title='bbox 403 1789 509 1846; x_wconf 89' lang='lat' dir='ltr'><strong>semper</strong></span> <span class='ocrx_word' id='word_1_225' title='bbox 530 1773 655 1831; x_wconf 84' lang='lat' dir='ltr'><strong>Ecclesia</strong></span> <span class='ocrx_word' id='word_1_226' title='bbox 669 1773 768 1831; x_wconf 83' lang='lat' dir='ltr'><strong>Christi</strong></span> <span class='ocrx_word' id='word_1_227' title='bbox 789 1775 823 1832; x_wconf 92' lang='lat' dir='ltr'><strong>ab</strong></span> <span class='ocrx_word' id='word_1_228' title='bbox 841 1774 899 1832; x_wconf 88' lang='lat' dir='ltr'><strong>aliis</strong></span> <span class='ocrx_word' id='word_1_229' title='bbox 914 1775 996 1832; x_wconf 89' lang='lat' dir='ltr'><strong>sectis</strong></span> <span class='ocrx_word' id='word_1_230' title='bbox 1011 1775 1052 1833; x_wconf 84' lang='lat' dir='ltr'><strong>rel</strong></span> <span class='ocrx_word' id='word_1_231' title='bbox 1068 1791 1134 1832; x_wconf 90' lang='lat' dir='ltr'><strong>coa·</strong></span> <span class='ocrx_word' id='word_1_232' title='bbox 1169 1796 1249 1852; x_wconf 75' lang='lat' dir='ltr'><strong>rum,</strong></span> <span class='ocrx_word' id='word_1_233' title='bbox 1265 1781 1329 1853; x_wconf 88' lang='lat' dir='ltr'><strong>quia</strong></span> <span class='ocrx_word' id='word_1_234' title='bbox 1347 1794 1412 1835; x_wconf 87' lang='lat' dir='ltr'><strong>vero</strong></span> <span class='ocrx_word' id='word_1_235' title='bbox 1428 1777 1635 1849; x_wconf 87' lang='lat' dir='ltr'><strong>praecipiuntur</strong></span> <span class='ocrx_word' id='word_1_236' title='bbox 1649 1783 1680 1834; x_wconf 95' lang='lat' dir='ltr'><strong>ut</strong></span> <span class='ocrx_word' id='word_1_237' title='bbox 1700 1777 1819 1834; x_wconf 88' lang='lat' dir='ltr'><strong>morales</strong></span> <span class='ocrx_word' id='word_1_238' title='bbox 1838 1785 1868 1832; x_wconf 91' lang='lat' dir='ltr'><strong>et</strong></span> <span class='ocrx_word' id='word_1_239' title='bbox 1886 1777 1982 1832; x_wconf 86' lang='lat' dir='ltr'><strong>huma·</strong></span> 
     </span>
     <span class='ocr_line' id='line_1_17' title="bbox 327 1863 1982 1940; baseline 0.002 -20"><span class='ocrx_word' id='word_1_240' title='bbox 327 1865 533 1936; x_wconf 85' lang='lat' dir='ltr'><strong>gregatiouibus</strong></span> <span class='ocrx_word' id='word_1_241' title='bbox 557 1863 786 1938; x_wconf 79' lang='lat' dir='ltr'><strong>distingueretur.</strong></span> <span class='ocrx_word' id='word_1_242' title='bbox 802 1867 870 1922; x_wconf 85' lang='lat' dir='ltr'><strong>llam</strong></span> <span class='ocrx_word' id='word_1_243' title='bbox 890 1871 921 1920; x_wconf 88' lang='lat' dir='ltr'><strong>ut</strong></span> <span class='ocrx_word' id='word_1_244' title='bbox 933 1866 1053 1937; x_wconf 76' lang='lat' dir='ltr'><strong>August.</strong></span> <span class='ocrx_word' id='word_1_245' title='bbox 1069 1865 1135 1924; x_wconf 84' lang='lat' dir='ltr'><strong>dixit</strong></span> <span class='ocrx_word' id='word_1_246' title='bbox 1169 1868 1211 1940; x_wconf 90' lang='lat' dir='ltr'><strong>ni,</strong></span> <span class='ocrx_word' id='word_1_247' title='bbox 1226 1866 1507 1938; x_wconf 84' lang='lat' dir='ltr'><strong>ideo-praecipiuntur</strong></span> <span class='ocrx_word' id='word_1_248' title='bbox 1520 1868 1602 1923; x_wconf 90' lang='lat' dir='ltr'><strong>etiam</strong></span> <span class='ocrx_word' id='word_1_249' title='bbox 1616 1865 1714 1923; x_wconf 87' lang='lat' dir='ltr'><strong>interni</strong></span> <span class='ocrx_word' id='word_1_250' title='bbox 1725 1909 1732 1936; x_wconf 93' lang='lat'><strong>,</strong></span> <span class='ocrx_word' id='word_1_251' title='bbox 1743 1869 1803 1922; x_wconf 90' lang='lat' dir='ltr'><strong>sine</strong></span> <span class='ocrx_word' id='word_1_252' title='bbox 1819 1865 1927 1938; x_wconf 86' lang='lat' dir='ltr'><strong>qulbus</strong></span> <span class='ocrx_word' id='word_1_253' title='bbox 1938 1882 1982 1923; x_wconf 86' lang='lat' dir='ltr'><strong>es·</strong></span> 
     </span>
     <span class='ocr_line' id='line_1_18' title="bbox 326 1951 1984 2027; baseline 0 -17"><span class='ocrx_word' id='word_1_254' title='bbox 326 1951 397 2010; x_wconf 90' lang='lat' dir='ltr'><strong>libro</strong></span> <span class='ocrx_word' id='word_1_255' title='bbox 416 1958 458 2012; x_wconf 82' lang='grc'><strong>19.</strong></span> <span class='ocrx_word' id='word_1_256' title='bbox 471 1960 545 2012; x_wconf 89' lang='lat' dir='ltr'><strong>cont.</strong></span> <span class='ocrx_word' id='word_1_257' title='bbox 570 1955 665 2010; x_wconf 87' lang='lat' dir='ltr'><strong>Faust.</strong></span> <span class='ocrx_word' id='word_1_258' title='bbox 679 1969 706 2010; x_wconf 91' lang='lat' dir='ltr'><strong>c.</strong></span> <span class='ocrx_word' id='word_1_259' title='bbox 723 1957 770 2013; x_wconf 85' lang='lat' dir='ltr'><strong>tt:</strong></span> <span class='ocrx_word' id='word_1_260' title='bbox 788 1959 823 2014; x_wconf 85' lang='lat' dir='ltr'><strong>ln</strong></span> <span class='ocrx_word' id='word_1_261' title='bbox 837 1951 956 2010; x_wconf 83' lang='lat' dir='ltr'><strong>nullam</strong></span> <span class='ocrx_word' id='word_1_262' title='bbox 969 1969 1076 2011; x_wconf 77' lang='lat' dir='ltr'><strong>norrea</strong></span> <span class='ocrx_word' id='word_1_263' title='bbox 1089 1971 1134 2012; x_wconf 87' lang='lat' dir='ltr'><strong>re·</strong></span> <span class='ocrx_word' id='word_1_264' title='bbox 1169 1958 1240 2013; x_wconf 90' lang='lat' dir='ltr'><strong>terni</strong></span> <span class='ocrx_word' id='word_1_265' title='bbox 1261 1955 1379 2013; x_wconf 88' lang='lat' dir='ltr'><strong>morales</strong></span> <span class='ocrx_word' id='word_1_266' title='bbox 1399 1971 1459 2014; x_wconf 90' lang='lat' dir='ltr'><strong>esse</strong></span> <span class='ocrx_word' id='word_1_267' title='bbox 1478 1971 1531 2010; x_wconf 90' lang='lat' dir='ltr'><strong>non</strong></span> <span class='ocrx_word' id='word_1_268' title='bbox 1550 1962 1676 2026; x_wconf 89' lang='lat' dir='ltr'><strong>pussuut.</strong></span> <span class='ocrx_word' id='word_1_269' title='bbox 1697 1955 1734 2012; x_wconf 83' lang='lat' dir='ltr'><strong>Et</strong></span> <span class='ocrx_word' id='word_1_270' title='bbox 1751 1954 1898 2026; x_wconf 89' lang='lat' dir='ltr'><strong>similiter,</strong></span> <span class='ocrx_word' id='word_1_271' title='bbox 1923 1971 1984 2027; x_wconf 89' lang='lat' dir='ltr'><strong>pro·</strong></span> 
     </span>
     <span class='ocr_line' id='line_1_19' title="bbox 327 2041 1984 2120; baseline 0.001 -22"><span class='ocrx_word' id='word_1_272' title='bbox 327 2041 443 2116; x_wconf 77' lang='lat' dir='ltr'><strong>ligionis</strong></span> <span class='ocrx_word' id='word_1_273' title='bbox 464 2041 624 2116; x_wconf 76' lang='lat' dir='ltr'><strong>scapulari</strong></span> <span class='ocrx_word' id='word_1_274' title='bbox 643 2044 777 2101; x_wconf 82' lang='lat' dir='ltr'><strong>homines</strong></span> <span class='ocrx_word' id='word_1_275' title='bbox 799 2047 938 2118; x_wconf 75' lang='lat' dir='ltr'><strong>possiunt,</strong></span> <span class='ocrx_word' id='word_1_276' title='bbox 956 2046 1015 2101; x_wconf 85' lang='lat' dir='ltr'><strong>cisi</strong></span> <span class='ocrx_word' id='word_1_277' title='bbox 1034 2043 1134 2117; x_wconf 82' lang='lat' dir='ltr'><strong>aliquo</strong></span> <span class='ocrx_word' id='word_1_278' title='bbox 1170 2045 1260 2103; x_wconf 88' lang='lat' dir='ltr'><strong>hibitis</strong></span> <span class='ocrx_word' id='word_1_279' title='bbox 1285 2045 1423 2120; x_wconf 85' lang='lat' dir='ltr'><strong>aliquibus</strong></span> <span class='ocrx_word' id='word_1_280' title='bbox 1448 2045 1554 2102; x_wconf 88' lang='lat' dir='ltr'><strong>actibus</strong></span> <span class='ocrx_word' id='word_1_281' title='bbox 1573 2045 1706 2118; x_wconf 87' lang='lat' dir='ltr'><strong>externis,</strong></span> <span class='ocrx_word' id='word_1_282' title='bbox 1727 2059 1847 2102; x_wconf 85' lang='lat' dir='ltr'><strong>necessa</strong></span> <span class='ocrx_word' id='word_1_283' title='bbox 1868 2053 1932 2118; x_wconf 89' lang='lat' dir='ltr'><strong>est,</strong></span> <span class='ocrx_word' id='word_1_284' title='bbox 1954 2053 1984 2100; x_wconf 88' lang='lat' dir='ltr'><strong>ut</strong></span> 
     </span>
     <span class='ocr_line' id='line_1_20' title="bbox 328 2130 1982 2209; baseline -0.002 -18"><span class='ocrx_word' id='word_1_285' title='bbox 328 2136 491 2206; x_wconf 70' lang='lat' dir='ltr'><strong>signorum,</strong></span> <span class='ocrx_word' id='word_1_286' title='bbox 505 2130 551 2189; x_wconf 88' lang='lat' dir='ltr'><strong>ael</strong></span> <span class='ocrx_word' id='word_1_287' title='bbox 562 2137 820 2190; x_wconf 85' lang='lat' dir='ltr'><strong>sacramentorum</strong></span> <span class='ocrx_word' id='word_1_288' title='bbox 831 2135 980 2189; x_wconf 81' lang='lat' dir='ltr'><strong>consortio</strong></span> <span class='ocrx_word' id='word_1_289' title='bbox 993 2130 1134 2206; x_wconf 82' lang='lat' dir='ltr'><strong>eoiitpea·</strong></span> <span class='ocrx_word' id='word_1_290' title='bbox 1168 2134 1365 2207; x_wconf 87' lang='lat' dir='ltr'><strong>prohibeantur</strong></span> <span class='ocrx_word' id='word_1_291' title='bbox 1382 2135 1498 2209; x_wconf 79' lang='lat' dir='ltr'><strong>interai3</strong></span> <span class='ocrx_word' id='word_1_292' title='bbox 1518 2139 1544 2190; x_wconf 90' lang='lat' dir='ltr'><strong>el</strong></span> <span class='ocrx_word' id='word_1_293' title='bbox 1563 2133 1616 2191; x_wconf 92' lang='lat' dir='ltr'><strong>hoc</strong></span> <span class='ocrx_word' id='word_1_294' title='bbox 1637 2131 1717 2190; x_wconf 89' lang='lat' dir='ltr'><strong>modo</strong></span> <span class='ocrx_word' id='word_1_295' title='bbox 1739 2133 1807 2191; x_wconf 88' lang='lat' dir='ltr'><strong>haec</strong></span> <span class='ocrx_word' id='word_1_296' title='bbox 1825 2133 1870 2190; x_wconf 85' lang='lat' dir='ltr'><strong>lex</strong></span> <span class='ocrx_word' id='word_1_297' title='bbox 1889 2133 1982 2204; x_wconf 88' lang='lat' dir='ltr'><strong>probi-</strong></span> 
     </span>
    </p>
   </div>
   <div class='ocr_carea' id='block_1_6' title="bbox 329 2221 2067 2296">
    <p class='ocr_par' dir='ltr' id='par_1_7' title="bbox 329 2221 2067 2296">
     <span class='ocr_line' id='line_1_21' title="bbox 329 2221 2067 2296; baseline -0.001 -16"><span class='ocrx_word' id='word_1_298' title='bbox 329 2229 390 2280; x_wconf 87' lang='lat' dir='ltr'><strong>tur.</strong></span> <span class='ocrx_word' id='word_1_299' title='bbox 406 2223 464 2280; x_wconf 77' lang='lat' dir='ltr'><strong>Alia</strong></span> <span class='ocrx_word' id='word_1_300' title='bbox 483 2237 549 2278; x_wconf 89' lang='lat' dir='ltr'><strong>rero</strong></span> <span class='ocrx_word' id='word_1_301' title='bbox 567 2222 622 2279; x_wconf 91' lang='lat' dir='ltr'><strong>duo</strong></span> <span class='ocrx_word' id='word_1_302' title='bbox 641 2222 762 2279; x_wconf 90' lang='lat' dir='ltr'><strong>membru</strong></span> <span class='ocrx_word' id='word_1_303' title='bbox 777 2223 912 2294; x_wconf 88' lang='lat' dir='ltr'><strong>pertinent</strong></span> <span class='ocrx_word' id='word_1_304' title='bbox 926 2221 958 2279; x_wconf 92' lang='lat' dir='ltr'><strong>ad</strong></span> <span class='ocrx_word' id='word_1_305' title='bbox 979 2222 1133 2280; x_wconf 88' lang='lat' dir='ltr'><strong>accidenta—</strong></span> <span class='ocrx_word' id='word_1_306' title='bbox 1167 2224 1213 2282; x_wconf 90' lang='lat' dir='ltr'><strong>bet</strong></span> <span class='ocrx_word' id='word_1_307' title='bbox 1226 2225 1306 2282; x_wconf 89' lang='lat' dir='ltr'><strong>ctiam</strong></span> <span class='ocrx_word' id='word_1_308' title='bbox 1320 2225 1455 2281; x_wconf 86' lang='lat' dir='ltr'><strong>internam</strong></span> <span class='ocrx_word' id='word_1_309' title='bbox 1468 2224 1723 2296; x_wconf 82' lang='lat' dir='ltr'><strong>concupiscentiam</strong></span> <span class='ocrx_word' id='word_1_310' title='bbox 1733 2231 1761 2281; x_wconf 91' lang='lat' dir='ltr'><strong>et</strong></span> <span class='ocrx_word' id='word_1_311' title='bbox 1772 2239 1861 2296; x_wconf 82' lang='lat' dir='ltr'><strong>prava</strong></span> <span class='ocrx_word' id='word_1_312' title='bbox 1875 2222 1984 2280; x_wconf 88' lang='lat' dir='ltr'><strong>deside·</strong></span> <span class='ocrx_word' id='word_1_313' title='bbox 2066 2273 2067 2296; x_wconf 54' lang='lat'><strong>,</strong></span> 
     </span>
    </p>
   </div>
   <div class='ocr_carea' id='block_1_7' title="bbox 242 2305 2067 3637">
    <p class='ocr_par' dir='ltr' id='par_1_8' title="bbox 242 2305 2067 3637">
     <span class='ocr_line' id='line_1_22' title="bbox 327 2305 2067 2386; baseline -0.001 -16"><span class='ocrx_word' id='word_1_314' title='bbox 327 2312 381 2370; x_wconf 90' lang='lat' dir='ltr'><strong>lem</strong></span> <span class='ocrx_word' id='word_1_315' title='bbox 398 2311 522 2376; x_wconf 78' lang='lat' dir='ltr'><strong>cultum,</strong></span> <span class='ocrx_word' id='word_1_316' title='bbox 535 2317 562 2368; x_wconf 92' lang='lat' dir='ltr'><strong>et</strong></span> <span class='ocrx_word' id='word_1_317' title='bbox 575 2311 608 2367; x_wconf 93' lang='lat' dir='ltr'><strong>ad</strong></span> <span class='ocrx_word' id='word_1_318' title='bbox 623 2311 780 2368; x_wconf 88' lang='lat' dir='ltr'><strong>ordinatum</strong></span> <span class='ocrx_word' id='word_1_319' title='bbox 792 2312 918 2368; x_wconf 89' lang='lat' dir='ltr'><strong>sacrilicii</strong></span> <span class='ocrx_word' id='word_1_320' title='bbox 933 2318 961 2368; x_wconf 91' lang='lat' dir='ltr'><strong>st</strong></span> <span class='ocrx_word' id='word_1_321' title='bbox 977 2327 1133 2369; x_wconf 90' lang='lat' dir='ltr'><strong>sacramen·</strong></span> <span class='ocrx_word' id='word_1_322' title='bbox 1167 2315 1226 2385; x_wconf 91' lang='lat' dir='ltr'><strong>riu,</strong></span> <span class='ocrx_word' id='word_1_323' title='bbox 1245 2318 1278 2370; x_wconf 92' lang='lat' dir='ltr'><strong>ut</strong></span> <span class='ocrx_word' id='word_1_324' title='bbox 1295 2313 1412 2370; x_wconf 91' lang='lat' dir='ltr'><strong>habetur</strong></span> <span class='ocrx_word' id='word_1_325' title='bbox 1428 2312 1521 2370; x_wconf 88' lang='lat' dir='ltr'><strong>llatth.</strong></span> <span class='ocrx_word' id='word_1_326' title='bbox 1540 2321 1566 2371; x_wconf 85' lang='lat'><strong>5.</strong></span> <span class='ocrx_word' id='word_1_327' title='bbox 1581 2312 1703 2386; x_wconf 84' lang='lat' dir='ltr'><strong>lienique</strong></span> <span class='ocrx_word' id='word_1_328' title='bbox 1718 2313 1786 2371; x_wconf 92' lang='lat' dir='ltr'><strong>haec</strong></span> <span class='ocrx_word' id='word_1_329' title='bbox 1802 2312 1847 2369; x_wconf 81' lang='lat' dir='ltr'><strong>lex</strong></span> <span class='ocrx_word' id='word_1_330' title='bbox 1865 2329 1925 2369; x_wconf 89' lang='lat' dir='ltr'><strong>uon</strong></span> <span class='ocrx_word' id='word_1_331' title='bbox 1940 2329 1983 2367; x_wconf 88' lang='lat' dir='ltr'><strong>so·</strong></span> <span class='ocrx_word' id='word_1_332' title='bbox 2066 2305 2067 2310; x_wconf 68' lang='grc'>’</span> 
     </span>
     <span class='ocr_line' id='line_1_23' title="bbox 326 2399 1984 2476; baseline -0.001 -17"><span class='ocrx_word' id='word_1_333' title='bbox 326 2409 420 2460; x_wconf 89' lang='lat' dir='ltr'><strong>turum</strong></span> <span class='ocrx_word' id='word_1_334' title='bbox 432 2442 439 2470; x_wconf 85' lang='lat'><strong>,</strong></span> <span class='ocrx_word' id='word_1_335' title='bbox 453 2409 479 2457; x_wconf 92' lang='lat' dir='ltr'><strong>et</strong></span> <span class='ocrx_word' id='word_1_336' title='bbox 494 2399 554 2458; x_wconf 90' lang='lat' dir='ltr'><strong>iden</strong></span> <span class='ocrx_word' id='word_1_337' title='bbox 566 2401 705 2458; x_wconf 83' lang='lat' dir='ltr'><strong>Ecclesiae</strong></span> <span class='ocrx_word' id='word_1_338' title='bbox 716 2401 889 2472; x_wconf 88' lang='lat' dir='ltr'><strong>dispositioni</strong></span> <span class='ocrx_word' id='word_1_339' title='bbox 902 2402 998 2459; x_wconf 90' lang='lat' dir='ltr'><strong>relicta</strong></span> <span class='ocrx_word' id='word_1_340' title='bbox 1008 2409 1086 2472; x_wconf 84' lang='lat' dir='ltr'><strong>suut,</strong></span> <span class='ocrx_word' id='word_1_341' title='bbox 1100 2411 1133 2460; x_wconf 91' lang='lat' dir='ltr'><strong>ut</strong></span> <span class='ocrx_word' id='word_1_342' title='bbox 1168 2402 1224 2459; x_wconf 88' lang='lat' dir='ltr'><strong>luur</strong></span> <span class='ocrx_word' id='word_1_343' title='bbox 1250 2405 1384 2476; x_wconf 89' lang='lat' dir='ltr'><strong>praecipit</strong></span> <span class='ocrx_word' id='word_1_344' title='bbox 1403 2405 1604 2476; x_wconf 84' lang='lat' dir='ltr'><strong>operationem,</strong></span> <span class='ocrx_word' id='word_1_345' title='bbox 1619 2401 1667 2460; x_wconf 89' lang='lat' dir='ltr'><strong>sed</strong></span> <span class='ocrx_word' id='word_1_346' title='bbox 1686 2403 1766 2460; x_wconf 88' lang='lat' dir='ltr'><strong>etiarn</strong></span> <span class='ocrx_word' id='word_1_347' title='bbox 1782 2401 1903 2458; x_wconf 91' lang='lat' dir='ltr'><strong>modum</strong></span> <span class='ocrx_word' id='word_1_348' title='bbox 1920 2417 1984 2472; x_wconf 90' lang='lat' dir='ltr'><strong>ope·</strong></span> 
     </span>
     <span class='ocr_line' id='line_1_24' title="bbox 328 2489 1983 2566; baseline -0.001 -19"><span class='ocrx_word' id='word_1_349' title='bbox 328 2507 380 2548; x_wconf 90' lang='lat' dir='ltr'><strong>suo</strong></span> <span class='ocrx_word' id='word_1_350' title='bbox 395 2490 457 2548; x_wconf 94' lang='lat' dir='ltr'><strong>loco</strong></span> <span class='ocrx_word' id='word_1_351' title='bbox 471 2490 554 2547; x_wconf 91' lang='lat' dir='ltr'><strong>latius</strong></span> <span class='ocrx_word' id='word_1_352' title='bbox 567 2489 673 2547; x_wconf 89' lang='lat' dir='ltr'><strong>dictum</strong></span> <span class='ocrx_word' id='word_1_353' title='bbox 688 2496 739 2547; x_wconf 92' lang='lat' dir='ltr'><strong>est.</strong></span> <span class='ocrx_word' id='word_1_354' title='bbox 752 2492 832 2548; x_wconf 89' lang='lat' dir='ltr'><strong>Circa</strong></span> <span class='ocrx_word' id='word_1_355' title='bbox 844 2493 960 2562; x_wconf 89' lang='lat' dir='ltr'><strong>priorem</strong></span> <span class='ocrx_word' id='word_1_356' title='bbox 971 2494 1052 2549; x_wconf 90' lang='lat' dir='ltr'><strong>etiam</strong></span> <span class='ocrx_word' id='word_1_357' title='bbox 1071 2508 1132 2564; x_wconf 91' lang='lat' dir='ltr'><strong>par·</strong></span> <span class='ocrx_word' id='word_1_358' title='bbox 1167 2492 1263 2566; x_wconf 80' lang='lat' dir='ltr'><strong>randi3</strong></span> <span class='ocrx_word' id='word_1_359' title='bbox 1280 2499 1306 2550; x_wconf 91' lang='lat' dir='ltr'><strong>el</strong></span> <span class='ocrx_word' id='word_1_360' title='bbox 1322 2491 1381 2550; x_wconf 87' lang='lat' dir='ltr'><strong>ideo</strong></span> <span class='ocrx_word' id='word_1_361' title='bbox 1396 2494 1422 2549; x_wconf 91' lang='lat' dir='ltr'><strong>in</strong></span> <span class='ocrx_word' id='word_1_362' title='bbox 1438 2493 1531 2564; x_wconf 87' lang='lat' dir='ltr'><strong>primis</strong></span> <span class='ocrx_word' id='word_1_363' title='bbox 1545 2493 1676 2564; x_wconf 88' lang='lat' dir='ltr'><strong>praecipit</strong></span> <span class='ocrx_word' id='word_1_364' title='bbox 1687 2490 1886 2550; x_wconf 86' lang='lat' dir='ltr'><strong>rectitudinem</strong></span> <span class='ocrx_word' id='word_1_365' title='bbox 1905 2494 1933 2546; x_wconf 88' lang='lat' dir='ltr'><strong>in</strong></span> <span class='ocrx_word' id='word_1_366' title='bbox 1945 2494 1983 2546; x_wconf 89' lang='lat' dir='ltr'><strong>iu-</strong></span> 
     </span>
     <span class='ocr_line' id='line_1_25' title="bbox 328 2579 1981 2653; baseline -0.002 -14"><span class='ocrx_word' id='word_1_367' title='bbox 328 2590 383 2639; x_wconf 88' lang='lat' dir='ltr'><strong>tem</strong></span> <span class='ocrx_word' id='word_1_368' title='bbox 400 2579 792 2638; x_wconf 89' lang='lat' dir='ltr'><strong>huiusmaterlaecousullum</strong></span> <span class='ocrx_word' id='word_1_369' title='bbox 804 2579 1131 2653; x_wconf 81' lang='lat' dir='ltr'><strong>maximaestperlectio-</strong></span> <span class='ocrx_word' id='word_1_370' title='bbox 1166 2584 1285 2639; x_wconf 88' lang='lat' dir='ltr'><strong>tentione</strong></span> <span class='ocrx_word' id='word_1_371' title='bbox 1309 2582 1397 2638; x_wconf 91' lang='lat' dir='ltr'><strong>ultimi</strong></span> <span class='ocrx_word' id='word_1_372' title='bbox 1419 2582 1494 2651; x_wconf 87' lang='lat' dir='ltr'><strong>hals,</strong></span> <span class='ocrx_word' id='word_1_373' title='bbox 1516 2596 1565 2639; x_wconf 92' lang='lat' dir='ltr'><strong>seu</strong></span> <span class='ocrx_word' id='word_1_374' title='bbox 1586 2587 1715 2638; x_wconf 88' lang='lat' dir='ltr'><strong>aeternae</strong></span> <span class='ocrx_word' id='word_1_375' title='bbox 1742 2580 1943 2650; x_wconf 86' lang='lat' dir='ltr'><strong>beatitudiuis,</strong></span> <span class='ocrx_word' id='word_1_376' title='bbox 1957 2587 1981 2636; x_wconf 88' lang='lat' dir='ltr'><strong>et</strong></span> 
     </span>
     <span class='ocr_line' id='line_1_26' title="bbox 327 2669 1979 2744; baseline -0.003 -15"><span class='ocrx_word' id='word_1_377' title='bbox 327 2672 354 2730; x_wconf 89' lang='lat' dir='ltr'><strong>ni</strong></span> <span class='ocrx_word' id='word_1_378' title='bbox 374 2671 456 2729; x_wconf 90' lang='lat' dir='ltr'><strong>huius</strong></span> <span class='ocrx_word' id='word_1_379' title='bbox 475 2671 558 2744; x_wconf 90' lang='lat' dir='ltr'><strong>legis,</strong></span> <span class='ocrx_word' id='word_1_380' title='bbox 573 2673 636 2743; x_wconf 84' lang='lat' dir='ltr'><strong>quia</strong></span> <span class='ocrx_word' id='word_1_381' title='bbox 651 2670 777 2728; x_wconf 90' lang='lat' dir='ltr'><strong>Christus</strong></span> <span class='ocrx_word' id='word_1_382' title='bbox 793 2673 939 2744; x_wconf 84' lang='lat' dir='ltr'><strong>Dominus,</strong></span> <span class='ocrx_word' id='word_1_383' title='bbox 954 2678 986 2729; x_wconf 94' lang='lat' dir='ltr'><strong>ut</strong></span> <span class='ocrx_word' id='word_1_384' title='bbox 1000 2673 1130 2744; x_wconf 78' lang='lat' dir='ltr'><strong>Angusti-</strong></span> <span class='ocrx_word' id='word_1_385' title='bbox 1166 2669 1263 2727; x_wconf 92' lang='lat' dir='ltr'><strong>deinde</strong></span> <span class='ocrx_word' id='word_1_386' title='bbox 1283 2671 1359 2726; x_wconf 90' lang='lat' dir='ltr'><strong>iubet</strong></span> <span class='ocrx_word' id='word_1_387' title='bbox 1372 2669 1454 2727; x_wconf 90' lang='lat' dir='ltr'><strong>etiam</strong></span> <span class='ocrx_word' id='word_1_388' title='bbox 1469 2670 1567 2727; x_wconf 90' lang='lat' dir='ltr'><strong>bonam</strong></span> <span class='ocrx_word' id='word_1_389' title='bbox 1581 2670 1755 2727; x_wconf 87' lang='lat' dir='ltr'><strong>intentionem</strong></span> <span class='ocrx_word' id='word_1_390' title='bbox 1774 2669 1979 2741; x_wconf 85' lang='lat' dir='ltr'><strong>particularem</strong></span> 
     </span>
     <span class='ocr_line' id='line_1_27' title="bbox 327 2757 1980 2832; baseline -0.004 -12"><span class='ocrx_word' id='word_1_391' title='bbox 327 2777 381 2820; x_wconf 88' lang='lat' dir='ltr'><strong>nus</strong></span> <span class='ocrx_word' id='word_1_392' title='bbox 401 2762 507 2818; x_wconf 88' lang='lat' dir='ltr'><strong>notarii</strong></span> <span class='ocrx_word' id='word_1_393' title='bbox 520 2761 598 2832; x_wconf 87' lang='lat' dir='ltr'><strong>epist.</strong></span> <span class='ocrx_word' id='word_1_394' title='bbox 618 2763 686 2830; x_wconf 78' lang='lat' dir='ltr'><strong>lli,</strong></span> <span class='ocrx_word' id='word_1_395' title='bbox 699 2775 725 2816; x_wconf 91' lang='lat' dir='ltr'><strong>c.</strong></span> <span class='ocrx_word' id='word_1_396' title='bbox 744 2765 770 2831; x_wconf 90' lang='lat' dir='ltr'><strong>t,</strong></span> <span class='ocrx_word' id='word_1_397' title='bbox 783 2758 840 2817; x_wconf 86' lang='lat' dir='ltr'><strong>levi</strong></span> <span class='ocrx_word' id='word_1_398' title='bbox 853 2763 921 2832; x_wconf 81' lang='lat' dir='ltr'><strong>iupa</strong></span> <span class='ocrx_word' id='word_1_399' title='bbox 937 2776 990 2817; x_wconf 91' lang='lat' dir='ltr'><strong>suo</strong></span> <span class='ocrx_word' id='word_1_400' title='bbox 1002 2775 1052 2816; x_wconf 88' lang='lat' dir='ltr'><strong>nos</strong></span> <span class='ocrx_word' id='word_1_401' title='bbox 1064 2759 1130 2817; x_wconf 90' lang='lat' dir='ltr'><strong>sub·</strong></span> <span class='ocrx_word' id='word_1_402' title='bbox 1166 2759 1192 2816; x_wconf 89' lang='lat' dir='ltr'><strong>ia</strong></span> <span class='ocrx_word' id='word_1_403' title='bbox 1207 2757 1329 2831; x_wconf 86' lang='lat' dir='ltr'><strong>quolibet</strong></span> <span class='ocrx_word' id='word_1_404' title='bbox 1342 2774 1441 2832; x_wconf 88' lang='lat' dir='ltr'><strong>opere,</strong></span> <span class='ocrx_word' id='word_1_405' title='bbox 1456 2766 1485 2816; x_wconf 90' lang='lat' dir='ltr'><strong>et</strong></span> <span class='ocrx_word' id='word_1_406' title='bbox 1499 2759 1665 2816; x_wconf 88' lang='lat' dir='ltr'><strong>contrariam</strong></span> <span class='ocrx_word' id='word_1_407' title='bbox 1687 2759 1869 2816; x_wconf 87' lang='lat' dir='ltr'><strong>intentionem</strong></span> <span class='ocrx_word' id='word_1_408' title='bbox 1889 2761 1980 2830; x_wconf 89' lang='lat' dir='ltr'><strong>probi·</strong></span> 
     </span>
     <span class='ocr_line' id='line_1_28' title="bbox 242 2846 1979 2926; baseline -0.002 -20"><span class='ocrx_word' id='word_1_409' title='bbox 242 2853 246 2863; x_wconf 91' lang='grc'><strong>“</strong></span> <span class='ocrx_word' id='word_1_410' title='bbox 327 2849 403 2906; x_wconf 84' lang='lat' dir='ltr'><strong>didit</strong></span> <span class='ocrx_word' id='word_1_411' title='bbox 420 2855 449 2906; x_wconf 85' lang='lat' dir='ltr'><strong>et</strong></span> <span class='ocrx_word' id='word_1_412' title='bbox 462 2853 603 2907; x_wconf 82' lang='lat' dir='ltr'><strong>sarcioae</strong></span> <span class='ocrx_word' id='word_1_413' title='bbox 617 2847 687 2913; x_wconf 85' lang='lat' dir='ltr'><strong>isui,</strong></span> <span class='ocrx_word' id='word_1_414' title='bbox 704 2846 783 2904; x_wconf 85' lang='lat' dir='ltr'><strong>unde</strong></span> <span class='ocrx_word' id='word_1_415' title='bbox 795 2852 994 2905; x_wconf 81' lang='lat' dir='ltr'><strong>sacramentis</strong></span> <span class='ocrx_word' id='word_1_416' title='bbox 1007 2863 1131 2905; x_wconf 84' lang='lat' dir='ltr'><strong>numero</strong></span> <span class='ocrx_word' id='word_1_417' title='bbox 1147 2848 1227 2916; x_wconf 87' lang='lat' dir='ltr'><strong>bet,</strong></span> <span class='ocrx_word' id='word_1_418' title='bbox 1243 2853 1275 2905; x_wconf 90' lang='lat' dir='ltr'><strong>ut</strong></span> <span class='ocrx_word' id='word_1_419' title='bbox 1287 2863 1320 2906; x_wconf 86' lang='lat' dir='ltr'><strong>cx</strong></span> <span class='ocrx_word' id='word_1_420' title='bbox 1338 2847 1431 2906; x_wconf 87' lang='lat' dir='ltr'><strong>ldatth.</strong></span> <span class='ocrx_word' id='word_1_421' title='bbox 1449 2853 1475 2905; x_wconf 83' lang='lat'><strong>5.</strong></span> <span class='ocrx_word' id='word_1_422' title='bbox 1491 2847 1639 2926; x_wconf 73' lang='lat' dir='ltr'><strong>colligitur.</strong></span> <span class='ocrx_word' id='word_1_423' title='bbox 1651 2850 1680 2906; x_wconf 91' lang='lat' dir='ltr'><strong>lu</strong></span> <span class='ocrx_word' id='word_1_424' title='bbox 1691 2863 1746 2921; x_wconf 88' lang='lat' dir='ltr'><strong>quo</strong></span> <span class='ocrx_word' id='word_1_425' title='bbox 1761 2848 1856 2906; x_wconf 91' lang='lat' dir='ltr'><strong>solum</strong></span> <span class='ocrx_word' id='word_1_426' title='bbox 1878 2847 1979 2904; x_wconf 84' lang='lat' dir='ltr'><strong>estad-</strong></span> 
     </span>
     <span class='ocr_line' id='line_1_29' title="bbox 323 2935 1980 3014; baseline -0.002 -18"><span class='ocrx_word' id='word_1_427' title='bbox 323 2941 533 3014; x_wconf 85' lang='lat' dir='ltr'><strong>paueissimis,</strong></span> <span class='ocrx_word' id='word_1_428' title='bbox 559 2937 765 2995; x_wconf 81' lang='lat' dir='ltr'><strong>obseruatione</strong></span> <span class='ocrx_word' id='word_1_429' title='bbox 778 2935 956 3008; x_wconf 82' lang='lat' dir='ltr'><strong>facillimis,</strong></span> <span class='ocrx_word' id='word_1_430' title='bbox 980 2935 1131 3008; x_wconf 70' lang='lat' dir='ltr'><strong>signitica-</strong></span> <span class='ocrx_word' id='word_1_431' title='bbox 1165 2938 1345 3010; x_wconf 79' lang='lat' dir='ltr'><strong>vertendum,</strong></span> <span class='ocrx_word' id='word_1_432' title='bbox 1361 2938 1535 2994; x_wconf 88' lang='lat' dir='ltr'><strong>intentionem</strong></span> <span class='ocrx_word' id='word_1_433' title='bbox 1549 2939 1639 3009; x_wconf 88' lang='lat' dir='ltr'><strong>operis</strong></span> <span class='ocrx_word' id='word_1_434' title='bbox 1653 2953 1707 2994; x_wconf 87' lang='lat' dir='ltr'><strong>uon</strong></span> <span class='ocrx_word' id='word_1_435' title='bbox 1722 2951 1834 3009; x_wconf 90' lang='lat' dir='ltr'><strong>semper</strong></span> <span class='ocrx_word' id='word_1_436' title='bbox 1857 2937 1980 3010; x_wconf 88' lang='lat' dir='ltr'><strong>praecipi</strong></span> 
     </span>
     <span class='ocr_line' id='line_1_30' title="bbox 327 3023 1980 3102; baseline 0 -18"><span class='ocrx_word' id='word_1_437' title='bbox 327 3030 406 3085; x_wconf 82' lang='lat' dir='ltr'><strong>lione</strong></span> <span class='ocrx_word' id='word_1_438' title='bbox 414 3027 685 3102; x_wconf 82' lang='lat' dir='ltr'><strong>praestantissimis</strong></span> <span class='ocrx_word' id='word_1_439' title='bbox 696 3029 866 3084; x_wconf 85' lang='lat' dir='ltr'><strong>societatem</strong></span> <span class='ocrx_word' id='word_1_440' title='bbox 876 3023 1055 3099; x_wconf 83' lang='lat' dir='ltr'><strong>mooipopuli</strong></span> <span class='ocrx_word' id='word_1_441' title='bbox 1071 3025 1130 3082; x_wconf 89' lang='lat' dir='ltr'><strong>col·</strong></span> <span class='ocrx_word' id='word_1_442' title='bbox 1167 3040 1221 3082; x_wconf 91' lang='lat' dir='ltr'><strong>uno</strong></span> <span class='ocrx_word' id='word_1_443' title='bbox 1235 3025 1388 3098; x_wconf 87' lang='lat' dir='ltr'><strong>eodemque</strong></span> <span class='ocrx_word' id='word_1_444' title='bbox 1402 3031 1567 3098; x_wconf 89' lang='lat' dir='ltr'><strong>praecepto,</strong></span> <span class='ocrx_word' id='word_1_445' title='bbox 1584 3043 1640 3100; x_wconf 83' lang='lat' dir='ltr'><strong>quo</strong></span> <span class='ocrx_word' id='word_1_446' title='bbox 1655 3026 1826 3098; x_wconf 87' lang='lat' dir='ltr'><strong>praecipitur</strong></span> <span class='ocrx_word' id='word_1_447' title='bbox 1845 3043 1936 3098; x_wconf 75' lang='lat' dir='ltr'><strong>opus,</strong></span> <span class='ocrx_word' id='word_1_448' title='bbox 1952 3031 1980 3086; x_wconf 87' lang='lat' dir='ltr'><strong>et</strong></span> 
     </span>
     <span class='ocr_line' id='line_1_31' title="bbox 326 3113 1978 3191; baseline -0.002 -17"><span class='ocrx_word' id='word_1_449' title='bbox 326 3116 443 3191; x_wconf 75' lang='lat' dir='ltr'><strong>ligauit.</strong></span> <span class='ocrx_word' id='word_1_450' title='bbox 463 3119 492 3174; x_wconf 89' lang='lat' dir='ltr'><strong>lu</strong></span> <span class='ocrx_word' id='word_1_451' title='bbox 508 3115 608 3190; x_wconf 90' lang='lat' dir='ltr'><strong>quibus</strong></span> <span class='ocrx_word' id='word_1_452' title='bbox 623 3114 713 3171; x_wconf 83' lang='lat' dir='ltr'><strong>uerbis</strong></span> <span class='ocrx_word' id='word_1_453' title='bbox 726 3117 808 3172; x_wconf 88' lang='lat' dir='ltr'><strong>tacite</strong></span> <span class='ocrx_word' id='word_1_454' title='bbox 825 3116 958 3172; x_wconf 89' lang='lat' dir='ltr'><strong>rationem</strong></span> <span class='ocrx_word' id='word_1_455' title='bbox 975 3113 1074 3187; x_wconf 78' lang='lat' dir='ltr'><strong>reddit,</strong></span> <span class='ocrx_word' id='word_1_456' title='bbox 1095 3116 1130 3171; x_wconf 91' lang='lat' dir='ltr'><strong>ob</strong></span> <span class='ocrx_word' id='word_1_457' title='bbox 1166 3115 1341 3172; x_wconf 85' lang='lat' dir='ltr'><strong>nihilomiuus</strong></span> <span class='ocrx_word' id='word_1_458' title='bbox 1354 3113 1527 3172; x_wconf 88' lang='lat' dir='ltr'><strong>considerata</strong></span> <span class='ocrx_word' id='word_1_459' title='bbox 1540 3121 1597 3172; x_wconf 91' lang='lat' dir='ltr'><strong>tota</strong></span> <span class='ocrx_word' id='word_1_460' title='bbox 1611 3114 1670 3187; x_wconf 79' lang='lat' dir='ltr'><strong>lege</strong></span> <span class='ocrx_word' id='word_1_461' title='bbox 1683 3113 1783 3171; x_wconf 82' lang='lat' dir='ltr'><strong>Christi</strong></span> <span class='ocrx_word' id='word_1_462' title='bbox 1798 3156 1806 3188; x_wconf 93' lang='lat'><strong>,</strong></span> <span class='ocrx_word' id='word_1_463' title='bbox 1824 3121 1978 3188; x_wconf 88' lang='lat' dir='ltr'><strong>utrumque</strong></span> 
     </span>
     <span class='ocr_line' id='line_1_32' title="bbox 326 3203 1978 3281; baseline -0.002 -17"><span class='ocrx_word' id='word_1_464' title='bbox 326 3221 413 3281; x_wconf 90' lang='lat' dir='ltr'><strong>quam</strong></span> <span class='ocrx_word' id='word_1_465' title='bbox 435 3206 496 3264; x_wconf 89' lang='lat' dir='ltr'><strong>talia</strong></span> <span class='ocrx_word' id='word_1_466' title='bbox 516 3209 678 3278; x_wconf 89' lang='lat' dir='ltr'><strong>praecepta,</strong></span> <span class='ocrx_word' id='word_1_467' title='bbox 693 3206 819 3278; x_wconf 84' lang='lat' dir='ltr'><strong>quamvis</strong></span> <span class='ocrx_word' id='word_1_468' title='bbox 835 3204 1060 3278; x_wconf 88' lang='lat' dir='ltr'><strong>caeremonialia,</strong></span> <span class='ocrx_word' id='word_1_469' title='bbox 1076 3221 1129 3262; x_wconf 91' lang='lat' dir='ltr'><strong>nou</strong></span> <span class='ocrx_word' id='word_1_470' title='bbox 1166 3217 1215 3274; x_wconf 85' lang='lat' dir='ltr'><strong>per</strong></span> <span class='ocrx_word' id='word_1_471' title='bbox 1236 3203 1308 3260; x_wconf 91' lang='lat' dir='ltr'><strong>illam</strong></span> <span class='ocrx_word' id='word_1_472' title='bbox 1330 3204 1464 3275; x_wconf 77' lang='lat' dir='ltr'><strong>praecipi,</strong></span> <span class='ocrx_word' id='word_1_473' title='bbox 1486 3211 1514 3260; x_wconf 87' lang='lat' dir='ltr'><strong>et</strong></span> <span class='ocrx_word' id='word_1_474' title='bbox 1537 3204 1596 3260; x_wconf 92' lang='lat' dir='ltr'><strong>ideo</strong></span> <span class='ocrx_word' id='word_1_475' title='bbox 1616 3203 1681 3261; x_wconf 90' lang='lat' dir='ltr'><strong>licet</strong></span> <span class='ocrx_word' id='word_1_476' title='bbox 1701 3219 1807 3272; x_wconf 86' lang='lat' dir='ltr'><strong>uuum,</strong></span> <span class='ocrx_word' id='word_1_477' title='bbox 1835 3205 1882 3261; x_wconf 81' lang='lat' dir='ltr'><strong>rel</strong></span> <span class='ocrx_word' id='word_1_478' title='bbox 1905 3205 1978 3260; x_wconf 88' lang='lat' dir='ltr'><strong>aliud</strong></span> 
     </span>
     <span class='ocr_line' id='line_1_33' title="bbox 324 3293 1977 3368; baseline -0.003 -15"><span class='ocrx_word' id='word_1_479' title='bbox 324 3302 391 3354; x_wconf 91' lang='lat' dir='ltr'><strong>sunt</strong></span> <span class='ocrx_word' id='word_1_480' title='bbox 402 3299 498 3354; x_wconf 90' lang='lat' dir='ltr'><strong>contra</strong></span> <span class='ocrx_word' id='word_1_481' title='bbox 517 3293 584 3368; x_wconf 83' lang='lat' dir='ltr'><strong>legis</strong></span> <span class='ocrx_word' id='word_1_482' title='bbox 595 3309 678 3352; x_wconf 87' lang='lat' dir='ltr'><strong>nerse</strong></span> <span class='ocrx_word' id='word_1_483' title='bbox 691 3296 853 3352; x_wconf 76' lang='lat' dir='ltr'><strong>serenitatem</strong></span> <span class='ocrx_word' id='word_1_484' title='bbox 864 3294 1064 3352; x_wconf 85' lang='lat' dir='ltr'><strong>etlibertatem.</strong></span> <span class='ocrx_word' id='word_1_485' title='bbox 1075 3293 1131 3352; x_wconf 80' lang='lat' dir='ltr'><strong>hd·</strong></span> <span class='ocrx_word' id='word_1_486' title='bbox 1165 3300 1344 3365; x_wconf 88' lang='lat' dir='ltr'><strong>praeceptum</strong></span> <span class='ocrx_word' id='word_1_487' title='bbox 1352 3293 1455 3367; x_wconf 88' lang='lat' dir='ltr'><strong>impleri</strong></span> <span class='ocrx_word' id='word_1_488' title='bbox 1464 3295 1549 3366; x_wconf 91' lang='lat' dir='ltr'><strong>possit</strong></span> <span class='ocrx_word' id='word_1_489' title='bbox 1559 3294 1615 3350; x_wconf 89' lang='lat' dir='ltr'><strong>sine</strong></span> <span class='ocrx_word' id='word_1_490' title='bbox 1626 3300 1703 3350; x_wconf 90' lang='lat' dir='ltr'><strong>recta</strong></span> <span class='ocrx_word' id='word_1_491' title='bbox 1719 3294 1977 3365; x_wconf 85' lang='lat' dir='ltr'><strong>intentione,atque</strong></span> 
     </span>
     <span class='ocr_line' id='line_1_34' title="bbox 324 3379 1978 3462; baseline -0.003 -21"><span class='ocrx_word' id='word_1_492' title='bbox 324 3384 389 3442; x_wconf 89' lang='lat' dir='ltr'><strong>dere</strong></span> <span class='ocrx_word' id='word_1_493' title='bbox 408 3401 474 3442; x_wconf 86' lang='lat' dir='ltr'><strong>vero</strong></span> <span class='ocrx_word' id='word_1_494' title='bbox 495 3399 663 3456; x_wconf 89' lang='lat' dir='ltr'><strong>possumus,</strong></span> <span class='ocrx_word' id='word_1_495' title='bbox 678 3384 760 3441; x_wconf 89' lang='lat' dir='ltr'><strong>etiam</strong></span> <span class='ocrx_word' id='word_1_496' title='bbox 779 3398 832 3440; x_wconf 89' lang='lat' dir='ltr'><strong>uon</strong></span> <span class='ocrx_word' id='word_1_497' title='bbox 851 3398 913 3440; x_wconf 89' lang='lat' dir='ltr'><strong>esse</strong></span> <span class='ocrx_word' id='word_1_498' title='bbox 933 3390 1029 3441; x_wconf 89' lang='lat' dir='ltr'><strong>contra</strong></span> <span class='ocrx_word' id='word_1_499' title='bbox 1043 3384 1131 3456; x_wconf 89' lang='lat' dir='ltr'><strong>perte-</strong></span> <span class='ocrx_word' id='word_1_500' title='bbox 1158 3379 1235 3462; x_wconf 23' lang='lat' dir='ltr'><strong>,auso</strong></span> <span class='ocrx_word' id='word_1_501' title='bbox 1255 3381 1312 3438; x_wconf 90' lang='lat' dir='ltr'><strong>sine</strong></span> <span class='ocrx_word' id='word_1_502' title='bbox 1333 3380 1449 3439; x_wconf 90' lang='lat' dir='ltr'><strong>honesto</strong></span> <span class='ocrx_word' id='word_1_503' title='bbox 1462 3381 1545 3439; x_wconf 90' lang='lat' dir='ltr'><strong>modo</strong></span> <span class='ocrx_word' id='word_1_504' title='bbox 1559 3381 1705 3455; x_wconf 71' lang='lat' dir='ltr'><strong>operandi,</strong></span> <span class='ocrx_word' id='word_1_505' title='bbox 1722 3379 1904 3438; x_wconf 85' lang='lat' dir='ltr'><strong>nihilomiuus</strong></span> <span class='ocrx_word' id='word_1_506' title='bbox 1919 3389 1978 3438; x_wconf 86' lang='lat' dir='ltr'><strong>tota</strong></span> 
     </span>
     <span class='ocr_line' id='line_1_35' title="bbox 325 3470 1978 3546; baseline -0.005 -14"><span class='ocrx_word' id='word_1_507' title='bbox 325 3474 445 3532; x_wconf 88' lang='lat' dir='ltr'><strong>ctionem</strong></span> <span class='ocrx_word' id='word_1_508' title='bbox 465 3471 548 3528; x_wconf 88' lang='lat' dir='ltr'><strong>huius</strong></span> <span class='ocrx_word' id='word_1_509' title='bbox 568 3470 652 3545; x_wconf 89' lang='lat' dir='ltr'><strong>legis,</strong></span> <span class='ocrx_word' id='word_1_510' title='bbox 667 3474 732 3544; x_wconf 89' lang='lat' dir='ltr'><strong>quia</strong></span> <span class='ocrx_word' id='word_1_511' title='bbox 752 3488 848 3529; x_wconf 88' lang='lat' dir='ltr'><strong>seeum</strong></span> <span class='ocrx_word' id='word_1_512' title='bbox 869 3473 987 3530; x_wconf 82' lang='lat' dir='ltr'><strong>aderunt</strong></span> <span class='ocrx_word' id='word_1_513' title='bbox 1001 3475 1128 3546; x_wconf 87' lang='lat' dir='ltr'><strong>spiritum</strong></span> <span class='ocrx_word' id='word_1_514' title='bbox 1166 3470 1206 3527; x_wconf 83' lang='lat' dir='ltr'><strong>les·</strong></span> <span class='ocrx_word' id='word_1_515' title='bbox 1222 3470 1321 3528; x_wconf 88' lang='lat' dir='ltr'><strong>Christi</strong></span> <span class='ocrx_word' id='word_1_516' title='bbox 1335 3471 1363 3528; x_wconf 91' lang='lat' dir='ltr'><strong>iu</strong></span> <span class='ocrx_word' id='word_1_517' title='bbox 1376 3470 1453 3527; x_wconf 87' lang='lat' dir='ltr'><strong>nullo</strong></span> <span class='ocrx_word' id='word_1_518' title='bbox 1467 3486 1550 3542; x_wconf 92' lang='lat' dir='ltr'><strong>opere</strong></span> <span class='ocrx_word' id='word_1_519' title='bbox 1563 3472 1667 3544; x_wconf 77' lang='lat' dir='ltr'><strong>integre</strong></span> <span class='ocrx_word' id='word_1_520' title='bbox 1681 3471 1785 3527; x_wconf 87' lang='lat' dir='ltr'><strong>seruari</strong></span> <span class='ocrx_word' id='word_1_521' title='bbox 1800 3478 1910 3542; x_wconf 86' lang='lat' dir='ltr'><strong>potest,</strong></span> <span class='ocrx_word' id='word_1_522' title='bbox 1927 3471 1978 3525; x_wconf 78' lang='lat' dir='ltr'><strong>sisi</strong></span> 
     </span>
     <span class='ocr_line' id='line_1_36' title="bbox 323 3557 1976 3637; baseline -0.004 -17"><span class='ocrx_word' id='word_1_523' title='bbox 323 3565 429 3637; x_wconf 87' lang='lat' dir='ltr'><strong>gratiae</strong></span> <span class='ocrx_word' id='word_1_524' title='bbox 442 3567 470 3618; x_wconf 90' lang='lat' dir='ltr'><strong>et</strong></span> <span class='ocrx_word' id='word_1_525' title='bbox 488 3561 608 3617; x_wconf 90' lang='lat' dir='ltr'><strong>caritatis</strong></span> <span class='ocrx_word' id='word_1_526' title='bbox 618 3601 625 3633; x_wconf 86' lang='lat'><strong>,</strong></span> <span class='ocrx_word' id='word_1_527' title='bbox 637 3568 666 3618; x_wconf 90' lang='lat' dir='ltr'><strong>et</strong></span> <span class='ocrx_word' id='word_1_528' title='bbox 679 3559 711 3617; x_wconf 91' lang='lat' dir='ltr'><strong>ad</strong></span> <span class='ocrx_word' id='word_1_529' title='bbox 727 3561 801 3619; x_wconf 92' lang='lat' dir='ltr'><strong>illum</strong></span> <span class='ocrx_word' id='word_1_530' title='bbox 813 3560 991 3619; x_wconf 88' lang='lat' dir='ltr'><strong>obtinendum</strong></span> <span class='ocrx_word' id='word_1_531' title='bbox 1003 3561 1129 3620; x_wconf 90' lang='lat' dir='ltr'><strong>ordiuaa·</strong></span> <span class='ocrx_word' id='word_1_532' title='bbox 1165 3559 1278 3616; x_wconf 87' lang='lat' dir='ltr'><strong>honesto</strong></span> <span class='ocrx_word' id='word_1_533' title='bbox 1294 3557 1375 3615; x_wconf 91' lang='lat' dir='ltr'><strong>modo</strong></span> <span class='ocrx_word' id='word_1_534' title='bbox 1389 3560 1434 3616; x_wconf 89' lang='lat' dir='ltr'><strong>liat</strong></span> <span class='ocrx_word' id='word_1_535' title='bbox 1448 3561 1520 3616; x_wconf 90' lang='lat' dir='ltr'><strong>sicui</strong></span> <span class='ocrx_word' id='word_1_536' title='bbox 1532 3559 1566 3615; x_wconf 91' lang='lat' dir='ltr'><strong>de</strong></span> <span class='ocrx_word' id='word_1_537' title='bbox 1582 3558 1640 3632; x_wconf 86' lang='lat' dir='ltr'><strong>lege</strong></span> <span class='ocrx_word' id='word_1_538' title='bbox 1657 3557 1777 3618; x_wconf 88' lang='lat' dir='ltr'><strong>naturali</strong></span> <span class='ocrx_word' id='word_1_539' title='bbox 1798 3560 1824 3614; x_wconf 92' lang='lat' dir='ltr'><strong>iu</strong></span> <span class='ocrx_word' id='word_1_540' title='bbox 1846 3561 1976 3630; x_wconf 87' lang='lat' dir='ltr'><strong>superiu-</strong></span> 
     </span>
    </p>
   </div>
   <div class='ocr_carea' id='block_1_8' title="bbox 322 3647 2067 3732">
    <p class='ocr_par' dir='ltr' id='par_1_9' title="bbox 322 3647 2067 3732">
     <span class='ocr_line' id='line_1_37' title="bbox 322 3647 2067 3732; baseline -0.003 -23"><span class='ocrx_word' id='word_1_541' title='bbox 322 3659 387 3721; x_wconf 78' lang='lat' dir='ltr'><strong>tur3</strong></span> <span class='ocrx_word' id='word_1_542' title='bbox 405 3650 520 3722; x_wconf 85' lang='lat' dir='ltr'><strong>spiritus</strong></span> <span class='ocrx_word' id='word_1_543' title='bbox 534 3655 626 3708; x_wconf 91' lang='lat' dir='ltr'><strong>autem</strong></span> <span class='ocrx_word' id='word_1_544' title='bbox 643 3651 764 3708; x_wconf 85' lang='lat' dir='ltr'><strong>caritatis</strong></span> <span class='ocrx_word' id='word_1_545' title='bbox 774 3647 860 3722; x_wconf 82' lang='lat' dir='ltr'><strong>sacti</strong></span> <span class='ocrx_word' id='word_1_546' title='bbox 869 3655 1024 3726; x_wconf 84' lang='lat' dir='ltr'><strong>praecepti</strong></span> <span class='ocrx_word' id='word_1_547' title='bbox 1037 3657 1129 3710; x_wconf 83' lang='lat' dir='ltr'><strong>sarei-</strong></span> <span class='ocrx_word' id='word_1_548' title='bbox 1163 3647 1241 3705; x_wconf 91' lang='lat' dir='ltr'><strong>ribus</strong></span> <span class='ocrx_word' id='word_1_549' title='bbox 1254 3647 1383 3705; x_wconf 81' lang='lat' dir='ltr'><strong>diximus.</strong></span> <span class='ocrx_word' id='word_1_550' title='bbox 1399 3650 1467 3706; x_wconf 86' lang='lat' dir='ltr'><strong>llam</strong></span> <span class='ocrx_word' id='word_1_551' title='bbox 1481 3653 1563 3705; x_wconf 87' lang='lat' dir='ltr'><strong>ettam</strong></span> <span class='ocrx_word' id='word_1_552' title='bbox 1577 3647 1667 3722; x_wconf 87' lang='lat' dir='ltr'><strong>quoad</strong></span> <span class='ocrx_word' id='word_1_553' title='bbox 1683 3647 1736 3705; x_wconf 89' lang='lat' dir='ltr'><strong>hnc</strong></span> <span class='ocrx_word' id='word_1_554' title='bbox 1749 3663 1804 3706; x_wconf 90' lang='lat' dir='ltr'><strong>noa</strong></span> <span class='ocrx_word' id='word_1_555' title='bbox 1822 3655 1869 3705; x_wconf 87' lang='lat' dir='ltr'><strong>est</strong></span> <span class='ocrx_word' id='word_1_556' title='bbox 1882 3652 1976 3705; x_wconf 88' lang='lat' dir='ltr'><strong>miuus</strong></span> <span class='ocrx_word' id='word_1_557' title='bbox 2066 3723 2067 3732; x_wconf 63' lang='lat'><strong>.</strong></span> 
     </span>
    </p>
   </div>
   <div class='ocr_carea' id='block_1_9' title="bbox 320 3735 1975 4887">
    <p class='ocr_par' dir='ltr' id='par_1_10' title="bbox 320 3735 1975 4887">
     <span class='ocr_line' id='line_1_38' title="bbox 322 3735 1974 3814; baseline -0.004 -15"><span class='ocrx_word' id='word_1_558' title='bbox 322 3757 396 3799; x_wconf 84' lang='lat' dir='ltr'><strong>raam</strong></span> <span class='ocrx_word' id='word_1_559' title='bbox 409 3755 470 3797; x_wconf 83' lang='lat' dir='ltr'><strong>nou</strong></span> <span class='ocrx_word' id='word_1_560' title='bbox 483 3737 580 3796; x_wconf 87' lang='lat' dir='ltr'><strong>solum</strong></span> <span class='ocrx_word' id='word_1_561' title='bbox 592 3755 653 3796; x_wconf 82' lang='lat' dir='ltr'><strong>oon</strong></span> <span class='ocrx_word' id='word_1_562' title='bbox 658 3737 843 3814; x_wconf 79' lang='lat' dir='ltr'><strong>praenestem</strong></span> <span class='ocrx_word' id='word_1_563' title='bbox 853 3755 941 3796; x_wconf 83' lang='lat' dir='ltr'><strong>onere</strong></span> <span class='ocrx_word' id='word_1_564' title='bbox 946 3739 1124 3814; x_wconf 82' lang='lat' dir='ltr'><strong>ponderum,</strong></span> <span class='ocrx_word' id='word_1_565' title='bbox 1164 3738 1287 3810; x_wconf 90' lang='lat' dir='ltr'><strong>perlecta</strong></span> <span class='ocrx_word' id='word_1_566' title='bbox 1302 3738 1344 3794; x_wconf 86' lang='lat' dir='ltr'><strong>les</strong></span> <span class='ocrx_word' id='word_1_567' title='bbox 1357 3737 1464 3795; x_wconf 83' lang='lat' dir='ltr'><strong>Christi.</strong></span> <span class='ocrx_word' id='word_1_568' title='bbox 1478 3736 1674 3810; x_wconf 76' lang='lat' dir='ltr'><strong>propterquod</strong></span> <span class='ocrx_word' id='word_1_569' title='bbox 1686 3735 1936 3809; x_wconf 82' lang='lat' dir='ltr'><strong>ipsedisithtatlh.</strong></span> <span class='ocrx_word' id='word_1_570' title='bbox 1947 3743 1974 3794; x_wconf 77' lang='lat'><strong>5:</strong></span> 
     </span>
     <span class='ocr_line' id='line_1_39' title="bbox 322 3823 1971 3904; baseline -0.002 -18"><span class='ocrx_word' id='word_1_571' title='bbox 322 3845 425 3886; x_wconf 86' lang='lat' dir='ltr'><strong>ueram</strong></span> <span class='ocrx_word' id='word_1_572' title='bbox 441 3831 535 3886; x_wconf 85' lang='lat' dir='ltr'><strong>eiiam</strong></span> <span class='ocrx_word' id='word_1_573' title='bbox 548 3828 749 3887; x_wconf 79' lang='lat' dir='ltr'><strong>sublevantem</strong></span> <span class='ocrx_word' id='word_1_574' title='bbox 767 3833 828 3886; x_wconf 86' lang='lat' dir='ltr'><strong>uice</strong></span> <span class='ocrx_word' id='word_1_575' title='bbox 838 3843 1025 3904; x_wconf 81' lang='lat' dir='ltr'><strong>pennarum,</strong></span> <span class='ocrx_word' id='word_1_576' title='bbox 1045 3836 1075 3888; x_wconf 95' lang='lat' dir='ltr'><strong>ut</strong></span> <span class='ocrx_word' id='word_1_577' title='bbox 1088 3831 1127 3888; x_wconf 90' lang='lat' dir='ltr'><strong>di·</strong></span> <span class='ocrx_word' id='word_1_578' title='bbox 1166 3827 1289 3895; x_wconf 85' lang='lat' dir='ltr'><strong>Omnis,</strong></span> <span class='ocrx_word' id='word_1_579' title='bbox 1310 3829 1362 3900; x_wconf 85' lang='lat' dir='ltr'><strong>pai</strong></span> <span class='ocrx_word' id='word_1_580' title='bbox 1376 3825 1462 3885; x_wconf 85' lang='lat' dir='ltr'><strong>audit</strong></span> <span class='ocrx_word' id='word_1_581' title='bbox 1479 3827 1572 3883; x_wconf 84' lang='lat' dir='ltr'><strong>uerba</strong></span> <span class='ocrx_word' id='word_1_582' title='bbox 1589 3841 1659 3884; x_wconf 87' lang='lat' dir='ltr'><strong>mea</strong></span> <span class='ocrx_word' id='word_1_583' title='bbox 1674 3826 1765 3891; x_wconf 75' lang='lat' dir='ltr'><strong>llaec,</strong></span> <span class='ocrx_word' id='word_1_584' title='bbox 1784 3823 1911 3897; x_wconf 81' lang='lat' dir='ltr'><strong>etfacit</strong></span> <span class='ocrx_word' id='word_1_585' title='bbox 1925 3843 1971 3890; x_wconf 84' lang='lat' dir='ltr'><strong>ea,</strong></span> 
     </span>
     <span class='ocr_line' id='line_1_40' title="bbox 323 3909 1975 3993; baseline -0.002 -17"><span class='ocrx_word' id='word_1_586' title='bbox 323 3919 494 3993; x_wconf 80' lang='lat' dir='ltr'><strong>atthugust.</strong></span> <span class='ocrx_word' id='word_1_587' title='bbox 514 3918 560 3975; x_wconf 87' lang='lat' dir='ltr'><strong>lib.</strong></span> <span class='ocrx_word' id='word_1_588' title='bbox 577 3917 611 3974; x_wconf 94' lang='lat' dir='ltr'><strong>de</strong></span> <span class='ocrx_word' id='word_1_589' title='bbox 625 3918 784 3988; x_wconf 84' lang='lat' dir='ltr'><strong>periectioa.</strong></span> <span class='ocrx_word' id='word_1_590' title='bbox 800 3919 886 3976; x_wconf 90' lang='lat' dir='ltr'><strong>iustit.</strong></span> <span class='ocrx_word' id='word_1_591' title='bbox 903 3935 966 3992; x_wconf 92' lang='lat' dir='ltr'><strong>cap.</strong></span> <span class='ocrx_word' id='word_1_592' title='bbox 984 3925 1012 3978; x_wconf 80' lang='lat'><strong>5.</strong></span> <span class='ocrx_word' id='word_1_593' title='bbox 1161 3913 1383 3974; x_wconf 83' lang='lat' dir='ltr'><strong>assimilabitur</strong></span> <span class='ocrx_word' id='word_1_594' title='bbox 1404 3919 1468 3972; x_wconf 84' lang='lat' dir='ltr'><strong>utro</strong></span> <span class='ocrx_word' id='word_1_595' title='bbox 1488 3917 1630 3990; x_wconf 82' lang='lat' dir='ltr'><strong>sapienti,</strong></span> <span class='ocrx_word' id='word_1_596' title='bbox 1655 3909 1708 3986; x_wconf 85' lang='lat' dir='ltr'><strong>pai&#39;</strong></span> <span class='ocrx_word' id='word_1_597' title='bbox 1725 3913 1904 3987; x_wconf 67' lang='lat' dir='ltr'><strong>aedificavit</strong></span> <span class='ocrx_word' id='word_1_598' title='bbox 1926 3915 1975 3972; x_wconf 83' lang='lat' dir='ltr'><strong>de·</strong></span> 
     </span>
     <span class='ocr_line' id='line_1_41' title="bbox 367 4003 1973 4082; baseline -0.003 -17"><span class='ocrx_word' id='word_1_599' title='bbox 367 4011 411 4065; x_wconf 84' lang='lat' dir='ltr'><strong>la.</strong></span> <span class='ocrx_word' id='word_1_600' title='bbox 427 4011 518 4080; x_wconf 79' lang='lat' dir='ltr'><strong>Atque</strong></span> <span class='ocrx_word' id='word_1_601' title='bbox 532 4021 565 4063; x_wconf 82' lang='lat' dir='ltr'><strong>es</strong></span> <span class='ocrx_word' id='word_1_602' title='bbox 580 4006 622 4062; x_wconf 93' lang='lat' dir='ltr'><strong>his</strong></span> <span class='ocrx_word' id='word_1_603' title='bbox 635 4007 773 4080; x_wconf 81' lang='lat' dir='ltr'><strong>colligitur</strong></span> <span class='ocrx_word' id='word_1_604' title='bbox 788 4007 890 4080; x_wconf 89' lang='lat' dir='ltr'><strong>primo,</strong></span> <span class='ocrx_word' id='word_1_605' title='bbox 902 4010 1044 4066; x_wconf 87' lang='lat' dir='ltr'><strong>materiam</strong></span> <span class='ocrx_word' id='word_1_606' title='bbox 1059 4008 1127 4082; x_wconf 91' lang='lat' dir='ltr'><strong>legis</strong></span> <span class='ocrx_word' id='word_1_607' title='bbox 1161 4023 1244 4064; x_wconf 82' lang='lat' dir='ltr'><strong>nrum</strong></span> <span class='ocrx_word' id='word_1_608' title='bbox 1268 4021 1356 4063; x_wconf 85' lang='lat' dir='ltr'><strong>saum</strong></span> <span class='ocrx_word' id='word_1_609' title='bbox 1375 4019 1471 4079; x_wconf 84' lang='lat' dir='ltr'><strong>supra</strong></span> <span class='ocrx_word' id='word_1_610' title='bbox 1488 4008 1616 4078; x_wconf 84' lang='lat' dir='ltr'><strong>petram.</strong></span> <span class='ocrx_word' id='word_1_611' title='bbox 1640 4004 1679 4060; x_wconf 80' lang='lat' dir='ltr'><strong>Ea</strong></span> <span class='ocrx_word' id='word_1_612' title='bbox 1698 4003 1800 4077; x_wconf 89' lang='lat' dir='ltr'><strong>quibus</strong></span> <span class='ocrx_word' id='word_1_613' title='bbox 1822 4004 1921 4060; x_wconf 83' lang='lat' dir='ltr'><strong>serbis</strong></span> <span class='ocrx_word' id='word_1_614' title='bbox 1937 4007 1973 4060; x_wconf 83' lang='lat' dir='ltr'><strong>ita</strong></span> 
     </span>
     <span class='ocr_line' id='line_1_42' title="bbox 321 4092 1973 4170; baseline -0.003 -15"><span class='ocrx_word' id='word_1_615' title='bbox 321 4111 409 4155; x_wconf 85' lang='lat' dir='ltr'><strong>novae</strong></span> <span class='ocrx_word' id='word_1_616' title='bbox 426 4097 574 4168; x_wconf 90' lang='lat' dir='ltr'><strong>complecti</strong></span> <span class='ocrx_word' id='word_1_617' title='bbox 586 4102 641 4153; x_wconf 89' lang='lat' dir='ltr'><strong>tam</strong></span> <span class='ocrx_word' id='word_1_618' title='bbox 652 4102 731 4153; x_wconf 88' lang='lat' dir='ltr'><strong>actus</strong></span> <span class='ocrx_word' id='word_1_619' title='bbox 741 4104 879 4169; x_wconf 84' lang='lat' dir='ltr'><strong>externos,</strong></span> <span class='ocrx_word' id='word_1_620' title='bbox 893 4111 976 4170; x_wconf 88' lang='lat' dir='ltr'><strong>quam</strong></span> <span class='ocrx_word' id='word_1_621' title='bbox 988 4099 1123 4155; x_wconf 87' lang='lat' dir='ltr'><strong>internos.</strong></span> <span class='ocrx_word' id='word_1_622' title='bbox 1161 4094 1266 4168; x_wconf 89' lang='lat' dir='ltr'><strong>colligit</strong></span> <span class='ocrx_word' id='word_1_623' title='bbox 1277 4096 1451 4168; x_wconf 74' lang='lat' dir='ltr'><strong>Augustinus</strong></span> <span class='ocrx_word' id='word_1_624' title='bbox 1464 4093 1508 4150; x_wconf 91' lang='lat' dir='ltr'><strong>lib.</strong></span> <span class='ocrx_word' id='word_1_625' title='bbox 1521 4098 1547 4151; x_wconf 87' lang='lat' dir='ltr'><strong>l.</strong></span> <span class='ocrx_word' id='word_1_626' title='bbox 1559 4092 1592 4149; x_wconf 92' lang='lat' dir='ltr'><strong>de</strong></span> <span class='ocrx_word' id='word_1_627' title='bbox 1603 4107 1724 4150; x_wconf 87' lang='lat' dir='ltr'><strong>sermon.</strong></span> <span class='ocrx_word' id='word_1_628' title='bbox 1734 4093 1842 4150; x_wconf 79' lang='lat' dir='ltr'><strong>bomim</strong></span> <span class='ocrx_word' id='word_1_629' title='bbox 1856 4094 1883 4150; x_wconf 90' lang='lat' dir='ltr'><strong>iu</strong></span> <span class='ocrx_word' id='word_1_630' title='bbox 1896 4109 1973 4150; x_wconf 89' lang='lat' dir='ltr'><strong>mou·</strong></span> 
     </span>
     <span class='ocr_line' id='line_1_43' title="bbox 322 4180 1973 4260; baseline -0.004 -14"><span class='ocrx_word' id='word_1_631' title='bbox 322 4189 361 4246; x_wconf 89' lang='lat' dir='ltr'><strong>lle</strong></span> <span class='ocrx_word' id='word_1_632' title='bbox 374 4188 496 4243; x_wconf 79' lang='lat' dir='ltr'><strong>externis</strong></span> <span class='ocrx_word' id='word_1_633' title='bbox 513 4184 538 4242; x_wconf 95' lang='lat' dir='ltr'><strong>id</strong></span> <span class='ocrx_word' id='word_1_634' title='bbox 553 4191 664 4242; x_wconf 89' lang='lat' dir='ltr'><strong>constat</strong></span> <span class='ocrx_word' id='word_1_635' title='bbox 677 4201 709 4244; x_wconf 86' lang='lat' dir='ltr'><strong>es</strong></span> <span class='ocrx_word' id='word_1_636' title='bbox 724 4186 803 4244; x_wconf 89' lang='lat' dir='ltr'><strong>dictis</strong></span> <span class='ocrx_word' id='word_1_637' title='bbox 816 4186 850 4244; x_wconf 94' lang='lat' dir='ltr'><strong>de</strong></span> <span class='ocrx_word' id='word_1_638' title='bbox 864 4187 1017 4260; x_wconf 89' lang='lat' dir='ltr'><strong>praeceptis</strong></span> <span class='ocrx_word' id='word_1_639' title='bbox 1033 4202 1126 4244; x_wconf 91' lang='lat' dir='ltr'><strong>caere·</strong></span> <span class='ocrx_word' id='word_1_640' title='bbox 1162 4190 1203 4257; x_wconf 87' lang='lat' dir='ltr'><strong>te,</strong></span> <span class='ocrx_word' id='word_1_641' title='bbox 1220 4200 1282 4257; x_wconf 89' lang='lat' dir='ltr'><strong>cap.</strong></span> <span class='ocrx_word' id='word_1_642' title='bbox 1304 4188 1333 4242; x_wconf 88' lang='lat' dir='ltr'><strong>l:</strong></span> <span class='ocrx_word' id='word_1_643' title='bbox 1348 4185 1381 4242; x_wconf 75' lang='lat' dir='ltr'><strong>at</strong></span> <span class='ocrx_word' id='word_1_644' title='bbox 1392 4186 1457 4256; x_wconf 82' lang='lat' dir='ltr'><strong>quis</strong></span> <span class='ocrx_word' id='word_1_645' title='bbox 1469 4184 1518 4258; x_wconf 84' lang='lat' dir='ltr'><strong>pie</strong></span> <span class='ocrx_word' id='word_1_646' title='bbox 1530 4181 1682 4254; x_wconf 80' lang='lat' dir='ltr'><strong>sobrieque</strong></span> <span class='ocrx_word' id='word_1_647' title='bbox 1695 4180 1899 4241; x_wconf 84' lang='lat' dir='ltr'><strong>considerauit</strong></span> <span class='ocrx_word' id='word_1_648' title='bbox 1913 4199 1973 4240; x_wconf 87' lang='lat' dir='ltr'><strong>ser·</strong></span> 
     </span>
     <span class='ocr_line' id='line_1_44' title="bbox 321 4263 1972 4348; baseline -0.005 -13"><span class='ocrx_word' id='word_1_649' title='bbox 321 4275 486 4335; x_wconf 88' lang='lat' dir='ltr'><strong>monialibus</strong></span> <span class='ocrx_word' id='word_1_650' title='bbox 511 4274 595 4333; x_wconf 89' lang='lat' dir='ltr'><strong>huius</strong></span> <span class='ocrx_word' id='word_1_651' title='bbox 615 4273 699 4348; x_wconf 84' lang='lat' dir='ltr'><strong>legis,</strong></span> <span class='ocrx_word' id='word_1_652' title='bbox 715 4275 804 4332; x_wconf 90' lang='lat' dir='ltr'><strong>omnia</strong></span> <span class='ocrx_word' id='word_1_653' title='bbox 824 4275 895 4332; x_wconf 91' lang='lat' dir='ltr'><strong>enim</strong></span> <span class='ocrx_word' id='word_1_654' title='bbox 914 4274 1003 4332; x_wconf 85' lang='lat' dir='ltr'><strong>illude</strong></span> <span class='ocrx_word' id='word_1_655' title='bbox 1017 4275 1126 4333; x_wconf 87' lang='lat' dir='ltr'><strong>actibus</strong></span> <span class='ocrx_word' id='word_1_656' title='bbox 1161 4289 1292 4340; x_wconf 75' lang='lat' dir='ltr'><strong>mamm,</strong></span> <span class='ocrx_word' id='word_1_657' title='bbox 1309 4288 1397 4347; x_wconf 79' lang='lat' dir='ltr'><strong>quem</strong></span> <span class='ocrx_word' id='word_1_658' title='bbox 1412 4271 1529 4329; x_wconf 86' lang='lat' dir='ltr'><strong>iocatus</strong></span> <span class='ocrx_word' id='word_1_659' title='bbox 1543 4278 1587 4329; x_wconf 86' lang='lat' dir='ltr'><strong>est</strong></span> <span class='ocrx_word' id='word_1_660' title='bbox 1600 4263 1748 4328; x_wconf 66' lang='lat' dir='ltr'><strong>Dimissus</strong></span> <span class='ocrx_word' id='word_1_661' title='bbox 1762 4275 1867 4328; x_wconf 82' lang='lat' dir='ltr'><strong>noster</strong></span> <span class='ocrx_word' id='word_1_662' title='bbox 1886 4275 1972 4330; x_wconf 85' lang='lat' dir='ltr'><strong>Iesus</strong></span> 
     </span>
     <span class='ocr_line' id='line_1_45' title="bbox 321 4359 1972 4438; baseline -0.002 -16"><span class='ocrx_word' id='word_1_663' title='bbox 321 4365 440 4422; x_wconf 84' lang='lat' dir='ltr'><strong>externis</strong></span> <span class='ocrx_word' id='word_1_664' title='bbox 461 4371 541 4438; x_wconf 86' lang='lat' dir='ltr'><strong>sunt;</strong></span> <span class='ocrx_word' id='word_1_665' title='bbox 558 4367 585 4421; x_wconf 89' lang='lat' dir='ltr'><strong>iu</strong></span> <span class='ocrx_word' id='word_1_666' title='bbox 606 4365 720 4422; x_wconf 89' lang='lat' dir='ltr'><strong>materia</strong></span> <span class='ocrx_word' id='word_1_667' title='bbox 739 4380 805 4423; x_wconf 86' lang='lat' dir='ltr'><strong>vero</strong></span> <span class='ocrx_word' id='word_1_668' title='bbox 825 4365 922 4421; x_wconf 89' lang='lat' dir='ltr'><strong>morali</strong></span> <span class='ocrx_word' id='word_1_669' title='bbox 943 4363 1003 4423; x_wconf 91' lang='lat' dir='ltr'><strong>illos</strong></span> <span class='ocrx_word' id='word_1_670' title='bbox 1017 4371 1126 4423; x_wconf 87' lang='lat' dir='ltr'><strong>tautrun</strong></span> <span class='ocrx_word' id='word_1_671' title='bbox 1163 4365 1315 4430; x_wconf 83' lang='lat' dir='ltr'><strong>Christus,</strong></span> <span class='ocrx_word' id='word_1_672' title='bbox 1329 4367 1418 4437; x_wconf 82' lang='lat' dir='ltr'><strong>puio,</strong></span> <span class='ocrx_word' id='word_1_673' title='bbox 1436 4359 1513 4436; x_wconf 84' lang='lat' dir='ltr'><strong>pund</strong></span> <span class='ocrx_word' id='word_1_674' title='bbox 1525 4363 1653 4418; x_wconf 75' lang='lat' dir='ltr'><strong>inueniet</strong></span> <span class='ocrx_word' id='word_1_675' title='bbox 1665 4363 1698 4417; x_wconf 84' lang='lat' dir='ltr'><strong>io</strong></span> <span class='ocrx_word' id='word_1_676' title='bbox 1710 4375 1744 4416; x_wconf 86' lang='lat' dir='ltr'><strong>eo</strong></span> <span class='ocrx_word' id='word_1_677' title='bbox 1760 4366 1920 4434; x_wconf 63' lang='lat' dir='ltr'><strong>peanum</strong></span> <span class='ocrx_word' id='word_1_678' title='bbox 1932 4359 1972 4419; x_wconf 80' lang='lat' dir='ltr'><strong>ud</strong></span> 
     </span>
     <span class='ocr_line' id='line_1_46' title="bbox 321 4447 1971 4528; baseline -0.003 -16"><span class='ocrx_word' id='word_1_679' title='bbox 321 4460 401 4512; x_wconf 87' lang='lat' dir='ltr'><strong>actus</strong></span> <span class='ocrx_word' id='word_1_680' title='bbox 421 4455 573 4528; x_wconf 85' lang='lat' dir='ltr'><strong>praecipit,</strong></span> <span class='ocrx_word' id='word_1_681' title='bbox 589 4455 636 4528; x_wconf 90' lang='lat' dir='ltr'><strong>qui</strong></span> <span class='ocrx_word' id='word_1_682' title='bbox 650 4459 716 4511; x_wconf 90' lang='lat' dir='ltr'><strong>suut</strong></span> <span class='ocrx_word' id='word_1_683' title='bbox 728 4452 761 4511; x_wconf 92' lang='lat' dir='ltr'><strong>de</strong></span> <span class='ocrx_word' id='word_1_684' title='bbox 776 4455 835 4528; x_wconf 86' lang='lat' dir='ltr'><strong>lege</strong></span> <span class='ocrx_word' id='word_1_685' title='bbox 850 4459 975 4513; x_wconf 89' lang='lat' dir='ltr'><strong>naturae.</strong></span> <span class='ocrx_word' id='word_1_686' title='bbox 990 4457 1029 4512; x_wconf 87' lang='lat' dir='ltr'><strong>lle</strong></span> <span class='ocrx_word' id='word_1_687' title='bbox 1041 4457 1125 4513; x_wconf 89' lang='lat' dir='ltr'><strong>iuter·</strong></span> <span class='ocrx_word' id='word_1_688' title='bbox 1161 4467 1260 4510; x_wconf 87' lang='lat' dir='ltr'><strong>mures</strong></span> <span class='ocrx_word' id='word_1_689' title='bbox 1273 4455 1398 4525; x_wconf 84' lang='lat' dir='ltr'><strong>optimos</strong></span> <span class='ocrx_word' id='word_1_690' title='bbox 1405 4454 1542 4526; x_wconf 81' lang='lat' dir='ltr'><strong>pertinet,</strong></span> <span class='ocrx_word' id='word_1_691' title='bbox 1556 4447 1723 4524; x_wconf 82' lang='lat' dir='ltr'><strong>perseniam</strong></span> <span class='ocrx_word' id='word_1_692' title='bbox 1731 4453 1814 4507; x_wconf 86' lang='lat' dir='ltr'><strong>ailae</strong></span> <span class='ocrx_word' id='word_1_693' title='bbox 1828 4451 1971 4508; x_wconf 79' lang='lat' dir='ltr'><strong>christia-</strong></span> 
     </span>
     <span class='ocr_line' id='line_1_47' title="bbox 321 4538 1970 4618; baseline -0.001 -18"><span class='ocrx_word' id='word_1_694' title='bbox 321 4545 364 4600; x_wconf 86' lang='lat' dir='ltr'><strong>ais</strong></span> <span class='ocrx_word' id='word_1_695' title='bbox 378 4559 444 4601; x_wconf 85' lang='lat' dir='ltr'><strong>vero</strong></span> <span class='ocrx_word' id='word_1_696' title='bbox 460 4549 550 4618; x_wconf 87' lang='lat' dir='ltr'><strong>patei,</strong></span> <span class='ocrx_word' id='word_1_697' title='bbox 565 4545 629 4618; x_wconf 88' lang='lat' dir='ltr'><strong>quia</strong></span> <span class='ocrx_word' id='word_1_698' title='bbox 647 4544 673 4600; x_wconf 89' lang='lat' dir='ltr'><strong>la</strong></span> <span class='ocrx_word' id='word_1_699' title='bbox 688 4544 726 4600; x_wconf 90' lang='lat' dir='ltr'><strong>eis</strong></span> <span class='ocrx_word' id='word_1_700' title='bbox 740 4543 926 4616; x_wconf 86' lang='lat' dir='ltr'><strong>principaliter</strong></span> <span class='ocrx_word' id='word_1_701' title='bbox 940 4547 1069 4604; x_wconf 90' lang='lat' dir='ltr'><strong>consistit</strong></span> <span class='ocrx_word' id='word_1_702' title='bbox 1082 4561 1126 4604; x_wconf 90' lang='lat' dir='ltr'><strong>re·</strong></span> <span class='ocrx_word' id='word_1_703' title='bbox 1160 4556 1219 4600; x_wconf 84' lang='lat' dir='ltr'><strong>aas</strong></span> <span class='ocrx_word' id='word_1_704' title='bbox 1228 4539 1361 4608; x_wconf 87' lang='lat' dir='ltr'><strong>modum,</strong></span> <span class='ocrx_word' id='word_1_705' title='bbox 1370 4538 1445 4614; x_wconf 86' lang='lat' dir='ltr'><strong>quod</strong></span> <span class='ocrx_word' id='word_1_706' title='bbox 1455 4541 1480 4597; x_wconf 91' lang='lat' dir='ltr'><strong>in</strong></span> <span class='ocrx_word' id='word_1_707' title='bbox 1488 4540 1618 4597; x_wconf 87' lang='lat' dir='ltr'><strong>discursu</strong></span> <span class='ocrx_word' id='word_1_708' title='bbox 1629 4538 1740 4596; x_wconf 90' lang='lat' dir='ltr'><strong>illorum</strong></span> <span class='ocrx_word' id='word_1_709' title='bbox 1749 4538 1887 4598; x_wconf 81' lang='lat' dir='ltr'><strong>librorum</strong></span> <span class='ocrx_word' id='word_1_710' title='bbox 1900 4543 1970 4613; x_wconf 88' lang='lat' dir='ltr'><strong>opti·</strong></span> 
     </span>
     <span class='ocr_line' id='line_1_48' title="bbox 322 4628 1755 4708; baseline -0.006 -16"><span class='ocrx_word' id='word_1_711' title='bbox 322 4635 429 4692; x_wconf 88' lang='lat' dir='ltr'><strong>clitudu</strong></span> <span class='ocrx_word' id='word_1_712' title='bbox 444 4634 515 4708; x_wconf 91' lang='lat' dir='ltr'><strong>apud</strong></span> <span class='ocrx_word' id='word_1_713' title='bbox 530 4636 632 4707; x_wconf 80' lang='lat' dir='ltr'><strong>lleum3</strong></span> <span class='ocrx_word' id='word_1_714' title='bbox 650 4639 677 4690; x_wconf 90' lang='lat' dir='ltr'><strong>et</strong></span> <span class='ocrx_word' id='word_1_715' title='bbox 692 4633 751 4690; x_wconf 89' lang='lat' dir='ltr'><strong>ideo</strong></span> <span class='ocrx_word' id='word_1_716' title='bbox 765 4633 833 4690; x_wconf 92' lang='lat' dir='ltr'><strong>baec</strong></span> <span class='ocrx_word' id='word_1_717' title='bbox 849 4634 889 4692; x_wconf 87' lang='lat' dir='ltr'><strong>lea</strong></span> <span class='ocrx_word' id='word_1_718' title='bbox 905 4635 1051 4707; x_wconf 89' lang='lat' dir='ltr'><strong>praecipue</strong></span> <span class='ocrx_word' id='word_1_719' title='bbox 1065 4651 1125 4692; x_wconf 86' lang='lat' dir='ltr'><strong>rer·</strong></span> <span class='ocrx_word' id='word_1_720' title='bbox 1159 4647 1203 4690; x_wconf 87' lang='lat' dir='ltr'><strong>me</strong></span> <span class='ocrx_word' id='word_1_721' title='bbox 1215 4631 1350 4701; x_wconf 89' lang='lat' dir='ltr'><strong>declarat,</strong></span> <span class='ocrx_word' id='word_1_722' title='bbox 1366 4637 1395 4688; x_wconf 89' lang='lat' dir='ltr'><strong>et</strong></span> <span class='ocrx_word' id='word_1_723' title='bbox 1407 4629 1435 4686; x_wconf 91' lang='lat' dir='ltr'><strong>d.</strong></span> <span class='ocrx_word' id='word_1_724' title='bbox 1451 4630 1568 4686; x_wconf 82' lang='lat' dir='ltr'><strong>Thomas</strong></span> <span class='ocrx_word' id='word_1_725' title='bbox 1583 4628 1628 4686; x_wconf 88' lang='lat' dir='ltr'><strong>bic</strong></span> <span class='ocrx_word' id='word_1_726' title='bbox 1643 4645 1671 4702; x_wconf 89' lang='lat' dir='ltr'><strong>q.</strong></span> <span class='ocrx_word' id='word_1_727' title='bbox 1692 4633 1755 4687; x_wconf 80' lang='lat' dir='ltr'><strong>tbi.</strong></span> 
     </span>
     <span class='ocr_line' id='line_1_49' title="bbox 321 4718 1972 4798; baseline -0.001 -18"><span class='ocrx_word' id='word_1_728' title='bbox 321 4730 400 4782; x_wconf 88' lang='lat' dir='ltr'><strong>satur</strong></span> <span class='ocrx_word' id='word_1_729' title='bbox 415 4725 492 4782; x_wconf 90' lang='lat' dir='ltr'><strong>circa</strong></span> <span class='ocrx_word' id='word_1_730' title='bbox 503 4731 597 4797; x_wconf 87' lang='lat' dir='ltr'><strong>actus,</strong></span> <span class='ocrx_word' id='word_1_731' title='bbox 611 4724 635 4780; x_wconf 92' lang='lat' dir='ltr'><strong>in</strong></span> <span class='ocrx_word' id='word_1_732' title='bbox 647 4721 746 4796; x_wconf 86' lang='lat' dir='ltr'><strong>quibus</strong></span> <span class='ocrx_word' id='word_1_733' title='bbox 758 4723 865 4790; x_wconf 83' lang='lat' dir='ltr'><strong>interna</strong></span> <span class='ocrx_word' id='word_1_734' title='bbox 875 4725 977 4781; x_wconf 90' lang='lat' dir='ltr'><strong>iustitia</strong></span> <span class='ocrx_word' id='word_1_735' title='bbox 988 4726 1124 4798; x_wconf 89' lang='lat' dir='ltr'><strong>consistit,</strong></span> <span class='ocrx_word' id='word_1_736' title='bbox 1200 4725 1247 4779; x_wconf 77' lang='grc'><strong>20.</strong></span> <span class='ocrx_word' id='word_1_737' title='bbox 1264 4721 1365 4778; x_wconf 90' lang='lat' dir='ltr'><strong>Ultimo</strong></span> <span class='ocrx_word' id='word_1_738' title='bbox 1377 4719 1536 4792; x_wconf 87' lang='lat' dir='ltr'><strong>intelligitur</strong></span> <span class='ocrx_word' id='word_1_739' title='bbox 1550 4735 1583 4776; x_wconf 88' lang='lat' dir='ltr'><strong>ex</strong></span> <span class='ocrx_word' id='word_1_740' title='bbox 1597 4718 1678 4776; x_wconf 90' lang='lat' dir='ltr'><strong>dictis</strong></span> <span class='ocrx_word' id='word_1_741' title='bbox 1689 4761 1697 4792; x_wconf 92' lang='lat'><strong>,</strong></span> <span class='ocrx_word' id='word_1_742' title='bbox 1709 4719 1853 4792; x_wconf 88' lang='lat' dir='ltr'><strong>quomodo</strong></span> <span class='ocrx_word' id='word_1_743' title='bbox 1870 4736 1972 4778; x_wconf 84' lang='lat' dir='ltr'><strong>rerum</strong></span> 
     </span>
     <span class='ocr_line' id='line_1_50' title="bbox 320 4809 1973 4887; baseline -0.001 -18"><span class='ocrx_word' id='word_1_744' title='bbox 320 4813 363 4869; x_wconf 87' lang='lat' dir='ltr'><strong>rel</strong></span> <span class='ocrx_word' id='word_1_745' title='bbox 386 4813 443 4870; x_wconf 90' lang='lat' dir='ltr'><strong>sine</strong></span> <span class='ocrx_word' id='word_1_746' title='bbox 457 4814 556 4887; x_wconf 85' lang='lat' dir='ltr'><strong>quibus</strong></span> <span class='ocrx_word' id='word_1_747' title='bbox 571 4828 631 4870; x_wconf 89' lang='lat' dir='ltr'><strong>essa</strong></span> <span class='ocrx_word' id='word_1_748' title='bbox 646 4828 699 4869; x_wconf 92' lang='lat' dir='ltr'><strong>noa</strong></span> <span class='ocrx_word' id='word_1_749' title='bbox 714 4818 814 4884; x_wconf 85' lang='lat' dir='ltr'><strong>polest.</strong></span> <span class='ocrx_word' id='word_1_750' title='bbox 831 4811 906 4870; x_wconf 94' lang='lat' dir='ltr'><strong>lllam</strong></span> <span class='ocrx_word' id='word_1_751' title='bbox 921 4815 991 4872; x_wconf 89' lang='lat' dir='ltr'><strong>euim</strong></span> <span class='ocrx_word' id='word_1_752' title='bbox 1009 4817 1126 4872; x_wconf 78' lang='lat' dir='ltr'><strong>maxime</strong></span> <span class='ocrx_word' id='word_1_753' title='bbox 1160 4811 1195 4869; x_wconf 90' lang='lat' dir='ltr'><strong>sit</strong></span> <span class='ocrx_word' id='word_1_754' title='bbox 1210 4811 1313 4868; x_wconf 84' lang='lat' dir='ltr'><strong>axioma</strong></span> <span class='ocrx_word' id='word_1_755' title='bbox 1325 4809 1515 4882; x_wconf 86' lang='lat' dir='ltr'><strong>theologorum</strong></span> <span class='ocrx_word' id='word_1_756' title='bbox 1524 4809 1723 4880; x_wconf 74' lang='lat' dir='ltr'><strong>dicendumar</strong></span> <span class='ocrx_word' id='word_1_757' title='bbox 1735 4825 1807 4866; x_wconf 85' lang='lat' dir='ltr'><strong>nora</strong></span> <span class='ocrx_word' id='word_1_758' title='bbox 1818 4809 1881 4884; x_wconf 89' lang='lat' dir='ltr'><strong>lege</strong></span> <span class='ocrx_word' id='word_1_759' title='bbox 1895 4811 1973 4868; x_wconf 77' lang='lat' dir='ltr'><strong>nulla</strong></span> 
     </span>
    </p>
   </div>
   <div class='ocr_carea' id='block_1_10' title="bbox 315 4898 2067 5156">
    <p class='ocr_par' dir='ltr' id='par_1_11' title="bbox 315 4898 2067 5156">
     <span class='ocr_line' id='line_1_51' title="bbox 319 4898 2067 4984; baseline -0.001 -25"><span class='ocrx_word' id='word_1_760' title='bbox 319 4901 447 4959; x_wconf 89' lang='lat' dir='ltr'><strong>Christus</strong></span> <span class='ocrx_word' id='word_1_761' title='bbox 462 4902 586 4974; x_wconf 69' lang='lat' dir='ltr'><strong>intendit,</strong></span> <span class='ocrx_word' id='word_1_762' title='bbox 600 4900 716 4976; x_wconf 90' lang='lat' dir='ltr'><strong>ideoque</strong></span> <span class='ocrx_word' id='word_1_763' title='bbox 727 4901 795 4960; x_wconf 76' lang='lat' dir='ltr'><strong>dixit</strong></span> <span class='ocrx_word' id='word_1_764' title='bbox 805 4902 900 4960; x_wconf 89' lang='lat' dir='ltr'><strong>llatth.</strong></span> <span class='ocrx_word' id='word_1_765' title='bbox 913 4909 939 4962; x_wconf 86' lang='lat'><strong>5:</strong></span> <span class='ocrx_word' id='word_1_766' title='bbox 952 4905 1019 4960; x_wconf 84' lang='lat' dir='ltr'><strong>Nisi</strong></span> <span class='ocrx_word' id='word_1_767' title='bbox 1030 4903 1124 4961; x_wconf 80' lang='lat' dir='ltr'><strong>ubran-</strong></span> <span class='ocrx_word' id='word_1_768' title='bbox 1160 4917 1220 4959; x_wconf 90' lang='lat' dir='ltr'><strong>esse</strong></span> <span class='ocrx_word' id='word_1_769' title='bbox 1236 4901 1326 4958; x_wconf 87' lang='lat' dir='ltr'><strong>diviua</strong></span> <span class='ocrx_word' id='word_1_770' title='bbox 1340 4907 1502 4973; x_wconf 89' lang='lat' dir='ltr'><strong>praecepta,</strong></span> <span class='ocrx_word' id='word_1_771' title='bbox 1518 4899 1569 4955; x_wconf 89' lang='lat' dir='ltr'><strong>nisi</strong></span> <span class='ocrx_word' id='word_1_772' title='bbox 1582 4898 1645 4956; x_wconf 89' lang='lat' dir='ltr'><strong>tidei</strong></span> <span class='ocrx_word' id='word_1_773' title='bbox 1666 4903 1694 4955; x_wconf 87' lang='lat' dir='ltr'><strong>et</strong></span> <span class='ocrx_word' id='word_1_774' title='bbox 1712 4908 1972 4984; x_wconf 83' lang='lat' dir='ltr'><strong>sacramentorum,</strong></span> <span class='ocrx_word' id='word_1_775' title='bbox 2066 4943 2067 4948; x_wconf 48' lang='lat'><strong>.</strong></span> 
     </span>
     <span class='ocr_line' id='line_1_52' title="bbox 319 4987 2067 5066; baseline -0.001 -18"><span class='ocrx_word' id='word_1_776' title='bbox 319 4987 438 5049; x_wconf 82' lang='lat' dir='ltr'><strong>daverit</strong></span> <span class='ocrx_word' id='word_1_777' title='bbox 457 4994 576 5049; x_wconf 86' lang='lat' dir='ltr'><strong>iustitia</strong></span> <span class='ocrx_word' id='word_1_778' title='bbox 598 4997 700 5049; x_wconf 84' lang='lat' dir='ltr'><strong>vestra</strong></span> <span class='ocrx_word' id='word_1_779' title='bbox 718 4989 884 5065; x_wconf 81' lang='lat' dir='ltr'><strong>plusquam</strong></span> <span class='ocrx_word' id='word_1_780' title='bbox 909 4992 1077 5050; x_wconf 86' lang='lat' dir='ltr'><strong>scribarum</strong></span> <span class='ocrx_word' id='word_1_781' title='bbox 1097 4996 1126 5048; x_wconf 85' lang='lat' dir='ltr'><strong>st</strong></span> <span class='ocrx_word' id='word_1_782' title='bbox 1159 5000 1191 5051; x_wconf 95' lang='lat' dir='ltr'><strong>ut</strong></span> <span class='ocrx_word' id='word_1_783' title='bbox 1205 4992 1325 5066; x_wconf 89' lang='lat' dir='ltr'><strong>loquitur</strong></span> <span class='ocrx_word' id='word_1_784' title='bbox 1342 4993 1406 5049; x_wconf 85' lang='lat' dir='ltr'><strong>snio</strong></span> <span class='ocrx_word' id='word_1_785' title='bbox 1421 4991 1447 5046; x_wconf 93' lang='lat' dir='ltr'><strong>iu</strong></span> <span class='ocrx_word' id='word_1_786' title='bbox 1463 4995 1491 5063; x_wconf 85' lang='lat' dir='ltr'><strong>l,</strong></span> <span class='ocrx_word' id='word_1_787' title='bbox 1507 4989 1570 5046; x_wconf 91' lang='lat' dir='ltr'><strong>dist.</strong></span> <span class='ocrx_word' id='word_1_788' title='bbox 1586 4993 1640 5060; x_wconf 83' lang='lat' dir='ltr'><strong>td,</strong></span> <span class='ocrx_word' id='word_1_789' title='bbox 1652 4997 1706 5046; x_wconf 92' lang='lat' dir='ltr'><strong>art.</strong></span> <span class='ocrx_word' id='word_1_790' title='bbox 1722 4993 1752 5062; x_wconf 87' lang='lat' dir='ltr'><strong>l,</strong></span> <span class='ocrx_word' id='word_1_791' title='bbox 1766 4995 1797 5046; x_wconf 90' lang='lat' dir='ltr'><strong>et</strong></span> <span class='ocrx_word' id='word_1_792' title='bbox 1810 4999 1974 5064; x_wconf 86' lang='lat' dir='ltr'><strong>sequuntur</strong></span> <span class='ocrx_word' id='word_1_793' title='bbox 2066 5021 2067 5042; x_wconf 60' lang='lat' dir='ltr'><strong>r</strong></span> 
     </span>
     <span class='ocr_line' id='line_1_53' title="bbox 315 5073 2067 5156; baseline -0.002 -18"><span class='ocrx_word' id='word_1_794' title='bbox 315 5073 564 5154; x_wconf 76' lang='lat' dir='ltr'><strong>pharisaeorum,</strong></span> <span class='ocrx_word' id='word_1_795' title='bbox 587 5097 648 5137; x_wconf 84' lang='lat' dir='ltr'><strong>aun</strong></span> <span class='ocrx_word' id='word_1_796' title='bbox 666 5081 819 5138; x_wconf 84' lang='lat' dir='ltr'><strong>intrabitis</strong></span> <span class='ocrx_word' id='word_1_797' title='bbox 836 5083 869 5138; x_wconf 87' lang='lat' dir='ltr'><strong>io</strong></span> <span class='ocrx_word' id='word_1_798' title='bbox 887 5097 1012 5156; x_wconf 73' lang='lat' dir='ltr'><strong>regnam</strong></span> <span class='ocrx_word' id='word_1_799' title='bbox 1030 5079 1123 5139; x_wconf 87' lang='lat' dir='ltr'><strong>coelo·</strong></span> <span class='ocrx_word' id='word_1_800' title='bbox 1160 5082 1205 5140; x_wconf 90' lang='lat' dir='ltr'><strong>alii</strong></span> <span class='ocrx_word' id='word_1_801' title='bbox 1221 5081 1352 5153; x_wconf 91' lang='lat' dir='ltr'><strong>moderni,</strong></span> <span class='ocrx_word' id='word_1_802' title='bbox 1366 5087 1394 5138; x_wconf 91' lang='lat' dir='ltr'><strong>et</strong></span> <span class='ocrx_word' id='word_1_803' title='bbox 1406 5081 1519 5138; x_wconf 87' lang='lat' dir='ltr'><strong>Corurr.</strong></span> <span class='ocrx_word' id='word_1_804' title='bbox 1532 5080 1558 5135; x_wconf 88' lang='lat' dir='ltr'><strong>in</strong></span> <span class='ocrx_word' id='word_1_805' title='bbox 1570 5083 1597 5136; x_wconf 91' lang='lat' dir='ltr'><strong>l.</strong></span> <span class='ocrx_word' id='word_1_806' title='bbox 1613 5078 1749 5137; x_wconf 86' lang='lat' dir='ltr'><strong>llecretal.</strong></span> <span class='ocrx_word' id='word_1_807' title='bbox 1765 5094 1831 5151; x_wconf 89' lang='lat' dir='ltr'><strong>cap.</strong></span> <span class='ocrx_word' id='word_1_808' title='bbox 1850 5077 1904 5154; x_wconf 50' lang='grc' dir='ltr'><strong>δή</strong></span> <span class='ocrx_word' id='word_1_809' title='bbox 1923 5087 1971 5138; x_wconf 81' lang='lat' dir='ltr'><strong>lu.</strong></span> <span class='ocrx_word' id='word_1_810' title='bbox 2066 5129 2067 5134; x_wconf 73' lang='grc'>,</span> 
     </span>
    </p>
   </div>
   <div class='ocr_carea' id='block_1_11' title="bbox 318 5168 1975 5357">
    <p class='ocr_par' dir='ltr' id='par_1_12' title="bbox 318 5168 1975 5357">
     <span class='ocr_line' id='line_1_54' title="bbox 318 5168 1974 5246; baseline 0.002 -22"><span class='ocrx_word' id='word_1_811' title='bbox 318 5181 406 5236; x_wconf 82' lang='lat' dir='ltr'><strong>rum,·</strong></span> <span class='ocrx_word' id='word_1_812' title='bbox 425 5168 560 5240; x_wconf 89' lang='lat' dir='ltr'><strong>pharisaei</strong></span> <span class='ocrx_word' id='word_1_813' title='bbox 573 5169 644 5226; x_wconf 89' lang='lat' dir='ltr'><strong>enim</strong></span> <span class='ocrx_word' id='word_1_814' title='bbox 659 5171 764 5227; x_wconf 88' lang='lat' dir='ltr'><strong>iustitia</strong></span> <span class='ocrx_word' id='word_1_815' title='bbox 777 5175 888 5228; x_wconf 86' lang='lat' dir='ltr'><strong>externa</strong></span> <span class='ocrx_word' id='word_1_816' title='bbox 900 5172 1019 5229; x_wconf 86' lang='lat' dir='ltr'><strong>conteuti</strong></span> <span class='ocrx_word' id='word_1_817' title='bbox 1033 5179 1122 5246; x_wconf 88' lang='lat' dir='ltr'><strong>eraut,</strong></span> <span class='ocrx_word' id='word_1_818' title='bbox 1159 5174 1186 5230; x_wconf 88' lang='lat' dir='ltr'><strong>iu</strong></span> <span class='ocrx_word' id='word_1_819' title='bbox 1204 5172 1321 5245; x_wconf 88' lang='lat' dir='ltr'><strong>princip.</strong></span> <span class='ocrx_word' id='word_1_820' title='bbox 1338 5173 1385 5245; x_wconf 89' lang='lat' dir='ltr'><strong>qui</strong></span> <span class='ocrx_word' id='word_1_821' title='bbox 1400 5169 1425 5227; x_wconf 89' lang='lat' dir='ltr'><strong>ld</strong></span> <span class='ocrx_word' id='word_1_822' title='bbox 1440 5175 1620 5241; x_wconf 90' lang='lat' dir='ltr'><strong>sumpserunt</strong></span> <span class='ocrx_word' id='word_1_823' title='bbox 1633 5183 1666 5226; x_wconf 83' lang='lat' dir='ltr'><strong>es</strong></span> <span class='ocrx_word' id='word_1_824' title='bbox 1679 5168 1707 5225; x_wconf 95' lang='lat' dir='ltr'><strong>d.</strong></span> <span class='ocrx_word' id='word_1_825' title='bbox 1728 5168 1835 5228; x_wconf 83' lang='lat' dir='ltr'><strong>Thema</strong></span> <span class='ocrx_word' id='word_1_826' title='bbox 1854 5173 1881 5226; x_wconf 92' lang='lat' dir='ltr'><strong>in</strong></span> <span class='ocrx_word' id='word_1_827' title='bbox 1895 5173 1974 5228; x_wconf 79' lang='lat' dir='ltr'><strong>dicte</strong></span> 
     </span>
     <span class='ocr_line' id='line_1_55' title="bbox 319 5257 1975 5357; baseline 0.001 -39"><span class='ocrx_word' id='word_1_828' title='bbox 319 5257 446 5318; x_wconf 91' lang='lat' dir='ltr'><strong>Christus</strong></span> <span class='ocrx_word' id='word_1_829' title='bbox 459 5263 552 5319; x_wconf 82' lang='lat' dir='ltr'><strong>saitem</strong></span> <span class='ocrx_word' id='word_1_830' title='bbox 563 5260 698 5357; x_wconf 80' lang='lat' dir='ltr'><strong>internam</strong></span> <span class='ocrx_word' id='word_1_831' title='bbox 709 5257 837 5318; x_wconf 88' lang='lat' dir='ltr'><strong>iustitiam</strong></span> <span class='ocrx_word' id='word_1_832' title='bbox 849 5275 981 5336; x_wconf 88' lang='lat' dir='ltr'><strong>quaerere</strong></span> <span class='ocrx_word' id='word_1_833' title='bbox 992 5261 1083 5336; x_wconf 89' lang='lat' dir='ltr'><strong>docet,</strong></span> <span class='ocrx_word' id='word_1_834' title='bbox 1095 5269 1124 5322; x_wconf 89' lang='lat' dir='ltr'><strong>et</strong></span> <span class='ocrx_word' id='word_1_835' title='bbox 1157 5277 1186 5340; x_wconf 88' lang='lat' dir='ltr'><strong>q.</strong></span> <span class='ocrx_word' id='word_1_836' title='bbox 1207 5265 1272 5337; x_wconf 80' lang='lat' dir='ltr'><strong>tui,</strong></span> <span class='ocrx_word' id='word_1_837' title='bbox 1288 5267 1343 5320; x_wconf 89' lang='lat' dir='ltr'><strong>art.</strong></span> <span class='ocrx_word' id='word_1_838' title='bbox 1363 5264 1392 5334; x_wconf 91' lang='lat' dir='ltr'><strong>l,</strong></span> <span class='ocrx_word' id='word_1_839' title='bbox 1409 5257 1443 5318; x_wconf 90' lang='lat' dir='ltr'><strong>ad</strong></span> <span class='ocrx_word' id='word_1_840' title='bbox 1456 5263 1485 5333; x_wconf 82' lang='lat'><strong>2,</strong></span> <span class='ocrx_word' id='word_1_841' title='bbox 1501 5258 1547 5318; x_wconf 92' lang='lat' dir='ltr'><strong>ubl</strong></span> <span class='ocrx_word' id='word_1_842' title='bbox 1561 5272 1614 5316; x_wconf 91' lang='lat' dir='ltr'><strong>non</strong></span> <span class='ocrx_word' id='word_1_843' title='bbox 1633 5263 1689 5318; x_wconf 89' lang='lat' dir='ltr'><strong>tam</strong></span> <span class='ocrx_word' id='word_1_844' title='bbox 1702 5271 1836 5334; x_wconf 82' lang='lat' dir='ltr'><strong>expresse</strong></span> <span class='ocrx_word' id='word_1_845' title='bbox 1852 5262 1880 5318; x_wconf 92' lang='lat' dir='ltr'><strong>id</strong></span> <span class='ocrx_word' id='word_1_846' title='bbox 1893 5259 1975 5320; x_wconf 86' lang='lat' dir='ltr'><strong>altir-</strong></span> 
     </span>
    </p>
   </div>
   <div class='ocr_carea' id='block_1_12' title="bbox 0 0 2120 6218">
    <p class='ocr_par' dir='ltr' id='par_1_13' title="bbox 0 0 2120 6218">
     <span class='ocr_line' id='line_1_56' title="bbox 0 0 2120 6218; baseline 0 0"><span class='ocrx_word' id='word_1_847' title='bbox 0 0 2120 6218; x_wconf 95' lang='lat' dir='ltr'><strong> </strong></span> 
     </span>
    </p>
   </div>
  </div>
 </body>
</html>
