4284 6246
302 347 309 362 ’
377 382 440 448 192
1083 400 1183 450 arasa
1198 401 1246 451 vr.

377 537 436 575 cum
449 523 620 606 moderamine
631 539 681 608 neu
693 532 733 576 est
746 524 894 576 retioienda.
910 551 942 564 -
957 526 999 576 tr.
1013 525 1144 578 Quados
1179 524 1346 597 dispensatio
1358 526 1536 600 distinguitur
1544 533 1642 584 contra
1652 526 1773 599 tacitam,
1784 542 1833 584 seu
1842 539 1985 598 praesum-

376 593 466 646 ffl⁰d¹¹⁵
479 595 686 660 ⁶¹⁸P⁰¹²⁵²¹¹⁰¹¹¹⁸·
1179 623 1267 687 ptams
1285 623 1398 672 constat
1412 622 1515 685 autem,
1530 615 1685 688 generalem
1701 616 1907 674 concessionem
1925 631 1986 673 ver·
2038 609 2045 624 '

1178 705 1218 762 bis
1236 721 1395 778 expressam
1415 721 1470 763 nen
1488 721 1548 763 esse
1568 715 1789 780 praesumptam,
1806 711 1854 763 aut
1870 707 1985 764 tacitam

383 799 407 852 l.
424 795 520 850 Sermo
538 799 581 850 est
594 792 627 850 de
640 781 729 850 lorm'a
743 801 855 852 externa
875 802 904 852 et
925 794 1061 867 sarsinati,
1078 811 1141 852 uam
1178 803 1307 868 respectu
1323 797 1481 868 specierum
1495 797 1548 854 sub
1567 796 1687 870 generali
1710 796 1902 869 significatione
1925 811 1988 852 ser·

340 882 450 939 interior
468 890 549 939 aetus
564 898 616 939 non
632 881 713 938 b'abet
726 884 804 941 aliam
815 883 930 941 lormam
944 883 1139 952 insensibilem,
1177 884 1278 942 borum
1298 885 1407 944 indubie
1427 893 1638 958 contentarums
1655 888 1786 961 igiturex
1801 893 1878 958 parte
1898 893 1985 944 mute·

339 970 387 1029 setl
400 973 457 1044 ipse
473 977 516 1028 cat
528 971 663 1044 quaedam
677 973 763 1030 terma
776 972 936 1045 spiritualia
955 973 988 1030 de
1003 989 1059 1047 quo
1074 981 1140 1032 actu
1177 975 1233 1032 riae
1256 975 1361 1032 sufficit
1380 975 1514 1049 mussulis
1533 977 1684 1049 expressio.
1706 978 1741 1033 Et
1760 975 1832 1032 idem
1853 976 1907 1034 erit
1919 991 1986 1032 cum

245 1058 249 1070 “
338 1063 416 1135 quis,
432 1062 474 1118 rel
490 1061 577 1133 qualis
597 1062 631 1116 sit
648 1061 700 1117 iant
714 1060 819 1118 dictum
833 1069 891 1119 eat:
907 1062 971 1134 quia
985 1079 1050 1118 vero
1066 1070 1142 1118 exte·
1176 1067 1353 1136 proportione
1369 1064 1403 1122 de
1418 1081 1545 1137 persona,
1560 1066 1606 1124 cui
1619 1067 1649 1122 tit
1662 1067 1818 1136 concessio,
1834 1067 1857 1122 ai
1876 1064 1985 1137 dispeu-

338 1154 397 1209 rius
412 1151 577 1208 manifestari
590 1149 680 1223 dehet,
698 1157 727 1207 ut
740 1153 809 1207 iuter
824 1151 945 1208 homines
957 1152 1137 1224 operaripos·
1186 1155 1254 1212 satio
1274 1154 1356 1211 simul
1376 1155 1546 1214 coucedatur
1565 1155 1673 1225 multis3
1692 1169 1755 1212 uana
1775 1163 1841 1213 tuuc
1855 1165 1986 1226 expressa

339 1243 383 1312 sit,
400 1240 459 1299 ideo
470 1241 579 1313 siguum
589 1238 666 1312 illud,
678 1255 733 1312 quo
744 1241 932 1298 manifestatur
942 1241 1073 1311 exterius,
1087 1256 1133 1321 ro·
1175 1244 1227 1301 erit
1246 1243 1409 1317 dispensatio
1430 1260 1480 1317 pto
1501 1245 1631 1319 singulis,
1650 1247 1673 1303 si
1688 1261 1781 1302 omnes
1795 1261 1850 1302 uuo
1864 1244 1984 1319 generali

338 1337 419 1386 catur
435 1329 522 1385 torma
536 1328 607 1399 eius,
623 1330 696 1385 sicut
710 1329 735 1385 in
751 1329 810 1402 lege
823 1331 881 1402 ipsa
895 1329 1022 1386 diximus.
1040 1332 1077 1386 ilc
1089 1329 1141 1387 hoc
1178 1333 1260 1390 verbo
1282 1333 1565 1406 comprehendantur.
1586 1335 1614 1392 Si
1636 1344 1727 1392 autem
1754 1334 1918 1408 dispensatio
1937 1335 1985 1392 uui

337 1435 404 1494 erge
422 1420 499 1492 signo
517 1419 695 1492 inquirimus,
711 1418 791 1491 quale
805 1435 866 1476 esse
881 1425 1016 1490 oporteat.
1034 1418 1074 1476 dd
1089 1418 1140 1476 hoc
1177 1429 1283 1481 tantum
1305 1423 1494 1494 concedatur,
1512 1431 1580 1483 tuuc
1595 1425 1740 1496 oportebit,
1757 1431 1789 1482 ut
1808 1439 1923 1496 persona
1938 1425 1984 1480 illa

338 1519 428 1568 autern
441 1507 632 1582 explicandum
651 1508 848 1580 praemittenda
863 1516 906 1566 est
918 1508 968 1566 alia
978 1507 1073 1565 divisio
1088 1499 1144 1564 dis!
1176 1512 1202 1568 in
1222 1513 1379 1584 particulari
1397 1513 1571 1587 designetur,
1587 1515 1620 1572 ad
1635 1531 1717 1588 quam
1732 1515 1860 1588 dirigitur
1876 1514 1985 1587 dispen-

338 1599 502 1674 pensationis
522 1598 547 1654 in
567 1613 724 1670 expressam
746 1605 774 1656 et
788 1599 913 1654 tacitam:
930 1613 1060 1669 expressa
1074 1597 1140 1655 dici·
1177 1603 1265 1675 satio,
1285 1604 1343 1659 sive
1361 1603 1386 1660 id
1405 1604 1451 1661 liet
1464 1606 1572 1662 nomine
1587 1605 1708 1678 proprio,
1723 1606 1779 1661 sive
1794 1604 1984 1661 circumlocu-

338 1696 401 1761 tur‚
416 1703 486 1762 quae
507 1681 622 1759 prop'riis
636 1693 665 1744 et
679 1688 781 1760 apertis
796 1686 888 1752 serbis
902 1687 1083 1758 conceditur,
1099 1694 1141 1745 ta·
1177 1691 1249 1748 tiene
1268 1691 1375 1764 aliqua,
1397 1693 1453 1749 sisa
1474 1693 1633 1765 pronomine
1654 1692 1887 1767 demonstrativo,
1908 1694 1984 1750 iuxta

338 1780 391 1836 cita
411 1793 492 1845 vero,
516 1792 586 1849 quae
606 1777 665 1833 aliis
685 1778 769 1850 signis
791 1776 833 1832 rel
850 1775 930 1833 lactis
947 1775 1093 1836 indicatur.
1109 1778 1144 1834 at
1177 1769 1266 1838 varias
1284 1779 1418 1838 scribendi
1432 1789 1481 1838 aut
1495 1782 1622 1856 loquendi
1636 1783 1748 1840 turmas.
1950 1851 1952 1857 A

337 1867 496 1941 explicando
521 1867 586 1924 haec
605 1866 661 1924 duc
676 1868 814 1936 membra,
829 1873 857 1924 et
871 1867 1068 1926 sullicientiam
1083 1868 1141 1926 illo·
1217 1875 1244 1930 l.
1261 1869 1339 1928 Unde
1358 1878 1400 1928 eat
1419 1873 1499 1930 tertio
1520 1872 1749 1946 supponendum,
1769 1871 1803 1930 ad
1818 1872 1940 1931 valerem
1954 1879 1983 1932 et

338 1975 413 2026 rum,
428 1957 497 2015 banc
517 1958 632 2015 iormam
647 1956 817 2014 sufficienter
829 1957 1036 2029 explicabimus.
1177 1959 1360 2017 substantiam
1374 1960 1592 2032 dispensationis,
1605 1964 1686 2020 etiam
1700 1976 1859 2035 expressae,
1874 1977 1929 2019 non
1939 1975 1986 2018 re·‘

378 2053 406 2106 2.
421 2047 500 2105 Circa
522 2061 678 2120 expressam
698 2044 925 2118 dispensationem
946 2047 971 2104 in
986 2047 1080 2120 primis
1094 2047 1141 2104 ad·
1176 2049 1249 2121 quiri
1273 2049 1453 2122 scripturam,
1474 2049 1521 2107 sed
1542 2052 1626 2109 rerba
1646 2067 1693 2109 ore
1713 2051 1821 2124 prolata
1840 2051 1979 2108 suilicere.

336 2145 432 2211 verto,
448 2138 511 2194 licet
534 2135 567 2194 ed
587 2136 660 2195 illem
679 2135 841 2208 regulariter
855 2136 1032 2210 requirantur
1046 2136 1140 2210 verba,
1176 2139 1245 2196 Natu
1260 2141 1282 2196 si
1298 2139 1357 2214 lege
1371 2140 1429 2213 ipsa
1442 2155 1495 2198 nou
1512 2143 1718 2199 estnecessaria
1728 2143 1879 2214 scriptura,
1893 2141 1981 2199 multo

337 2228 411 2285 nulla
429 2235 519 2284 tamen
534 2241 594 2283 esse
607 2225 797 2298 determinata,
813 2227 855 2282 vel
872 2243 905 2284 ex
921 2234 1018 2284 natura
1031 2228 1085 2298 rei,
1101 2225 1142 2284 ael
1177 2230 1266 2285 minus
1280 2231 1333 2286 erit
1346 2231 1501 2287 necessaria
1513 2231 1540 2286 in
1554 2229 1753 2303 dispensatione
1767 2231 1843 2304 legis.
1861 2233 1929 2288 item
1941 2232 1983 2288 in·

338 2321 363 2376 in
378 2320 438 2376 iure
453 2318 487 2374 ad
501 2316 726 2388 dispensationem
744 2316 962 2390 coneedendanu
978 2333 1010 2374 ac
1021 2315 1142 2374 'subinde
1177 2305 1219 2374 l'ra
1240 2319 1435 2392 ostendemus,
1458 2320 1622 2392 scripturam
1638 2337 1691 2378 non
1705 2337 1765 2378 esse
1779 2321 1813 2378 de
1828 2321 1982 2379 substantia

336 2410 382 2468 illa
402 2407 545 2478 sulficere,
561 2422 632 2480 qnae
650 2407 724 2464 iuxta
742 2423 916 2464 communem
930 2423 1029 2476 usum,
1046 2414 1075 2465 et
1087 2406 1142 2464 dis·
1177 2407 1325 2480 privilegii,
1348 2423 1416 2482 ergo
1437 2424 1489 2466 nec
1509 2411 1561 2466 erit
1578 2408 1612 2467 de
1626 2412 1787 2466 necessitate
1801 2410 1981 2482 dispensatio·

337 2500 475 2574 pensantia
496 2498 661 2576 voluntatem
681 2504 709 2552 et
722 2495 849 2555 ellectum
870 2496 1079 2569 dispensationis
1100 2513 1143 2554 sa·
1177 2497 1231 2552 nis.
1247 2498 1367 2569 benique
1382 2497 1487 2556 nullum
1502 2505 1546 2555 est
1557 2500 1611 2570 ius,
1623 2499 1698 2572 quod
1708 2501 1876 2571 scripturam
1889 2500 1981 2573 requi·

337 2591 373 2647 tis
394 2588 513 2646 indicare
532 2587 646 2643 valeant.
671 2585 746 2644 Unde
767 2586 832 2644 licet
848 2586 930 2658 aliqui
948 2586 1054 2658 dicant,
1070 2586 1142 2644 illant
1178 2591 1230 2657 rat,
1244 2592 1272 2643 et
1286 2587 1381 2645 vocale
1396 2589 1511 2645 verbum
1526 2604 1579 2644 non
1593 2593 1637 2645 est
1650 2589 1757 2661 signum
1768 2592 1858 2665 mique
1868 2605 1981 2663 expres-

336 2674 888 2749 esseexpressam·dispensationem,quae
899 2675 1072 2746 perverbum
1081 2673 1142 2732 dis·
1178 2693 1251 2748 aum,
1266 2693 1348 2749 quam
1363 2679 1516 2749 scriptumr
1531 2693 1607 2751 ergo.
1626 2679 1691 2736 iiico
1705 2686 1798 2737 autem
1813 2696 1867 2737 nou
1879 2679 1980 2754 requiri

333 2763 482 2846 pensandi
494 2764 575 2822 datur
585 2771 640 2835 „ut
655 2769 732 2836 patet
744 2779 778 2821 ex
792 2763 906 2821 Rebuilo
918 2765 944 2821 in
956 2766 1049 2822 Pract.
1067 2780 1095 2838 p.
1113 2770 1142 2845 2,
1178 2767 1343 2837 scripturam
1364 2767 1399 2834 ad
1420 2767 1598 2826 substantiam
1618 2767 1845 2840 dispensationis,
1867 2770 1932 2843 quia
1945 2767 1979 2826 nd

337 2862 380 2918 tit.
402 2856 435 2914 de
456 2856 603 2927 dispensat.
619 2869 647 2908 n.
669 2857 718 2925 ¹93
734 2851 908 2910 nibilominira
926 2870 979 2910 non
993 2863 1036 2910 est
1048 2854 1143 2911 intelli·
1177 2855 1364 2925 probationem
1386 2871 1435 2927 pre
1453 2857 1513 2913 iero
1527 2863 1641 2914 externo
1661 2859 1761 2930 poterit
1778 2873 1840 2916 asae
1854 2874 1980 2916 necessa-

335 2946 469 3024 gendum,
486 2943 558 3002 illam
580 2942 665 2999 solam
683 2953 744 2998 essa
757 2957 926 3014 expressam,
942 2941 967 2999 id
981 2943 1053 3000 enim
1068 2943 1143 3000 nullo
1177 2943 1228 3016 ria,
1243 2950 1271 3000 et
1285 2945 1449 3017 regulariter
1463 2945 1507 3001 illa
1517 2945 1692 3018 postulaturs
1705 2947 1751 3005 illa
1761 2962 1825 3004 vero
1836 2946 1979 3005 deficiente

335 3035 543 3110 iurepmbuuq
560 3031 1088 3105 etsuntaliaaerbavelaequivalentia,
1102 3037 1142 3094 vel
1177 3033 1245 3089 aliae
1266 3034 1442 3106 probationes
1463 3041 1595 3108 poterunt
1616 3037 1763 3110 sullloare,
1784 3038 1834 3094 nisi
1849 3037 1874 3093 in
1888 3037 1979 3111 aliquo

334 3127 518 3196 sufficieutia,
541 3123 605 3180 lieet
626 3137 679 3178 non
694 3123 749 3179 siut
764 3128 820 3178 tam
834 3122 920 3194 clara,
938 3129 968 3179 ut
982 3121 1091 3180 denaus
1106 3121 1142 3177 li·
1176 3138 1244 3181 casu
1264 3123 1325 3194 plus
1345 3125 1453 3181 in·iurc
1475 3127 1645 3198 requiratur.
1661 3128 1719 3183 lme
1732 3126 1878 3200 aliquando
1892 3129 1977 3184 etiam

335 3219 477 3282 centiam,
496 3211 694 3287 indulgemus,
712 3218 740 3268 et
753 3212 889 3269 interdum
909 3219 1001 3284 posset
1013 3211 1142 3270 sufficere
1177 3220 1339 3286 potestesse
1352 3215 1508 3272 necessaria
1521 3212 1684 3288 dispensatio
1698 3218 1813 3289 scripta,
1827 3223 1858 3274 ut
1870 3219 1897 3272 in
1909 3231 1978 3273 con·

334 3307 449 3364 verbum
460 3305 673 3380 pernrtttimus,
687 3317 752 3359 cum
763 3317 797 3360 ex
808 3303 922 3358 materia
931 3302 1095 3376 constiterit,
1107 3302 1142 3361 de
1175 3303 1287 3360 seientia
1300 3303 1381 3362 liceat
1394 3303 1437 3361 illa
1451 3306 1501 3361 uti:
1518 3305 1565 3362 sed
1579 3305 1631 3363 hoc
1647 3322 1702 3362 nou
1716 3305 1796 3362 habet
1806 3307 1913 3379 locum,
1925 3305 1976 3362 nisi

334 3413 390 3470 quo
400 3410 502 3470 genere
513 3392 698 3467 permissionis
710 3393 855 3449 sitserrno.
865 3392 986 3450 Verbum
997 3407 1063 3466 ergo
1076 3408 1141 3464 pro·
1175 3391 1201 3448 in
1218 3392 1327 3449 casibus
1341 3394 1367 3449 in
1383 3393 1442 3451 iure
1456 3394 1610 3466 expressis,
1625 3393 1773 3466 dequibus
1789 3393 1872 3452 rideri
1887 3401 1980 3466 potest

333 3486 424 3559 prium
446 3480 695 3558 dispensandam
709 3481 871 3555 regulariter
886 3485 1017 3542 usitatum
1035 3483 1062 3539 in
1080 3484 1140 3540 iure
1174 3481 1269 3539 Glossa
1281 3483 1307 3538 iu
1321 3497 1383 3555 cap.
1403 3487 1428 3552 t,
1444 3479 1636 3556 §postquem
1652 3483 1736 3540 aerbo
1750 3486 1784 3540 s'n
1798 3485 1928 3558 scriptis,
1942 3483 1977 3540 de

331 3584 360 3633 at
373 3575 513 3647 rescriptis
526 3573 701 3642 Pontificum,
715 3579 743 3629 et
756 3571 815 3629 ideo
831 3575 940 3644 ponitur
954 3573 1033 3648 quasi
1047 3588 1140 3630 exem·
1174 3570 1278 3627 censib.
1299 3573 1326 3626 iu
1348 3574 1375 3628 a.
1392 3569 1521 3644 idemque
1535 3578 1589 3642 est,
1604 3571 1713 3644 quando
1728 3572 1874 3630 Pontifices
1887 3572 1913 3628 in
1929 3571 1977 3629 ali·

333 3665 392 3740 piar
408 3665 532 3734 aliorum,
545 3677 615 3736 quae
626 3661 660 3720 ad
671 3676 829 3734 expressam
839 3662 1071 3735 dispensationem
1081 3664 1139 3720 sui·
1174 3659 1274 3734 quihus
1294 3659 1374 3717 basilis
1395 3661 1542 3734 reqtu'runt
1563 3659 1699 3718 licentiam
1714 3661 1740 3718 in
1756 3663 1865 3734 scriptis
1879 3663 1976 3721 obten-

333 3740 438 3823 liciuni,
455 3767 509 3809 uon
523 3758 556 3810 ut
570 3751 729 3823 simpliciter
742 3753 940 3810 necessarium.
1173 3755 1241 3820 tam,
1258 3755 1289 3806 ut
1302 3747 1433 3806 habemus
1447 3747 1603 3821 exemplum
1617 3749 1644 3806 in
1657 3749 1729 3807 Trid.
1747 3766 1815 3808 sess.
1832 3756 1885 3824 25,
1902 3767 1928 3810 ο.
1947 3757 1975 3824 5,

373 3849 400 3902 3.
409 3843 509 3902 Deinde
520 3842 645 3912 adserto,
658 3841 692 3898 ad
704 3840 774 3898 banc
786 3841 1014 3913 dispensationem
1024 3857 1138 3914 expres·
1172 3837 1206 3895 de
1220 3837 1341 3911 regular.
1358 3844 1436 3895 extra
1449 3838 1499 3895 bos
1514 3853 1578 3896 rere
1592 3855 1676 3897 casus
1690 3841 1774 3898 rerba
1792 3840 1974 3914 dispensantis

334 3939 392 3992 sam
411 3931 596 3990 necessarlum
618 3945 695 3999 ease,
718 3936 751 3987 ut
769 3932 882 3988 materia
896 3932 955 3987 eius
970 3931 1138 3988 sullicianter
1173 3927 1324 3985 sufficiunt.
1347 3929 1423 3984 Tunc
1444 3942 1511 4000 ergo
1525 3929 1591 3985 sutis
1602 3938 1646 3986 est
1659 3929 1802 4004 designare
1817 3945 1973 4005 persomm,

333 4024 512 4096 exprimatur,
526 4019 551 4076 id
565 4026 619 4089 est,
635 4018 667 4076 dc
682 4034 737 4092 qua
752 4019 927 4092 obligatione,
943 4018 1013 4093 lege,
1026 4026 1074 4077 eut
1089 4020 1137 4076 im·
1172 4017 1217 4074 cui
1237 4017 1266 4072 tit
1284 4017 1450 4089 dispensatio
1471 4033 1520 4089 per
1539 4019 1616 4092 signa
1632 4019 1769 4092 quaelibet
1789 4013 1976 4100 determinati·

332 4113 502 4188 pedimeutc,
519 4108 560 4166 sel
581 4108 747 4165 inhabilitate
762 4107 843 4166 detur
857 4109 1034 4182 dispensatio,
1049 4115 1077 4168 et
1090 4113 1137 4169 cui
1172 4120 1206 4163 tt
1227 4112 1254 4163 el
1271 4106 1442 4179 designativa
1462 4106 1611 4178 individui,
1634 4116 1666 4165 ut
1686 4107 1874 4167 resedimus
1891 4111 1971 4178 lauis,

332 4200 502 4269 detunouia
516 4197 581 4255 alias
603 4198 717 4254 verbum
738 4195 932 4271 dispensandi
953 4215 1005 4257 non
1026 4199 1138 4259 haberet
1171 4196 1239 4262 tibi,
1260 4205 1316 4254 etc.
1339 4197 1368 4252 lu
1389 4197 1615 4270 scripturaram
1637 4198 1771 4256 ordinarie
1785 4202 1973 4258 necessarium

332 4291 397 4349 satis
411 4289 615 4348 determinatam
626 4296 655 4344 et
665 4286 829 4344 individuum
851 4288 1085 4363 significationem,
1108 4296 1137 4348 et
1169 4292 1213 4342 ast
1232 4287 1373 4342 nominare
1388 4302 1543 4358 personam,
1559 4286 1601 4344 rel
1616 4285 1650 4344 ad
1663 4288 1736 4345 illam
1750 4289 1835 4346 semel
1849 4291 1974 4347 nomina·

331 4383 369 4440 ita
380 4380 443 4438 nihil
454 4385 548 4452 posset
558 4376 794 4450 mesammones
803 4383 894 4434 autern
906 4385 1137 4450 necesse,utma·
1169 4381 1225 4444 itm
1243 4375 1424 4432 sufficientem
1442 4374 1533 4432 lucete
1551 4375 1720 4440 teltlicncm·
1741 4380 1860 4436 Peranna
1876 4385 1972 4438 autem

331 4473 401 4530 teria
416 4467 625 4542 dispensationis
638 4466 764 4539 specifice
778 4483 887 4540 seraper
901 4467 1070 4544 declaretur,
1086 4470 1134 4530 sad
1169 4463 1326 4538 dispensans
1346 4465 1372 4522 in
1386 4465 1473 4522 torma
1487 4467 1590 4539 scripta
1604 4467 1757 4524 necessario
1773 4473 1817 4525 eat
1830 4471 1973 4526 nominau-

331 4567 422 4635 putest
436 4558 564 4616 subicere
574 4553 700 4630 generale
709 4557 835 4628 verbum,
848 4563 879 4614 ut
889 4556 1025 4634 dispersae
1034 4564 1133 4618 iesum
1168 4552 1214 4628 da,
1231 4555 1257 4612 in
1271 4554 1373 4616 verbali
1387 4561 1480 4615 autem
1494 4557 1672 4613 concessione
1683 4556 1749 4613 satis
1759 4564 1814 4630 est,
1826 4557 1901 4630 quod
1911 4559 1970 4631 ipsa

329 4655 363 4708 in
381 4663 564 4724 quocumque
584 4644 821 4720 irregularitate,
838 4645 883 4704 cel
896 4649 929 4704 ln
943 4650 1134 4724 intpedimen-
1167 4644 1307 4717 loquatur,
1321 4652 1350 4703 et
1365 4646 1480 4703 verbum
1492 4646 1525 4702 de
1536 4639 1672 4719 praesenti
1683 4647 1816 4728 proterat,
1827 4655 1902 4706 utex
1912 4665 1971 4707 ma·

330 4745 375 4808 to,
397 4743 423 4796 sl
438 4736 516 4813 quod
526 4736 627 4798 laubos,
644 4735 690 4792 uel
704 4735 776 4810 quid
789 4735 896 4794 simile.
911 4738 979 4794 Nam
994 4738 1041 4809 id,
1056 4737 1132 4812 quod
1168 4736 1235 4792 teria
1248 4735 1330 4792 etism
1343 4734 1377 4792 de
1391 4737 1569 4793 sacramentis
1584 4741 1703 4793 constat.

332 4832 358 4890 in
372 4828 492 4904 generali
508 4826 654 4885 cerberum
669 4826 860 4898 significatione
876 4826 1130 4902 comprehenditur,
1205 4824 1308 4893 Quarto
1321 4821 1444 4897 adverto,
1461 4823 1606 4882 nonnullos
1617 4830 1746 4883 auctores
1759 4825 1867 4900 dixisse,
1879 4826 1913 4884 de
1923 4843 1971 4886 ne·

330 4928 462 4980 censetur
475 4920 556 4977 etiarn
570 4931 746 4988 expressum,
764 4915 827 4974 licet
842 4932 893 4973 uon
910 4919 945 4973 sit
958 4917 1130 4990 specificam,
1166 4915 1293 4973 cessitate
1308 4914 1388 4971 buius
1402 4914 1504 4972 iormee
1518 4929 1595 4987 esse,
1613 4921 1643 4973 ut
1658 4929 1673 4972 a
1688 4915 1816 4989 petitione
1830 4915 1970 4988 dispensa·

330 5014 410 5072 iuxta
430 5009 519 5068 Glosa.
539 5007 566 5064 in
582 5005 599 5062 l.
616 5008 743 5074 Lucius,
762 5005 789 5063 il'.
805 5004 839 5063 de
852 5005 960 5080 vulgar.
977 5007 1060 5063 serbe
1073 5022 1133 5064 nen
1166 5005 1247 5063 tionis
1268 5003 1430 5074 inchoatur,
1452 5007 1516 5078 quia
1535 5004 1699 5077 dispensatio
1721 5023 1775 5064 nou
1794 5006 1876 5064 detur
1890 5014 1968 5066 motu

330 5099 517 5165 summram,
532 5101 560 5154 et
570 5101 646 5154 notat
658 5096 710 5154 late
723 5095 808 5154 multa
819 5095 960 5169 allegando
968 5095 1059 5170 Tirnq.
1069 5101 1132 5168 post
1165 5096 1286 5168 proprio,
1301 5094 1348 5152 sed
1365 5101 1472 5153 tanturn
1488 5096 1633 5169 postulata.
1649 5096 1718 5164 Quia
1728 5111 1793 5154 eum
1804 5096 1969 5170 dispensabo

330 5191 403 5263 leges
418 5185 607 5255 connubiales,
623 5185 711 5243 Gloss.
725 5189 752 5259 i,
765 5201 841 5242 num.
857 5189 903 5258 86,
917 5187 964 5255 at,
975 5191 1003 5242 et
1013 5200 1131 5258 sequen·
1165 5185 1200 5243 sit
1212 5185 1281 5243 iuris
1295 5184 1444 5258 relaxatio,
1459 5200 1514 5242 nun
1528 5185 1609 5242 debet
1622 5185 1748 5258 princeps
1763 5187 1873 5258 proprio
1889 5195 1968 5244 motu

331 5282 381 5342 tib.
403 5280 438 5340 Et
456 5280 483 5337 in
503 5277 640 5354 praesenti
660 5281 704 5335 eet
722 5276 910 5351 manitestum,
925 5274 989 5351 quis
1001 5289 1133 5350 expressa
1164 5289 1225 5335 eam
1244 5275 1413 5352 concedere,
1429 5275 1477 5336 sed
1491 5282 1621 5352 rogatus,
1635 5281 1665 5334 et
1677 5275 1758 5351 quasi
1772 5283 1906 5350 coactus,
1923 5293 1968 5336 er·
