4232 6220
879 376 1074 428 cinnamis.
1679 363 1742 428 673

144 510 188 561 set
204 501 340 560 difficilior
361 502 463 560 homini
484 502 637 560 secundum
659 519 738 561 suam
753 511 878 560 naturam
891 517 950 574 spe·
980 519 1040 558 uou
1053 506 1106 576 est,
1119 507 1245 560 ueterem
1259 501 1357 561 locum
1371 503 1480 561 habero
1493 520 1552 562 uou
1562 519 1658 582 posse.
1675 504 1779 562 bicitur

142 598 227 670 ctuto.
250 593 351 650 Tamen
371 595 437 666 quia
458 591 524 648 haec
547 593 588 650 lex
610 608 704 650 aecum
725 593 802 649 allert
822 591 948 664 spiritum
977 591 1049 648 anim
1065 590 1106 648 lex
1121 598 1201 650 vetus
1215 608 1275 650 esse
1290 593 1317 650 in
1331 595 1778 668 novatanquamlnsuocomple·

123 675 247 756 'gratiae
268 688 297 738 et
316 682 457 754 caritatis,
479 682 541 739 ideo
561 687 692 756 respectu
706 680 790 739 huius
804 689 893 739 status
907 687 950 737 est
977 688 1089 748 mento;
1112 690 1140 739 et
1157 683 1221 756 quia
1242 699 1312 757 quae
1334 685 1361 740 in
1375 685 1421 741 illa
1434 691 1514 742 erant
1528 685 1551 741 in
1568 685 1667 758 ligura,
1684 685 1710 740 in
1726 684 1777 742 hac

142 776 254 829 suavior
272 779 300 828 at
321 772 436 844 facilior,
458 787 541 845 quam
563 772 605 829 lex
625 777 705 828 setus
726 777 801 828 esset
818 777 947 843 respectu
977 777 1042 827 sunt
1062 771 1087 826 in
1112 772 1241 843 veritate3
1265 774 1377 846 etquis
1397 773 1471 846 quod
1484 773 1529 831 illa
1543 773 1694 846 inchoavit,
1711 767 1778 830 haec

141 878 257 920 suorum
272 861 455 920 subditorum.
473 862 506 917 Et
521 861 572 918 hoc
589 860 668 918 modo
681 860 748 919 dixit
761 862 836 918 loan.
858 866 882 918 t.
901 877 947 917 ca·
976 858 1097 930 perfecit.
1114 859 1192 917 Unde
1211 861 1292 918 etiam
1314 862 1382 919 dixit
1399 864 1524 934 Aponius
1538 862 1607 919 libro
1623 869 1649 921 5.
1665 865 1693 920 in
1707 864 1776 919 Can-

141 955 239 1009 nonica
250 953 339 1024 capite
354 949 538 1026 amandato
552 951 665 1008 Christi
679 967 739 1008 nou
753 965 814 1007 esse
827 953 943 1024 prootu
975 948 1030 1005 tica
1043 950 1117 1005 circa
1131 950 1157 1007 id
1173 951 1264 1006 Tenui
1277 950 1475 1018 eum,etc.leu
1488 951 1585 1010 luctet
1598 952 1774 1020 Ecclesiam,

141 1043 234 1115 utique
254 1045 371 1111 amanti,
392 1048 423 1098 ut
437 1042 503 1098 dixit
517 1043 637 1114 August.
653 1041 686 1098 de
701 1043 799 1098 Natur.
816 1047 844 1097 ct
859 1041 946 1113 gratia
974 1039 1076 1110 pretio
1094 1045 1226 1112 peuerot.
1243 1040 1310 1096 Hinc
1332 1040 1450 1114 denique
1466 1041 1565 1100 dicitur
1578 1041 1627 1116 ‚lex
1641 1059 1712 1102 nova
1727 1043 1777 1101 iru-

139 1145 201 1202 cap.
220 1137 272 1204 69,
294 1133 358 1205 quia
372 1133 476 1188 emula
489 1145 595 1198 suevo,
613 1136 641 1188 et
653 1127 947 1200 tmmuulu,suctliu
974 1125 1092 1197 pluvisse
1112 1134 1252 1194 veterem,
1274 1129 1338 1201 quia
1358 1129 1490 1203 quidquid
1505 1145 1554 1203 per
1574 1131 1648 1189 illam
1663 1135 1779 1204 promis·

138 1227 167 1278 et
176 1237 270 1296 prope
282 1221 371 1280 uullo
383 1219 474 1293 efficit
483 1232 582 1294 amor,
599 1227 630 1278 ut
640 1220 712 1278 idem
722 1211 892 1293 Augustinus
905 1219 945 1277 di·
974 1231 1054 1288 sum,
1078 1223 1107 1273 et
1120 1216 1315 1275 adumbratum
1329 1225 1383 1291 est,
1399 1221 1426 1276 in
1440 1236 1511 1276 nora
1525 1227 1568 1277 est
1580 1220 1733 1294 impletum,
1748 1229 1777 1279 et

138 1313 177 1368 xit
191 1327 274 1368 serm.
293 1316 342 1370 ta.
359 1310 392 1368 de
406 1311 549 1382 Tempore,
564 1317 594 1368 et
607 1311 643 1368 ita
654 1312 734 1367 etiarn
747 1309 799 1367 hoc
813 1309 945 1382 explicuit
973 1306 1036 1379 qula
1046 1321 1095 1378 per
1109 1321 1207 1364 novam
1220 1308 1309 1379 legem
1321 1316 1400 1366 vetus
1413 1309 1553 1382 antiquata
1564 1315 1616 1378 est,
1630 1310 1696 1384 quia
1708 1318 1775 1368 tem-

138 1401 257 1458 Hilarius
272 1415 372 1458 canon.
392 1404 434 1458 ll.
451 1401 476 1456 in
491 1400 586 1457 llatth.
604 1409 633 1457 et
646 1400 748 1472 optime
769 1405 869 1457 auctor
892 1399 943 1455 lm·
972 1411 1025 1467 pus
1039 1399 1098 1453 eius
1113 1398 1166 1457 iam
1180 1404 1241 1464 crat
1255 1396 1446 1478 impletum,et
1460 1401 1519 1456 eius
1532 1399 1633 1457 utilitas
1645 1402 1699 1457 iam
1715 1415 1777 1457 ces·

137 1490 253 1562 perlecti
267 1489 361 1547 homil.
378 1494 426 1547 28.
446 1491 472 1546 in
485 1489 662 1548 hlatthaeum.
972 1492 1092 1560 suaerat,
1108 1495 1140 1544 ut
1153 1487 1183 1544 d.
1193 1487 1313 1545 Thomas
1328 1504 1412 1559 supra
1426 1487 1545 1561 explicat
1559 1497 1611 1546 art.
1621 1494 1647 1546 3.
1658 1490 1698 1546 Ex
1713 1491 1774 1562 qui-

180 1583 223 1639 tc.
240 1579 431 1636 Decimotertio
451 1579 559 1637 excedit
581 1580 624 1637 lex
645 1595 715 1637 nora
730 1586 861 1652 veterem,
876 1579 941 1652 quia
971 1575 1024 1632 bus
1048 1577 1129 1633 etiam
1153 1576 1218 1633 licet
1235 1576 1381 1651 colligare,
1396 1578 1422 1633 in
1436 1577 1496 1651 lege
1509 1594 1581 1638 nova
1594 1579 1775 1637 excellentius

135 1675 179 1726 est
192 1668 252 1725 huis
270 1667 355 1742 illius,
367 1674 396 1725 et
408 1674 488 1726 vetus
501 1668 555 1726 luit
567 1667 781 1741 dispositio,seu
797 1683 942 1740 praepara·
971 1666 1099 1735 inveniri,
1121 1680 1204 1739 quam
1225 1667 1251 1723 in
1273 1669 1376 1740 veteri,
1392 1667 1450 1724 illas
1471 1669 1653 1741 perfectiones
1666 1669 1774 1728 divinae

135 1759 175 1814 tio
190 1757 223 1814 ad
243 1773 359 1831 noram,
373 1760 449 1816 iuxta
462 1757 531 1815 illud
545 1756 579 1814 ad
592 1760 731 1817 Romanos
744 1773 773 1816 e.
792 1763 840 1817 10:
856 1760 941 1816 diuis
970 1754 1126 1830 legis,quas
1140 1757 1218 1829 ponit
1231 1755 1317 1813 David
1329 1756 1434 1830 psalmo
1452 1761 1495 1816 ta:
1508 1761 1573 1816 Leo
1584 1759 1708 1816 Domini
1717 1762 1775 1816 tm·

134 1845 208 1922 lepis
224 1849 372 1915 Christus,
390 1854 418 1905 et
430 1846 465 1906 sd
476 1847 586 1906 Galatas
601 1864 627 1905 c.
646 1852 674 1906 3.
688 1848 788 1906 dicitur
801 1846 842 1905 lex
857 1848 941 1904 luisse
970 1845 1140 1913 maculato,
1164 1851 1333 1904 couverteua
1346 1849 1478 1914 culmus,
1494 1854 1549 1904 etc.
1567 1854 1599 1905 ut
1619 1847 1671 1905 late
1686 1849 1773 1921 expli·

134 1936 312 2010 paedagogus
326 1952 493 2011 praeparans
507 1937 540 1994 ad
552 1937 739 2008 Christum,et
753 1940 793 1996 sic
808 1935 875 1996 dixit
885 1941 941 1996 Au·
970 1936 1031 1994 cuit
1041 1936 1166 2012 Lyranus
1179 1935 1254 1996 dicta
1267 1936 1435 2010 praelatione
1449 1936 1483 1994 ad
1494 1937 1772 2012 evangelia-benique

134 2031 265 2098 gustinus
289 2027 359 2084 libro
379 2032 402 2084 t.
429 2028 463 2084 de
477 2028 568 2086 Gratia
587 2028 708 2100 Christi,
734 2043 796 2101 cap.
816 2031 860 2088 la:
876 2032 941 2088 Lex
969 2025 992 2081 si
1006 2031 1168 2098 spectentur
1182 2025 1353 2084 conditiones
1367 2027 1445 2101 legis,
1458 2043 1528 2102 quas
1541 2026 1608 2084 alias
1618 2030 1711 2102 posuit
1723 2028 1773 2086 lsi·

133 2114 211 2173 doto
231 2119 287 2184 eu,
308 2121 343 2174 ut
355 2119 460 2190 pretio
473 2122 678 2190 quaereretur.
695 2116 796 2176 Deinde
811 2118 875 2176 hinc
891 2135 938 2178 na·
968 2119 1076 2189 dorus,
1101 2113 1227 2188 scilicet,
1251 2115 1327 2190 quod
1346 2117 1383 2173 sit
1395 2116 1521 2190 honesta,
1537 2117 1690 2192 possibilis,
1707 2117 1769 2176 loco

132 2206 223 2263 scitur
240 2204 445 2280 decimaquarta
461 2207 652 2280 praerogativa
667 2206 737 2281 legis
752 2223 854 2282 novae,
875 2225 939 2267 nam
969 2205 1139 2278 temporique
1154 2206 1330 2281 conveniens,
1343 2206 1771 2282 utilis,uecessaria,perspicua,

131 2303 212 2353 setus
235 2295 288 2352 luit
301 2297 389 2368 ligura
402 2311 507 2370 norae,
523 2299 587 2370 quia
601 2297 693 2354 omnia
706 2297 751 2356 illa
765 2307 939 2358 sacramenta
968 2310 1001 2352 ac
1025 2295 1117 2353 breris
1131 2339 1138 2368 ,
1162 2297 1190 2353 ln
1210 2297 1337 2355 omnibus
1351 2298 1507 2355 invenietur
1521 2298 1590 2356 haec
1604 2297 1648 2355 lea
1663 2314 1770 2356 summe

132 2385 248 2442 inerunt
271 2385 385 2442 umbrae
406 2385 583 2457 luturorum,
605 2393 637 2444 ut
654 2387 692 2444 ait
704 2386 817 2445 Paulus.
833 2387 938 2448 Undea
967 2384 1106 2459 perlecta,
1127 2393 1156 2444 et
1174 2401 1228 2443 non
1243 2387 1335 2445 solum
1348 2387 1437 2462 legem
1451 2394 1582 2460 rehum,
1598 2388 1646 2445 sed
1661 2404 1771 2446 omnem

131 2488 270 2532 converso
288 2473 331 2531 lea
344 2489 414 2532 nova
428 2481 607 2546 comparatur
618 2474 652 2533 ad
665 2483 937 2552 reteremtamquam
966 2474 1047 2532 etiarn
1067 2474 1167 2548 aliam,
1188 2491 1258 2550 quae
1278 2475 1432 2550 prudenter
1446 2479 1564 2552 cogitari
1577 2477 1675 2552 possit,
1695 2485 1772 2536 ante-

132 2565 236 2621 reritas
252 2562 286 2621 ad
302 2564 443 2637 umbram,
463 2565 539 2622 iuxta
552 2565 634 2622 illud:
654 2567 835 2642 Verttosper
852 2569 937 2628 Clari·
965 2563 1076 2622 cellere.
1098 2565 1281 2634 Quamobrem
1303 2569 1386 2625 etiam
1409 2569 1462 2640 ipsi
1486 2568 1596 2625 hebraei
1623 2569 1767 2626 veritatem

130 2659 211 2712 stum
226 2651 320 2726 sactu
338 2659 392 2712 ert.
407 2655 443 2711 Et
462 2654 502 2712 sic
522 2656 606 2712 etiam
619 2654 687 2714 dixit
700 2657 872 2731 Augustinus
890 2663 935 2716 tc.
966 2653 1037 2712 hanc
1058 2664 1252 2730 agnoverunt,
1276 2663 1307 2713 ut
1320 2657 1432 2732 intelligi
1445 2664 1539 2729 potest
1551 2675 1585 2716 ex
1599 2659 1683 2717 Paulo
1698 2660 1768 2716 Bur·

133 2744 311 2818 decivitate,
332 2760 360 2801 c.
377 2748 425 2812 26,
442 2751 521 2802 retus
536 2746 741 2804 testamentum
757 2747 936 2804 obumbrasse
965 2748 1044 2818 gensi
1064 2748 1092 2803 in
1112 2745 1196 2803 addit.
1218 2746 1251 2803 ad
1270 2746 1354 2805 Hebr.
1375 2751 1400 2819 l,
1416 2746 1462 2805 ubl
1481 2748 1565 2807 relert
1578 2749 1703 2808 Glossam
1720 2749 1770 2809 he·

131 2851 253 2907 norum,
277 2841 306 2892 et
325 2837 352 2891 in
373 2833 426 2892 hoc
447 2837 539 2892 omnia
559 2851 689 2894 resonare
703 2837 860 2896 noviutcm.
878 2841 935 2896 luto
965 2834 1041 2892 braei
1055 2835 1199 2893 cuiusdam
1214 2852 1299 2907 super
1312 2837 1337 2892 id
1351 2836 1535 2895 Ecclesiastes
1551 2843 1574 2896 l:
1591 2839 1767 2898 Omutuuu·

130 2925 193 2982 ideo
212 2923 330 3000 (iuquit)
345 2923 411 2982 illud
429 2923 532 2982 dicitur
547 2932 643 2995 vetus,
663 2929 736 3000 putu
748 2931 791 2985 cst
805 2926 936 2986 occultu·
964 2928 1053 2994 ultus,
1072 2926 1218 2984 dicentem:
1234 2925 1339 2985 Omrstr
1353 2925 1411 2994 lec,
1428 2943 1521 3000 quum
1536 2925 1720 2988 addiscimus
1734 2933 1768 2986 tu

129 3019 171 3073 tto
186 3017 264 3085 unet,
281 3021 311 3072 et
328 3013 381 3072 hoc
395 3029 510 3086 novum,
520 3019 593 3088 pulo
606 3022 649 3074 est
662 3019 768 3074 veteris
780 3016 932 3075 revelatio.
959 3019 1115 3091 procreati
1128 3021 1271 3091 tempore,
1286 3033 1369 3075 cauo
1387 3023 1430 3075 eat
1447 3021 1583 3092 respecuc
1595 3017 1669 3094 lepis
1685 3020 1765 3078 Mes·

130 3107 167 3164 Et
179 3105 242 3163 hinc
259 3107 341 3164 etiam
355 3103 454 3162 dicitur
468 3105 511 3163 lex
521 3121 592 3163 nora
607 3105 691 3163 luisse
701 3112 833 3164 contenta
848 3109 874 3165 in
889 3123 934 3164 ve·
964 3109 1039 3164 alae.
1055 3108 1124 3164 Nam
1148 3107 1213 3164 licet
1236 3122 1287 3164 suo
1307 3114 1430 3178 tempore
1444 3107 1517 3165 utilis
1530 3107 1624 3182 luerit,
1642 3125 1707 3166 cum
1722 3116 1765 3167 ta·

129 3199 192 3268 tert,
208 3196 251 3253 vel
266 3202 400 3269 unquam
414 3197 441 3252 iu
455 3195 572 3268 imagine
586 3202 615 3254 et
628 3197 728 3270 ligura,
744 3198 786 3254 vet
801 3205 933 3273 tanquam
963 3212 1025 3254 men
1045 3195 1151 3254 salvare
1170 3197 1294 3254 homines
1310 3212 1364 3253 non
1376 3203 1486 3270 posset,
1501 3213 1553 3256 nec
1568 3198 1602 3256 ad
1616 3198 1766 3258 beatitudi-

129 3287 156 3342 iu
177 3287 299 3359 semine,
321 3291 353 3343 ut
365 3285 497 3358 explicuit
509 3285 590 3343 dirus
604 3286 722 3345 Thomas
731 3285 806 3345 dicta
819 3304 848 3362 q.
865 3293 930 3361 tot,
963 3302 1024 3344 nem
1037 3286 1228 3360 introducere,
1239 3302 1309 3345 rana
1318 3295 1401 3358 esset,
1411 3287 1462 3346 uisi
1474 3305 1524 3362 per
1534 3288 1676 3348 christum
1686 3305 1764 3348 com-

127 3381 184 3432 srt.
200 3380 228 3449 3,
248 3390 283 3431 ex
301 3376 416 3448 Gregor.
433 3374 527 3432 homil.
545 3379 573 3433 6.
595 3376 620 3432 in
636 3375 772 3434 Ezechiel.
788 3384 818 3435 et
835 3380 930 3452 Augu·
963 3375 1101 3451 piaretur,
1122 3377 1168 3450 qui
1188 3384 1217 3435 et
1236 3376 1369 3450 sanguine
1383 3393 1434 3435 suo
1447 3378 1543 3438 ianuas
1558 3379 1627 3437 coeli
1645 3381 1764 3455 aperuit,

128 3466 220 3522 sunus
238 3466 612 3538 19.cont.Faustum,c.28.
626 3466 683 3522 Alia
698 3481 762 3524 reso
776 3467 879 3525 ratione
890 3466 931 3526 di·
962 3473 990 3523 et
1010 3467 1121 3526 initiavit
1140 3469 1219 3524 nobis
1237 3467 1309 3524 viam
1329 3483 1443 3541 novam,
1460 3469 1557 3527 relicta
1570 3470 1632 3545 lege
1650 3473 1764 3545 gratiae,

126 3559 168 3614 xit
180 3555 284 3613 Victor.
303 3554 484 3612 antiochenus
498 3554 539 3628 'ad
556 3570 620 3628 cap.
637 3558 664 3614 l.
681 3557 778 3614 hercl:
796 3559 833 3614 Iu
851 3573 932 3616 uoou
962 3573 1011 3631 per
1034 3574 1117 3632 quam
1142 3557 1214 3616 illam
1236 3559 1383 3632 consequi,
1402 3565 1431 3616 et
1444 3559 1470 3616 in
1484 3561 1587 3619 Sancta
1602 3568 1762 3621 sanctorum

125 3643 189 3720 lepe
208 3649 334 3703 ueterem
357 3646 451 3703 teucri
473 3643 641 3714 iacturum,
665 3652 693 3703 et
707 3645 774 3705 ideo
787 3647 838 3706 ubi
853 3665 931 3707 ucou
962 3655 1090 3708 aeternae
1104 3647 1278 3708 beatitudinis
1291 3649 1410 3708 introire
1424 3650 1577 3710 valeamus.

734 4160 820 4220 lillis
839 4161 1004 4224 SECUNDAE
1027 4159 1161 4224 cautla.

187 5433 194 5446 .
214 5403 348 5454 sustantia
356 5401 450 5454 troitus
460 5401 548 5446 -Psrs
557 5401 586 5445 ll.
