4232 6220
886 287 1082 337 euroram.
1682 273 1744 335 ιιι

147 417 348 488 accessorium,
365 417 417 472 nisi
432 414 675 484 aliunde-constet,
692 413 795 471 directe
809 419 837 470 ιι
849 413 954 484 specia—
989 411 1022 467 de
1051 409 1280 482 promissionibus
1303 409 1467 483 specialibus
1496 410 1566 470 illius
1592 413 1673 487 legis,
1695 414 1793 470 debant

146 505 209 562 liter
229 504 350 562 ablatum
364 519 441 572 essa,
462 520 511 562 seu
526 503 669 560 remissurn
685 503 720 560 ab
734 517 785 574 eo,
801 504 849 574 qui
866 502 952 582 legem
988 503 1059 558 enim
1084 500 1220 572 operibus·
1235 499 1306 556 illius
1322 499 1403 572 legis,
1421 505 1450 556 ut
1463 508 1542 558 erant
1556 501 1626 558 illius
1640 503 1789 574 impletive,

117 596 126 614 '
145 594 226 666 tulit,
247 593 290 650 ιιι
304 594 369 651 alias
383 593 538 650 breviorem
553 595 700 651 terminum
715 608 776 649 esse
790 595 912 664 positum
927 593 951 647 in
989 597 1017 647 et
1028 605 1076 661 par
1088 588 1279 660 medumpaeti
1292 589 1419 657 mutui,at
1429 588 1786 664 ideocessaoteobligetiooa

146 683 207 756 lega
226 683 300 742 circa
323 685 520 756 impositionem
537 699 654 756 poenae,
670 687 757 754 quani
769 681 949 756 obligationis,
987 694 1020 736 er
1040 686 1116 751 parte
1137 679 1217 735 unius
1238 678 1369 750 extremi,
1392 682 1513 736 cessavit
1526 695 1559 736 ex
1575 687 1650 751 parte
1665 681 1786 737 alterius.

146 782 277 831 neutrum
301 780 393 830 autem
412 775 594 845 inpraesenti
611 774 951 844 invenitur,nequecum
986 771 1054 826 item
1072 768 1141 824 idem
1160 773 1202 829 est
1219 783 1284 823 cum
1303 768 1474 839 proportione
1489 768 1522 824 de
1536 769 1636 825 ellectu
1649 769 1782 840 irritandi3

147 863 325 922 fundamento
349 863 410 936 fingi
429 869 530 935 potest.
547 863 709 919 Declaratur
724 867 874 935 praeterea,
889 859 950 932 quia
987 857 1184 926 namirritatio,
1196 859 1218 911 si
1233 855 1342 912 additur
1358 856 1531 928 prohibitioni
1543 858 1672 928 naturali,
1679 865 1720 914 est
1732 857 1788 913 vel·

146 951 190 1008 rel
213 953 276 1010 laha
291 967 378 1042 poena
398 953 478 1008 fiebat
493 967 541 1022 per
566 953 708 1023 ipsammet
721 951 820 1024 legem,
836 949 877 1006 vel
892 954 952 1004 erat
987 949 1027 1004 ιιιι
1040 945 1174 1019 quaedam
1190 961 1292 1017 poena
1311 953 1338 1002 ιι
1351 961 1377 1001 ιιι
1391 961 1423 1002 ιι
1437 946 1564 1016 ριοιιιιι
1577 947 1646 1003 ratio
1661 946 1748 1004 iacta
1762 950 1786 1004 si

148 1055 197 1113 per
216 1020 337 1098 iudicem
349 1041 522 1112 imponenda.
540 1041 615 1097 Prior
629 1041 684 1096 fieri
699 1042 787 1111 potuit
804 1054 852 1111 per
866 1041 950 1110 ipsam
987 1053 1050 1094 vero
1065 1039 1101 1093 sit
1114 1035 1203 1093 addita
1219 1034 1389 1107 prohibitioni
1405 1035 1530 1106 naturali,
1546 1043 1588 1092 est
1603 1035 1686 1092 veluti
1699 1051 1783 1109 quaa·

147 1130 251 1206 legem,
271 1130 402 1204 quamdiu
416 1130 546 1202 abrogata
560 1146 613 1186 non
627 1129 679 1186 luit
694 1135 805 1202 propter
819 1129 950 1186 rationem
986 1128 1166 1198 dampnare,
1182 1123 1618 1195 etioeaproeeditratioiacta.
1635 1126 1787 1183 siveroeit

146 1219 265 1290 iactam,
287 1221 398 1293 etqttia
415 1235 471 1276 non
491 1227 534 1276 est
548 1220 633 1276 maior
654 1221 723 1276 ratio
738 1218 771 1275 de
788 1218 950 1291 obligatione
976 1217 1075 1274 'addita
1086 1215 1257 1287 prohibitioni
1270 1215 1399 1286 positivae
1410 1213 1532 1270 eiusdem
1545 1213 1623 1288 legis,
1635 1217 1784 1272 intrinsece

147 1308 180 1365 ad
200 1310 326 1382 culpam,
347 1325 432 1382 quam
452 1308 487 1366 ιι
509 1309 561 1365 hoc
577 1309 688 1366 ellectu.
704 1309 843 1365 Posterior
858 1312 951 1363 autem
985 1307 1114 1380 supponit
1127 1306 1209 1374 illam,
1221 1312 1249 1361 ιι
1261 1304 1295 1359 ab
1309 1302 1352 1360 illa
1365 1303 1474 1378 pendet,
1485 1304 1602 1378 ideoque
1615 1305 1658 1362 illa
1672 1321 1785 1417 cessau-

147 1413 233 1472 poena
247 1398 429 1456 inducebatur
442 1413 491 1468 per
505 1399 591 1470 legem
606 1414 657 1469 pro
672 1412 704 1454 eo
720 1405 843 1468 tempore
860 1395 949 1470 quoad
985 1402 1022 1468 te,
1039 1395 1192 1454 necessario
1207 1401 1307 1450 cessat.
1722 1416 1725 1421 ·

148 1494 272 1559 rentum,
292 1486 493 1560 seudebitum·
509 1486 952 1558 eademautemrationepoterat
1023 1491 1049 1544 l.
1070 1486 1168 1553 Quaeri
1187 1499 1249 1539 raro
1274 1482 1782 1556 consequenterpotest,quandolea

146 1578 298 1635 executioni
318 1576 439 1634 mandari
459 1592 506 1647 per
520 1579 695 1650 magistratus
709 1577 781 1633 illius
796 1576 888 1648 populi
903 1592 951 1648 par
985 1575 1030 1632 illa
1044 1575 1166 1631 amiserit
1180 1575 1308 1630 virtutem
1322 1573 1413 1646 quoad
1428 1573 1478 1630 hos
1492 1574 1617 1645 allectus,
1630 1590 1664 1630 an
1680 1575 1787 1632 scilicet

145 1683 190 1734 se,
206 1673 235 1723 ιι
250 1673 384 1738 quantum
398 1674 457 1723 erat
471 1682 505 1723 ex
519 1666 542 1722 ui
557 1665 627 1724 illius
644 1666 721 1738 legis,
737 1666 800 1738 quia
815 1682 868 1721 non
885 1667 951 1723 ami·
984 1667 1010 1722 in
1023 1666 1097 1721 initio
1108 1663 1331 1736 promulgationis
1341 1663 1483 1736 evangelii,
1494 1671 1522 1720 ιι
1533 1679 1581 1734 per
1593 1665 1784 1722 succesionam

144 1763 240 1812 serant
255 1755 471 1812 iurisdictionem
486 1771 580 1823 suam,
600 1756 711 1830 necilla
725 1756 879 1828 respublica
894 1763 950 1814 sta·
984 1762 1013 1813 et
1029 1765 1207 1828 augmentum
1221 1752 1312 1822 illius,
1330 1753 1370 1810 ιιι
1386 1752 1474 1810 solum
1489 1759 1552 1824 post
1565 1761 1783 1811 consummatam

146 1853 206 1903 tum
226 1851 399 1916 mutaverat,
420 1851 451 1901 ut
465 1845 673 1902 ostensum'eet.
689 1846 810 1902 lletiuuit
822 1861 888 1919 ergo
903 1847 950 1903 illa
984 1845 1231 1919 promulgationem
1246 1842 1388 1915 evangelii.
1404 1842 1565 1915 Respondes
1581 1853 1784 1918 consequenter

144 1933 186 1990 les
200 1949 280 1990 suern
301 1934 353 1990 vim
368 1934 522 1990 coactivam
537 1941 594 1990 toto
608 1932 655 1990 illo
666 1941 803 2007 tempore.
984 1935 1018 1993 ad
1032 1935 1117 2008 dicta,
1134 1931 1356 2006 distinguendum
1370 1947 1430 1989 esse
1445 1934 1516 1989 inter
1529 1941 1676 2006 praecepta
1689 1950 1783 1991 caere·

186 2028 217 2081 ’3.
233 2024 274 2081 Ex
288 2039 343 2096 qua
357 2024 421 2080 iicet
434 2023 489 2081 duo
504 2023 612 2082 inlerre.
629 2025 717 2082 Unum
732 2033 784 2094 est,
804 2033 950 2098 praecepta
984 2025 1111 2082 monialis
1128 2030 1156 2080 et
1169 2020 1316 2079 iudicialia.
1332 2022 1367 2078 Et
1381 2021 1415 2079 de
1430 2023 1674 2080 caeremonialibus
1688 2023 1780 2081 dicen·

143 2111 584 2186 illitrslegisirritantiaquaedam
597 2115 778 2182 matrimonia,
787 2114 948 2188 velaliquas
983 2115 1049 2172 dum
1068 2120 1125 2185 est,
1145 2112 1777 2185 adicPentecostesiocepisseamitterehanc

142 2211 318 2272 contractus,
334 2203 454 2260 irritasse
467 2202 527 2259 illos
539 2204 618 2260 etiam
633 2211 696 2276 post
710 2211 825 2261 mortem
836 2206 947 2278 Christi,
983 2205 1145 2275 efficaciam,
1155 2212 1183 2259 et
1193 2218 1327 2260 successu
1340 2203 1469 2275 temporis
1480 2202 1550 2259 illam
1561 2203 1668 2259 omnino
1678 2205 1784 2260 amisis·

143 2290 166 2347 si
180 2294 207 2347 in
225 2290 376 2364 gradibus'
369 2306 396 2347 tn
411 2291 469 2366 lege
484 2277 634 2364 prohibitis
646 2293 689 2350 ιιι
704 2309 768 2350 cum
780 2294 839 2350 aliis
855 2296 947 2352 simili·
983 2313 1013 2353 se
1023 2296 1113 2370 quoad
1125 2296 1250 2352 locorum
1264 2293 1460 2365 extensionem,
1470 2293 1542 2350 sicut
1556 2294 1686 2368 diximus,
1695 2293 1782 2367 legem

122 2386 197 2443 'hus
227 2386 426 2458 impedimentis
449 2387 561 2453 tierent,
583 2385 715 2456 quamdiu
734 2386 777 2442 illa
797 2387 839 2442 lex
856 2384 949 2459 quoad
981 2387 1054 2464 illam
1070 2384 1316 2455 ιιιοιιιιιιιιιιιιιιι,
1329 2398 1391 2439 nam
1406 2382 1498 2455 quoad
1513 2383 1586 2440 hunc
1598 2384 1783 2442 ellectumea

142 2477 334 2549 obligationem
353 2473 949 2550 abrogatanoninit.liatioest,quiaquam·
982 2456 1043 2536 dem
1062 2485 1104 2534 est
1122 2475 1281 2549 proportio,
1307 2482 1337 2530 ut
1355 2475 1476 2530 rationes
1494 2473 1581 2530 iactae
1601 2475 1724 2545 probant.
1746 2479 1780 2534 ht

141 2566 189 2624 diu
202 2566 355 2625 habuerunt
374 2567 428 2623 vim
440 2565 473 2623 ad
485 2565 672 2638 obligandum,
685 2565 726 2621 vel
739 2565 947 2639 prohibendum,
983 2585 1048 2626 vero
1069 2565 1159 2640 quoad
1183 2569 1329 2636 praecepta
1349 2561 1484 2620 iudicialis
1505 2578 1558 2618 non
1577 2564 1666 2635 coepit
1679 2563 1723 2620 illa
1738 2563 1779 2620 lea

141 2654 298 2714 babuerunt
322 2638 405 2712 etiam
424 2655 476 2712 vim
496 2655 530 2711 ad
548 2655 731 2727 irritandum,
751 2655 886 2728 quianon
905 2661 949 2712 est
982 2659 1108 2716 amittere
1133 2656 1203 2712 hauc
1226 2653 1393 2724 efficaciam,
1407 2652 1493 2710 donec
1508 2668 1643 2729 synagoga
1662 2655 1798 2736 extincta'

141 2750 230 2804 maior
242 2749 311 2804 ratio
332 2745 366 2802 de
380 2761 450 2815 uno,
466 2760 549 2818 quam
562 2743 597 2801 de
610 2737 712 2816 altero',
729 2751 760 2801 ut
772 2744 878 2801 dictum
893 2749 944 2800 ιιι.
982 2755 1026 2806 ιιι
1048 2754 1112 2820 poet
1130 2749 1348 2802 consummatam
1368 2742 1502 2816 evangelii
1522 2743 1778 2815 promulgationem.

141 2835 220 2892 Aliud
239 2835 413 2893 corollarium
442 2839 499 2903 est,
521 2835 723 2905 quamprimum
741 2832 784 2890 illa
801 2839 948 2906 praecepta
981 2840 1050 2908 Quia
1070 2844 1102 2896 ut
1118 2851 1203 2908 supra
1217 2835 1288 2900 diri,
1305 2832 1437 2907 quamdiu
1451 2833 1605 2905 respublica
1619 2833 1794 2892 iudaeorum

144 2931 290 2982 cessamnt
303 2923 393 2995 quoad
410 2923 742 2996 obligationem,cessasse
755 2927 837 2981 etiam
852 2923 947 2998 qunad
984 2936 1087 2988 statum
1107 2942 1190 2983 suum
1208 2925 1337 2994 retinuit,
1353 2930 1380 2980 et
1393 2923 1571 2980 caeremoniis
1586 2925 1643 2979 suis
1657 2925 1715 2981 iure
1730 2941 1779 2996 usa

141 3027 236 3070 omnes
249 3013 365 3070 effectus
385 3013 522 3085 poenales,
537 3019 566 3069 et
578 3013 709 3070 irritandi.
717 3013 851 3070 Probatur
863 3015 948 3070 ratio·
981 3029 1034 3093 est,
1049 3017 1185 3076 iudicialis
1199 3022 1344 3087 praecepta
1359 3030 1412 3070 non
1428 3017 1578 3072 amiserunt
1592 3015 1645 3075 vim
1659 3016 1780 3091 obligan-

117 3121 120 3126 '
141 3117 174 3160 ¹10
196 3101 404 3175 proportionali,
419 3102 484 3174 <iuli
498 3102 579 3158 ellim
595 3102 619 3166 in
636 3101 688 3159 hoc
708 3112 751 3158 ιιι
762 3101 857 3160 tudem
874 3105 943 3160 tilio
981 3110 1019 3181 di3
1032 3122 1100 3182 ergo
1115 3122 1165 3163 nec
1181 3104 1320 3177 puniendi,
1336 3103 1377 3160 vel
1392 3103 1524 3176 irritandi,
1536 3114 1669 3161 eternam
1684 3108 1710 3161 in
1728 3106 1780 3163 hoc

142 3183 434 3264 utriusque'ell'ectus.
450 3192 514 3246 item
533 3189 599 3248 tales
620 3190 693 3264 leges
713 3198 744 3248 ut
757 3191 884 3263 poenales
904 3190 946 3247 vel
981 3199 1062 3255 etism
1081 3195 1176 3252 eadem
1190 3200 1316 3249 servatur
1331 3195 1481 3264 proportio.
1496 3193 1674 3266 Promulgato
1689 3201 1779 3252 ιιιιιιι

140 3281 278 3340 irritantes
302 3287 369 3337 sunt
382 3281 511 3352 positivae
526 3285 554 3336 et
568 3279 722 3352 iudiciales,
738 3281 801 3350 sed,
816 3281 946 3352 abrogata
980 3284 1132 3357 evangelio,
1145 3282 1254 3355 quaudo
1266 3281 1307 3338 les
1318 3281 1363 3337 illa
1373 3282 1680 3353 coepitessemortilera
1690 3283 1780 3356 quoad

140 3369 185 3428 illa
200 3371 273 3444 lege,
302 3371 392 3426 omnia
413 3374 560 3441 praecepta
580 3369 716 3426 iudicialis
726 3371 858 3443 abrogata
869 3377 944 3444 sum,
979 3374 1199 3442 caeremonialia,
1213 3371 1303 3442 coepit
1315 3371 1395 3427 ctiam
1409 3385 1469 3426 esss
1484 3378 1591 3428 mortua
1606 3372 1695 3443 quoad
1711 3373 1782 3430 iudi.

139 3474 213 3532 ergo
222 3459 302 3516 etiam
325 3458 385 3515 illae
400 3458 473 3530 leges
488 3465 518 3515 ut
533 3459 660 3530 poenales
673 3464 701 3515 ιι
714 3459 852 3516 irritantes
868 3460 946 3517 abro-
979 3467 1074 3535 cietia,
1094 3471 1122 3520 et
1135 3465 1336 3533 consequenter
1354 3460 1447 3530 coepit
1458 3459 1539 3516 etiam
1553 3475 1612 3517 esse
1627 3461 1728 3519 inutilis
1743 3441 1778 3520 ιι

138 3557 219 3622 gatae
238 3554 313 3615 sunt,
325 3562 358 3604 ac
372 3546 488 3604 subinde
502 3548 863 3606 amiseruntvimefflciendi
876 3550 944 3607 tatas
979 3555 1135 3631 praed'mtoa
1156 3553 1268 3640 effectus
1288 3549 1481 3622 praestandos,
1500 3557 1532 3607 ut
1549 3552 1668 3608 rationes
1688 3551 1776 3609 iactae
1803 3621 1810 3634 ι

51 3629 60 3652 ⁸
138 3637 265 3694 allectus.
289 3638 413 3709 lienique
436 3635 470 3692 de
491 3637 589 3692 ellectu
610 3647 713 3709 poenae
731 3645 775 3694 ast
792 3653 837 3695 res
855 3638 943 3714 clara,
979 3643 1105 3718 probarit.

138 3728 204 3799 quia
224 3733 350 3782 cessante
364 3741 389 3782 ιι
384 3725 551 3794 directiva,
566 3733 657 3782 cessat
670 3727 749 3783 etiam
764 3728 900 3802 coactiva,
916 3737 945 3786 et
1019 3739 1045 3790 5.
1060 3728 1136 3791 Unde
1155 3730 1243 3786 obiter
1256 3729 1383 3798 insertur,
1398 3733 1426 3784 et
1439 3727 1610 3785 matrimonia
1624 3744 1697 3787 nunc
1711 3746 1789 3792 com.

138 3815 300 3888 praesertim
329 3815 354 3871 tn
377 3813 430 3870 utta
454 3814 560 3887 tegibus
584 3816 760 3887 ovensibus,
781 3832 852 3890 quae
865 3824 945 3875 erent
979 3829 1069 3882 tracta
1088 3821 1159 3878 ιιιιι
1180 3817 1290 3875 iudaeos
1309 3819 1335 3874 ιι
1352 3814 1482 3890 gradibus
1499 3816 1546 3873 ιιιι
1561 3816 1621 3890 tege
1636 3818 1779 3891 pronatus

138 3905 250 3976 mistae3
269 3910 295 3960 ιι
307 3902 367 3959 ideo
377 3905 661 3976 cassanteprincipali,
671 3905 944 3982 scilicetobligutione
978 3912 1068 3970 valida
1088 3917 1117 3968 ιι
1136 3917 1196 3966 rata
1214 3923 1288 3965 nunc
1302 3923 1374 3976 esse,
1389 3908 1511 3979 exceptis
1525 3909 1620 3979 primis
1634 3911 1776 3986 gradibus,

140 3993 173 4050 ad
189 3994 270 4051 talem
289 3993 445 4064 actum,rel
456 3995 642 4067 omissionem,
654 3997 834 4052 cessatctiam
850 4011 945 4054 acces·
977 4003 1024 4076 qui
1039 4000 1072 4058 ιι
1085 4002 1145 4057 iure
1160 4004 1273 4054 naturae
1288 3997 1491 4054 matrimonium
1506 3998 1625 4055 irritant.
1643 4001 1720 4058 Ratio
1734 4009 1778 4058 est

139 4085 260 4154 serium,
284 4081 357 4157 quod
375 4089 417 4140 est
430 4097 527 4154 poena.
540 4083 608 4151 Quin
624 4091 715 4157 potrus
731 4084 796 4142 licet
810 4087 892 4157 actio,
909 4087 944 4144 ob
978 4091 1053 4148 clara
1067 4106 1100 4146 ex
1114 4103 1196 4160 supra
1210 4086 1301 4158 dictis,
1314 4087 1378 4159 quia
1392 4085 1436 4143 illa
1447 4087 1530 4145 etiam
1542 4097 1670 4161 respectu
1684 4091 1779 4149 talium
1838 4099 1840 4104 ’

138 4188 222 4246 quam
238 4187 325 4245 poena
343 4173 534 4245 imponebatur
549 4188 597 4246 per
611 4174 691 4231 talem
706 4173 808 4247 legem,
822 4181 897 4234 esset
909 4176 943 4234 de
978 4181 1139 4240 iudaeorum
1159 4176 1306 4233 infidelium
1325 4177 1457 4250 abrogata
1475 4185 1518 4235 est
1531 4179 1622 4250 quoad
1636 4181 1781 4255 obligatio·

37 4291 47 4298 -
139 4278 171 4321 ιι
190 4262 261 4321 mala
284 4269 312 4321 ιι
331 4263 390 4320 iure
408 4269 522 4346 naturaq
536 4263 688 4336 prohibita,
706 4263 878 4322 nihilominus
891 4267 944 4323 iam
978 4285 1051 4342 nem,
1066 4283 1133 4341 ergo
1146 4266 1227 4324 etiarn
1241 4264 1331 4338 quoad
1346 4265 1538 4340 irritationem,
1554 4269 1630 4325 iusta
1643 4285 1692 4342 ea,
1708 4285 1778 4344 quae

139 4359 278 4413 cassasset
302 4352 346 4410 illa
365 4368 469 4426 poena,
490 4353 532 4411 ιιι
551 4353 615 4427 quia
634 4353 700 4410 licet
712 4354 739 4409 io
753 4355 799 4412 tali
812 4363 877 4414 actu
891 4371 945 4414 non
977 4361 1100 4434 proxime
1120 4356 1250 4415 diximus.
1273 4357 1366 4428 Neque
1387 4356 1485 4426 reiert,
1507 4356 1581 4429 quod
1596 4357 1645 4430 ipsi
1658 4368 1777 4430 peccent

139 4451 215 4503 esset
232 4441 378 4516 prohibitio
398 4443 544 4514 naturalia,
561 4449 652 4500 cassat
663 4443 808 4514 prohibitio
823 4445 892 4502 illius
907 4446 945 4504 le·
977 4465 1011 4508 ιι
1022 4445 1780 4517 conscientiaerronaa,quiaconscicntiaerroneaeirca

138 4536 194 4610 gis,
208 4535 288 4592 etiam
304 4534 329 4589 in
350 4534 531 4606 consciemia,
547 4535 593 4588 cui
607 4535 730 4606 proxime
744 4534 943 4607 adiungebatur
977 4541 1020 4597 ius
1034 4554 1088 4595 non
1102 4536 1205 4594 sufficit
1223 4533 1256 4592 ad
1275 4533 1452 4591 irritationem
1472 4542 1568 4604 actus,
1586 4535 1651 4593 licet
1664 4536 1699 4593 ad
1713 4554 1776 4610 pec·

138 4639 238 4697 poena,
251 4624 294 4681 ιιΙ
304 4625 368 4697 quia
386 4623 449 4680 licet
460 4623 599 4694 daremus,
612 4623 699 4697 legam
710 4624 783 4680 iilam
794 4623 883 4682 solum
896 4625 945 4682 ad·
978 4628 1097 4688 candum
1112 4625 1241 4682 sufficiat.
1257 4625 1291 4682 Et
1309 4623 1345 4679 ita
1359 4624 1443 4679 sentit
1458 4623 1483 4678 in
1498 4623 1577 4680 simili
1589 4614 1658 4683 casu
1672 4627 1737 4686 Soio
1748 4632 1776 4703 t,

139 4713 238 4770 didisse
258 4727 374 4787 poenam
390 4712 544 4786 obligationi
559 4714 694 4786 naturali,
711 4714 885 4772 nihilominus
899 4717 943 4774 illa
977 4716 1040 4775 dist.
1054 4721 1101 4787 39,
1117 4722 1170 4773 ιιι.
1189 4718 1214 4785 ι,
1229 4714 1256 4771 iu
1270 4714 1333 4785 ιιι,
1348 4719 1377 4770 ιι
1390 4713 1515 4786 sequitur
1530 4713 1629 4773 Navar.
1642 4718 1776 4779 consili.

140 4801 244 4859 additio
262 4809 322 4861 erat
348 4802 463 4874 positiva
481 4807 509 4860 ιι
522 4801 672 4874 iudicialis,
688 4810 716 4862 et
730 4804 792 4861 ideo
806 4804 943 4879 abrogatis
977 4807 1012 4864 de
1031 4807 1211 4864 conversione
1231 4802 1331 4860 infidal.
1354 4818 1431 4860 num.
1448 4808 1480 4876 t,
1503 4805 1619 4863 Saucius
1639 4807 1683 4864 lib.
1702 4811 1729 4868 i.
1745 4810 1779 4868 de

139 4892 193 4950 illis
219 4891 328 4965 legibus
351 4889 442 4966 quoad
467 4890 658 4964 obligationem
673 4894 816 4965 positivam
832 4897 858 4952 in
876 4909 942 4952 cca·
978 4897 1098 4954 matrim.
1120 4893 1189 4967 disp.
1208 4895 1234 4964 i,
1250 4909 1278 4950 n.
1295 4897 1328 4962 a,
1348 4893 1517 4951 contrarium
1532 4909 1598 4953 vero
1612 4899 1694 4954 sentit
1707 4899 1778 4956 Hen-

140 4981 273 5050 scienu'a,
295 4981 377 5037 etiam
392 4981 558 5053 abrogentur
572 4981 664 5055 quoad
683 4981 875 5056 obligationem
890 4983 942 5042 sub
977 4989 1070 5060 riqucz
1083 4985 1128 5043 lib.
1147 4989 1191 5043 12.
1204 4982 1238 5040 da
1252 4981 1370 5038 matrim.
1380 4997 1441 5054 cap.
1454 4985 1564 5059 l,num.
1579 4990 1607 5056 5,
1623 4987 1668 5042 ubi
1683 4989 1775 5062 sentit,

139 5077 222 5130 reatu
240 5069 301 5128 talis
317 5084 436 5142 poenae,
453 5075 484 5126 ut
499 5075 574 5128 recte
588 5073 675 5128 sensit
693 5073 789 5133 Castro
804 5071 848 5131 lib.
869 5079 892 5131 i.
908 5072 942 5129 de
978 5075 1043 5134 talia
1063 5073 1232 5130 matrimonia
1253 5077 1352 5128 contra
1373 5069 1459 5145 legem
1478 5080 1623 5133 contracta
1636 5075 1708 5134 inter
1722 5079 1780 5135 inii·

140 5160 204 5236 lege
219 5157 326 5234 poenal.
342 5175 404 5232 cap.
421 5159 472 5217 ult.
488 5159 618 5235 idemque
630 5168 674 5220 est
686 5177 751 5221 cum
765 5163 940 5238 proportione
976 5164 1051 5224 dalea
1065 5163 1177 5221 iudaeos
1193 5159 1312 5220 invalida
1326 5175 1400 5233 esse,
1416 5163 1480 5234 quia
1494 5163 1538 5220 illa
1553 5162 1611 5238 lege
1625 5167 1780 5241 gubernan-

217 5267 597 5326 suearamatcattoa-emtt.
1590 5275 1619 5324 ιι
