4260 6222
423 353 486 420 deo
1110 362 1302 414 erasurus.

382 495 532 566 derelicto,
556 511 609 551 non
637 500 726 552 tamen
747 494 896 565 probatur,
918 491 988 548 hauc
1009 488 1184 546 amissionem
1220 488 1335 546 sedunis
1356 503 1403 561 per
1425 505 1479 547 non
1499 506 1597 562 usum,
1613 507 1666 549 nun
1680 492 1752 549 enirn
1766 493 1795 550 tit
1809 493 1867 550 sine
1882 497 2000 563 praescri·

381 588 438 643 lieri
455 602 504 658 per
517 584 606 642 solum
617 598 670 639 non
684 599 767 639 usum
779 584 835 639 sine
850 582 955 638 actione
968 580 1078 652 praesia
1091 577 1182 634 dimit·
1219 580 1311 650 pliona
1332 581 1446 637 alterius
1466 587 1563 638 contra
1582 581 1663 640 talem
1690 584 1843 656 actionem,
1869 598 1928 640 narn
1950 587 2000 642 talis

382 675 453 734 tendi
467 689 535 732 rem.
548 674 642 746 Neque
655 673 737 728 etiem
753 670 824 728 valet
838 671 1021 728 confirmatio:
1038 682 1100 724 nem
1116 678 1182 721 usu·
1218 669 1290 727 actio
1312 676 1438 726 versatur
1462 671 1538 728 circa
1561 671 1664 740 aliurn,
1686 674 1734 744 qui
1751 679 1795 728 est
1813 672 1943 730 obnoxius
1961 675 2000 730 tali

380 765 459 837 capio
475 779 531 820 non
544 761 677 818 tundatur
690 763 716 818 in
731 776 785 817 non
801 776 853 816 usu
869 758 1000 824 alterius,
1016 756 1103 813 sedin
1123 753 1184 811 diu·
1219 762 1320 817 actioni
1335 766 1474 834 tamquam
1489 759 1611 834 debitor,
1624 761 1691 818 dum
1704 777 1770 835 ergo
1781 763 1834 819 iste
1844 777 1893 834 per
1908 769 2001 821 certon

380 865 461 912 turno
483 869 537 911 usu
547 867 612 909 curu
626 853 809 924 possessione,
821 856 849 906 et
862 848 933 906 bona
947 848 1009 918 tide,
1022 853 1051 904 et
1065 845 1126 902 ideo
1140 859 1183 900 re·
1218 854 1325 922 tempus
1341 847 1463 922 possidet
1480 864 1539 905 rem
1554 866 1650 922 suam,
1665 865 1791 907 rerumve
1805 865 1919 908 suarum
1934 851 2002 908 libcr-

380 947 503 1017 pugnat,
522 941 673 998 dominium
688 954 736 1012 per
757 941 956 1011 usucapionem
971 939 1028 993 sine
1050 933 1182 1006 temporis
1218 943 1318 1008 tatem,
1338 937 1412 995 illam
1433 938 1594 1009 praeseribit
1613 939 1704 1013 quoad
1722 939 1791 1008 boc,
1808 944 1840 996 ut
1857 955 1910 996 non
1929 944 2004 1012 possit

380 1031 492 1106 legitimi
513 1031 692 1086 successione
706 1029 870 1100 comparari.
887 1030 924 1084 Ut
941 1032 1033 1084 autern
1053 1025 1180 1098 acquire·
1218 1027 1263 1084 tali
1286 1027 1365 1084 titulo
1386 1029 1411 1084 in
1434 1027 1566 1085 iudicium
1586 1030 1691 1085 vocari.
1714 1033 1748 1085 nt
1767 1045 1832 1086 rere
1852 1029 1897 1086 hic
1919 1031 2002 1088 modus

380 1129 425 1178 tur
440 1135 488 1192 per
501 1120 540 1176 rei
551 1119 771 1190 occupationem,
785 1118 960 1188 impertinens
974 1121 1028 1185 est,
1040 1113 1114 1187 quod
1129 1127 1182 1168 nnn
1217 1115 1367 1172 amissionis
1388 1133 1442 1173 non
1463 1117 1571 1174 ridetur
1590 1134 1671 1189 posse
1688 1120 1716 1174 in
1730 1119 1878 1192 privilegiis
1895 1119 2002 1192 inveniri,

381 1227 448 1268 usus
465 1209 568 1267 domini
590 1208 785 1280 praecesserit,
808 1221 870 1263 nam
884 1208 908 1263 si
927 1220 971 1262 res
984 1203 1097 1261 dimissa
1118 1202 1180 1273 luit,
1217 1207 1282 1279 quia
1297 1212 1439 1262 ostensum
1455 1212 1512 1274 est,
1528 1223 1576 1279 per
1591 1223 1646 1264 non
1664 1223 1747 1265 usum
1769 1209 1939 1282 privilegiari
1952 1211 2004 1265 nul·

380 1299 471 1356 statim
493 1298 627 1368 occupari
641 1300 743 1368 potest,
766 1295 828 1352 licet
846 1311 899 1352 non
920 1310 988 1351 usus
1002 1307 1050 1365 per
1072 1287 1181 1364 aliquod
1218 1293 1276 1350 lum
1299 1293 1384 1351 alium
1405 1295 1603 1366 praescribere.
1624 1298 1660 1353 Et
1678 1296 1836 1354 confirmari
1857 1298 1908 1354 boc
1930 1305 2005 1370 polest

379 1391 491 1462 longum
517 1396 626 1460 tempus
640 1402 694 1442 non
716 1387 911 1457 praecesserit:
933 1383 955 1439 si
975 1397 1040 1439 reru
1056 1395 1109 1437 non
1130 1379 1182 1436 luit
1218 1387 1385 1441 auctoritate
1399 1384 1473 1442 Beidi
1489 1387 1513 1441 in
1528 1401 1589 1459 cap.
1607 1384 1656 1443 Ad
1668 1385 1881 1449 audientium,
1896 1387 1928 1443 de
1940 1404 2004 1458 prae·

379 1495 424 1537 res
437 1479 559 1550 dimissa,
576 1475 668 1534 nullus
682 1493 737 1533 non
752 1493 819 1532 usus
835 1473 1001 1549 praecedens
1016 1470 1136 1540 sufficit,
1153 1475 1184 1525 ut
1217 1473 1313 1545 script.
1330 1490 1357 1528 n.
1374 1477 1402 1545 2,
1418 1477 1445 1530 in
1459 1475 1510 1532 line
1524 1474 1655 1545 dicentis,
1669 1491 1716 1546 per
1729 1477 1902 1548 privilegium
1919 1478 2004 1548 princi·

379 1585 428 1643 per
446 1569 534 1625 solam
549 1567 758 1638 occupationem
772 1563 922 1622 dominium
934 1564 993 1618 eius
1007 1556 1178 1633 acquiratur.
1217 1561 1259 1633 pis
1274 1565 1428 1634 comparari
1447 1564 1489 1620 ius
1504 1565 1561 1620 sine
1576 1566 1763 1638 possessione,
1777 1572 1807 1622 ei
1821 1565 1894 1632 illud¹
1907 1567 1947 1621 ius
1959 1583 2003 1623 non

425 1661 465 1715 ll.
482 1657 541 1714 blia
559 1671 625 1714 sero
647 1655 717 1712 ratio
731 1652 765 1710 de
786 1652 1002 1725 praescriptione
1020 1649 1121 1706 iurium
1141 1649 1181 1702 in·
1218 1651 1319 1724 amitti,
1334 1653 1454 1708 etiamst
1467 1650 1695 1726 privilepiurtus
1706 1669 1762 1728 per
1778 1657 1905 1726 minimo
1920 1669 2001 1711 ornos

380 1745 577 1818 corporalium,
598 1751 630 1801 ut
642 1743 819 1814 servitutum,
833 1747 861 1798 et
874 1740 1027 1806 actionum,
1039 1752 1092 1793 non
1108 1735 1181 1792 ride·
1217 1742 1257 1796 ait
1272 1743 1334 1796 stne
1342 1744 1539 1814 possessione,
1554 1757 1592 1798 en:
1605 1759 1661 1816 quo
1672 1741 1753 1799 elius
1766 1745 1890 1800 interim
1904 1746 1935 1798 in
1946 1759 2001 1798 oon·

381 1843 425 1894 tur
447 1851 527 1907 posse
547 1833 581 1890 ad
602 1833 742 1908 privilegia
762 1828 980 1899 accommodari,
1003 1842 1065 1883 uam
1083 1827 1110 1881 in
1130 1823 1183 1882 illis
1217 1832 1352 1886 bonum
1366 1846 1426 1885 aaa
1437 1834 1651 1906 praescripsit,
1668 1845 1701 1888 err
1715 1831 1788 1888 dicta
1802 1831 1821 1888 l.
1837 1848 1890 1890 nec
1903 1830 1998 1898 utilem

380 1927 461 1984 etiam
472 1923 577 1982 iuribus
594 1937 746 1997 numquam
757 1922 839 1979 datur
850 1918 959 1976 amissio
971 1917 1094 1988 iurisper
1106 1929 1182 1986 prae·
1218 1918 1247 1974 lt.
1264 1918 1410 1990 exquibus
1424 1921 1517 1976 causis
1531 1921 1627 1977 maior.
1642 1925 1698 1978 stc.

381 2013 574 2088 scriptionem,
595 2013 645 2070 nisi
659 2018 690 2070 ut
708 2027 879 2083 consequeus
894 2009 927 2066 ad
945 2008 1090 2080 positivam
1105 2019 1183 2078 prae·
1259 2013 1303 2067 13.
1318 2010 1438 2082 benique
1457 2008 1520 2066 addi
1535 2015 1625 2082 potest
1643 2018 1839 2085 argumentum
1861 2011 1969 2068 alberici
1980 2011 2000 2067 in

380 2104 573 2176 scriptionem,
596 2117 644 2174 per
664 2117 749 2175 quam
769 2099 871 2172 aliquid
892 2097 1044 2171 acquiritur
1064 2095 1110 2152 teli
1131 2094 1182 2150 iuri
1219 2098 1237 2155 l.
1245 2096 1342 2170 salso,
1358 2098 1389 2154 C.
1402 2097 1436 2154 de
1450 2097 1647 2157 diverareser.
1659 2099 1846 2169 Quialesnon
1858 2100 2000 2172 tolliturper

380 2195 561 2252 contrarium.
585 2190 660 2250 Unde
680 2190 857 2264 praescriptio
876 2193 905 2245 et
920 2187 1029 2244 emissio
1050 2200 1103 2241 non
1118 2187 1185 2241 sunt
1218 2202 1271 2244 non
1293 2202 1391 2257 usum,
1412 2187 1477 2259 quia
1497 2203 1545 2260 per
1565 2188 1653 2246 solum
1674 2204 1730 2245 non
1744 2205 1828 2246 usum
1847 2205 1924 2246 nemo
1938 2204 2000 2260 prae·

381 2289 408 2342 in
420 2281 588 2355 eodem,sed
603 2274 1184 2352 unuspraescribitcontraaliuru,elprae·
1217 2276 1313 2333 scribit
1332 2281 1429 2333 contra
1451 2277 1551 2350 legem,
1567 2292 1634 2351 ergo
1655 2277 1728 2336 idem
1747 2281 1803 2336 erit
1824 2279 1850 2336 in
1867 2280 1997 2354 pririlagio.

381 2374 505 2430 scribens
517 2371 619 2445 aliquid
631 2370 751 2443 acquirit
764 2383 919 2442 repugnans
931 2367 984 2423 iuri
998 2365 1121 2435 alterius,
1132 2365 1181 2437 qui
1217 2365 1270 2422 Sed
1282 2366 1441 2439 responderi
1448 2366 1668 2439 potestnegando
1677 2369 1924 2442 antecedens,quis
1936 2384 1999 2441 prae·
2079 2411 2080 2450 3

381 2467 583 2535 cousequenter
604 2458 670 2516 illud
691 2459 796 2517 amittit.
810 2457 839 2516 ld
858 2456 1016 2514 declaratur
1034 2454 1134 2526 optime
1155 2453 1181 2508 r'n
1218 2455 1323 2528 cipiens
1337 2455 1439 2529 aliquid
1448 2457 1521 2529 fieri,
1533 2457 1637 2514 tollitur
1651 2473 1701 2531 per
1711 2474 1764 2514 non
1780 2468 1920 2533 usum,ut
1928 2475 1997 2532 supra

382 2568 462 2608 seruo
473 2550 677 2623 praescribente
688 2564 766 2605 susm
779 2548 942 2618 libertatem,
953 2548 1029 2602 iuxta
1043 2545 1061 2600 Ι.
1071 2550 1099 2617 2,
1112 2544 1141 2600 G.
1150 2542 1183 2598 de
1217 2543 1322 2602 dictum
1336 2551 1387 2602 est.
1404 2547 1439 2602 bt
1453 2545 1504 2603 boc
1519 2547 1609 2603 solum
1622 2546 1746 2619 procedit
1759 2549 1786 2604 in
1803 2548 1863 2620 lege
1879 2550 1998 2620 impensu·
2079 2537 2080 2566 *

380 2642 531 2714 praescrip.
551 2639 625 2711 long.
638 2644 721 2710 temp.
736 2653 785 2710 pro
806 2637 896 2696 libert.
909 2636 945 2692 ibi
965 2635 1036 2692 euim
1055 2632 1181 2689 deminus
1216 2641 1243 2692 te
1257 2638 1467 2704 necessitatem,
1484 2635 1593 2709 quando
1609 2652 1658 2708 pro
1673 2637 1862 2708 temporibus,
1878 2637 1903 2693 in
1914 2639 1997 2710 quibu
2079 2639 2080 2714 l

381 2731 479 2787 amittit
496 2733 541 2786 ius
554 2728 580 2783 in
600 2742 725 2798 serrum,
742 2743 838 2782 servus
859 2733 950 2782 autem
965 2728 1023 2794 est,
1044 2725 1091 2796 qui
1105 2735 1183 2793 prae·
1218 2723 1329 2797 obligat,
1345 2738 1399 2781 non
1414 2731 1557 2796 servatur,
1572 2725 1647 2782 etde
1660 2725 1713 2782 boc
1727 2725 1756 2782 ut
1769 2725 1851 2800 lenge
1867 2735 1998 2783 consuetu·
2079 2723 2080 2782 3

381 2819 477 2876 scribit
494 2833 572 2874 suam
588 2816 738 2874 libertatem
752 2822 850 2872 contra
864 2814 1018 2884 deminum,
1034 2818 1062 2867 et
1075 2810 1135 2867 ideo
1149 2826 1183 2868 err
1217 2812 1268 2869 de:
1285 2829 1346 2870 nam
1360 2813 1404 2869 ille
1418 2829 1473 2870 non
1486 2829 1554 2870 usus
1565 2814 1670 2887 estlegi
1681 2816 1856 2888 contrarius,
1873 2822 1998 2888 etsempcr
2079 2827 2080 2888 ρ

383 2913 459 2981 parte
475 2908 545 2964 servi
565 2906 735 2964 conditiones
750 2904 783 2962 ad
800 2901 1042 2977 praescribendum
1056 2914 1183 2956 neeessa-
1217 2902 1348 2976 includit,
1361 2903 1502 2960 moraliter
1513 2904 1659 2978 loquendo,
1673 2920 1754 2962 usum
1766 2904 1823 2980 legi
1838 2907 1995 2973 contrarium,
2079 2895 2080 2920 ¹

382 2998 438 3054 riae
452 2995 636 3069 postulantum
649 3011 700 3053 nec
712 2995 769 3052 lieri
780 3000 878 3066 potest,
893 2999 923 3050 ut
936 2991 1063 3048 dominus
1077 2989 1184 3045 amittat
1218 2999 1249 3050 ut
1263 2992 1331 3048 libro
1347 2993 1480 3064 superiori
1491 2992 1596 3051 dictum
1609 3000 1662 3050 ests
1678 2996 1757 3054 Ratio
1770 3001 1865 3052 autem
1881 2996 1958 3066 lacu,
1971 3002 1996 3050 ut

383 3088 425 3143 ius
443 3089 469 3142 in
484 3101 594 3143 serrum
608 3100 657 3159 per
677 3085 768 3141 solum
783 3101 836 3140 non
852 3097 934 3139 usum
948 3081 1022 3152 eius,
1036 3079 1086 3136 nisi
1103 3093 1181 3151 prse-
1217 3097 1315 3140 rerum
1335 3083 1362 3136 in
1383 3083 1560 3140 antecedente
1581 3090 1690 3153 sumat,
1705 3090 1734 3140 et
1754 3099 1821 3140 cum
1840 3086 1994 3158 proportione

382 3176 497 3232 cesserit
517 3175 559 3232 rel
580 3191 614 3232 ex
628 3181 705 3245 parte
719 3174 818 3230 domini
833 3171 972 3228 sulliciens
989 3168 1179 3238 manumissio,
1217 3170 1383 3243 concludat,
1397 3171 1509 3244 intelligi
1524 3171 1604 3228 debet
1617 3172 1650 3229 de
1665 3171 1724 3246 lege
1742 3174 1911 3231 concedente
1926 3173 1994 3229 lacul-
2079 3193 2080 3210 τ

383 3265 425 3321 rel
440 3281 472 3322 ex
488 3271 565 3336 parte
581 3263 650 3320 sarri
665 3265 800 3335 possessio
812 3277 878 3318 suae
892 3261 1019 3317 libertatis
1033 3273 1098 3315 cum
1114 3258 1182 3314 bona
1218 3265 1316 3331 tatem,
1332 3275 1381 3317 seu
1400 3263 1587 3332 permittente,
1603 3275 1657 3318 non
1672 3277 1736 3318 vero
1750 3261 1784 3319 de
1803 3263 1946 3335 imponente
1959 3279 1993 3315 nr.-
2079 3277 2080 3286 ¹

383 3353 434 3411 lide
449 3359 476 3410 et
490 3353 635 3410 sufficienti
647 3353 777 3424 temporis
787 3350 977 3409 diuturnitate.
995 3349 1035 3404 lta
1044 3347 1125 3404 etism
1136 3362 1182 3404 ac·
1217 3351 1385 3421 cessitatem,
1403 3356 1435 3407 ut
1448 3365 1481 3406 es
1495 3351 1686 3408 Panormitano
1700 3353 1959 3422 supranolarimus,
1973 3361 1994 3406 rt
2079 3405 2080 3426 ,

382 3443 459 3515 cidit,
473 3447 581 3499 servata
595 3442 781 3514 proportione,
793 3441 818 3496 in
830 3441 973 3496 emissione
985 3439 1123 3494 servitutis
1136 3451 1183 3494 ru·
1217 3439 1301 3495 sensit
1311 3439 1401 3495 liolin.
1415 3446 1524 3496 tractat.
1533 3444 1562 3496 2.
1573 3439 1607 3497 de
1617 3441 1730 3512 iustitis,
1742 3441 1816 3511 disp.
1830 3447 1896 3513 513,
1909 3443 1933 3497 in
1944 3443 1991 3496 line.
2079 3455 2080 3478 ³

384 3534 504 3589 sticnnne
514 3546 563 3603 per
573 3546 626 3588 non
640 3545 731 3602 usrrm,
741 3530 883 3586 licetinter
894 3527 966 3584 illam
978 3525 1114 3597 duplicem
1125 3540 1183 3581 ser·
1217 3536 1244 3585 et
1265 3529 1302 3585 ita
1321 3529 1517 3602 consequentia
1539 3528 1643 3586 ridetur
1656 3531 1776 3601 optima,
1796 3537 1829 3588 ut
1843 3545 1922 3602 supra
1934 3531 1993 3586 circa
2079 3545 2080 3604 p

382 3621 497 3678 vitutem
512 3619 640 3704 heminis,
656 3624 683 3676 et
696 3620 765 3693 agri,
781 3634 830 3676 seu
844 3615 958 3689 praedii,
972 3617 1006 3672 sit
1019 3614 1181 3686 dillerentia,
1216 3616 1321 3674 dictum
1340 3619 1486 3675 Panormit.
1502 3625 1627 3674 notatum
1647 3626 1699 3676 est·
1722 3618 1902 3676 Nihilominus
1920 3626 1991 3674 umen
2079 3615 2080 3626 ¹

381 3709 456 3782 quod
473 3710 546 3780 prior
568 3711 698 3780 servitus,
713 3722 796 3780 quam
818 3721 950 3779 personae
965 3703 1100 3777 appellare
1120 3719 1183 3775 pos·
1216 3705 1315 3763 beciau
1335 3705 1360 3760 ln
1381 3721 1444 3779 cap.
1471 3709 1549 3764 Com
1568 3709 1778 3773 accessissent,
1795 3707 1831 3764 de
1851 3707 1989 3779 praescript.

382 3813 490 3868 sumus,
505 3797 637 3854 tundatur
651 3798 676 3853 in
690 3797 808 3855 dominio
823 3795 881 3852 heri
895 3795 922 3851 in
938 3808 1083 3866 persenam
1098 3792 1181 3863 servi,
1218 3799 1297 3868 negat
1308 3798 1543 3869 consequentiam.
1556 3799 1623 3864 Quia
1633 3795 1784 3867 dillicilius,
1804 3797 1898 3870 inquit,
1910 3795 1991 3853 toliibrr

381 3890 431 3961 qui
448 3887 530 3944 etiarn
550 3903 565 3943 a
586 3887 696 3944 domino
718 3885 886 3959 possidetur:
910 3882 961 3941 alia
979 3898 1044 3939 rere
1065 3882 1182 3938 servitus
1216 3883 1257 3942 les
1269 3886 1533 3960 communis,quam
1545 3886 1688 3958 specialis,
1699 3888 1776 3944 iusta
1790 3886 1809 3942 l.
1824 3889 1886 3943 elas
1896 3883 1988 3946 militis.

382 3976 478 4048 realis,
495 3991 545 4033 seu
566 3977 708 4048 praedialis
723 3976 853 4032 lundatur
873 3974 963 4031 solum
981 3973 1008 4028 in
1028 3972 1087 4028 iure
1102 3971 1182 4028 unius
1217 3974 1430 4040 §militielide
1442 3975 1517 4032 milit.
1527 3975 1691 4032 testamubi
1700 3976 1727 4032 id
1738 3981 1816 4033 notat
1828 3975 1917 4034 Glossa
1925 3973 1989 4031 rerba

382 4069 408 4122 in
422 4064 563 4137 praedium
578 4066 690 4122 alterius
700 4067 792 4138 quoad
802 4065 920 4138 aliquem
933 4079 1015 4121 usum
1028 4059 1182 4120 eius.Unde
1216 4078 1398 4136 quocumque
1407 4061 1504 4120 ητοάο.
1514 4063 1566 4121 Sed
1578 4079 1631 4122 non
1643 4064 1733 4136 placet
1743 4066 1826 4136 ratio,
1842 4077 1990 4134 asemper·

383 4157 425 4213 ius
440 4154 505 4211 iilud
519 4155 593 4212 cadit
604 4156 632 4226 in
653 4169 711 4212 rem
724 4154 855 4226 alienam,
869 4161 898 4212 et
915 4154 1057 4224 aproprio
1072 4153 1181 4208 domino
1216 4153 1271 4226 sio,
1288 4167 1350 4210 narn
1365 4153 1428 4210 licet
1441 4153 1532 4226 quoad
1547 4154 1598 4210 alia
1609 4152 1747 4210 difficilius
1758 4153 1872 4212 tollatur
1884 4154 1989 4212 lesooos

382 4259 549 4317 possessam.
563 4245 598 4300 Et
618 4243 678 4301 ideo
698 4243 794 4301 dicuut
814 4245 873 4301 iura
891 4243 925 4300 de
945 4243 986 4298 bis
1000 4242 1181 4299 servitutibus
1217 4243 1380 4314 munis,non
1393 4259 1458 4300 vero
1469 4243 1559 4315 quoad
1568 4244 1680 4302 modum
1692 4243 1878 4316 derogationis
1888 4259 1930 4316 per
1938 4255 1989 4298 cen·

382 4333 534 4405 loquentia,
557 4335 655 4390 nemini
668 4349 725 4391 rem
745 4349 824 4391 suam
845 4334 964 4406 sarrire,
986 4331 1033 4389 sed
1055 4332 1180 4406 alienam,
1216 4331 1403 4396 suetudinem,
1424 4348 1475 4390 seu
1493 4334 1750 4406 praescriptionem,
1767 4341 1876 4392 serrata
1896 4346 1989 4406 propor-
2079 4351 2080 4400 p

383 4423 401 4480 l.
412 4427 446 4480 to
461 4439 493 4480 re
507 4427 664 4492 communi,
685 4425 712 4480 u.
725 4422 759 4481 de
773 4424 866 4481 servit.
879 4424 942 4481 urb.
1216 4423 1305 4492 tione,
1320 4429 1349 4478 et
1365 4422 1418 4479 hoc
1440 4423 1567 4484 ultimum
1589 4422 1679 4480 solum
1701 4420 1877 4495 adpraesens
1893 4427 1987 4494 spectu.

428 4517 470 4572 ta.
487 4515 554 4571 ilinc
573 4529 640 4588 ergo
656 4513 700 4586 lit,
716 4520 750 4570 ut·
760 4517 803 4571 ius
818 4515 958 4572 servitutis
974 4531 1026 4573 non
1042 4515 1181 4572 amittatur
1208 4501 1310 4585 'imque
1329 4511 1431 4568 tollitur
1450 4511 1591 4570 diliicilius
1611 4513 1654 4570 les
1675 4512 1831 4569 communis
1845 4510 1927 4586 quoad
1939 4509 1987 4565 ebe

382 4619 430 4675 per
450 4619 504 4660 non
524 4621 605 4661 usum
625 4603 806 4675 diuturnum,
827 4605 879 4661 nisi
899 4611 1035 4679 quatenus
1054 4604 1181 4662 dominus
1216 4608 1307 4673 ctum,
1323 4617 1386 4659 nam
1398 4600 1528 4675 id,quod
1542 4602 1601 4660 iure
1615 4603 1758 4659 communi
1771 4602 1897 4673 habetur,
1909 4598 1987 4658 diffiei-

383 4691 485 4766 praedii
505 4694 666 4766 praescribit
686 4693 855 4766 libertatem,
875 4703 905 4754 et
922 4696 1122 4767 exemptionem
1142 4695 1181 4750 rei
1215 4691 1267 4748 lius
1282 4690 1404 4764 tollitur,
1417 4707 1503 4765 quam
1517 4692 1594 4766 quod
1607 4691 1726 4749 babetur
1739 4707 1772 4748 ex
1786 4692 1846 4750 solo
1860 4688 1986 4764 privilegio,
2079 4697 2080 4772 l

383 4797 468 4840 suae:
484 4782 530 4839 illa
548 4783 619 4839 enim
640 4782 758 4855 obligata
775 4791 849 4856 erat,
865 4784 1180 4854 etobnesie,utalteri
1215 4789 1244 4838 ct
1263 4781 1316 4838 boc
1336 4780 1370 4837 ad
1391 4797 1531 4839 summurn
1544 4782 1644 4855 prebat
1658 4781 1910 4859 dictuspmilitim
1925 4786 1950 4836 ut
1962 4791 1987 4832 et
2037 4795 2040 4804 ·
2079 4787 2080 4832 ὲ

383 4873 513 4945 serviret,
529 4870 596 4928 dum
616 4878 707 4928 autem
727 4872 855 4930 dominus
871 4872 953 4946 longo
967 4881 1090 4946 tempore
1105 4872 1178 4930 illurn
1215 4873 1289 4929 Bert.
1305 4871 1342 4928 ibi
1357 4872 1485 4945 sumitur,
1500 4881 1528 4929 et
1543 4887 1576 4930 es
1590 4873 1686 4930 Glossa
1701 4875 1727 4928 in
1742 4887 1805 4945 cap.
1821 4873 1869 4930 ult.
1886 4875 1923 4942 rt,
1934 4871 1985 4942 pi.

383 4962 519 5034 possidet,
541 4977 628 5035 eaque
649 4962 736 5019 utitur
757 4964 815 5018 sine
835 4963 1042 5036 impedimento,
1068 4971 1097 5020 et
1121 4963 1177 5020 sine
1216 4960 1281 5018 ltam
1300 4962 1409 5035 gravior
1427 4977 1512 5019 causa
1532 4963 1686 5019 necessaria
1703 4963 1794 5019 estad
1817 4959 1946 5020 tollendam
1959 4957 1987 5012 lc·

384 5068 437 5108 usu
452 5051 604 5124 serviendi,
619 5053 779 5124 praeseribit
788 5063 884 5112 eunus
898 5055 1012 5112 alterum
1025 5053 1176 5112 libertatern
1214 5067 1276 5126 gem
1290 5067 1466 5109 communem
1478 5093 1485 5121 ,
1497 5067 1580 5126 quarn
1591 5050 1782 5124 privilegium,
1793 5058 1821 5110 et
1831 5069 1863 5110 ex
1873 5044 1985 5124 partsdil-

383 5141 421 5197 rei
436 5154 519 5212 suae,
534 5148 564 5199 et
576 5141 638 5199 iude
652 5151 852 5215 consequenter
866 5145 934 5200 alter
948 5147 991 5202 ius
1002 5160 1087 5200 suurn
1098 5145 1176 5202 amit·
1215 5141 1312 5200 licilius
1325 5143 1407 5199 stiam
1422 5143 1543 5215 tollitur,
1555 5143 1620 5217 quia
1632 5141 1735 5198 bonurn
1745 5157 1887 5200 commune
1900 5139 1985 5213 private

383 5230 424 5286 tit.
446 5230 526 5311 idem?
540 5247 605 5290 curn
626 5234 805 5306 proportione
823 5235 961 5293 invenitur
985 5236 1013 5292 in
1032 5236 1178 5294 amissione
1215 5231 1519 5306 praeostensorum.
1534 5231 1730 5290 denonslien.
1745 5239 1801 5292 etc.
1819 5247 1846 5290 c.
1858 5237 1885 5304 t,
1898 5227 1983 5292 colit,
