4290 6222
863 369 1084 467 cannnrrvur.
1355 379 1358 384 ¹
1669 402 1733 467 401

131 543 189 600 sub
208 544 309 610 tacita,
327 542 367 599 rel
383 557 511 614 expressa
525 539 680 597 conditione
694 540 854 610 conlirmat,
870 547 902 596 ut
917 541 938 596 si
976 543 1075 613 mavit,
1095 548 1123 598 et
1143 549 1226 608 tunc,
1243 543 1280 599 nit
1292 543 1437 612 Bartolus,
1454 542 1526 598 illam
1541 543 1774 600 confirmationem

132 632 260 689 conditio
277 649 329 688 non
346 632 516 696 substiterit,
534 630 598 687 nibil
613 631 706 687 iaciat.
722 631 749 687 Si
763 637 855 687 autern
873 646 940 686 con·
975 631 1075 692 habere
1091 632 1141 687 vim
1158 639 1186 688 et
1198 631 1349 689 ellicaciam
1365 631 1497 704 privilegii
1511 647 1544 688 ex
1559 639 1636 688 certa
1650 632 1774 702 scientia,

134 723 256 779 lirmatio
276 722 356 780 cadat
371 737 453 790 super
468 729 562 777 actum
576 720 806 788 confirmabilem,
825 736 877 775 oon
894 735 941 792 pa·
978 722 1041 792 quia
1057 723 1221 776 confirmans
1237 739 1289 777 non
1306 724 1411 794 ignorat
1422 722 1525 778 laetum
1538 737 1629 777 saram.
1643 721 1720 788 Quod
1732 730 1776 778 est

129 827 199 868 runt
215 813 331 868 confert.
346 812 384 867 lld
397 805 671 882 quodexplicaudum
683 811 812 866 distincte
826 809 939 881 loqueu·
978 810 1056 866 valde
1071 810 1219 882 probabile,
1237 809 1347 882 quando
1361 827 1393 866 ox
1410 812 1468 881 ipso
1484 811 1665 866 instrumento
1677 811 1777 866 contir-

129 897 202 954 dum
225 908 269 956 est
289 899 397 955 diverso
412 898 493 956 modo
507 900 541 954 de
556 901 760 957 confirmatione
776 899 846 955 lacta
863 914 877 954 a
893 914 939 953 su·
975 899 1104 954 matianis
1124 907 1249 968 constat,
1272 900 1417 968 ipsummet
1436 887 1643 955 confirmantem
1660 901 1776 956 existen·

130 989 262 1059 periore,
281 986 394 1056 eodem,
415 989 457 1044 rel
477 989 594 1060 aequali.
611 989 651 1044 nb
666 987 784 1044 interiori
796 989 867 1043 enim
882 985 940 1042 llari
977 994 1030 1042 lem
1053 991 1079 1042 in
1102 987 1252 1043 minoribus
1273 989 1442 1043 concessisse
1461 987 1527 1043 illud
1549 987 1734 1059 privilegium,
1749 994 1777 1044 et

129 1092 192 1132 non
211 1083 314 1150 potest,
336 1083 367 1134 ut
387 1083 509 1146 constat,
531 1077 595 1148 quia
614 1093 667 1132 nou
688 1076 767 1132 habet
781 1084 940 1147 potestatem
975 1076 1138 1132 confirmare
1152 1076 1220 1132 illud
1235 1083 1373 1150 tamqnam
1388 1093 1404 1132 a
1418 1093 1447 1132 se
1461 1065 1582 1144 lactu'rn,
1597 1085 1625 1132 et
1638 1077 1776 1134 sullleien·

130 1167 211 1224 circa
234 1177 327 1224 actum
346 1167 505 1240 superioris.
527 1167 628 1224 Poterit
644 1165 756 1239 quidem
771 1166 881 1222 interior
895 1181 941 1221 ac·
976 1169 1018 1218 ter
1037 1165 1164 1220 memoria
1185 1173 1329 1221 retentum.
1355 1164 1428 1221 illias
1448 1182 1501 1221 uon
1523 1168 1631 1222 videtur
1644 1166 1775 1223 excedere
1871 1211 1875 1218 ,

131 1262 248 1326 ceptare
270 1256 440 1328 privilegium
462 1254 540 1311 alteri
560 1255 656 1310 datum
678 1271 693 1310 a
714 1271 765 1310 suo
785 1255 940 1325 superiore,
975 1253 1092 1324 gradum
1107 1255 1321 1310 confirmationis
1337 1255 1361 1308 iu
1374 1253 1460 1310 lorrna
1474 1257 1624 1323 communi,
1639 1257 1713 1311 iuxta
1727 1256 1776 1312 do·

132 1343 212 1416 quod
228 1345 276 1399 sibi
296 1344 387 1417 aliquo
408 1343 489 1399 modo
503 1344 694 1414 praeiudicare
709 1343 854 1415 videatur,
871 1359 941 1415 quae
977 1343 1093 1398 utrinam
1109 1359 1282 1399 communem
1298 1359 1381 1413 supra
1397 1343 1531 1399 traditam.
1544 1343 1723 1399 Nihilominus
1736 1353 1777 1400 ta-

131 1435 291 1503 acceptatio
309 1432 442 1489 indirecte
457 1435 558 1502 poterit
571 1434 597 1486 in
614 1433 847 1488 confirmationem
861 1434 941 1502 priri-
976 1445 1037 1485 men
1057 1432 1179 1500 proderit
1195 1433 1241 1487 illa
1262 1432 1431 1488 confirmatio
1453 1440 1591 1504 tamquam
1607 1447 1621 1486 a
1636 1435 1776 1502 superiore

132 1522 201 1593 legii
225 1521 396 1592 redundare,
419 1529 555 1594 quatenus
577 1528 723 1592 acceptans
738 1528 799 1590 post
813 1529 941 1592 accepta·
977 1521 1056 1590 data,
1073 1523 1094 1576 si
1110 1522 1192 1577 cadat
1205 1523 1230 1576 in
1246 1523 1387 1577 materiam
1403 1520 1530 1590 habilem,
1546 1522 1609 1593 quia
1624 1521 1776 1578 formaliter

131 1613 240 1666 tionem
259 1627 311 1667 nou
324 1619 416 1682 potest
426 1610 599 1682 privilegium
612 1626 780 1682 oppugnare,
794 1618 883 1668 tameo
897 1612 942 1668 illa
979 1611 1114 1683 loquendo
1129 1653 1136 1678 ,
1151 1627 1181 1667 re
1197 1619 1347 1666 vennesta
1363 1613 1521 1681 superiore,
1536 1617 1564 1665 et
1579 1609 1701 1666 identitas
1716 1627 1777 1681 per·

131 1716 191 1756 non
212 1706 254 1755 est
276 1700 385 1771 propria
405 1706 434 1757 et
453 1699 558 1756 directa
578 1699 768 1770 confirmatio,
792 1706 823 1755 ut
845 1715 893 1770 per
912 1717 942 1756 se
978 1715 1059 1756 sonae
1071 1700 1107 1756 ibi
1119 1701 1294 1756 materialiter·
1306 1717 1334 1756 se
1347 1700 1437 1758 babet.
1447 1699 1505 1756 lllio
1517 1699 1598 1756 rnotlo
1610 1707 1700 1770 potest
1709 1716 1775 1757 con·

133 1797 258 1846 constat.
978 1787 1079 1846 cedens
1093 1795 1121 1845 et
1135 1790 1300 1844 confirmans
1314 1804 1375 1845 osse
1389 1789 1458 1844 idem
1478 1788 1503 1844 in
1520 1803 1636 1859 persona
1648 1796 1677 1846 et
1689 1789 1777 1863 digni·

178 1882 206 1938 Si
216 1896 283 1953 ergo
295 1879 362 1936 baec
371 1879 541 1936 confirmatio
553 1894 568 1934 a
580 1878 715 1949 superiori
725 1877 941 1946 detur,etaottts
978 1883 1050 1948 tate,
1070 1884 1099 1933 et
1119 1887 1185 1934 tuuc
1201 1893 1255 1934 oon
1273 1876 1368 1950 video,
1383 1877 1448 1950 quid
1463 1876 1545 1933 addat
1563 1878 1733 1934 confirmatio
1747 1880 1775 1936 in

134 1971 175 2025 sit
190 1968 396 2040 confirmabilis,
409 1967 527 2025 multum
543 1967 624 2034 rotet,
641 1973 673 2023 nt
684 1965 823 2038 colligitur
834 1981 866 2022 en
879 1982 940 2038 capr.
977 1965 1065 2022 forma
1080 1968 1221 2024 colomani
1237 1983 1320 2038 supra
1336 1966 1559 2034 concessionem,
1574 1968 1638 2039 quia
1654 1983 1704 2023 nec
1720 1968 1774 2039 ius,

138 2063 166 2117 l.
183 2058 216 2114 de
232 2059 385 2115 coufirmat.
400 2057 470 2127 utili,
483 2063 538 2112 etc.
554 2057 621 2112 Nam
633 2063 730 2112 contra
745 2056 942 2126 possessiouem
978 2072 1028 2112 uec
1041 2056 1173 2126 valorem,
1186 2073 1235 2112 uec
1248 2057 1438 2113 auctoritatem
1450 2055 1533 2128 addit.
1544 2055 1639 2122 Quoad
1650 2072 1699 2112 nos
1710 2070 1776 2112 vero

133 2145 279 2221 pacificam
302 2165 317 2205 a
336 2151 409 2219 Papa
428 2147 634 2216 confirmatam,
655 2161 708 2200 noo
724 2152 815 2216 potest
833 2145 944 2204 interior
978 2145 1078 2202 addere
1099 2152 1190 2217 potest
1209 2145 1401 2204 certitudinem
1420 2144 1567 2216 quamdam
1584 2144 1617 2200 de
1633 2143 1776 2202 voluntate

133 2238 220 2316 iudea
237 2241 398 2294 sententiam
414 2238 483 2293 terre
499 2240 557 2292 siue
569 2238 656 2306 Papae
668 2235 808 2307 mandato;
820 2242 944 2308 quaeest
978 2235 1172 2302 concedentis,
1193 2242 1221 2291 et
1239 2236 1489 2307 praesumptionem
1509 2235 1638 2290 maiorem
1654 2233 1689 2290 de
1702 2234 1777 2291 adbi-

135 2343 237 2400 magna
257 2328 372 2396 utilitas,
389 2327 410 2382 si
425 2332 514 2382 tamen
529 2340 595 2380 vera
607 2330 658 2380 est.
675 2325 742 2380 Nanr
761 2326 944 2382 communiter
978 2322 1034 2379 bita
1055 2324 1193 2396 diligentia
1212 2330 1241 2381 et
1259 2324 1474 2380 consideratione
1488 2324 1513 2379 in
1528 2325 1707 2381 concessione
1722 2326 1777 2396 pri·

135 2417 182 2473 ille
200 2425 293 2474 tortus
307 2417 468 2488 exponitur,
485 2413 575 2486 quoad
590 2414 662 2470 illam
678 2421 783 2484 partem
797 2413 830 2471 de
844 2416 944 2472 contir-
978 2413 1080 2486 vilegii.
1096 2415 1131 2468 Et
1145 2413 1201 2469 iere
1217 2412 1268 2469 lroc
1283 2411 1354 2468 idem
1370 2412 1515 2469 dicendum
1529 2420 1574 2469 est
1587 2412 1620 2468 de
1632 2413 1777 2470 confirma·

135 2509 257 2563 motione
276 2522 309 2563 ex
331 2512 407 2562 certa
423 2493 551 2572 scientio,
568 2509 599 2558 ut
613 2518 660 2573 per
673 2501 762 2558 Gloss.
778 2508 807 2559 et
824 2502 890 2559 alios
905 2505 945 2560 in·
979 2505 1052 2558 bone
1072 2501 1145 2559 laeta
1167 2503 1200 2559 ab
1220 2502 1325 2572 aequali
1347 2513 1529 2572 successore,
1550 2508 1581 2557 et
1603 2517 1667 2558 curn
1682 2503 1777 2558 maiori

136 2600 283 2665 terpretes.
302 2595 375 2672 Quae
390 2595 533 2660 sententia,
549 2591 616 2647 licet
631 2593 796 2660 communis,
813 2593 885 2664 apud
901 2610 943 2650 me
978 2593 1203 2664 exaggeratione,
1222 2607 1283 2648 nam
1298 2591 1342 2647 bic
1359 2591 1502 2647 intercedit
1515 2591 1778 2662 pluriumpersoua·

134 2701 190 2740 non
209 2691 286 2741 caret
299 2681 471 2740 difficultate.
488 2684 555 2738 Nam
570 2683 646 2752 prior
660 2696 723 2750 pars
736 2688 840 2752 tentus,
853 2682 878 2737 in
889 2697 944 2753 qua
978 2695 1041 2736 rum
1056 2697 1220 2747 cousensus,
1235 2687 1264 2736 et
1278 2679 1428 2751 personalis
1443 2679 1610 2750 auctoritas,
1627 2693 1696 2750 quae
1712 2695 1778 2736 con·

134 2773 259 2844 dicitur,
286 2761 517 2831 ooniirmat‘ionern
537 2774 576 2828 rei
597 2769 730 2842 litigiosae
745 2786 797 2826 non
813 2769 944 2841 impedire
979 2770 1044 2840 lert,
1062 2777 1093 2827 ut
1108 2770 1170 2841 plus
1185 2771 1325 2840 timeatur,
1340 2769 1414 2840 quod
1426 2771 1464 2824 ita
1474 2769 1668 2826 confirmatum
1678 2775 1732 2840 est,
1745 2777 1778 2827 ut

135 2878 302 2935 processum
325 2861 379 2917 litis
393 2860 466 2932 apud
481 2860 622 2916 interiores
637 2855 753 2926 iudices,
770 2858 803 2913 ab
818 2860 944 2916 omnibus
978 2861 1016 2916 ait
1030 2860 1126 2916 Glossa
1141 2861 1166 2915 in
1181 2873 1243 2930 cap.
1261 2859 1310 2914 ult.
1328 2859 1360 2915 de
1372 2859 1525 2916 confirmat.
1539 2857 1599 2914 util.
1612 2864 1776 2931 argumento

136 2933 297 3022 intelligitur
316 2950 350 3006 de
363 2950 568 3006 confirmatione
580 2948 605 3002 io
618 2947 703 3003 lorma
716 2948 865 3018 communi,
878 2963 944 3020 ergo
979 2965 1041 3021 cap.
1055 2953 1257 3024 Qannsqnom‚
1269 2947 1388 3004 indier.
1400 2947 1444 3003 ubi
1455 2948 1481 3004 id
1492 2947 1571 3004 etiam
1586 2947 1776 3018 notatsslossa,

134 3039 170 3095 de
185 3039 279 3096 eadem
299 3045 343 3096 est
358 3037 534 3111 intelligenda
548 3035 636 3092 altera
651 3051 725 3106 pers,
741 3037 805 3108 quia
818 3043 861 3093 est
874 3037 943 3093 idern
979 3045 1006 3094 et
1025 3039 1183 3108 praesertim
1199 3039 1267 3110 baec
1282 3037 1453 3094 coulirmatio
1468 3052 1516 3108 per
1530 3053 1720 3096 successorem
1735 3053 1779 3093 se·

135 3129 238 3185 modus
264 3126 391 3200 loquendi
411 3129 594 3198 inutraque,
614 3132 642 3181 et
658 3126 721 3197 quia
744 3125 807 3182 alias
828 3142 881 3182 non
902 3134 946 3183 cst
980 3127 1120 3182 cariorem
1139 3126 1230 3183 reddit
1250 3125 1455 3197 privilegiatum,
1471 3125 1545 3199 quod
1560 3142 1612 3182 noo
1630 3125 1684 3183 sint
1696 3127 1730 3183 ab
1743 3141 1776 3182 eo

137 3216 231 3273 debita
253 3216 416 3272 consecutio
435 3217 461 3269 in
482 3214 572 3282 littera
589 3220 689 3270 textus.
705 3213 758 3270 Sed
773 3214 945 3271 nibilominus
980 3215 1119 3288 privilegia
1134 3214 1301 3290 revocanda,
1313 3214 1362 3270 sed
1377 3216 1469 3286 potius
1480 3215 1678 3287 conservanda,
1692 3215 1777 3274 etde·

136 3307 295 3361 communis
315 3305 405 3376 opinio
419 3311 516 3360 contra
531 3302 601 3358 banc
615 3305 824 3376 expositionem,
838 3311 865 3360 et
879 3321 947 3361 oon·
979 3301 1113 3361 lendeuda
1129 3311 1269 3376 tamquam
1284 3318 1345 3360 sua.

136 3399 286 3464 sequenter
304 3391 489 3448 contro-hooc
505 3391 647 3448 utilitatem
660 3391 945 3450 talisconllrrnatiouis
1023 3397 1066 3451 to.
1084 3392 1211 3448 Secunda
1231 3391 1327 3463 regula
1347 3391 1505 3464 principalis
1522 3397 1583 3448 est:
1602 3393 1776 3450 Confirmatio

135 3481 299 3554 praevaluit.
322 3482 462 3539 Generalis
480 3495 548 3552 ergo
568 3481 672 3538 utilitas
692 3480 781 3537 solnm
799 3488 842 3537 est
860 3481 945 3539 robur
980 3481 1109 3554 privilegii
1127 3497 1161 3538 ex
1180 3488 1257 3538 certa
1272 3479 1383 3536 scientia
1399 3478 1480 3536 babet
1495 3481 1547 3536 rim
1561 3495 1647 3538 norae
1662 3497 1776 3538 conces·

137 3570 329 3640 auctoritatis,
353 3568 427 3643 quod
450 3567 560 3626 additur
579 3569 716 3641 privilegio
727 3562 827 3639 ,iuxta
847 3572 946 3641 princi·
980 3571 1063 3626 sionis
1079 3568 1138 3626 talis
1154 3568 1296 3640 privilegii.
1313 3569 1351 3624 lta
1365 3569 1461 3624 Glosea
1475 3569 1500 3624 in
1514 3569 1542 3625 d.
1558 3585 1621 3640 cap.
1639 3569 1778 3645 Qniodt·

136 3661 215 3732 piam
230 3658 295 3731 legis
317 3663 342 3729 t,
358 3659 389 3714 C.
406 3657 438 3714 de
454 3665 538 3713 veter.
554 3659 608 3712 iar.
624 3657 805 3728 enucleando,
818 3658 944 3733 dicentis,
980 3662 1143 3724 versitatis,
1160 3665 1189 3716 et
1210 3658 1235 3713 in
1251 3657 1278 3714 d.
1295 3673 1357 3730 cup.
1376 3661 1399 3716 l.
1416 3657 1449 3714 de
1464 3666 1604 3716 transact..
1621 3661 1716 3718 loono.
1727 3660 1775 3736 ibi,

138 3749 309 3819 superiorem
331 3746 357 3802 id
381 3746 470 3802 iacere
492 3762 592 3816 suum,
614 3745 689 3818 quod
710 3749 875 3805 auctoritate
895 3764 945 3805 sua
979 3755 1008 3804 et
1022 3747 1096 3804 Bart.
1120 3748 1303 3804 Panormitan.
1320 3749 1385 3804 bec.
1401 3747 1486 3803 l'elin.
1501 3755 1529 3805 et
1547 3747 1590 3814 alii
1609 3764 1692 3820 supra
1714 3749 1777 3808 alle-

138 3835 295 3891 coofirmat.
316 3836 449 3902 Quamvis
466 3834 536 3890 eninr
558 3834 626 3891 baec
646 3835 741 3907 regula
758 3836 845 3892 soleat
861 3839 945 3910 espli-
980 3837 1051 3909 gali,
1072 3843 1100 3894 ct
1120 3837 1221 3908 ceteri,
1242 3851 1313 3908 quos
1332 3837 1384 3907 ipsi
1399 3834 1530 3908 allegant,
1546 3842 1573 3893 et
1586 3836 1679 3908 plures
1694 3838 1779 3897 reiert

140 3925 211 3994 cari,
227 3931 255 3982 ct
270 3925 352 3993 bene,
368 3922 402 3996 do
415 3923 621 3980 confirmatione
635 3939 668 3981 ex
682 3931 758 3981 corta
773 3926 896 3997 seientia,
912 3928 946 3985 de
979 3926 1081 3982 Tuscia.
1097 3924 1182 3982 verbo
1199 3922 1387 3996 confirmatio
1397 3939 1435 3980 erc
1446 3931 1538 3994 certo,
1554 3941 1602 3997 per
1614 3935 1713 3986 toturn.
1726 3930 1778 3988 Su·

137 4028 197 4085 qna
219 4020 313 4084 aperte
331 4013 458 4085 loquitur
473 4027 534 4084 cap.
550 4015 583 4069 Si
598 4012 791 4086 apostolicae,
817 4013 849 4071 de
869 4032 947 4087 prac-
980 4016 1117 4088 miturque
1135 4008 1171 4071 ea'
1187 4029 1249 4085 cap.
1269 4017 1294 4072 l.
1310 4021 1338 4072 et
1351 4029 1414 4085 cap.
1432 4017 1569 4082 Venistis,
1587 4015 1621 4071 de
1642 4023 1775 4075 transact.

136 4100 262 4158 boudin
285 4105 320 4172 6,
337 4110 366 4158 et
378 4117 440 4172 cap.
460 4107 485 4160 t.
501 4100 534 4157 de
550 4107 682 4158 transact.
699 4111 729 4159 ut
748 4110 866 4177 utroquo
885 4107 947 4164 loco
981 4119 1043 4175 cap.
1060 4107 1089 4161 2.
1110 4102 1144 4159 do
1163 4104 1261 4174 pactis.
1276 4104 1355 4159 Ratio
1375 4117 1440 4160 vero
1454 4110 1512 4173 est,
1530 4105 1594 4177 quia
1609 4107 1778 4164 confirmatio

137 4191 237 4246 Glossa
257 4191 381 4261 exponit,
397 4189 570 4246 nibilominus
591 4206 642 4246 suo
662 4189 742 4246 modo
762 4192 843 4248 etism
858 4201 948 4265 potest
981 4208 1014 4249 ea
1028 4199 1103 4248 certa
1123 4191 1238 4248 seientia
1252 4189 1336 4248 habet
1349 4192 1402 4246 rim
1417 4192 1595 4250 confirmandi
1609 4202 1701 4252 actum
1717 4194 1779 4252 nul-

139 4279 252 4336 extendi
265 4278 298 4335 nd
310 4279 541 4335 confirmationem
549 4281 575 4333 in
584 4278 671 4335 forma
678 4283 829 4352 communi,
839 4282 948 4355 quaudo
982 4281 1039 4336 lum
1054 4277 1193 4335 reddendo
1207 4278 1283 4334 illam
1298 4277 1331 4335 de
1345 4279 1462 4339 invalido
1472 4280 1603 4354 validum3
1616 4299 1682 4357 ergo
1696 4284 1778 4345 babet

139 4369 220 4425 cadit
233 4370 261 4424 in
278 4367 418 4424 rosteriam
434 4366 563 4436 habilem,
580 4374 609 4423 et
623 4383 705 4424 suum
723 4368 851 4426 ellectum
867 4373 948 4428 sorti·
981 4369 1035 4423 vim
1049 4366 1235 4452 concessionis
1246 4366 1387 4439 privilegii.
1400 4368 1599 4442 Consequentia
1611 4378 1698 4444 patet,
1714 4375 1781 4447 quia

139 4469 205 4526 tur,
222 4473 283 4514 narn
304 4465 372 4513 tuae
386 4459 439 4512 iam
454 4471 498 4512 res
513 4455 559 4512 illa
572 4471 625 4512 non
641 4457 729 4513 solum
741 4458 886 4532 inlerioris,
900 4459 948 4517 sed
982 4455 1099 4514 validara
1120 4463 1233 4524 actum,
1255 4471 1305 4512 seu
1326 4457 1515 4529 privilegium,
1537 4458 1611 4532 quod
1626 4469 1704 4520 autea
1719 4470 1781 4520 erat

139 4548 224 4604 etiarn
244 4546 410 4617 superioris,
424 4544 465 4600 rel
479 4546 566 4616 Papae
581 4546 767 4602 confirmantis
784 4549 948 4604 auctoritate
982 4545 1103 4615 nullum,
1120 4544 1198 4615 plano
1213 4543 1283 4600 idem
1297 4551 1356 4617 est,
1372 4545 1448 4618 quod
1461 4545 1551 4604 denno
1565 4549 1631 4607 illud
1646 4553 1781 4610 concede·

140 4635 281 4706 subsistit,
296 4641 325 4690 et
338 4635 376 4690 ita
391 4633 477 4690 ellicit
491 4633 563 4716 illam
578 4648 666 4690 suam.
964 4693 966 4698 ,
981 4650 1024 4690 re.
1040 4633 1214 4691 Antecedeus
1234 4639 1326 4690 autern
1341 4636 1484 4705 probatur,
1500 4637 1565 4709 quia
1578 4640 1688 4712 quaudo
1706 4646 1780 4715 prin-

181 4721 297 4791 Quando
317 4738 383 4778 vero
404 4722 499 4779 eadem
521 4738 637 4794 persona
652 4730 709 4795 est,
725 4719 796 4797 quae
811 4729 949 4784 concessit
982 4737 1047 4795 ceps
1066 4725 1209 4779 conlirmat
1226 4729 1335 4793 actum,
1350 4739 1405 4779 non
1421 4726 1485 4781 licte
1498 4735 1546 4783 aut
1560 4745 1638 4802 rane,
1655 4731 1702 4788 sed
1717 4748 1781 4790 vere

140 4815 223 4886 prius
239 4812 424 4884 privilegium,
438 4817 465 4866 et
480 4819 573 4882 postea
589 4810 653 4868 illud
669 4814 825 4887 confirmat,
839 4813 949 4872 duobus
982 4820 1011 4869 et
1021 4811 1105 4870 solide
1115 4811 1173 4868 vult
1183 4813 1355 4882 confirmare,
1365 4826 1432 4885 ergo
1442 4813 1500 4871 vult
1510 4819 1672 4876 coniirmare
1684 4829 1780 4879 actum

140 4901 233 4959 modis
250 4905 341 4971 potest
361 4899 387 4956 id
410 4900 547 4958 accidere.
565 4902 642 4958 Unus
657 4908 714 4969 est,
731 4910 762 4959 ut
776 4919 826 4975 pro
841 4905 894 4962 illis
909 4904 949 4961 di·
985 4902 1062 4958 iuxta
1073 4900 1253 4973 capacitatem
1263 4903 1333 4974 cius3
1347 4915 1413 4972 ergo
1424 4903 1445 4957 si
1456 4918 1489 4959 ex
1501 4912 1578 4962 certa
1589 4909 1705 4966 scientia
1717 4927 1781 4982 pro·

141 4991 233 5046 versis
252 4987 421 5060 temporibus
436 4988 496 5044 talis
511 5003 627 5060 persona
641 4989 691 5045 sibi
705 4991 757 5061 ipsi
772 4994 808 5048 sit
820 4994 950 5065 inaequa-
973 4989 1069 5066 cedit,
1078 4992 1115 5047 ita
1127 4990 1186 5046 vult
1196 4989 1272 5047 illum
1283 4991 1457 5064 confirmare,
1468 4993 1542 5051 sicut
1551 5010 1580 5052 re
1589 5013 1653 5054 vera
1663 5008 1705 5055 ost
1716 5016 1783 5057 con·

143 5079 175 5134 lis
192 5079 218 5133 in
236 5075 376 5148 dignitate,
392 5084 424 5132 ut
438 5077 464 5132 iu
479 5092 558 5146 casu,
575 5092 658 5151 quern
673 5084 772 5136 tractat
784 5081 857 5138 Bart.
870 5099 948 5139 cons.
985 5081 1134 5138 firmabitis.
1151 5078 1228 5136 Unde
1246 5081 1269 5134 si
1286 5085 1330 5136 est
1343 5081 1451 5154 nullus,
1466 5090 1495 5140 et
1509 5085 1636 5157 princeps
1651 5091 1784 5162 cognorit

146 5171 212 5224 tat.
232 5165 265 5222 dc
286 5165 423 5222 Cardinali
442 5165 550 5238 legato,
566 5167 613 5239 qui
628 5165 799 5239 privilegium
814 5171 953 5228 concessit
986 5187 1046 5228 esse
1059 5169 1214 5242 nullum,et
1224 5169 1401 5228 nibilominus
1411 5173 1563 5247 confirmat,
1573 5177 1714 5236 maailcste
1726 5179 1785 5240 tull

142 5253 256 5319 cuidam
279 5253 398 5329 cititati,
413 5253 491 5330 qaod
503 5260 597 5331 postea
611 5253 702 5314 tactus
714 5255 837 5318 Pontifex
851 5259 949 5322 contir-
986 5259 1024 5321 illi
1043 5258 1108 5320 dare
1120 5259 1243 5324 satorem
1261 5267 1290 5321 et
1302 5261 1468 5340 firmitatem,
1483 5264 1548 5340 quin
1560 5267 1628 5325 olias
1641 5267 1786 5331 frustrato·
