4278 6242
374 349 435 418 tto
932 381 935 390 ν
1077 368 1179 420 ernas
1194 370 1242 422 vr.

367 497 497 566 pretsndt.
508 525 543 538 -
554 498 597 550 1³-
611 497 666 561 Quo
677 509 754 549 mesu
767 496 845 548 rerba
858 502 919 547 ⁵¹¹¹st
931 496 1003 559 signs
1014 493 1131 547 voluma-
1167 466 1241 554 rum·
1249 495 1359 573 quidem
1379 505 1442 574 est,
1463 502 1592 561 eumdem
1611 503 1749 562 bominem
1763 453 1844 576 posse
1857 506 1964 563 cenius

368 579 409 690 ιῑ
422 564 1133 701 letitia7..titiltititt‘itt'ititttitlti
1158 589 1302 659 ruber
1323 605 1401 647 wrm
1422 599 1557 664 aratro
1577 599 1606 650 n
1620 610 1741 666 naun
1758 611 1841 669 ruem
1856 611 1887 652 τι
1901 611 1968 653 veo

370 710 412 760 ti.
427 708 524 771 Quibus
536 707 618 758 modis
630 712 670 757 est
683 705 824 769 indaganda
836 717 907 756 mens
919 704 1084 768 legislatoris.
1097 729 1132 740 —
1167 676 1276 748 habunt
1291 677 1401 752 q⁰⁸⁰d⁰
1416 679 1502 754 ¹08⁰¹¹¹
1518 681 1657 755 οοηᾱίᾰὴι
1674 686 1741 758 quia
1754 684 1831 742 ⁸⁰¹⁰⁸
1846 685 1904 756 ῙΡιθ
1921 701 1968 741 ⁹⁰·

367 781 472 842 semper
485 785 570 828 tamen
582 777 667 840 aliqua
676 777 813 826 uerborum
825 775 969 838 proprietas
978 781 1018 825 est
1028 783 1131 824 serran-
1166 764 1300 825 luntatem
1315 785 1395 828 suem
1409 776 1486 828 certo
1499 774 1657 847 cognoscit3
1677 790 1825 834 successor
1840 791 1906 834 vero
1920 793 1968 834 so·

368 848 497 930 (ιι-,ινξ-
507 846 582 898 Ram
594 847 659 908 ¹⁰8ss
672 845 745 895 ”Me
757 845 877 926 ⁰⁰¹¹d¹¹9¹²
890 843 1043 926 uomentem
1056 842 1132 924 ¹³85?
1168 855 1225 914 lum
1240 865 1330 930 potest
1343 859 1416 917 illam
1431 861 1598 920 coniectare.
1615 864 1795 922 Nihilominus
1810 875 1899 922 tamen
1917 881 1967 938 po·

368 919 459 969 latoris
480 915 657 979 rudageodam.
673 941 709 952 -
728 911 771 965 16.
784 915 860 967 ιιιιιο
882 913 947 976 legis
967 919 1088 965 contenta
1106 924 1133 962 ra

370 987 425 1052 ips,
437 987 495 1050 ,ege
507 993 547 1038 es,
559 998 678 1051 magnum
691 983 814 1036 indicium
825 983 919 1034 mentis
932 983 1096 1046 legislatoris.
1168 951 1222 1004 test
1242 963 1392 1007 successor
1410 951 1584 1023 interpretari
1605 969 1734 1020 sensum,
1749 957 1778 1011 in
1791 971 1847 1028 quo
1863 956 1905 1013 lar
1919 971 1966 1012 re·

1167 1037 1289 1109 cipienda
1312 1046 1371 1112 est,
1395 1046 1423 1098 et
1442 1043 1627 1114 observande,
1650 1049 1679 1100 et
1698 1043 1751 1100 boc
1765 1044 1846 1102 modo
1862 1045 1964 1102 dicitur

381 1135 404 1190 l.
427 1129 573 1202 'triplicem
599 1128 666 1203 legis
690 1127 941 1201 interpretationem
965 1125 1132 1200 distinguere
1167 1125 1235 1184 haec
1257 1128 1417 1186 authentica
1436 1131 1633 1204 interpretatio.
1651 1133 1729 1191 Unde
1747 1135 1828 1190 etiam
1853 1135 1968 1192 manile-

335 1235 485 1296 possumus
505 1235 538 1277 er
558 1218 655 1277 Glossa
667 1220 693 1274 in
708 1219 727 1275 l.
744 1220 770 1274 st
783 1215 819 1273 de
831 1219 1083 1290 interpretatione,
1103 1213 1130 1270 ll.
1167 1223 1242 1274 stum
1262 1225 1319 1288 εει,
1341 1234 1422 1291 ροεεε
1443 1224 1614 1293 superiorem
1636 1223 1688 1280 hoc
1710 1223 1792 1280 modo
1813 1222 1900 1298 legem
1927 1226 1968 1280 in-

333 1312 368 1371 de
381 1310 460 1383 legib.
477 1316 504 1367 et
514 1310 663 1366 Panormit.
678 1314 706 1364 ει
720 1308 801 1364 Decio
816 1306 842 1362 ia
858 1319 920 1378 cap.
940 1309 963 1363 t.
980 1304 1014 1362 de
1029 1301 1131 1376 postul.
1167 1306 1272 1364 terioris
1286 1307 1474 1381 interpretari,
1490 1313 1554 1384 quie
1568 1326 1620 1368 uon
1634 1319 1677 1369 est
1691 1327 1820 1386 necesse,
1836 1320 1868 1370 ut
1886 1315 1969 1371 ιιιιιι-

331 1399 447 1474 ριιειιι.
465 1399 606 1476 Sylsestro
620 1398 704 1454 verbo
723 1397 944 1470 interpretatio,
963 1392 1071 1451 seilicet
1084 1408 1135 1448 eu·
1168 1410 1231 1468 gere
1246 1403 1323 1454 certo
1340 1400 1427 1470 possit
1440 1400 1623 1471 personalem,
1635 1402 1711 1466 atita
1724 1400 1824 1472 dicam,
1840 1418 1963 1471 sensum,

332 1490 498 1562 theatinam,
521 1488 665 1556 usualem,
684 1492 714 1543 et
731 1484 923 1542 doctrinalem.
939 1484 1132 1541 authenticam
1168 1492 1196 1542 et
1210 1493 1328 1544 mentem
1352 1489 1427 1560 eius,
1447 1491 1512 1562 quia
1530 1489 1582 1547 hoe
1597 1505 1686 1564 neqrre
1701 1493 1726 1547 in
1747 1507 1909 1548 successore
1923 1500 1969 1550 est

332 1594 418 1650 voco,
438 1593 508 1652 quae
528 1579 558 1634 lit
579 1578 746 1634 auctoritate
762 1574 854 1645 illiue,
876 1575 923 1647 qui
938 1579 1030 1646 potest
1046 1573 1132 1645 legem
1170 1577 1368 1650 necessarium,
1381 1576 1430 1634 sed
1445 1580 1510 1635 satis
1524 1585 1578 1650 est,
1592 1588 1623 1636 ut
1638 1581 1722 1651 possit
1735 1578 1857 1649 delinire,
1870 1596 1902 1636 sc
1914 1588 1969 1638 ste·

333 1669 468 1740 condere,
491 1667 632 1739 usualem,
654 1682 724 1740 quae
744 1663 944 1722 consuetudine
963 1664 1064 1736 etipse
1079 1678 1133 1718 usu
1168 1673 1257 1736 tuere,
1270 1667 1408 1740 quomodo
1420 1667 1480 1724 talis
1494 1668 1537 1726 lex
1548 1669 1708 1740 accipienda
1722 1669 1758 1725 sit
1769 1675 1797 1726 et
1810 1669 1969 1728 custodien-

331 1759 377 1830 tit3
398 1765 427 1815 et
446 1756 646 1829 doctrinalem,
666 1769 737 1829 (tuat
752 1754 782 1812 fit
794 1769 842 1827 titt
857 1752 1026 1820 doctrinam,
1041 1757 1069 1808 01
1083 1766 1132 1808 tu·
1168 1755 1212 1826 de3
1229 1756 1301 1830 quod
1318 1757 1417 1815 melius
1428 1764 1518 1830 potest
1531 1759 1622 1816 lacere
1633 1775 1681 1831 per
1694 1759 1907 1819 iurisdictionem
1924 1776 1972 1820 su·

332 1851 458 1908 ctoritate
486 1849 678 1919 interpretum.
701 1845 750 1902 llic
769 1844 802 1902 de
822 1843 874 1901 hec
889 1844 970 1900 tertia
986 1841 1133 1914 praecipue
1168 1847 1312 1917 perierem,
1327 1862 1411 1919 quam
1432 1863 1481 1920 per
1495 1847 1647 1921 aequalem,
1662 1859 1694 1906 ιιι
1707 1857 1825 1907 constat.
1839 1852 1973 1923 Superio-

332 1941 491 2015 loquimur,
512 1944 540 1995 ει
560 1935 620 1994 ideo
642 1935 762 1993 breuiter
781 1935 847 1992 elias
861 1933 930 1992 dues
943 1930 1131 2004 expediemus.
1168 1949 1226 2000 rem
1241 1935 1311 1991 enirn
1325 1951 1396 1993 roco
1413 1952 1466 1993 non
1483 1943 1588 1994 unium
1603 1938 1628 1994 in
1643 1937 1791 2010 dignitate,
1808 1939 1850 1996 vet
1865 1942 1965 1998 egerin.

334 2032 414 2090 Dicta
430 2044 495 2086 vero
508 2026 604 2085 Glosse
617 2023 691 2083 aliud
706 2023 859 2081 membrum
875 2021 949 2080 addit
963 2021 1034 2079 illius
1049 2022 1134 2077 inter·
1169 2040 1234 2081 seca
1256 2023 1438 2097 perlectione,
1455 2026 1502 2083 sed
1520 2029 1546 2082 in
1567 2027 1805 2101 subordinatione,
1820 2034 1847 2086 et
1866 2030 1973 2102 preele-

334 2119 508 2194 pretationls,
517 2132 587 2190 quaa
602 2116 633 2173 lit
646 2130 695 2188 per
706 2116 866 2172 senentiam
878 2112 986 2170 iudicis.
999 2110 1052 2168 Sed
1065 2111 1133 2167 haec
1168 2117 1251 2171 tione.
1267 2115 1411 2183 Quomodo
1430 2115 1584 2174 iurisdictio
1604 2117 1676 2190 regis
1689 2125 1732 2175 εει
1751 2120 1876 2190 ευρειιοι
1888 2121 1970 2177 iuris·

336 2211 390 2268 sub
418 2206 619 2267 consuetudine
643 2204 815 2277 includitur,
842 2210 874 2261 ut
896 2204 998 2276 patebit
1022 2201 1134 2260 interius
1168 2203 1285 2262 dictione
1299 2205 1430 2276 preelecti
1447 2212 1496 2263 aut
1510 2206 1646 2279 proregis,
1668 2212 1695 2263 et
1714 2206 1865 2265 iurisdictio
1881 2203 1982 2282 espae'

334 2299 398 2358 loco
423 2314 485 2356 suo.
1168 2291 1353 2350 iurisdictione
1366 2295 1502 2368 episcopi,
1518 2310 1570 2350 nou
1590 2305 1655 2351 sero
1670 2295 1707 2352 ita
1727 2305 1906 2367 eomparatur
1925 2313 1969 2354 sr-

377 2394 406 2447 2.
422 2388 513 2446 Primo
527 2401 593 2461 ergo
607 2392 715 2445 certum
729 2390 787 2458 esi,
802 2383 861 2440 dari
876 2397 956 2455 posse
970 2384 1134 2453 interpreta-
1169 2381 1361 2456 ehiepiscopus
1376 2383 1411 2441 ed
1425 2385 1602 2457 episcopum,
1617 2384 1689 2443 unde
1703 2402 1758 2444 uon
1772 2395 1861 2460 potest
1875 2390 1916 2446 sic
1932 2389 1971 2446 in·

335 2480 440 2538 donem
457 2479 576 2551 aliquem
601 2475 682 2548 legis,
707 2489 777 2548 quae
797 2473 989 2531 auctoritatem
1004 2471 1071 2545 legis
1085 2469 1134 2526 ha·
1169 2475 1310 2546 terpretari
1328 2473 1415 2546 legem
1429 2475 1499 2532 eius.

334 2569 412 2639 beat,
428 2566 499 2623 banc
513 2580 579 2623 sero
594 2565 651 2620 lieri
665 2579 718 2621 non
734 2577 829 2635 posse,
847 2563 898 2619 nisi
910 2561 951 2618 vel
967 2560 1000 2617 ab
1015 2561 1134 2633 ipsomet
1208 2568 1234 2621 3.
1252 2562 1328 2621 Unde
1342 2563 1422 2621 etiem
1437 2564 1608 2638 intelligitur,
1623 2565 1782 2640 trequentes
1794 2567 1966 2644 contingere,

335 2656 507 2732 legislatore,
527 2656 568 2712 ιει
583 2668 764 2726 successore,
781 2653 823 2710 sel
838 2651 1008 2725 superiorem
1025 2649 1135 2708 iurisdi-
1168 2657 1200 2710 ut
1215 2651 1282 2708 baec
1297 2653 1488 2724 interpretatio
1503 2668 1557 2711 uon
1570 2655 1606 2712 sii
1620 2655 1694 2712 nuda
1707 2655 1856 2714 declaratio
1870 2673 1969 2715 εειειιε

335 2749 455 2806 ctionem
469 2745 672 2803 babentelota
686 2744 800 2800 assertio
815 2741 894 2800 ieoile
909 2743 1054 2815 probatur,
1069 2743 1134 2815 quie
1169 2742 1267 2814 prioris
1279 2742 1356 2816 legis,
1369 2744 1418 2802 sed
1432 2746 1547 2802 ιιιιιιιιιι
1562 2745 1644 2802 etiam
1657 2745 1757 2818 alique,
1770 2747 1812 2804 sel
1827 2745 1965 2819 addendo,
2015 2749 2027 2760 ‘

335 2835 524 2909 interpretatio
547 2834 615 2893 heac
639 2849 721 2907 saepe
744 2841 787 2891 est
806 2834 964 2891 necessaris
984 2831 1018 2889 ιιι
1033 2832 1133 2904 bopuna
1168 2831 1209 2888 vel
1224 2833 1381 2905 minuendo,
1397 2835 1461 2906 quie
1474 2839 1562 2892 totum
1577 2835 1629 2892 boc
1645 2835 1721 2892 cadit
1735 2836 1787 2894 sub
1802 2843 1965 2908 potestatem

334 2941 500 2995 commune,
522 2931 550 2982 et
569 2941 624 2982 non
642 2923 749 2981 excedit
768 2930 932 2996 potestatem
952 2922 1129 2997 legislatoris
1167 2923 1241 2994 eius,
1258 2923 1338 2980 euius
1359 2924 1524 2982 auctoritate
1538 2925 1568 2982 tit
1587 2924 1648 2982 talis
1662 2927 1864 2998 interpretatio,
1880 2933 1908 2984 et
1922 2942 1970 2999 po-

334 3021 429 3089 potest
446 3031 513 3088 ergo
534 3030 598 3071 curn
619 3015 782 3088 auctoritate
807 3012 875 3086 legis
900 3011 934 3068 eb
948 3027 980 3068 eo
995 3011 1060 3082 lieri,
1076 3027 1132 3068 non
1170 3017 1224 3068 test
1238 3027 1299 3068 esee
1312 3011 1345 3068 ed
1360 3029 1507 3072 commune
1522 3014 1623 3072 bonum
1639 3018 1836 3072 necessarium.
1850 3016 1925 3074 Unde
1940 3017 1970 3073 li·

318 3089 400 3163 'vern
414 3105 448 3163 ab
462 3104 593 3175 interiori,
610 3103 657 3176 qui
672 3103 757 3175 legem
772 3102 876 3159 terendi
890 3117 944 3158 uon
959 3100 1039 3157 hebel
1055 3108 1133 3173 pote·
1169 3108 1215 3159 cet
1236 3103 1387 3176 contingat,
1405 3104 1655 3176 interpretationem
1678 3122 1731 3162 non
1752 3105 1836 3162 videri
1857 3107 1968 3164 omnino

333 3201 446 3266 statem,
458 3193 500 3250 rel
515 3208 569 3250 non
582 3192 676 3264 telem,
685 3198 718 3249 ut
731 3192 812 3249 cadat
823 3192 850 3247 in
861 3197 955 3248 actum
968 3192 1130 3262 superioris.
1169 3189 1347 3264 adaequatam
1363 3193 1522 3264 proprietati
1537 3193 1685 3251 verborum
1699 3195 1777 3267 legis,
1790 3209 1844 3251 non
1858 3201 1905 3252 est
1915 3195 1967 3252 du·

334 3285 372 3344 Ei
385 3283 439 3340 boc
454 3291 508 3355 εει,
519 3280 595 3357 quod
608 3279 711 3339 dicitur
725 3282 752 3338 in
766 3280 836 3338 libro
850 3280 903 3339 ult.
919 3281 950 3337 C.
967 3279 1001 3336 de
1016 3280 1132 3354 legibus,
1167 3279 1311 3337 bitandum
1321 3279 1355 3337 de
1370 3281 1535 3340 auctoritate
1549 3290 1577 3338 et
1591 3283 1714 3339 efficacia
1729 3283 1969 3356 interpretationis,

333 3389 441 3432 omnem
457 3372 524 3448 legis
538 3371 789 3444 interpretationem
801 3371 835 3427 ab
849 3372 1015 3442 imperatore
1027 3369 1133 3442 datam,
1167 3370 1232 3442 quia
1250 3385 1316 3427 cum
1338 3377 1437 3427 auctor
1460 3371 1520 3428 eius
1545 3373 1632 3444 possit
1650 3372 1770 3446 aliquem
1789 3374 1969 3432 mutationem

332 3470 437 3522 rotem
460 3467 489 3520 et
506 3460 708 3520 indubitatem
726 3459 896 3518 habendam
909 3475 981 3516 esse.
996 3460 1032 3516 Et
1046 3458 1134 3517 reddit
1168 3459 1270 3532 lacere,
1286 3474 1366 3530 saepe
1386 3474 1451 3516 oum
1472 3461 1691 3532 interpretatione
1705 3463 1777 3519 illem
1792 3463 1898 3534 miscet,
1916 3463 1969 3521 sub

333 3555 486 3622 rationem,
505 3555 579 3625 quio
598 3553 625 3608 si
643 3548 719 3622 leges
739 3550 862 3606 condere
879 3546 936 3605 soii
955 3550 1134 3622 imperatori
1167 3548 1262 3606 eodem
1276 3549 1507 3620 interpretationis
1521 3553 1629 3607 nomine
1648 3550 1720 3608 illarn
1735 3551 1971 3624 comprehenden-

332 3658 506 3702 coneeesnm
523 3645 579 3701 esi.
598 3643 692 3698 etiam
706 3638 782 3710 lepos
794 3639 998 3712 interpretari,
1016 3637 1077 3694 soto
1091 3636 1134 3694 ct·
1168 3637 1216 3710 do,
1231 3638 1347 3695 tortasse
1361 3653 1410 3708 per
1426 3638 1598 3712 modestiam,
1613 3648 1640 3697 et
1653 3642 1820 3713 comitatem,
1834 3650 1865 3700 ut
1878 3643 1971 3702 videre

333 3749 427 3807 pnnm
442 3732 569 3805 imperio
582 3745 644 3786 esse
658 3727 864 3803 oportet.Quod
876 3743 989 3784 necesse
1000 3733 1042 3783 est
1054 3726 1134 3784 intel·
1168 3726 1233 3784 licet
1255 3729 1281 3783 ia
1303 3742 1365 3798 cap.
1385 3732 1409 3786 t.
1427 3727 1461 3786 de
1483 3730 1583 3786 iuram.
1600 3730 1703 3787 calum.
1718 3737 1746 3788 et
1765 3748 1826 3805 cap.
1844 3735 1918 3790 unic.
1936 3733 1970 3790 de

332 3821 382 3895 ligi
402 3819 435 3877 de
457 3820 508 3876 bac
530 3818 765 3890 interpretatione,
782 3831 864 3890 quam
880 3816 1069 3874 authenticam
1085 3831 1133 3872 ro·
1168 3817 1237 3873 cler.
1251 3817 1362 3891 coniug.
1375 3819 1402 3873 in
1418 3822 1445 3876 6.
1459 3833 1523 3874 cum
1538 3819 1808 3896 similibuslienique
1823 3824 1970 3881 observare

334 3927 448 3980 camus,
469 3909 503 3966 de
524 3922 579 3980 que
596 3909 678 3963 etiam
700 3905 803 3962 dicitur
817 3907 844 3961 ia
858 3907 943 3978 capit.
958 3909 1040 3961 Inter
1054 3903 1129 3972 αιιιι,
1168 3913 1291 3978 οροιιει,
1306 3905 1373 3964 baec
1388 3907 1479 3964 omnia
1493 3908 1667 3982 intelligenda
1680 3927 1741 3967 esse
1755 3913 1788 3970 de
1802 3913 1881 3986 lege,
1897 3929 1969 3986 quae

335 4003 369 4059 de
384 4003 501 4056 sentent.
517 3995 822 4054 excommunicationis:
844 3996 881 4054 Ut
893 3992 972 4051 ιιιειιε
986 3997 1031 4050 ιιι
1043 3992 1134 4068 prod·
1167 3994 1269 4051 directe
1287 3996 1316 4052 lit
1336 3994 1370 4052 ed
1391 3996 1624 4068 interpretandum
1645 4000 1774 4071 priorem.
1791 4003 1876 4075 Saepe
1897 4004 1969 4061 enirn

330 4095 381 4158 iit,
406 4088 614 4162 interpretatio
634 4100 746 4158 qaoque
764 4083 918 4159 procedat.
943 4085 1046 4156 Estque
1067 4085 1134 4156 opti·
1170 4102 1251 4142 onem
1275 4086 1362 4159 legem
1377 4102 1425 4158 per
1446 4086 1527 4143 aliam
1543 4088 1768 4162 interpretamur,
1789 4091 1854 4150 licet
1873 4099 1971 4150 neultra

331 4194 409 4238 mum
430 4184 459 4235 et
479 4191 581 4233 novum
600 4174 755 4246 exemplum
771 4175 796 4230 io
814 4173 933 4230 motibus
948 4174 1066 4246 propriis
1079 4175 1134 4250 lly-
1169 4176 1202 4234 ed
1218 4175 1292 4233 barne
1308 4178 1387 4233 finem
1402 4177 1514 4234 condita
1528 4178 1573 4251 ειι,
1586 4180 1633 4237 εει
1647 4195 1681 4236 ex
1695 4189 1772 4238 certo
1787 4197 1868 4239 sensu
1884 4185 1968 4239 unius

332 4270 368 4326 sti
383 4268 415 4325 v.
432 4265 466 4322 de
481 4265 641 4337 illegitimis3
655 4278 717 4319 narn
731 4278 780 4334 per
795 4263 914 4334 priorem
929 4262 961 4319 de
977 4263 1029 4318 illis
1043 4261 1134 4335 dispo·
1169 4269 1305 4323 veriorem
1318 4266 1433 4323 alterius
1447 4283 1559 4324 sensum
1577 4269 1748 4342 colligimus,
1763 4278 1812 4328 eut
1830 4271 1971 4330 conlecta·

331 4359 404 4429 suit,
431 4371 481 4428 per
506 4354 685 4426 posteriorem
711 4368 776 4408 vero
795 4352 913 4423 priorem
936 4353 1133 4423 interpretetus
1168 4371 1246 4426 mus,
1262 4356 1304 4412 vel
1324 4364 1436 4428 propter
1450 4360 1670 4427 consonantiam,
1688 4358 1729 4415 vel
1747 4368 1859 4432 propter
1874 4361 1970 4418 verbo·

329 4454 389 4520 est,
413 4455 442 4504 et
456 4454 575 4516 uterque
590 4441 713 4499 eamdem
738 4441 804 4516 legis
828 4443 1020 4499 auctoritatem
1040 4442 1131 4500 babet.
1168 4461 1231 4501 runa
1245 4461 1326 4502 usum
1339 4487 1346 4516 ,
1361 4445 1403 4502 rel
1426 4453 1540 4516 propter
1554 4447 1755 4505 similitudinem
1773 4449 1905 4521 retiouis,
1920 4457 1971 4506 eut

328 4541 379 4600 list
395 4543 487 4594 ιιιειιι
503 4533 716 4604 advertendum,
739 4548 793 4589 non
809 4537 916 4591 tantum
929 4531 1054 4589 eamdem
1070 4547 1133 4603 per·
1169 4533 1274 4607 aliquid
1289 4534 1390 4590 simile:
1407 4543 1473 4591 tunc
1488 4542 1579 4592 autem
1594 4537 1845 4607 interpretationes
1860 4545 1903 4596 est
1918 4554 1969 4596 au·

328 4643 424 4685 sonam
443 4640 524 4698 posse
538 4623 592 4679 boe
605 4620 687 4678 modo
700 4621 789 4694 legem
802 4637 880 4678 suasu
893 4620 1132 4692 interpretari,sed
1167 4623 1303 4691 theutica,
1320 4621 1368 4679 sed
1389 4622 1440 4679 sub
1461 4623 1605 4680 doctrinali
1625 4625 1886 4698 comprehenditur,
1902 4629 1970 4700 quie

327 4721 411 4777 etiarn
428 4713 553 4772 eamdem
567 4711 677 4781 sedem,
701 4719 732 4768 ut
746 4713 784 4768 ita
798 4711 902 4782 dicem,
919 4727 970 4768 seu
985 4726 1134 4767 successo·
1167 4728 1219 4770 non
1236 4711 1317 4768 babet
1336 4712 1402 4784 legis
1417 4713 1626 4786 auctoritatem,
1643 4719 1674 4770 ut
1687 4731 1736 4787 per
1750 4730 1779 4770 se
1797 4721 1917 4772 constet.
1934 4719 1971 4775 Ut

325 4821 385 4864 rem
401 4805 426 4860 in
441 4802 535 4860 eadem
552 4807 702 4873 potestate,
725 4807 757 4857 ut
771 4800 846 4857 clare
860 4800 995 4870 probatur
1010 4801 1036 4854 in
1053 4798 1130 4855 dieto
1166 4815 1232 4873 ergo
1247 4800 1405 4857 authentica
1420 4801 1453 4856 sit
1467 4801 1669 4874 interpretatio,
1686 4811 1808 4876 oportet,
1825 4812 1857 4861 ut
1871 4804 1971 4864 habaet

325 4911 388 4967 cap.
406 4897 488 4952 Inter
502 4891 578 4950 altu.
594 4891 628 4948 Et
642 4891 712 4946 ratio
727 4897 785 4959 est,
801 4891 863 4961 quie
878 4889 920 4946 lex
936 4905 989 4946 non
1004 4886 1132 4960 procedit
1167 4905 1260 4947 omnes
1278 4889 1344 4962 legis
1358 4889 1493 4947 humanae
1508 4890 1690 4962 conditiones,
1704 4899 1788 4966 atque
1804 4893 1870 4950 adeo
1883 4901 1916 4951 ui
1930 4897 1967 4952 sit

325 4998 489 5056 sparsose,
509 4981 561 5036 oisi
576 4985 607 5036 ut
622 4978 738 5035 habente
758 4985 942 5050 potestatem,
957 4983 986 5034 ei
1000 4977 1042 5034 lex
1057 4991 1131 5034 sem·
1164 4981 1255 5052 iusta,
1278 4978 1431 5051 procedens
1452 4995 1466 5035 ι
1489 4979 1606 5053 legitime
1627 4987 1776 5052 potestate,
1798 4982 1968 5040 sullicienter

323 5071 487 5146 perpendet
505 5070 538 5128 ab
559 5067 655 5126 eedem
671 5073 818 5140 potestate,
831 5069 858 5122 in
872 5082 1050 5141 quacumque
1066 5081 1128 5138 per·
1163 5068 1350 5142 promulgato,
1371 5075 1427 5125 etc.
1447 5068 1523 5126 Unde
1547 5073 1748 5143 consequenter
1777 5071 1821 5139 lit,
1845 5077 1876 5129 ut
1898 5072 1967 5130 haec

325 5177 391 5219 sone
406 5163 449 5233 lit3
466 5173 532 5232 ergo
546 5157 594 5233 qui
607 5158 633 5214 in
648 5155 742 5214 eedem
755 5163 893 5228 potestate
904 5157 1042 5226 succedit,
1057 5172 1129 5213 sem·
1162 5159 1278 5230 ipsamet
1299 5158 1341 5215 lex
1356 5156 1474 5215 bumana
1488 5159 1696 5231 interpretativa
1709 5161 1832 5235 alterius,
1844 5166 1968 5235 exposita

323 5267 373 5327 per
391 5255 485 5323 potest
508 5246 755 5324 praedecessorum
780 5245 853 5325 leges
874 5239 1059 5323 interpretari.
1075 5246 1127 5304 lie·
1164 5249 1199 5306 sit
1211 5247 1300 5307 dubiis
1311 5255 1339 5306 et
1352 5246 1579 5322 obscuritatibus,
1592 5264 1625 5307 eo
1636 5249 1751 5310 subinde
1763 5256 1794 5309 ut
1807 5253 1889 5310 etiem
1901 5269 1953 5327 pro
2013 5245 2018 5256 '
