4284 6246
390 351 456 420 238
627 335 630 344 ⁵
1100 379 1201 432 emen
1216 381 1264 432 vs.

350 497 406 570 ius,
421 494 496 570 qued
512 497 549 556 illi
565 497 600 558 de
613 499 673 560 iure
687 505 829 562 communi
842 505 983 580 competit.
1000 508 1067 565 llam
1085 511 1152 564 tnnc
1190 506 1308 582 sumptio
1328 505 1396 564 levis
1421 503 1589 564 mutetienls.
1610 503 1685 573 Quae
1706 501 1790 564 illetlo
1810 500 1915 576 optima
1934 505 1989 572 est,

351 585 373 642 si
394 587 549 646 obtinentur
571 591 726 651 secundum
748 596 920 668 privilegium
940 589 1073 669 amplians
1098 599 1152 670 pri·
1188 595 1366 653 considerem
1380 597 1406 652 ri
1420 595 1505 652 solius
1518 595 1630 652 rationis
1643 595 1820 667 propositus:
1837 599 1928 650 temen
1942 606 1995 663 ego

352 690 444 747 mum,
458 684 486 732 et
504 679 567 748 plus
583 678 719 754 derogans
733 683 784 740 iuri
806 687 894 755 tertii,
912 687 1096 743 necessarium
1110 694 1153 745 est
1188 700 1242 742 non
1256 685 1431 743 admitterem
1441 701 1615 759 consequens
1632 686 1659 742 in
1680 682 1803 741 terminis
1817 681 1884 740 dicti
1897 681 1996 753 capitis

350 764 378 820 in
393 765 518 823 secundo
533 768 624 826 iecere
639 772 805 830 mentionem
818 773 852 831 de
866 777 969 847 primo,
985 789 1018 831 ne
1038 777 1075 832 sit
1089 791 1152 833 sur·
1187 776 1330 848 penultim.
1346 781 1374 832 et
1392 791 1426 833 ex
1442 778 1468 832 ri
1488 776 1555 836 iuris
1569 775 1736 832 communis.
1753 773 1886 830 Existimo
1909 772 1995 842 eninr,

350 854 501 924 replitium.
513 857 552 914 lte
566 858 638 914 enim
652 866 744 919 textus
755 861 799 918 ille
812 863 948 936 loquitur,
960 871 989 921 et
1002 863 1093 921 locum
1105 863 1152 920 be·
1188 866 1211 922 si
1231 866 1368 937 posterius
1389 865 1562 938 privilegium
1582 863 1717 922 redundet
1738 864 1766 920 iu
1798 860 1997 936 praeiudicium

352 942 410 1015 bet,
425 945 595 1020 ubicumque
613 949 709 1008 eedem
724 953 792 1008 ratio
813 951 933 1010 iormelis
948 954 1086 1024 meuriss,
1102 969 1153 1010 seu
1187 956 1309 1027 alterius,
1325 956 1433 1014 etiemsi
1446 971 1479 1012 ex
1499 970 1671 1012 noraoausa
1689 960 1816 1026 petetur,
1831 967 1897 1010 non
1913 951 1996 1008 derb·

352 1032 469 1091 iustitiee
481 1043 619 1111 versatur,
628 1041 958 1100 utessesolentmeteriae
968 1043 1150 1114 decimarum,
1187 1062 1252 1119 gare
1266 1048 1351 1120 priori
1364 1046 1505 1120 privilegio
1515 1045 1669 1118 specialiter
1679 1043 1856 1100 conservanti
1871 1039 1940 1098 illud
1951 1041 1996 1098 ius
2021 1067 2032 1085 .

350 1122 565 1196 beneficiorum,
580 1135 608 1184 et
621 1130 739 1198 similes,
755 1133 782 1188 in
796 1132 896 1205 quibus
910 1136 969 1204 ius,
984 1135 1027 1191 vel
1044 1133 1154 1205 proeiu·
1188 1137 1288 1207 tertio,
1304 1137 1325 1193 si
1341 1136 1413 1193 iilius
1427 1152 1481 1193 non
1496 1136 1580 1193 iaciat
1594 1136 1774 1202 mentionem,
1789 1132 1873 1206 idque
1890 1147 1944 1188 non
1958 1147 1996 1190 ex

351 1212 455 1273 dicium
472 1217 546 1274 tertii
561 1219 714 1280 intercedit.
729 1221 794 1278 lude
808 1231 968 1280 autemnon
987 1230 1080 1295 potest
1095 1238 1152 1280 am·
1189 1227 1213 1282 ri
1236 1226 1310 1283 illius
1331 1227 1582 1298 praesumptionis,
1600 1224 1648 1283 sed
1667 1239 1702 1282 ex
1721 1222 1899 1294 dispositione
1921 1220 1997 1278 iilius

351 1303 430 1374 pilari
444 1302 490 1363 ille
510 1307 608 1381 regule
620 1308 653 1365 ed
674 1309 740 1367 elias
759 1313 886 1369 materias
907 1328 961 1370 non
976 1313 1012 1370 ite
1033 1312 1151 1383 odiosos,
1187 1317 1270 1388 iteris,
1287 1331 1369 1390 ques,
1385 1323 1417 1373 ut
1430 1316 1574 1384 existimo,
1589 1330 1645 1372 uon
1658 1312 1793 1372 lundatur
1806 1314 1835 1370 in
1849 1327 1997 1384 praesum·

349 1407 402 1450 nec
417 1394 545 1454 cedentes
559 1400 586 1455 in
600 1397 799 1472 praeiudicium
815 1403 896 1468 tertii,
908 1403 973 1475 quia
988 1405 1152 1460 sumsimus
1188 1408 1294 1478 ptione,
1310 1406 1357 1463 sed
1372 1407 1398 1461 in
1413 1407 1485 1474 boc,
1502 1404 1579 1480 quod
1593 1393 1766 1476 privilegium
1785 1403 1922 1475 posterius
1939 1416 1996 1458 non

264 1559 265 1564 ἵ
350 1481 378 1538 in
393 1485 506 1543 meteria
522 1485 614 1544 stricti
626 1489 706 1562 iuris,
718 1505 772 1547 non
786 1501 830 1552 est
843 1492 886 1548 illa
896 1490 996 1548 decisio
1007 1490 1154 1549 extendeu-
1188 1494 1301 1569 deroget
1312 1496 1397 1574 priori
1412 1496 1565 1568 privilegio,
1575 1501 1712 1568 quotenne
1724 1492 1758 1550 ad
1769 1494 1882 1550 tertium
1898 1493 1998 1564 quovis

351 1573 396 1644 da,
411 1578 576 1646 praesertim
596 1593 661 1636 cum
676 1595 729 1638 non
744 1584 779 1639 sit
792 1582 886 1639 eedem
900 1585 970 1638 ratio
984 1583 1010 1638 in
1023 1582 1083 1638 aliis
1098 1597 1156 1637 me·
1191 1585 1273 1642 modo
1289 1592 1408 1657 spectat,
1425 1585 1475 1662 nisi
1490 1584 1562 1641 illius
1576 1581 1846 1641 mentionem'laciat.
1856 1581 1934 1650 Quod
1952 1587 1997 1638 est

352 1665 435 1721 teriis.
443 1667 477 1722 Et
495 1667 534 1723 ita
549 1671 818 1752 sentltlenocentius
830 1680 861 1731 ut
873 1671 945 1740 dial,
962 1681 990 1728 st
1003 1671 1154 1744 approbent
1189 1667 1308 1744 certum,
1324 1675 1434 1748 quando
1447 1675 1521 1746 prius
1535 1673 1708 1746 privilegium
1719 1674 1771 1736 luit
1779 1673 1885 1730 directe
1901 1672 1998 1730 datum

351 1753 449 1811 ibidem
468 1756 616 1815 cardinalis
637 1767 666 1818 et
686 1761 795 1818 lielinus
816 1766 977 1832 numeret,
1003 1769 1032 1818 et
1053 1761 1153 1818 lieldus
1188 1765 1279 1834 tertio,
1295 1764 1553 1821 utinlraliblllll.
1568 1763 1675 1835 dicam,
1693 1771 1783 1820 temen
1798 1761 1884 1818 inille
1905 1760 1998 1832 capite

350 1859 427 1902 uum.
439 1848 483 1904 to.
1189 1852 1297 1911 vitietur
1316 1852 1423 1912 extendi
1443 1855 1523 1910 etiam
1539 1852 1573 1910 ed
1594 1853 1764 1925 privilegium
1781 1851 1857 1924 prius
1879 1864 1998 1908 conces·

389 1935 425 1993 Et
439 1938 595 1995 confirmari
606 1939 658 1996 boc
670 1948 760 2012 potest
770 1958 809 2004 en
816 1943 907 1999 serbis
916 1940 1038 1998 eiusdem
1051 1948 1152 2012 textus.
1191 1958 1253 2000 sum
1268 1943 1359 2000 eidem
1375 1941 1571 2015 privilegiatis,
1587 1950 1727 2014 quatenus
1741 1955 1790 2013 per
1804 1939 1873 1997 illurl
1891 1940 1999 2011 specia-

352 2024 398 2081 ibi:
412 2030 480 2083 Non
494 2027 628 2086 obstante
634 2029 793 2104 privilegio
806 2030 969 2090 Clementis
975 2047 1087 2106 papae,
1100 2044 1155 2104 per
1189 2029 1305 2090 literius
1327 2034 1399 2090 tertii
1414 2037 1585 2090 reservetur.
1601 2033 1636 2092 lit
1656 2031 1708 2089 boc
1723 2045 1821 2088 rerum
1840 2043 1939 2092 mesen
1953 2043 1998 2084 se·

352 2114 431 2186 quod
440 2117 608 2191 privilegiis
622 2135 747 2178 suorum
758 2120 1022 2195 praedecessorum
1036 2137 1095 2178 eon
1105 2135 1155 2178 ec·-
1189 2120 1314 2179 cundum
1327 2122 1369 2178 ius
1384 2115 1560 2195 canonicum3
1572 2137 1606 2178 au
1621 2137 1687 2179 rero
1702 2119 1774 2178 idem
1789 2121 1825 2176 sit
1840 2115 1998 2176 secundum

352 2203 687 2279 rtttsderoccremcnm
698 2209 818 2286 deipsis
832 2207 950 2268 nullom
955 2207 1065 2281 fecerit
1074 2226 1155 2267 mers·
1189 2213 1232 2268 ius
1246 2211 1337 2282 civile,
1353 2211 1412 2267 aliis
1425 2212 1545 2269 remitto.

352 2295 472 2351 tionem.
489 2297 518 2352 ln
532 2297 632 2370 quibus
646 2298 774 2371 adverto,
800 2300 836 2358 ibi
855 2316 908 2358 uon
929 2300 999 2370 dici,
1015 2302 1154 2372 posterius
1227 2301 1343 2360 Secluso
1355 2308 1447 2359 autem
1459 2294 1519 2358 iure
1530 2298 1662 2372 positivo,
1675 2299 1721 2357 ille
1730 2299 1798 2356 ratio
1809 2305 1837 2355 et
1851 2310 1999 2370 praesum·

352 2383 525 2456 privilegium
552 2403 605 2442 nnn
629 2388 730 2445 iaciens
756 2393 921 2447 mentionem
944 2389 1045 2462 prioris
1069 2389 1154 2444 luisse
1189 2393 1245 2462 ptio
1258 2391 1367 2448 videtur
1379 2406 1433 2446 non
1448 2405 1508 2446 esse
1522 2392 1615 2462 megni
1630 2388 1884 2480 momentiouiain
1900 2386 1997 2458 primis

354 2471 514 2544 simpliciter
527 2478 735 2551 surreptitium,
751 2479 800 2536 sed
821 2478 908 2535 solum
922 2477 1014 2551 quood
1037 2477 1106 2548 boc,
1123 2483 1155 2534 ut
1189 2481 1212 2536 si
1226 2495 1342 2551 persons
1364 2479 1519 2536 concedens
1538 2478 1689 2536 secundam
1716 2478 1948 2550 dispensationem
1961 2474 2000 2534 sit

354 2575 409 2618 non
429 2560 544 2636 deroget
557 2565 702 2639 privilegiis
723 2569 879 2639 prioribus,
895 2583 1015 2641 qtserum
1037 2568 1155 2624 mentio·
1189 2569 1315 2636 diverse,
1332 2575 1364 2626 ut
1377 2575 1420 2625 est
1433 2583 1601 2637 successor,
1617 2583 1671 2624 non
1689 2573 1781 2640 potest
1793 2565 1847 2623 dici
1862 2564 1908 2622 illa
1927 2563 1995 2620 leris

354 2666 415 2706 nem
430 2668 482 2708 nen
497 2653 573 2725 lecit,
585 2663 614 2713 et
626 2657 784 2726 specialiter
798 2658 1026 2726 conservantibus
1039 2657 1082 2714 ius
1098 2663 1154 2713 ter·
1190 2660 1318 2729 mutatio,
1331 2674 1398 2716 cum
1413 2673 1465 2715 non
1480 2661 1516 2714 sit
1529 2657 1611 2729 idem,
1624 2657 1670 2731 qui
1685 2662 1825 2729 operatur.
1841 2653 1920 2723 Quod
1932 2652 1996 2710 inde

353 2739 392 2811 tii,
407 2741 481 2813 quod
501 2743 538 2800 illi
558 2743 618 2801 iure
640 2749 779 2804 communi
800 2747 982 2820 competebat.
997 2745 1073 2804 Unde
1093 2761 1154 2803 mea
1187 2750 1269 2806 etiam
1285 2754 1369 2820 petet,
1383 2749 1449 2820 qula
1462 2748 1484 2803 si
1501 2747 1525 2802 in
1541 2761 1610 2803 casu
1635 2747 1745 2803 omnino
1756 2742 1834 2800 simili
1848 2757 1998 2816 successor

346 2833 490 2890 sententie
504 2847 537 2889 ea
552 2832 598 2890 illo
614 2840 691 2893 textu
704 2836 794 2893 solum
809 2836 948 2909 colligitur
963 2835 1099 2908 quaedem
1110 2851 1155 2892 re·
1188 2838 1265 2895 aliter
1279 2836 1420 2909 dispenset
1433 2852 1497 2893 cum
1512 2835 1618 2906 endem,
1634 2835 1676 2892 rel
1689 2835 1742 2892 elie
1756 2848 1891 2906 persone,
1909 2847 1996 2906 quarn

354 2917 419 2990 gule
442 2921 575 2978 notanda.
598 2925 633 2981 Ut
652 2926 725 2981 enim
745 2925 899 2983 videbimus
922 2924 991 2982 inire
1012 2923 1154 2982 tractando
1189 2915 1257 2984 suus
1273 2925 1488 2999 praedecessore
1502 2941 1557 2981 nou
1578 2923 1752 2997 potestdici,
1768 2922 1865 2980 leviter
1886 2929 1996 2979 mutere

352 3007 386 3064 de
401 3007 560 3084 privilegiis,
576 3020 791 3070 controversum
804 3021 857 3077 est,
873 3029 906 3070 en
921 3013 1092 3088 privilegium
1106 3013 1153 3071 de·
1187 3016 1345 3089 sterelitatem
1360 3016 1584 3086 dispensationis,
1605 3031 1654 3072 seu
1670 3013 1782 3072 medum
1805 3012 1993 3086 dispensandi,

352 3105 431 3170 roget
444 3099 498 3156 iuri
512 3104 664 3174 communi,
679 3104 940 3162 cuiusmenticnem
957 3119 1009 3161 uon
1024 3103 1089 3161 lecit
1103 3119 1152 3174 per
1188 3107 1244 3162 sive
1259 3104 1338 3177 edint,
1354 3106 1412 3162 sire
1425 3106 1545 3178 ignoret,
1560 3103 1624 3177 quid
1637 3105 1725 3177 egerit
1738 3119 1807 3160 suus
1831 3102 1996 3175 praedeces·

352 3183 509 3246 clausulam
530 3206 591 3248 non
610 3190 760 3257 obstante.
778 3201 805 3250 et
825 3195 1000 3250 communior
1020 3193 1153 3251 resolutio
1187 3210 1248 3268 sor,
1263 3204 1329 3266 ergo
1343 3193 1416 3251 idem
1432 3195 1498 3258 erit,
1514 3192 1618 3250 etiamsi
1631 3194 1659 3248 in
1679 3193 1777 3251 eodem
1797 3207 1865 3260 casu
1880 3198 1907 3246 et
1926 3205 1994 3248 cum

352 3283 410 3349 est,
427 3279 572 3354 derogare.
589 3280 629 3338 Ex
643 3282 719 3340 dicto
733 3299 799 3357 ergo
819 3299 881 3355 cap.
896 3283 1001 3356 penult.
1014 3282 1153 3356 colligitur
1187 3283 1282 3340 eedem
1293 3299 1410 3355 persona
1422 3281 1498 3338 aliter
1513 3281 1662 3352 dispenset.
1676 3280 1777 3338 Deinde
1787 3279 1857 3337 idem
1867 3280 1925 3338 lere
1939 3287 1993 3350 eet,

351 3365 448 3440 regule
460 3369 969 3452 limitansbencdoctrinem,nimirum
984 3374 1007 3428 si
1022 3374 1066 3429 ius
1077 3387 1154 3428 com·
1187 3373 1313 3446 quemvis
1330 3386 1446 3444 persona
1466 3370 1648 3442 dispensentis
1662 3372 1702 3427 sit
1728 3368 1841 3439 eadem,
1858 3369 1923 3441 quie
1936 3370 1994 3425 sine

351 3453 435 3514 miens
454 3467 636 3518 conservatur
656 3462 756 3533 ebeni,
773 3477 821 3520 seu
834 3465 861 3518 in
883 3459 989 3536 eliqua,
1008 3476 1055 3534 per
1075 3463 1152 3535 prius
1188 3462 1271 3518 animi
1287 3461 1394 3518 levitate
1409 3466 1499 3532 petest
1513 3460 1688 3530 contingere,
1705 3465 1736 3516 ut
1750 3460 1776 3514 in
1800 3473 1869 3514 casu
1882 3459 1994 3514 omnino

350 3546 522 3622 privilegium
541 3549 577 3606 illi
598 3565 779 3623 concessum,
797 3559 864 3610 tunc
885 3553 1023 3624 posterius
1043 3551 1151 3623 privile·
1188 3551 1268 3606 simili
1286 3549 1359 3607 idem
1379 3549 1506 3620 princeps
1525 3547 1680 3621 dispenset,
1697 3547 1738 3604 vel
1762 3547 1878 3620 gratiam
1897 3547 1993 3616 iaciat,

351 3637 427 3708 gium
440 3653 492 3695 uon
506 3639 639 3713 detegere
650 3641 703 3698 iuri
714 3644 855 3698 communi
867 3641 981 3699 redscto
994 3641 1019 3696 in
1034 3640 1149 3696 iormem
1188 3655 1263 3697 nunc
1279 3637 1430 3706 liberelius,
1442 3646 1471 3694 et
1485 3649 1580 3710 postes
1594 3636 1774 3704 moderatius,
1787 3634 1860 3694 vele
1878 3651 1994 3694 conssr-

352 3731 381 3781 et
396 3734 516 3784 tenorem
533 3729 680 3800 privilegii:
697 3737 725 3788 st
744 3733 877 3788 retienem
891 3730 982 3787 reddit
995 3725 1071 3786 Beld.
1089 3731 1153 3802 quia
1187 3744 1229 3798 sc,
1246 3743 1313 3803 ergo
1329 3727 1394 3786 licet
1405 3727 1431 3784 id
1448 3726 1529 3784 iaciat
1542 3741 1607 3783 cum
1622 3725 1717 3784 eedem
1732 3723 1887 3797 persouein
1904 3723 1995 3781 direr-

351 3814 394 3870 ius
405 3831 609 3889 communeper
620 3821 775 3891 principem
787 3819 941 3891 specialiter
952 3826 1148 3877 conservatum
1188 3821 1227 3876 sis
1242 3817 1430 3890 temporibus,
1447 3833 1499 3872 non
1515 3815 1574 3873 ideo
1589 3817 1794 3888 praesumitur,
1809 3819 1858 3892 eut
1879 3813 1996 3887 imponi·

288 3902 293 3910 '
352 3903 449 3961 lortius
463 3913 523 3976 est,
539 3911 566 3962 et
586 3907 648 3978 plus
663 3917 805 3979 operetur.
821 3910 857 3967 Et
876 3909 933 3967 sine
947 3908 1032 3965 dubio
1047 3907 1090 3964 bic
1110 3915 1152 3964 est
1187 3915 1232 3966 tur
1246 3910 1270 3964 ei
1285 3908 1351 3964 levis
1368 3907 1494 3963 mutabo.
1510 3907 1549 3962 lio
1565 3905 1607 3962 vel
1622 3907 1738 3962 maxime
1751 3902 1827 3977 quod
1843 3902 1888 3960 ille
1904 3911 1995 3962 mute·

337 4008 434 4051 cesus
449 3995 577 4066 proprius
592 3995 666 4052 illius
681 4004 788 4068 ursus,
804 4004 833 4054 et
853 3997 981 4068 specialis
995 3998 1055 4053 eius
1075 3997 1152 4054 deci·
1188 4001 1225 4056 tio
1238 4014 1293 4056 non
1308 4004 1353 4055 est
1366 3999 1393 4053 in
1408 4011 1478 4053 cesu
1492 3996 1633 4067 proposito
1647 4010 1695 4067 per
1709 3993 1914 4052 revocationem
1932 4009 1995 4065 gre·

351 4084 406 4155 sio,
422 4100 489 4157 ergo
505 4100 559 4140 non
574 4092 618 4143 est
630 4085 800 4144 extendenda
814 4090 848 4142 ad
864 4101 957 4144 omnes
973 4086 1154 4158 dispensetis·
1189 4090 1258 4157 tine,
1275 4087 1323 4143 sed
1339 4087 1431 4158 potius
1446 4100 1494 4156 per
1513 4083 1680 4142 additionem
1696 4082 1860 4140 liberalitatis
1874 4089 1903 4140 et
1919 4083 1996 4139 beni·

351 4188 398 4229 nes
410 4173 563 4240 ebsclutas,
579 4181 610 4231 ut
620 4175 661 4231 sic
672 4175 776 4244 dicem,
788 4175 815 4234 id
827 4181 964 4248 estense
975 4191 1027 4231 non
1041 4191 1152 4232 versan-
1188 4179 1316 4250 gnitatis,
1333 4190 1407 4248 quae
1419 4188 1529 4243 semper
1542 4172 1625 4244 decet
1639 4173 1793 4246 principem
1804 4172 1877 4229 intre
1901 4172 1995 4229 latitu-

350 4269 396 4317 tnr
410 4263 487 4320 circa
501 4265 546 4321 ius
561 4263 684 4336 alterius,
701 4279 752 4321 nec
766 4264 805 4322 iili
819 4263 1023 4336 praeiudicant.
1187 4266 1279 4322 dinem
1294 4279 1395 4321 causae
1409 4263 1572 4320 sufficientis
1584 4270 1614 4318 et
1626 4262 1724 4320 iustae.
1739 4260 1816 4320 Unde
1830 4261 1895 4318 licet
1911 4261 1939 4318 id
1956 4261 1995 4318 la·

389 4353 512 4424 meique
525 4352 641 4411 affertur
655 4357 724 4411 ratio
735 4354 769 4411 ad
784 4353 951 4426 prebendam
967 4353 1040 4410 illem
1056 4368 1149 4410 surre-
1188 4356 1243 4412 ciat
1256 4368 1288 4410 ss
1303 4361 1378 4410 certa
1394 4351 1517 4423 scientie,
1530 4367 1582 4413 non
1597 4352 1726 4423 ignorans
1741 4352 1861 4422 priorem
1879 4351 1994 4421 gretiam

350 4442 471 4512 ptionem
483 4444 508 4498 in
521 4445 596 4498 omni
607 4444 653 4500 tali
665 4443 879 4516 dispensatione,
890 4443 955 4515 quie
965 4445 1062 4500 merim
1075 4458 1152 4513 prae·
1188 4443 1346 4513 limitatam,
1364 4455 1425 4510 nou,
1434 4441 1494 4498 ideo
1508 4439 1674 4498 iudicabitur
1687 4440 1790 4510 leviter,
1807 4447 1915 4498 rnuters
1928 4457 1995 4497 con·

350 4530 478 4602 sumitur,
494 4547 548 4588 nce
563 4533 649 4590 luisse
661 4535 812 4604 principem
824 4547 1027 4589 concessurum
1042 4531 1154 4589 absolu-
1190 4531 1297 4600 silium,
1314 4546 1382 4603 enge
1396 4529 1459 4586 inde
1474 4528 1548 4586 nulla
1562 4531 1683 4587 sumitur
1698 4531 1897 4601 praesumptio,
1918 4529 1996 4602 quod

349 4627 405 4677 tam
419 4618 665 4692 dispensationem,
678 4622 720 4678 rel
736 4621 921 4679 abundantius
936 4619 1111 4694 privilegium
1125 4623 1154 4678 in
1189 4635 1244 4677 non
1257 4617 1424 4676 concederet
1434 4619 1586 4676 secundam
1598 4617 1842 4690 dispensationem,
1854 4619 1876 4674 si
1893 4621 1995 4691 prioris

349 4710 446 4766 eedem
462 4725 507 4781 re,
523 4713 547 4766 si
561 4711 600 4768 illi
614 4710 918 4784 luissetpropositum,
933 4711 1096 4781 ipsummet,
1111 4708 1154 4768 vel
1188 4697 1262 4766 lacte
1276 4711 1376 4766 mento
1392 4706 1499 4764 luisset.
1516 4709 1650 4779 benique,
1667 4723 1700 4765 ea
1714 4709 1866 4778 concessis,
1890 4707 1924 4765 sb
1937 4706 1996 4766 aliis

351 4798 693 4872 praedecessorem.prius
713 4801 886 4859 concessisse
911 4800 1153 4872 dispensationem,
1189 4797 1354 4864 auctoribus
1374 4796 1483 4853 ridetur
1503 4796 1571 4854 mibi
1591 4797 1663 4852 sumi
1681 4795 1779 4854 silicea
1800 4803 1994 4869 argumentum
2032 4837 2040 4846 -

350 4906 415 4947 cum
437 4891 534 4948 melori
557 4890 755 4962 moderatione,
770 4892 837 4965 qraia
857 4898 913 4948 tem
933 4890 1020 4949 lacilis
1040 4897 1069 4947 et
1089 4888 1156 4946 levis
1189 4894 1287 4946 eontra
1300 4886 1585 4945 dictemrationemet
1598 4885 1792 4968 assertionemr
1810 4900 1871 4944 nam
1885 4885 1996 4959 qrrendo

351 4981 467 5038 mutatio
481 4996 537 5036 non
551 4979 631 5038 debet
646 4980 784 5052 preesumi
794 4980 828 5038 dc
842 4980 996 5037 constantie
1010 4978 1150 5052 principis.
1189 4979 1275 5050 prime
1289 4976 1454 5050 dispensatio
1473 4974 1639 5048 postuletne
1656 4975 1797 5046 principe,
1820 4975 1871 5032 luit
1886 4982 1995 5048 uegeta,

350 5069 427 5128 Unde
440 5068 574 5140 inierunt,
589 5069 611 5126 si
626 5085 698 5126 nora
711 5071 790 5139 ratic,
803 5076 833 5127 et
846 5071 933 5128 maior
947 5085 1033 5126 censa
1047 5068 1082 5125 ad
1095 5067 1152 5124 dis·
1189 5073 1217 5124 et
1229 5067 1329 5124 iterum
1340 5064 1479 5139 postulete
1492 5080 1558 5122 cum
1569 5063 1666 5122 eedem
1679 5063 1836 5142 censs,luit
1849 5079 1994 5135 concessa,

350 5157 520 5230 pensandum
534 5166 719 5231 proponetur,
736 5165 803 5218 tunc
817 5158 1048 5232 dispensationem
1063 5165 1156 5230 poste·
1190 5159 1276 5236 maior
1290 5158 1321 5214 lit
1340 5156 1456 5214 mutatio
1470 5157 1497 5212 in
1518 5153 1616 5211 iudicio
1631 5155 1673 5211 rel
1695 5153 1835 5212 voluntate
1852 5153 1993 5226 principis,

352 5249 452 5305 riorem
473 5246 531 5306 lore
553 5247 682 5323 validam,
699 5250 765 5322 quie
784 5255 850 5306 tunc
870 5254 962 5307 cessat
982 5247 1057 5307 dicte
1078 5261 1156 5320 prae·
1190 5262 1272 5320 quem
1291 5261 1357 5305 cum
1378 5247 1454 5318 priua
1468 5241 1596 5304 concedit
1609 5243 1763 5318 limitatam,
1779 5249 1807 5302 et
1826 5249 1921 5316 postes
1935 5259 1993 5300 am·
