4278 6242
864 377 1060 430 mnnrvru.
1668 364 1729 432 ιιι

144 505 218 564 ιιεειε
230 508 294 575 εει,
308 500 372 574 quia
384 500 450 559 licet
462 501 540 577 sequi
554 499 685 560 iudicium
700 499 853 576 probabile,
870 517 937 560 eon·
974 505 1059 576 toris,
1073 504 1111 562 sit
1124 502 1192 564 haec
1207 503 1314 578 opinio,
1327 520 1383 562 non
1395 503 1484 563 solum
1495 521 1556 564 esse
1566 507 1768 568 recurrendum

144 594 277 654 scientiam
291 591 400 650 dubiam
416 594 539 665 practice
550 591 721 664 deponendo.
974 592 1008 651 ad
1030 595 1220 668 superiorem,
1242 595 1352 668 quando
1372 594 1428 652 lieri
1443 603 1535 668 potest
1548 598 1575 654 in
1589 612 1658 655 casu
1671 599 1770 671 proba·

178 686 287 744 illanc
300 698 365 740 vero
375 683 553 739 assertionem
565 680 679 738 limitent
688 682 833 740 caietanus
843 687 871 739 et
886 683 937 740 So·
972 684 1028 756 bili,
1044 683 1186 742 sedetiam
1202 683 1224 740 si
1239 694 1321 741 casua
1336 684 1371 741 sit
1384 700 1477 742 morae
1492 684 1646 758 impatiens,
1659 703 1710 744 nec
1724 687 1771 747 det

144 783 169 832 to
191 789 291 846 supra,
303 779 336 830 ut
350 773 442 830 locum
456 771 567 842 habeat,
582 771 691 845 quaudo
706 772 815 830 occasio
829 781 872 830 est
888 789 936 830 su·
972 779 1081 846 tempus
1093 773 1253 832 recurrendi
1265 773 1300 833 nd
1313 775 1500 847 superiorem,
1516 792 1570 832 non
1581 776 1664 835 licere
1676 779 1715 836 uti
1729 779 1771 836 iu·

142 867 192 924 bita
210 870 238 920 et
252 861 538 936 urgeosperioulum3
556 862 592 918 ita
606 869 638 918 ut
652 877 706 918 non
727 861 808 920 detur
824 869 934 935 tempus
971 861 1044 918 dicio
1060 863 1191 935 probabili
1206 862 1240 920 ad
1254 879 1307 921 non
1323 863 1483 921 servandam
1500 863 1606 938 legera,
1622 865 1670 924 sed
1685 871 1770 926 ononi·

142 953 299 1014 consulendi
316 952 503 1026 superiorem,
518 950 620 1024 alioqui
633 950 748 1023 OEcuot,
764 953 791 1008 io
806 951 849 1010 illo
866 967 935 1010 casu
955 967 1008 1009 .no
1022 968 1083 1009 esse
1098 951 1130 1010 ad
1145 952 1260 1010 litteram
1275 953 1446 1012 servandam.
1463 956 1541 1012 Ratio
1555 963 1608 1028 est,
1624 959 1688 1030 quia
1702 965 1769 1017 tunc

141 1042 337 1102 recurrendum
357 1058 420 1100 esse
440 1041 473 1098 ad
494 1044 674 1114 superiorem.
689 1043 726 1100 Et
743 1043 779 1099 ita
794 1049 935 1116 exponunt
970 1047 1012 1098 est
1031 1047 1156 1110 certum,
1177 1041 1242 1098 nihil
1257 1045 1368 1113 peccari
1382 1043 1516 1101 servando
1531 1043 1633 1120 legemr
1648 1049 1770 1122 itemque

141 1135 168 1192 d.
181 1135 313 1192 Thomans
334 1137 458 1191 utentem
478 1131 523 1188 illa
537 1130 721 1204 deductione,
736 1132 802 1205 quia
816 1147 871 1188 oon
885 1147 934 1204 po·
969 1137 1013 1186 est
1026 1137 1147 1203 eertum,
1159 1131 1242 1189 verbo
1256 1130 1324 1205 legis
1339 1131 1373 1190 de
1383 1148 1413 1189 se
1426 1134 1658 1206 comprehendere
1671 1153 1768 1196 casum

141 1231 191 1282 test
207 1225 234 1280 io
245 1222 298 1279 alio
311 1221 395 1279 dubio
406 1221 555 1292 verificari,
569 1221 702 1278 utstatim
713 1219 847 1278 dicemus.
860 1221 933 1278 llaec
970 1219 1062 1291 illum,
1077 1227 1106 1276 et
1125 1235 1140 1276 a
1161 1218 1316 1292 legislatore
1336 1211 1531 1294 comprehendi
1545 1225 1684 1297 potuisse,
1700 1243 1767 1301 ergo

142 1331 200 1371 vero
216 1314 347 1371 doctrina
361 1309 498 1384 aliquibus
514 1310 652 1368 modernis
663 1327 716 1368 oon
728 1311 829 1382 planet,
844 1325 935 1382 neque
972 1308 1102 1383 quamdiu
1115 1325 1168 1366 oon
1180 1315 1271 1366 costat
1281 1317 1374 1382 certo,
1387 1309 1569 1386 legislatorem
1579 1329 1675 1384 casum
1692 1315 1768 1374 illum

140 1407 246 1477 putant,
263 1403 467 1460 distinctionem
488 1401 561 1458 illata
581 1400 609 1458 d.
626 1401 744 1458 'thomae
758 1401 792 1458 de
806 1416 891 1472 casu,
907 1401 935 1456 in
969 1399 1096 1469 excipere
1111 1397 1247 1471 voluisse,
1262 1415 1317 1455 non
1331 1398 1425 1457 licata
1442 1401 1531 1458 verbis
1552 1402 1617 1476 legis
1633 1405 1766 1464 recedere

139 1511 190 1568 qno
206 1501 310 1566 potest,
327 1493 368 1549 vel
383 1508 438 1549 non
453 1497 544 1564 potest
554 1491 692 1549 conveniri
703 1491 840 1562 superior,
852 1505 933 1563 posse
968 1495 1083 1561 propter
1098 1488 1188 1544 solum
1202 1489 1340 1560 probabile
1360 1489 1500 1548 iudicium.
1518 1494 1653 1550 Probatur
1671 1510 1768 1552 conse·

139 1584 263 1655 spplicari
287 1583 323 1640 ad
337 1597 434 1640 casum
448 1580 658 1638 formidolosum
673 1580 854 1638 eamindicio
869 1595 935 1651 pro·
969 1580 1097 1653 quentia,
1113 1583 1170 1634 tom
1185 1581 1250 1650 quia
1264 1579 1346 1636 verbe
1360 1579 1426 1654 legis
1440 1597 1518 1639 suam
1533 1583 1587 1640 viro
1605 1589 1634 1640 et
1647 1589 1767 1643 auctori·

138 1672 223 1744 hahili,
238 1673 307 1746 quia
317 1670 392 1746 quod
402 1671 528 1742 superior
540 1671 636 1743 possit,
650 1668 691 1725 rel
702 1683 755 1726 non
769 1670 933 1740 possitoon·
969 1674 1053 1727 tatem
1072 1667 1173 1726 habere
1194 1668 1309 1742 debent,
1324 1676 1353 1728 et
1365 1672 1443 1742 quasi
1458 1671 1501 1727 ius
1515 1687 1598 1728 suum
1616 1675 1766 1747 possident,

138 1765 231 1834 reniri,
249 1762 317 1818 nihil
332 1762 415 1819 reiert
429 1760 462 1817 ad
473 1758 663 1818 certitudinem
674 1759 769 1816 iudicii
780 1759 813 1816 de
826 1758 871 1816 tali
886 1773 934 1815 ca·
967 1765 996 1816 et
1014 1757 1075 1816 ideo
1096 1758 1274 1830 praeterendo
1296 1767 1375 1832 sunta
1388 1767 1446 1818 tum
1460 1764 1525 1834 quia
1540 1762 1607 1821 haec
1625 1771 1669 1820 est
1683 1765 1768 1824 tutior

137 1870 183 1924 au,
202 1869 235 1910 an
256 1852 313 1909 sub
335 1851 393 1926 lege
412 1848 673 1922 comprehendatur,
688 1863 739 1905 nec
754 1862 798 1904 ne.
814 1847 933 1921 ldeoqrre
969 1862 1051 1920 pars,
1067 1863 1139 1922 quae
1154 1863 1262 1918 semper
1276 1848 1452 1920 praeferenda
1465 1856 1521 1922 est,
1535 1857 1594 1908 turn
1611 1855 1691 1910 etiam
1702 1857 1768 1928 quia

135 1943 303 2015 distinguunt
321 1941 392 1998 duos
411 1939 506 1996 modos
519 1938 631 2012 epiilriae
647 1952 730 2012 supra
744 1943 844 2009 tactos,
860 1936 935 1994 acili-
968 1941 1035 1992 tunc
1056 1952 1110 1993 oon
1129 1944 1227 2008 peccat
1241 1937 1282 1994 lex
1294 1977 1303 2009 ,
1317 1939 1422 1995 etiamsi
1437 1953 1533 1996 casum
1548 1939 1624 1998 illurn
1641 1959 1766 2016 compre-

134 2039 185 2104 cet,
205 2031 246 2088 vel
272 2029 434 2102 excipiendo
454 2043 550 2086 cesum
571 2045 587 2085 a
605 2033 740 2101 potestate
754 2026 930 2100 legislatoris,
969 2025 1162 2099 bendat3ergo
1176 2043 1230 2082 non
1244 2034 1335 2100 potest
1344 2043 1394 2100 per
1407 2029 1529 2101 epiilxinm
1539 2031 1692 2104 emendari,
1709 2040 1766 2092 tum
1841 2061 1843 2066 v

134 2123 172 2182 rel
183 2139 203 2196 va
219 2123 280 2179 sola
296 2122 448 2180 voluntate.
463 2120 497 2176 Et
510 2121 536 2175 in
547 2119 633 2190 priori
647 2117 762 2188 dicunt,
773 2130 854 2188 posse
867 2116 934 2198 sub·
968 2115 1085 2189 denique
1102 2117 1166 2190 quia
1181 2118 1203 2172 si
1219 2117 1286 2174 haec
1297 2117 1406 2175 licentia
1419 2119 1517 2190 detur,
1529 2119 1631 2178 infinita
1648 2139 1766 2198 sequen·

134 2213 215 2270 ditum
231 2229 265 2268 ex
278 2208 409 2284 probabili
417 2205 611 2282 iudicio,quod
621 2206 683 2262 talis
694 2221 777 2262 casus
788 2220 843 2261 non
854 2220 933 2262 eom·
969 2212 1016 2263 tur
1030 2205 1214 2264 incommoda.
1231 2209 1266 2264 lit
1275 2206 1334 2264 ideo
1349 2208 1493 2280 iurisperiti
1504 2209 1613 2277 dicunt,
1625 2227 1691 2269 eum
1706 2229 1767 2270 ver·

133 2301 319 2376 prehendatur
336 2300 389 2357 sub
400 2304 534 2370 potestate
546 2297 628 2369 legis,
640 2294 767 2353 excusari
778 2307 793 2350 a
804 2292 872 2368 legis
882 2293 931 2350 oh·
969 2296 1002 2353 ba
1016 2295 1084 2368 legia
1100 2301 1163 2352 sunt
1178 2295 1270 2366 clara,
1285 2313 1339 2352 non
1352 2313 1413 2354 esse
1425 2297 1459 2354 ab
1473 2297 1525 2354 illis
1536 2299 1721 2358 recedendum
1736 2305 1763 2360 in

134 2393 299 2460 servatione,
319 2388 395 2446 nulla
412 2392 553 2460 expectate
570 2387 791 2458 interpretatione
805 2387 933 2456 superio·
967 2401 1035 2443 casu
1049 2385 1132 2444 dnbio
1143 2426 1150 2457 ,
1160 2392 1191 2443 ut
1204 2393 1279 2457 patet
1292 2401 1326 2444 es
1341 2387 1488 2445 Panormit.
1501 2387 1527 2443 io
1537 2403 1599 2461 cap.
1618 2395 1640 2448 t.
1653 2389 1687 2447 de
1698 2408 1764 2452 con-

134 2485 171 2554 ri,
191 2498 244 2539 noo
259 2480 352 2537 solum
367 2481 394 2535 in
409 2493 477 2535 casu
492 2476 584 2534 subito
598 2483 627 2534 et
641 2483 773 2550 urgente,
789 2473 930 2533 sedetiam
968 2475 1023 2533 stit.
1039 2493 1117 2532 nom.
1140 2479 1187 2552 tt.
1211 2476 1330 2549 benique
1351 2475 1394 2534 hic
1413 2477 1543 2550 applicari
1558 2486 1651 2551 potest
1664 2481 1710 2539 illa
1722 2498 1766 2541 ra·

134 2572 156 2630 in
169 2569 292 2645 quolibet
312 2567 376 2625 elio.
398 2567 548 2636 Probatur,
564 2565 628 2639 quio
642 2571 708 2622 tunc
723 2580 777 2621 non
791 2566 882 2638 egitur
897 2564 931 2622 de
967 2566 1022 2636 tio,
1041 2566 1105 2638 quia
1119 2567 1145 2623 in
1160 2583 1227 2624 casu
1239 2609 1246 2636 ,
1258 2569 1284 2622 in
1299 2581 1354 2640 quo
1367 2573 1459 2638 potest
1471 2570 1612 2627 conveniri
1624 2573 1762 2642 superior,

133 2659 336 2734 interpretanda
353 2657 502 2728 superioris
514 2655 667 2726 voluntate,
680 2651 727 2711 sed
738 2652 771 2710 de
783 2661 929 2726 potestate,
967 2671 1021 2712 non
1042 2656 1106 2713 licet
1125 2657 1165 2712 uti
1186 2655 1232 2712 illo
1253 2654 1385 2728 probabili
1405 2657 1523 2732 iudici03
1543 2675 1610 2733 ergo
1631 2676 1681 2718 nec
1697 2669 1763 2720 tunc

133 2765 209 2824 quarn
225 2766 279 2807 non
290 2746 636 2819 tenemurioterpretariex
647 2744 930 2817 iudicioipsiusprin-
966 2745 1046 2802 etiam
1062 2745 1173 2818 quando
1188 2761 1242 2802 non
1258 2751 1347 2819 potest
1362 2748 1518 2814 conveniri,
1533 2749 1597 2821 quia
1614 2750 1689 2822 quod
1703 2767 1766 2824 pos·

132 2841 213 2912 cipis,
226 2839 341 2914 quando
357 2838 413 2910 ipse
425 2835 497 2894 illam
508 2851 562 2892 oon
573 2835 733 2906 declaravit,
749 2834 797 2891 sed
810 2851 843 2892 ex
858 2839 931 2909 prin·
967 2835 1020 2904 sit,
1035 2833 1078 2890 rel
1099 2851 1152 2890 non
1173 2834 1258 2906 possit
1271 2836 1429 2907 conveniri,
1444 2852 1499 2893 non
1514 2836 1593 2910 iacit,
1614 2846 1645 2896 ut
1660 2841 1696 2896 sit
1709 2856 1766 2898 me·

132 2931 204 3001 eipiis
227 2927 397 3000 theologiae,
419 2930 467 2984 aut
487 2925 564 2982 iuria.
579 2927 614 2983 Et
631 2925 787 2982 declaratur
802 2925 929 2999 emplius,
965 2924 1007 2998 gis
1020 2929 1128 2981 certum
1141 2922 1283 2980 iudicium.

132 3036 189 3076 nam
207 3016 274 3075 lieet
287 3016 409 3074 Pontifex
424 3017 510 3087 possit
523 3029 601 3071 suem
614 3019 776 3086 potestatem
789 3012 931 3072 declarare
1006 3017 1033 3070 e.
1049 3012 1229 3070 Nihilominus
1242 3013 1403 3070 sententiam
1416 3014 1535 3072 Caietaoi
1549 3023 1579 3074 et
1592 3019 1650 3075 Soti
1664 3011 1764 3094 censeo

131 3124 176 3180 per
193 3107 303 3165 clarem
322 3089 468 3175 scientiae,
482 3103 656 3161 nihilominus
671 3103 802 3176 quamdiu
818 3103 861 3162 illa
876 3120 932 3177 non
966 3116 1026 3159 esse
1042 3104 1163 3175 practice
1174 3108 1278 3160 certam
1289 3102 1381 3176 quoad
1394 3103 1466 3162 hanc
1477 3111 1599 3178 partem,
1611 3113 1644 3165 ut
1653 3110 1763 3182 quando

132 3200 231 3268 utitur,
255 3211 312 3252 non
334 3202 461 3252 tenemur
480 3191 725 3250 illumcoosulere
746 3192 779 3250 de
795 3199 929 3265 potestate
966 3206 1019 3249 non
1041 3199 1134 3265 potest
1155 3191 1294 3249 conveniri
1315 3193 1458 3266 superior,
1473 3193 1555 3252 liceat
1575 3212 1612 3254 ex
1632 3198 1764 3270 probabili

130 3305 177 3344 sua
189 3333 196 3358 ,
208 3287 257 3345 sed
269 3285 376 3359 regulis
387 3282 585 3342 doctrinalibus
596 3283 814 3354 uti3ergoetiavn
830 3284 856 3339 io
869 3299 931 3356 par·
965 3282 1115 3354 sententia,
1135 3289 1185 3339 aut
1204 3280 1306 3339 iudicio
1325 3281 1423 3353 epiihia
1437 3284 1491 3356 uti,
1507 3284 1563 3342 sive
1577 3301 1661 3343 casus
1675 3290 1765 3364 excipi

131 3377 235 3434 ticulari
261 3390 348 3445 casu,
370 3374 417 3447 qui
437 3388 453 3428 a
468 3379 601 3443 potestate
616 3368 778 3445 legislatoris
790 3373 931 3444 excipitur
965 3370 1103 3429 iudicetur
1119 3387 1136 3428 a
1149 3376 1282 3443 potestate
1295 3371 1476 3444 legislatoris,
1492 3373 1550 3430 sive
1564 3391 1580 3431 a
1594 3377 1652 3434 sola
1666 3377 1764 3436 volun·

132 3464 285 3524 secundurn
303 3465 410 3537 aliquos
423 3461 565 3530 doctrinas
576 3460 749 3533 probabiles,
764 3478 817 3517 non
831 3469 873 3520 est
884 3479 931 3519 ne·
950 3465 1030 3518 ¹tate.
1046 3461 1124 3518 ilatio
1135 3466 1187 3532 est,
1199 3460 1262 3534 quia
1274 3459 1409 3518 iudicium
1419 3461 1558 3533 probabile
1568 3464 1594 3521 in
1607 3465 1690 3523 rebus
1703 3485 1764 3526 mo-

131 3557 284 3613 cesaarium
305 3552 340 3609 ad
358 3551 608 3624 interpretationem
628 3550 755 3622 principis
770 3566 927 3624 recurrere,
965 3550 1069 3609 ratibus
1084 3549 1188 3607 subicit
1200 3548 1234 3606 ad
1248 3548 1398 3621 prudenter
1409 3551 1588 3626 operandum,
1603 3558 1762 3627 praesertim

129 3645 230 3702 etiamsi
255 3652 368 3715 tempus
389 3641 478 3712 detur,
494 3639 542 3696 sed
557 3639 661 3696 licitum
675 3640 727 3695 erit
741 3640 873 3711 probabili
887 3643 928 3697 iu·
966 3641 1011 3698 ubi
1026 3641 1121 3712 regula
1135 3645 1209 3696 certa
1223 3639 1354 3712 applicari
1369 3654 1423 3696 non
1437 3647 1539 3711 petest,
1554 3651 1585 3701 ut
1599 3659 1632 3700 ex
1648 3649 1762 3707 orateria

128 3735 195 3791 dicio
212 3736 294 3792 iusta
313 3730 477 3808 probabilem
496 3729 649 3801 opinionem
665 3728 713 3785 uti.
730 3729 926 3802 Contirrnatur,
964 3729 999 3787 de
1013 3730 1181 3807 conscientia
1195 3743 1331 3800 suppono.
1345 3727 1411 3784 ltem
1427 3729 1489 3802 quia
1502 3729 1570 3788 alius
1583 3732 1683 3790 modus
1699 3753 1763 3809 ope·

129 3823 187 3896 quia
203 3825 225 3879 si
244 3821 378 3880 subditus
393 3818 509 3888 iudicat,
525 3833 599 3874 nunc
614 3817 698 3874 verba
713 3818 780 3890 legis
795 3833 849 3875 noo
864 3819 930 3877 ohli-
964 3819 1044 3877 randi
1052 3824 1094 3875 est
1102 3817 1174 3875 ultra
1184 3816 1333 3873 humanam
1343 3817 1526 3876 conditionem
1536 3825 1565 3876 et
1574 3822 1760 3898 prudentiam,

127 3929 206 3986 gare,
234 3912 304 3987 qnia
325 3908 500 3984 probabiliter
518 3906 635 3978 iudicat,
658 3920 718 3964 esse
740 3914 885 3979 peceatum
900 3911 928 3965 io
964 3925 1030 3968 cum
1050 3911 1140 3966 omnis
1160 3906 1215 3964 lere
1234 3907 1355 3978 cognitio
1371 3906 1489 3964 bumana
1502 3911 1697 3972 coniecturalis
1712 3909 1760 3990 s'it,

128 4004 171 4061 tali
186 4004 276 4074 iacto,
289 4010 355 4060 tune
367 3985 502 4071 utrimque
514 3996 689 4054 videturesse
701 3997 854 4068 periculum
865 4015 927 4070 spe·
963 4006 991 4056 et
1005 3997 1167 4070 praesertim
1180 3997 1206 4052 in
1221 3995 1304 4052 rebus
1315 3996 1437 4070 agendis.
1452 3997 1520 4055 ltem
1531 4003 1597 4072 quia
1606 4002 1760 4074 imponere·

128 4093 297 4162 eulativum,
314 4091 358 4146 vel
371 4087 485 4145 taciendi
498 4093 596 4144 contra
611 4087 680 4144 hanc
692 4087 778 4159 legem
788 4087 851 4160 ,vel
861 4103 928 4145 con·
965 4095 1010 4145 tur
1023 4089 1218 4161 gravissimum
1232 4102 1303 4143 onus
1316 4085 1473 4143 hominibus
1483 4129 1491 4160 ,
1503 4088 1525 4144 si
1540 4105 1681 4164 nunquam
1695 4092 1761 4171 lice,-

129 4191 169 4240 tra
190 4183 294 4253 oliam;
315 4195 382 4254 ergo
401 4177 507 4234 licitum
526 4183 569 4233 est
586 4175 696 4234 subdito
711 4191 820 4234 servare
835 4177 926 4251 aliam,
963 4183 1006 4234 ret
1024 4174 1062 4234 eis
1082 4178 1123 4232 uti
1137 4173 1237 4249 epiikia
1255 4191 1289 4232 ex
1302 4173 1402 4232 iudicio
1416 4177 1564 4252 probabili,
1580 4182 1690 4254 quando
1706 4201 1760 4244 non

128 4287 209 4345 quam
226 4269 406 4345 probabiliter
421 4266 523 4324 iudicet
535 4283 596 4322 esse
610 4265 782 4340 graviorem,
797 4255 825 4325 et
840 4270 927 4340 magis
962 4271 1037 4338 patet
1056 4263 1145 4323 aditus
1166 4264 1199 4321 ad
1220 4266 1403 4336 superiorem.
1418 4267 1483 4334 Quis
1497 4268 1567 4326 euim
1581 4270 1696 4330 auderet
1709 4291 1760 4332 un-

129 4362 266 4435 obligare',
281 4356 417 4432 nequead
433 4357 485 4414 hoc
500 4355 599 4429 indiget
609 4357 833 4428 interpretatione
846 4374 928 4430 supe·
962 4370 1044 4428 quam
1065 4355 1192 4412 excusari
1206 4369 1222 4410 a
1235 4353 1295 4427 lege
1309 4355 1426 4426 positiva
1440 4362 1552 4427 propter
1567 4363 1759 4422 necessitatem

127 4453 214 4508 rioria.
231 4451 263 4509 Si
284 4463 350 4504 aero
371 4433 506 4504 iudicium'
523 4443 662 4518 probabile
679 4453 738 4516 est,
755 4449 926 4517 superiorem
963 4441 1177 4501 occurrentem?
1188 4457 1253 4500 cum
1264 4457 1344 4498 nemo
1355 4443 1389 4499 sit
1399 4450 1454 4500 tam
1464 4451 1561 4502 certus
1572 4446 1606 4503 de
1621 4449 1762 4510 sullicien·

128 4539 263 4598 excedere
282 4541 447 4610 potestatem
468 4549 562 4604 suam,
584 4533 774 4606 praecipiendo
790 4550 847 4592 rem
864 4551 927 4609 gra·
962 4537 1002 4591 tia·
1016 4550 1133 4604 causae,
1155 4533 1221 4606 quin
1243 4531 1366 4601 dubitet,
1383 4533 1425 4589 vel
1440 4532 1577 4593 tormidet.
1594 4537 1660 4595 ltem
1676 4541 1704 4597 in
1717 4541 1759 4600 his

128 4633 247 4702 viorern,
266 4628 307 4686 vel
318 4643 382 4685 curn
394 4625 489 4683 maiori
501 4624 623 4696 periculo
634 4663 642 4698 ,
654 4639 735 4698 quam
747 4628 844 4698 possit,
859 4631 927 4684 tuoe
962 4624 1073 4682 casibus
1093 4639 1146 4681 oon
1167 4628 1281 4695 possent
1300 4622 1437 4694 simplices
1458 4619 1538 4698 aequi
1549 4626 1695 4686 consilium
1712 4631 1760 4688 ho-

128 4721 255 4779 suhditus
272 4715 447 4791 probabiliter
460 4714 548 4772 credit
567 4729 620 4770 non
634 4715 754 4786 potuisse
769 4717 835 4774 terri
848 4731 928 4789 prae·
961 4715 1039 4772 minis
1050 4713 1126 4771 docti
1139 4713 1222 4785 etpii,
1234 4727 1284 4769 nec
1296 4713 1352 4786 ipse
1363 4719 1458 4784 posset
1467 4713 1520 4770 tale
1530 4717 1672 4775 consilium
1682 4719 1757 4798 dare,

128 4819 237 4884 ceptum
256 4825 307 4882 pro
322 4806 370 4864 tali
384 4821 469 4876 casu,
484 4811 512 4860 et
525 4803 590 4860 alias
601 4819 681 4860 suam
695 4804 848 4863 libertatem
862 4822 925 4879 pos·
961 4804 1027 4876 quia
1046 4817 1187 4876 nunquam
1208 4801 1263 4857 lere
1283 4801 1412 4870 ducitur,
1434 4801 1484 4858 nisi
1497 4801 1596 4862 iudicio
1614 4807 1757 4879 probabili.

128 4901 211 4973 sidet,
225 4913 296 4972 ergo
307 4901 398 4969 potest
412 4897 547 4952 insenum
559 4894 706 4966 aomterre,
717 4901 745 4952 ει
755 4902 852 4953 contra
866 4911 926 4953 ver·
961 4895 1075 4952 Constat
1095 4899 1202 4964 autem,
1224 4891 1392 4948 contrarium
1413 4893 1521 4949 esseio
1536 4910 1590 4952 usu
1605 4899 1688 4955 totius
1702 4900 1755 4958 Ec·

130 4989 162 5046 ba
181 4991 248 5063 legis
268 5001 385 5061 prosus
398 4973 522 5042 libertate
538 4983 646 5055 operari
659 4984 762 5058 absque
777 4985 830 5042 alia
843 4985 928 5043 inter·
962 4984 1080 5056 clasiae,
1095 4987 1124 5039 ει
1138 4980 1281 5054 approbari
1295 4980 1328 5038 ab
1342 4981 1470 5038 omnibus
1481 4981 1652 5042 doctoribus.
1665 4989 1754 5065 hddo,

129 5081 289 5152 pretatione.
628 5139 634 5144 ,
962 5070 1756 5150 stneoausaooostitoiiohoeduerenatomtoterepttktan
1820 5081 1832 5093 “

165 5175 192 5228 5.
206 5173 242 5227 tt
260 5181 328 5225 vero
346 5166 373 5221 in
388 5162 475 5220 altero
490 5162 571 5222 modo
585 5161 715 5235 epiikiae,
731 5163 757 5220 in
771 5179 828 5238 quo
842 5181 926 5223 casua
961 5179 1011 5240 per
1031 5162 1220 5235 exceptionem
1238 5178 1254 5218 a
1267 5165 1416 5233 potestate,
1432 5161 1474 5219 vel
1485 5178 1504 5245 a
1518 5163 1677 5242 voluntate,
1693 5187 1757 5232 nam

129 5259 260 5332 excipitur
270 5273 287 5315 a
299 5254 360 5314 sola
370 5251 526 5325 voluntate,
537 5258 565 5311 et
575 5268 629 5310 non
643 5268 658 5309 a
671 5258 806 5328 potestate
821 5253 926 5330 legisla-
961 5254 1029 5313 licet
1042 5253 1068 5311 in
1081 5251 1134 5310 hoc
1147 5253 1181 5311 'sit
1192 5265 1290 5310 verum
1300 5249 1447 5309 discrimen
1458 5295 1464 5325 ,
1477 5253 1553 5328 quod
1564 5255 1590 5312 in
1600 5258 1684 5331 priori
1696 5279 1755 5323 mc
