4256 6224
903 389 1073 444 atrurn.
1421 405 1425 411 ·
1685 382 1749 452 573

148 520 255 580 rationo
275 518 437 592 naturali,et
449 533 482 576 ιι
497 520 637 576 communi
649 533 732 575 sensu
742 515 889 574 doctorum
901 517 953 572 Ec·
987 525 1088 590 quante
1103 519 1172 578 idem
1191 519 1246 578 dici
1261 524 1370 594 poterit,
1385 522 1450 594 quia
1464 521 1553 580 eidem
1568 522 1671 595 populo
1684 522 1788 581 educto

150 611 253 668 clasiae
268 613 335 666 haec
349 607 543 678 discernimus,
553 623 584 664 ae
596 607 954 680 iudicamuslistqueppti-
986 622 1020 665 err
1034 611 1152 684 AEgypto
1168 610 1231 668 data
1250 611 1366 669 dicitur:
1385 610 1413 669 id
1428 619 1522 670 autem
1535 613 1634 670 lelsum
1648 629 1709 670 esse
1722 628 1789 670 con·

150 716 229 756 mrim
240 698 395 768 exemplum
408 697 508 754 Erech.
521 700 564 766 lli,
577 713 633 770 quo
649 713 664 752 a
678 697 756 753 simili
769 711 814 754 res
829 694 953 752 declara·
987 705 1042 755 stet
1055 714 1087 755 ιιι
1102 684 1191 756 ιιιιιιι
1203 703 1404 772 scriptumest
1417 703 1538 758 omnium
1553 702 1786 774 interpretatione,

150 790 254 846 tur.lhi
267 789 337 845 enim
352 788 421 844 inter
434 788 588 860 necessaria
604 789 639 846 ad
653 788 787 844 iustitiam
805 802 891 860 aeque
906 803 953 858 po·
986 795 1015 844 et
1027 790 1168 846 communi
1182 789 1308 846 doctrina
1325 790 1519 864 theologorum
1535 808 1599 850 cunr
1611 791 1674 848 divo
1685 792 1789 848 Thoma

148 887 257 937 nuntur
276 894 400 936 osorem
417 880 551 952 proximi
568 894 627 933 non
639 876 761 942 victure,
780 883 808 933 ιι
822 875 953 934 odmen·
986 878 1060 935 dicta
1073 895 1101 952 q.
1121 885 1168 951 98,
1184 886 1235 936 art.
1253 885 1282 952 l,
1298 889 1325 938 et
1339 897 1373 938 ιι
1388 881 1468 938 dictis
1483 883 1508 938 in
1523 881 1725 954 superioribus,
1741 882 1787 938 ubi

147 974 302 1027 structum
321 985 380 1024 non
394 965 548 1032 accedere,
566 965 631 1024 oum
647 976 736 1024 tamen
756 967 875 1039 primurn
890 982 952 1039 pro·
987 969 1173 1040 ostendimus,
1197 970 1285 1041 legem
1304 970 1377 1026 illam
1394 971 1594 1044 promulgatam
1609 987 1669 1028 esse
1683 970 1788 1043 populo

150 1059 286 1129 hibentur,
299 1057 362 1130 qnia
380 1071 427 1128 per
442 1071 471 1110 ιι
485 1055 598 1122 malum,
615 1071 647 1112 ao
662 1056 778 1113 mortale
794 1063 951 1128 peccatum,
987 1059 1135 1129 praesenti,
1155 1065 1183 1114 et
1196 1060 1408 1116 successorihus
1421 1059 1480 1116 eius
1494 1061 1647 1117 seeundum
1666 1075 1788 1128 carnem,

140 1147 305 1205 ¹secundnm
320 1153 412 1203 autem
427 1146 512 1220 (iusta
525 1146 772 1218 probabilissimum
786 1145 950 1217 opinionem)
989 1155 1020 1203 ιιι
1033 1148 1092 1203 aliis
1108 1147 1175 1204 locis
1190 1149 1225 1205 ibi
1241 1151 1333 1206 citatis
1343 1150 1492 1221 ⁴Scriptura
1502 1151 1636 1222 declarat,
1646 1166 1717 1223 quaa
1731 1152 1790 1208 sine

151 1238 241 1293 solum
255 1241 314 1292 eret
328 1235 445 1306 melum,
461 1235 525 1307 quia
539 1235 706 1306 prohibitum
717 1234 813 1291 saltem
824 1236 850 1290 in
863 1234 951 1308 gradu
989 1235 1072 1293 dubio
1089 1239 1198 1309 proprie
1212 1244 1241 1295 et
1253 1254 1306 1294 aon
1321 1239 1435 1311 figurale
1450 1240 1572 1312 loquitur
1586 1242 1613 1296 in
1631 1239 1689 1313 lege
1702 1239 1790 1296 leren-

150 1329 257 1398 peccati
280 1325 413 1381 mortalis.
432 1326 472 1380 lte
491 1339 557 1396 ergo
577 1325 735 1398 contingere
751 1325 841 1395 potuit
854 1327 880 1378 iu
895 1324 952 1408 lege
988 1327 1038 1397 de,
1053 1333 1081 1382 et
1096 1327 1311 1400 promulganda,
1333 1329 1382 1385 nisi
1402 1330 1448 1386 ubi
1466 1345 1499 1386 ex
1521 1330 1609 1385 verbis
1629 1328 1702 1386 alind
1717 1329 1790 1388 clarc

150 1413 302 1471 lalaandi
314 1419 504 1486 20,quantum
514 1419 558 1470 ιιι
572 1430 603 1470 ιιι
620 1414 707 1469 lorma
722 1413 893 1484 probibendi,
910 1413 952 1470 vel
984 1417 1152 1496 constiterit,
1170 1417 1211 1473 rel
1226 1433 1258 1474 ιι
1274 1418 1413 1491 communi
1431 1418 1583 1476 traditione.
1596 1421 1660 1475 llata
1672 1425 1790 1491 estergo

151 1503 352 1576 praecipiendi3
368 1503 472 1560 certius
486 1519 551 1576 crgo
566 1509 724 1559 constater
739 1505 900 1573 Scriptura,
918 1503 954 1558 le·
989 1505 1033 1561 ills
1051 1506 1092 1562 lea
1108 1521 1158 1577 pro
1174 1507 1258 1581 lsrael
1271 1507 1388 1578 carneli,
1405 1523 1456 1564 noa
1471 1524 1537 1581 ergo
1552 1507 1652 1580 obligat
1666 1508 1790 1564 christia·

150 1609 212 1665 gem
234 1590 306 1648 illam
326 1592 409 1648 luisse
424 1593 644 1665 praeceptivam,
664 1591 871 1647 constitutivam
887 1591 953 1648 obli·
989 1611 1056 1651 num
1083 1595 1226 1666 populum.
1242 1595 1301 1662 Qua
1325 1597 1431 1654 ratione
1453 1613 1547 1654 ornnes
1570 1597 1791 1670 utunturquoad

150 1683 268 1755 gationis
287 1697 384 1756 novae,
409 1697 491 1755 quam
512 1681 706 1738 declarativam
727 1681 869 1753 antiquae,
890 1682 954 1738 licet
989 1689 1135 1756 praecepta
1153 1685 1361 1742 caeremonialia
1375 1695 1404 1742 et
1417 1686 1567 1754 iudicialia;
1583 1702 1650 1759 ergo
1666 1685 1735 1743 idem
1750 1693 1792 1742 est

151 1770 280 1829 adiuncta
298 1773 403 1828 ratione
418 1779 568 1844 utrumque
581 1771 739 1843 colligatur,
752 1776 780 1827 et
796 1787 891 1828 rerum
906 1773 950 1826 sit.
988 1773 1022 1828 de
1045 1772 1194 1830 moralibus
1215 1780 1350 1846 quantum
1373 1773 1406 1832 ad
1427 1778 1482 1832 rim
1496 1775 1632 1850 obligandi
1645 1777 1670 1833 in
1689 1777 1792 1834 virtute

188 1865 238 1920 al.
249 1863 307 1918 lloc
321 1877 388 1935 ergo
401 1862 534 1934 principio
548 1861 648 1934 posito,
657 1861 823 1933 probabilius
838 1877 951 1930 censeo,
987 1861 1061 1918 illias
1075 1861 1153 1934 legis,
1174 1877 1237 1919 nam
1248 1867 1346 1921 eodem
1357 1864 1439 1922 modo
1452 1871 1480 1922 et
1492 1871 1587 1923 tenore
1602 1865 1701 1923 tradita
1715 1873 1789 1923 sunt.

148 1952 315 2010 christianos
329 1967 385 2008 non
399 1951 513 2025 obligari
527 1967 560 2008 ex
576 1953 601 2005 vi
618 1950 685 2022 legis
698 1950 779 2024 lloysi
791 1948 825 2005 ad
840 1964 951 2021 praece·
1024 1952 1124 2008 aaut
1143 1953 1322 2010 confirmetur
1341 1953 1464 2011 secundo
1480 1955 1547 2011 haec
1562 1957 1706 2025 sententie,
1727 1956 1792 2028 quia

150 2049 198 2113 pte
212 2040 356 2113 ossologi,
375 2047 404 2096 et
418 2040 531 2097 moralia
546 2040 669 2096 eiusdem
685 2040 768 2112 legis,
789 2055 821 2095 ac
836 2039 953 2097 subinde
987 2046 1135 2112 praecepta
1157 2041 1270 2098 moralia
1293 2043 1364 2101 illius
1386 2044 1463 2116 legis,
1480 2052 1512 2101 ιιι
1533 2051 1611 2100 erant
1626 2044 1716 2114 illins,
1735 2060 1788 2100 non

150 2127 324 2187 tota'rnillam
340 2129 427 2201 legem
439 2145 563 2186 cessasse
574 2129 665 2202 quoad
678 2129 880 2202 obligationem,
888 2129 953 2186 licet
987 2129 1143 2202 obligabant
1157 2139 1224 2187 tuno
1238 2131 1367 2204 gentiles,
1389 2132 1445 2188 sire
1459 2132 1554 2208 lideles
1561 2173 1568 2204 ,
1585 2132 1639 2188 sive
1658 2131 1787 2204 infideles3

150 2219 243 2292 quoad
259 2220 400 2280 aratoriam
415 2235 471 2274 non
485 2219 567 2276 luerit
580 2219 625 2291 {ita
639 2219 745 2275 sublata
759 2221 787 2274 in
803 2219 952 2275 moralibus
986 2234 1052 2291 ergo
1068 2233 1156 2292 neque
1171 2234 1245 2276 nunc
1261 2221 1382 2293 ohligant
1394 2223 1511 2294 gentiles
1526 2221 1655 2293 infideles,
1666 2238 1733 2294 ergo
1745 2238 1790 2280 ne·

149 2311 320 2382 praeceptis,
343 2309 417 2364 sicut
436 2309 461 2364 in
483 2310 593 2364 ceteris.
606 2309 692 2376 Quam
715 2309 869 2379 opinionem
889 2315 951 2364 ente
987 2323 1041 2380 que
1065 2307 1192 2378 obligant·
1206 2309 1382 2366 christianos.
1401 2312 1493 2367 Prima
1513 2314 1709 2394 consequentia
1728 2319 1790 2368 nota

149 2405 283 2457 auctores
298 2399 397 2455 citatos
411 2397 506 2454 docuit
515 2398 622 2454 Victor.
636 2397 729 2454 relect.
745 2395 780 2452 de
794 2399 949 2454 matrimi.
985 2403 1029 2453 est
1048 2412 1081 2453 ιιι
1103 2399 1217 2468 paritate
1238 2399 1366 2472 rationis,
1389 2399 1512 2456 secunda
1532 2403 1595 2457 item
1610 2407 1654 2459 est
1670 2399 1745 2457 clara
1757 2418 1789 2457 ιι

151 2507 179 2560 p.
196 2506 224 2544 rr.
241 2494 268 2546 3.
284 2490 312 2544 in
326 2489 371 2543 lin.
388 2495 417 2543 et
436 2493 531 2558 postea
549 2503 581 2542 ιι
603 2487 708 2542 nostris
722 2486 809 2542 Tolet.
823 2488 904 2543 Rom.
921 2491 949 2558 3,
985 2485 1064 2542 dictis
1079 2487 1168 2558 capite
1183 2488 1368 2559 praecedenti,
1381 2489 1445 2562 quia
1459 2489 1599 2546 christiani
1620 2491 1662 2548 vel
1678 2499 1745 2548 sunt
1758 2509 1790 2549 ex

150 2579 244 2636 adnot.
262 2581 307 2648 l5,
318 2585 347 2634 et
363 2577 477 2632 Salmer.
504 2576 537 2633 ad
551 2578 667 2634 Romen.
681 2578 708 2645 l,
720 2575 824 2646 disput.
842 2579 869 2646 a,
885 2577 952 2632 Bar·
986 2575 1113 2648 gentibus
1124 2577 1189 2640 ..ael
1203 2592 1236 2634 ex
1251 2577 1369 2649 indecis;
1386 2580 1410 2635 si
1423 2579 1614 2651 exgentibus,
1631 2595 1684 2637 noa
1704 2583 1791 2652 magia
1869 2641 1871 2648 ¹

152 2670 233 2726 radas
248 2679 317 2725 tom.
336 2673 361 2741 l,
376 2666 422 2723 lib.
440 2671 468 2738 2,
484 2681 534 2737 cap
561 2669 608 2724 tt.
627 2665 671 2720 ubi
686 2680 754 2720 cum
769 2680 850 2736 saepe
865 2665 950 2736 dicat,
986 2664 1142 2737 obligantur
1167 2665 1226 2739 lege
1248 2667 1353 2738 reteri,
1374 2675 1402 2724 et
1420 2683 1598 2741 quacumque
1618 2676 1695 2740 perte
1719 2671 1789 2736 eiras,

151 2759 317 2831 Decalogum
332 2773 392 2813 csse
406 2761 586 2829 perpetuum,
608 2762 636 2811 ιι
656 2756 680 2810 in
701 2754 779 2810 illum
795 2754 952 2827 abrogatio·
986 2757 1050 2829 quia
1064 2755 1203 2812 christiani
1222 2763 1304 2827 sunt,
1326 2765 1519 2831 quemgentes
1534 2757 1668 2830 infideles,
1685 2759 1707 2816 si
1726 2773 1791 2815 vero

152 2866 215 2926 nem
226 2865 280 2906 non
295 2847 527 2919 eadere,esseque
540 2861 667 2919 magnam
677 2844 746 2916 legis
757 2850 952 2918 partem,quae
987 2852 1054 2902 sunt
1072 2861 1103 2902 ιι
1119 2845 1239 2915 iudaeis,
1260 2849 1473 2919 aequiparantur
1487 2848 1515 2904 in
1530 2846 1583 2906 hoa
1598 2848 1697 2904 ceteris
1718 2847 1791 2904 chri·

152 2939 243 2996 adhuc
258 2939 333 3010 vivit,
349 2935 851 3002 etsimilianihilominuscautionem,
866 2933 952 2992 etde·
987 2937 1096 3005 alianis,
1116 2937 1181 3008 quia
1202 2937 1245 2992 lea
1266 2943 1346 2994 aetus
1365 2952 1418 2992 non
1437 2941 1525 3010 magis
1539 2911 1643 3010 obligat
1657 2938 1791 3011 quosdam

153 3028 328 3086 cierationem
344 3025 464 3096 adhibet,
481 3025 584 3096 dicens,
598 3029 717 3098 partein
731 3022 850 3097 quidem
863 3023 952 3081 illam
987 3026 1164 3095 christianos,
1180 3041 1264 3096 quem
1279 3025 1360 3094 alios,
1376 3034 1489 3101 propter
1503 3027 1588 3084 solem
1607 3027 1698 3083 caruis
1712 3027 1791 3099 origi·

155 3119 226 3190 tegis
246 3120 353 3179 maere,
375 3131 434 3170 non
453 3119 554 3171 tamen
567 3117 639 3186 quio
652 3113 723 3187 lepis
738 3114 852 3188 Moysis
862 3129 947 3188 pars,
987 3131 1060 3172 nem.
1076 3115 1247 3172 antecedens
1263 3123 1354 3172 autem
1369 3124 1412 3173 est
1425 3131 1555 3188 expresse
1569 3118 1597 3174 d.
1617 3117 1747 3189 Thomas,
1762 3124 1792 3173 nt

152 3205 203 3262 sed
215 3209 287 3280 quin
299 3210 430 3262 naturae
441 3204 553 3269 lacessi,
565 3209 593 3260 et
607 3220 699 3261 nonae
710 3201 781 3278 legis
790 3207 953 3276 perscidit
987 3207 1101 3261 citatum
1120 3211 1163 3260 ιιι
1184 3219 1217 3261 ea
1230 3221 1258 3278 q.
1277 3211 1324 3276 98,
1341 3212 1394 3262 nrt.
1413 3213 1440 3275 5,
1456 3222 1540 3279 qaram
1554 3222 1649 3264 omnes
1671 3223 1790 3280 sequun-

152 3299 280 3368 vinetque
294 3299 327 3351 in
341 3297 565 3368 sempiternum.
581 3294 655 3350 ldem
670 3299 743 3350 tenet
756 3293 881 3350 Valentia
892 3300 949 3361 ιι,
989 3300 1043 3350 ιιι.
1060 3293 1141 3350 Solus
1156 3293 1281 3365 vasquez
1295 3295 1321 3349 in
1336 3294 1411 3352 dioto
1427 3311 1489 3366 cap.
1505 3299 1532 3365 3,
1548 3311 1624 3352 num.
1645 3301 1688 3367 li,
1706 3312 1791 3368 oppo-

152 3387 257 3456 disp.l,
271 3402 299 3459 q.
318 3387 346 3455 l,
362 3391 456 3456 punct.
469 3387 495 3453 i,
506 3384 550 3439 ubi
566 3384 720 3455 opinionem
735 3384 795 3440 Soti
811 3398 951 3440 commen·
988 3384 1071 3439 situm
1086 3389 1291 3454 consequenter
1305 3382 1401 3453 docet,
1420 3383 1526 3456 dicens,
1542 3391 1571 3440 ct
1584 3399 1616 3440 ex
1631 3385 1716 3456 priori
1732 3387 1791 3456 opl-

152 3477 208 3532 dat.
224 3476 331 3532 Mereor
352 3479 443 3530 autem
464 3471 632 3544 praecipue,
658 3471 722 3545 quia
741 3477 796 3528 tote
815 3471 861 3528 illa
881 3471 952 3530 lexa
988 3472 1068 3528 aione
1084 3487 1136 3528 sua
1149 3471 1346 3544 colligi,legem
1361 3472 1435 3528 illam
1449 3472 1581 3529 moralem
1592 3481 1729 3545 quatenus
1743 3473 1791 3530 da·

153 3566 286 3636 principio
297 3563 424 3635 Decalogi
438 3561 500 3618 deta
513 3570 555 3616 ιιι
569 3561 620 3616 soli
634 3560 735 3633 populo
753 3560 950 3632 Hebraeorum,
987 3569 1042 3618 tam
1065 3578 1081 3618 a
1095 3563 1150 3618 lieo
1173 3576 1221 3633 per
1243 3562 1380 3636 Moysem,
1401 3577 1454 3617 non
1468 3568 1574 3618 tantum
1588 3561 1729 3618 iudaicam
1743 3578 1791 3635 pe-

155 3660 184 3710 ut
198 3669 282 3724 supra
296 3659 439 3708 ostensum
453 3656 507 3722 ιιι,
521 3657 550 3706 ιι
563 3657 640 3720 petet
654 3649 740 3706 Exod.
753 3654 802 3718 20,
820 3650 865 3706 ubi
881 3654 952 3715 heus
987 3653 1084 3724 pulum
1101 3651 1303 3723 obligasse,sed
1317 3653 1399 3708 etiarn
1413 3651 1583 3723 gentilicum.
1593 3653 1629 3708 Et
1641 3651 1717 3708 addit
1727 3667 1791 3708 sue·

44 3743 46 3746 ’
154 3744 304 3815 praemittit
328 3741 371 3797 illa
395 3739 495 3796 rerba:
522 3744 584 3812 Epo
609 3755 675 3796 suus
698 3742 846 3796 Dentibus
868 3744 953 3798 ¹Deus
987 3741 1089 3797 sionem
1118 3743 1331 3812 consequentis,
1357 3741 1421 3814 qnia
1444 3743 1517 3796 Deus
1536 3741 1623 3812 legem
1637 3739 1710 3798 illam
1725 3741 1791 3799 tulit

153 3839 232 3898 tuas,
241 3834 292 3904 qui
306 3829 397 3888 eduut
412 3834 439 3885 te
452 3828 488 3885 de
502 3835 587 3886 terro
599 3831 729 3902 AEpgpti,
745 3827 781 3884 de
794 3827 881 3886 docio
894 3845 954 3887 ser·
989 3843 1119 3904 tanquam
1136 3836 1234 3886 auctor
1249 3836 1364 3888 naturae
1378 3836 1503 3900 creatas,
1519 3832 1564 3886 cui
1579 3831 1735 3887 necessario
1750 3838 1791 3888 ta·

152 3924 303 3989 victimet
318 3927 381 3992 post
397 3919 440 3976 illa
453 3919 544 3974 statim
557 3919 676 3991 loquitur
687 3918 720 3974 ad
735 3919 866 3989 populum
876 3919 952 3976 illum
987 3921 1020 3979 lis
1038 3921 1081 3977 lea
1099 3921 1243 3991 convenit,
1264 3935 1331 3994 ergo
1351 3936 1406 3976 non
1421 3920 1515 3978 debuit
1533 3919 1603 3976 illam
1620 3919 1652 3976 ad
1670 3921 1789 3993 peculia-

151 4011 258 4067 dicens:
274 4014 342 4066 Nou
353 4007 496 4066 babebitis
510 4006 579 4063 deos
594 4005 718 4075 alienos,
734 4013 788 4063 etc.
987 4026 1046 4067 rem
1059 4009 1192 4080 populum
1208 4011 1448 4081 restringere.Nos
1461 4015 1554 4066 alitem
1568 4009 1681 4066 libenter
1693 4008 1789 4067 admit-

192 4105 240 4158 22.
254 4102 356 4157 Dicunt
375 4098 475 4172 aliqui,
500 4097 582 4153 etiarn
609 4096 652 4152 ille
671 4097 753 4153 rerba
771 4097 805 4153 ad
820 4098 954 4171 populum
987 4100 1070 4156 timus
1085 4099 1231 4156 illationem
1246 4098 1338 4170 illam,
1354 4115 1416 4156 narn
1432 4115 1462 4156 re
1477 4115 1542 4156 rere
1557 4098 1599 4154 ille
1612 4105 1711 4157 auctor
1723 4115 1790 4156 con·

152 4190 332 4248 christianum
347 4187 570 4260 pertinereque
583 4184 701 4243 eductus
716 4193 759 4243 est
772 4201 806 4243 ιι
820 4193 954 4259 potestate
987 4197 1131 4264 sequenter
1145 4190 1236 4260 inlert,
1251 4195 1280 4246 et
1294 4189 1429 4262 introitur,
1443 4197 1534 4246 temen
1548 4205 1580 4246 ea
1595 4188 1712 4246 salsitate
1724 4204 1789 4244 con·

151 4280 265 4342 diaboli,
283 4285 313 4335 et
326 4281 389 4351 qnia
404 4284 447 4334 est
461 4275 603 4347 spirituale
616 4291 707 4332 samen
723 4276 863 4347 Abrahae,
885 4283 953 4334 teste
988 4281 1127 4353 sequentis
1142 4278 1283 4336 interimus
1296 4278 1445 4337 salsitatem
1458 4279 1660 4350 antecedentis,
1677 4294 1739 4334 nam
1755 4293 1787 4334 ex

149 4369 236 4427 Paulo
251 4370 285 4425 ad
298 4368 386 4426 Galat.
402 4372 430 4437 l,
445 4369 526 4424 Rom.
540 4371 568 4435 3,
584 4372 613 4421 ιι
625 4371 653 4437 i,
671 4370 695 4424 l.
707 4366 770 4422 Cor.
787 4372 832 4437 10,
844 4383 876 4424 ec
888 4368 954 4424 sub·
987 4385 1052 4425 vero
1067 4384 1120 4424 non
1137 4375 1228 4438 potest
1241 4368 1319 4439 sequi
1335 4367 1444 4424 salsum.
1536 4425 1538 4429 .

151 4458 214 4514 inde
234 4457 300 4530 legis
324 4459 408 4513 etiam
426 4456 499 4513 illius
519 4453 766 4527 promulgationem
781 4455 815 4512 ad
829 4455 954 4513 christia·
1006 4461 1072 4516 -21,
1089 4456 1169 4525 Quod
1191 4462 1284 4513 autem
1304 4471 1477 4528 consequens
1498 4455 1565 4512 illud
1584 4453 1682 4511 laisum
1698 4455 1747 4527 sit,
1762 4456 1788 4510 in

153 4563 202 4603 nos
217 4547 444 4618 pertinere.Hnec
456 4559 522 4601 vero
534 4543 673 4614 ampliatio
684 4543 794 4600 illorum
808 4530 952 4602 verborum
987 4547 1080 4620 primis
1102 4563 1135 4602 ex
1159 4547 1246 4617 ipsius
1272 4545 1389 4602 novitate
1403 4553 1432 4602 et
1449 4544 1637 4618 singularitate
1652 4542 1790 4601 coniecta·

153 4635 179 4691 in
193 4635 240 4691 illo
255 4636 316 4692 loco
331 4632 453 4690 litteralis
468 4627 521 4690 non
537 4640 591 4705 est,
606 4633 654 4689 sed
670 4633 836 4709 spiritualim
852 4643 879 4692 ιι
891 4637 953 4694 1ι1ιο
988 4653 1059 4693 mus.
1076 4633 1176 4692 Deinde
1195 4634 1222 4690 id
1241 4634 1433 4690 convincimus
1447 4633 1554 4690 ratione
1567 4634 1690 4706 proxime
1704 4633 1788 4702 lacte,

152 4723 319 4781 admittenda
332 4741 387 4779 non
401 4729 444 4779 est
457 4723 482 4778 in
498 4721 592 4778 ordine
607 4721 640 4777 ed
650 4725 840 4780 extensionem
850 4723 952 4797 obliga·
986 4728 1050 4798 quia
1070 4727 1112 4782 lex
1133 4723 1176 4780 illa
1195 4725 1277 4780 etiem
1294 4723 1386 4797 quoad
1405 4739 1466 4780 eam
1484 4729 1586 4794 partem
1601 4737 1650 4793 pro
1665 4721 1724 4778 solo
1741 4739 1789 4794 ρο·

151 4817 233 4872 tionis
248 4814 318 4870 illius
337 4811 413 4886 legis.
430 4811 539 4885 Alioqui
554 4813 635 4868 edam
651 4811 695 4868 illa
709 4812 802 4868 verba:
820 4815 953 4870 Memen·
987 4814 1051 4885 pulo
1068 4814 1186 4870 hebraeo
1200 4810 1254 4868 lata
1265 4819 1317 4883 est,
1326 4817 1353 4868 ιι
1363 4812 1399 4869 illi
1412 4812 1462 4868 soli
1474 4818 1516 4868 ιιι
1528 4811 1709 4884 promulgata,
1722 4821 1789 4884 ergo

152 4909 194 4968 to,
216 4907 250 4958 ut
269 4902 349 4959 diem
362 4900 481 4959 subbati
495 4900 675 4973 sanctifices,
693 4901 725 4958 ad
740 4901 854 4958 litteram
869 4904 951 4974 perti·
987 4911 1018 4960 ut
1032 4902 1093 4959 talis
1108 4908 1178 4974 erat,
1190 4917 1244 4958 non
1259 4903 1349 4973 potuit
1362 4901 1492 4974 gentilem
1507 4899 1639 4972 populum
1656 4899 1786 4973 obligare.

152 4992 257 5048 nebunt
277 4992 311 5048 ad
335 4991 469 5063 populum
489 4989 691 5060 christianum,
714 4999 741 5047 et
759 4989 829 5048 idem
845 4992 896 5047 erit
919 4993 951 5049 de
986 4992 1042 5050 Lex
1057 4994 1130 5048 enim
1144 5007 1197 5046 non
1212 4990 1386 5064 promulgata
1400 5006 1453 5046 nen
1468 4990 1658 5063 obligatgcrgo
1675 5005 1788 5061 nonpo-

152 5088 310 5153 praeoepto:
326 5085 393 5139 Nora
404 5078 507 5150 socies
528 5079 581 5136 tibi
600 5078 750 5153 sculptile,
768 5095 821 5140 uec
834 5097 951 5138 omnem
986 5083 1038 5139 tuit
1051 5083 1096 5138 illa
1110 5081 1151 5138 les
1166 5079 1287 5152 obligare
1301 5086 1411 5152 gentes,
1426 5080 1529 5151 quibus
1548 5077 1720 5150 promulgata
1734 5095 1788 5134 non

151 5167 393 5235 similitudinem,
417 5169 523 5225 etiamsi
543 5183 597 5224 non
616 5168 699 5225 luerit
720 5184 793 5226 mere
814 5171 950 5242 naturale,
985 5171 1046 5229 luit.
1064 5169 1231 5243 Responderi
1256 5177 1347 5241 potest
1367 5184 1402 5226 ex
1425 5171 1549 5241 Vasquea
1573 5184 1658 5240 supra
1678 5183 1742 5241 cap.
1760 5175 1787 5242 l,

151 5258 201 5316 scd
214 5260 373 5330 positivum,
386 5263 416 5314 ut
429 5257 510 5331 aliqui
527 5257 698 5316 voluntlmo
713 5257 746 5314 de
763 5265 819 5315 tota
836 5259 894 5330 lege
909 5275 952 5316 ss·
984 5260 1049 5317 setis
1063 5275 1139 5330 ιιιι,
1154 5257 1229 5333 quod
1245 5257 1372 5317 voluntas
1388 5258 1432 5315 bei
1447 5258 1540 5330 luerit,
1556 5265 1587 5332 ut
1602 5257 1645 5326 lea
1661 5258 1788 5332 becelogi
