4190 6234
449 355 491 420 ll
1145 370 1294 421 amans.

406 497 472 556 illud
495 501 714 559 servatorium
733 505 798 576 quia
820 517 874 560 non
887 508 929 560 est
942 499 1102 584 verisimile,
1118 513 1197 573 reges
1232 499 1335 571 gimlni,
1351 505 1379 556 et
1393 497 1560 557 obedientiae
1573 497 1757 558 subditorum.
1772 500 1799 557 Si
1814 514 1881 573 ergo
1896 499 1962 556 haec
1978 515 2021 572 po·

402 590 545 664 Hispaniae
569 598 625 649 tam
647 591 792 650 liberaliter
811 594 929 650 voluisse
951 592 1049 649 cedere
1064 590 1115 647 iuri
1130 605 1191 659 sno,
1233 595 1315 646 testas
1329 597 1370 646 est
1384 587 1447 646 data
1461 590 1526 647 solis
1540 589 1650 663 regibus
1664 591 1690 646 iu
1704 589 1760 647 aliis
1771 589 1878 664 legibus
1892 588 2018 658 lerendis,

403 679 445 735 rel
467 679 568 756 ligare,
585 698 617 739 ee
635 681 786 740 diminuere
801 690 962 756 potestatem
977 699 1067 751 suam,
1082 683 1103 736 si
1119 687 1197 737 antea
1232 679 1338 736 etiamsi
1353 681 1528 753 gravissimae
1542 681 1604 752 slot,
1620 697 1671 738 our
1685 697 1739 738 nou
1755 682 1855 752 poterit
1868 697 1930 737 esse
1945 683 2022 738 etiam

402 784 436 826 ex
456 771 482 826 ri
502 772 591 844 regiae
613 776 755 845 potestatis
774 776 882 830 omnino
901 773 1014 830 liberam
1028 771 1101 828 illam
1117 770 1198 828 habe·
1233 771 1260 824 in
1281 769 1386 843 legibus
1406 770 1591 842 tributorum,
1608 770 1649 828 vel
1663 786 1716 828 cur
1730 770 1783 828 hoe
1797 771 1961 844 repugnabit
1974 773 2022 827 iuri

333 879 337 890 ·
401 860 553 918 centlum
577 863 674 934 etiam,
696 865 759 937 quia
772 865 822 920 uisi
838 864 905 920 haee
920 870 1041 938 potestas
1055 864 1092 919 ita
1106 862 1140 919 sit
1154 876 1197 918 re·
1232 859 1374 916 naturali?
1395 863 1459 918 ltem
1480 861 1605 934 princeps
1623 877 1770 933 supremus
1785 861 1820 918 ad
1837 861 2019 918 inducendum

401 951 497 1008 stricte
517 954 544 1009 in
568 953 693 1026 regibus,
716 953 792 1012 lacile
806 961 901 1028 verget
914 953 957 1011 tel
972 955 998 1008 ln
1013 949 1194 1028 tyrannidem,
1231 950 1331 1008 bellum
1353 967 1407 1007 non
1421 953 1525 1024 indiget
1539 967 1675 1010 consensu
1690 953 1797 1025 populi,
1813 968 1903 1026 neque
1918 951 1951 1008 ad
1964 951 2020 1008 refi-

401 1041 444 1098 rel
465 1051 540 1100 certe
563 1044 589 1098 in
610 1044 729 1101 notabile
748 1044 969 1116 incommodum,
989 1044 1031 1100 rel
1051 1057 1196 1116 gravamen
1232 1042 1343 1099 ciendos
1359 1049 1469 1114 pontes,
1486 1043 1554 1116 rias,
1570 1050 1674 1114 castra,
1690 1047 1806 1112 moenil,
1821 1050 1876 1100 etc.
1894 1059 1946 1100 cur
1961 1059 2020 1114 ergo

402 1146 560 1205 regnorum.
573 1134 642 1202 Quia
667 1135 804 1208 principes
828 1133 905 1192 valde
929 1133 1055 1206 propensi
1080 1137 1145 1188 aunt
1162 1129 1198 1186 ad
1230 1147 1263 1189 ex
1278 1139 1377 1188 natura
1392 1133 1430 1190 rei
1442 1134 1495 1190 erit
1507 1133 1544 1190 illi
1556 1137 1711 1191 necessaria
1722 1135 1889 1208 populorum
1901 1141 2022 1207 accepta·

404 1221 583 1292 imponendas
598 1223 713 1280 subditis
726 1223 880 1281 huiusmodi
893 1226 1064 1293 exactiones,
1077 1237 1198 1294 semper·
1231 1223 1267 1280 tio
1282 1225 1308 1279 in
1324 1223 1488 1280 tributorum
1504 1225 1756 1298 impositione,cum
1769 1231 1881 1297 propter
1896 1225 1946 1281 has
1960 1241 2023 1280 cau·

402 1325 455 1384 que
468 1319 628 1386 causantur,
641 1315 754 1386 antiqua
768 1315 871 1372 tributa
886 1314 934 1370 sibi
950 1331 1003 1370 aon
1017 1312 1145 1369 sulficere
1161 1309 1193 1367 nd
1231 1328 1274 1369 sas
1288 1314 1433 1384 praecipue
1456 1315 1512 1370 lieri
1532 1313 1633 1371 soleat?
1649 1317 1768 1389 lienique
1782 1314 1945 1372 monarchia
1960 1317 2021 1372 inte-

401 1418 468 1459 suos
482 1404 595 1460 eximios
614 1412 756 1478 sumptus,
778 1406 834 1462 sive
848 1405 884 1462 illi
898 1405 1042 1461 necessarii
1057 1403 1126 1475 siut,
1139 1404 1194 1458 sire
1232 1417 1281 1476 gra
1300 1408 1329 1458 et
1345 1402 1466 1475 perlecto
1480 1419 1534 1461 non
1549 1411 1592 1461 est
1604 1414 1700 1462 contra
1716 1406 1759 1461 ius
1774 1405 1916 1476 naturale,
1935 1412 1966 1460 ut
1979 1421 2023 1475 per

401 1493 542 1566 supetllui.
554 1495 628 1553 Unde
646 1496 667 1551 sl
686 1512 736 1553 sua
749 1496 806 1552 solo
820 1501 952 1568 potestate
967 1494 1069 1552 tributa
1082 1501 1196 1567 possent
1231 1507 1260 1548 se
1275 1497 1370 1556 notum
1384 1499 1436 1564 est,
1450 1494 1497 1551 sed
1512 1512 1565 1552 nou
1580 1495 1754 1568 estporlecta
1764 1504 1792 1552 et
1802 1497 1910 1569 integra
1921 1511 2025 1552 monar-

401 1581 537 1655 imponare
551 1587 607 1641 sine
623 1601 761 1643 consensu
777 1588 868 1659 regni,
884 1586 944 1657 plus
958 1587 1043 1654 lusto,
1060 1585 1103 1641 vel
1117 1591 1194 1640 certo
1230 1581 1308 1654 chia,
1333 1581 1380 1637 nisi
1401 1582 1496 1642 habeat
1514 1591 1676 1657 potestatem
1695 1586 1803 1656 plenam
1818 1584 1850 1641 ad
1865 1584 2020 1658 imperanda

399 1673 513 1732 nimium
539 1674 655 1748 populos
679 1683 835 1749 gravarent.
855 1674 970 1732 accedit
992 1672 1087 1748 regula
1112 1674 1189 1731 iuris:
1231 1671 1334 1728 tributa
1351 1665 1436 1745 iusta,
1459 1679 1518 1730 tum
1539 1675 1602 1748 quia
1623 1682 1757 1748 quantum
1778 1675 1877 1746 pendet
1899 1678 1926 1731 iu
1946 1675 2023 1732 hoca

404 1763 491 1840 Quod
501 1781 599 1840 oupoes
610 1767 713 1838 tangit,
730 1764 813 1822 debet
822 1764 861 1821 ab
873 1763 1007 1821 omnibus
1018 1762 1189 1838 approbari,
1230 1776 1367 1818 consensu
1379 1764 1464 1836 regni,
1473 1770 1579 1820 tantum
1589 1763 1680 1822 delicit
1691 1781 1705 1821 a
1716 1764 1838 1838 perlecta
1849 1765 2020 1836 monarchia,

399 1870 462 1929 cap.
478 1859 525 1914 29.
542 1853 575 1911 de
589 1853 679 1928 regul.
695 1857 750 1911 iur.
765 1857 792 1911 in
808 1859 841 1926 63
866 1869 937 1928 quae
950 1853 1046 1928 regula
1061 1860 1103 1910 est
1118 1851 1195 1908 ralde
1228 1856 1286 1907 tum
1301 1853 1401 1925 etiam,
1418 1853 1516 1925 quiesi
1531 1853 1556 1909 in
1571 1854 1623 1911 hoc
1638 1855 1738 1928 pendet
1752 1856 1796 1912 illo
1810 1855 1911 1928 modo,
1928 1871 2019 1912 conse·

401 1950 585 2002 consentanea
596 1946 649 2001 iuri
661 1944 787 2015 naturali,
798 1962 865 2020 ergo
876 1945 989 2002 marinae
1001 1944 1082 2001 debet
1092 1944 1194 2002 serrari
1229 1957 1317 2015 queas
1334 1949 1391 2014 est,
1412 1951 1443 2000 ut
1456 1945 1538 2001 etiam
1551 1944 1669 2017 pendeat
1682 1947 1707 2002 in
1723 1945 1942 2017 omnibus'aliis,
1956 1960 2020 2018 quae

398 2036 426 2091 in
441 2050 470 2092 re
483 2040 539 2091 tom
554 2034 652 2107 ardua,
670 2052 753 2109 quam
768 2044 811 2093 est
824 2035 989 2093 tributorum
1006 2035 1153 2106 impositio.
1228 2033 1285 2090 sine
1299 2034 1406 2092 tributis
1421 2036 1475 2092 lieri
1489 2051 1544 2092 non
1560 2043 1687 2109 possunt,
1702 2052 1769 2110 ergo
1785 2035 2020 2094 monarchiarum

439 2131 465 2184 3.
483 2127 558 2182 liano
572 2141 637 2183 vero
653 2126 810 2183 seutentiam
825 2127 862 2182 sic
878 2127 1038 2199 explicatam
1054 2142 1109 2182 non
1123 2125 1194 2181 invo·
1230 2124 1276 2180 tali
1291 2132 1423 2196 potestate
1440 2142 1493 2182 non
1509 2134 1601 2198 potest
1614 2142 1676 2182 esse
1686 2134 1783 2184 contra
1797 2129 1842 2183 ius
1856 2132 1982 2196 naturae,
1992 2129 2021 2182 at

399 2216 443 2272 uio
459 2216 483 2271 iu
500 2220 561 2273 iure
577 2218 728 2288 communi,
745 2218 893 2289 canonico,
910 2217 952 2274 vel
967 2216 1047 2288 civili,
1064 2231 1150 2290 aeque
1166 2218 1193 2272 in
1232 2213 1346 2272 subinde
1360 2231 1451 2290 neque
1465 2216 1509 2272 illa
1523 2215 1658 2289 conditio,
1681 2231 1729 2273 seu
1743 2215 1923 2290 dependentia
1939 2221 2022 2289 potest

399 2307 560 2364 auctoribus
576 2308 709 2381 antiquis3
728 2315 757 2364 et
773 2307 831 2364 ideo
847 2324 900 2363 uon
917 2323 1027 2380 censeo,
1043 2307 1112 2363 hanc
1127 2323 1193 2364 cou-
1230 2319 1291 2361 asse
1305 2322 1336 2362 ea
1352 2304 1498 2362 dictamine
1511 2308 1665 2369 necessaris
1680 2309 1747 2364 iuris
1762 2311 1887 2366 naturae.

399 2395 526 2453 ditionem
541 2413 601 2452 esse
616 2399 799 2456 necessariam
815 2413 847 2455 ex
863 2400 888 2454 vi
904 2399 969 2455 iuris
984 2397 1129 2470 naturalis,
1145 2406 1194 2454 aut
1269 2400 1359 2470 hique
1374 2396 1423 2454 hoe
1438 2398 1554 2454 rationes
1571 2397 1640 2454 idem
1655 2400 1824 2454 convincunt
1835 2397 1870 2454 de
1886 2391 1947 2454 iu're
1960 2411 2019 2468 geu-

398 2490 536 2561 gentium,
553 2505 641 2562 neque
655 2491 735 2545 etiam
751 2505 784 2546 ex
799 2490 857 2546 iure
871 2491 1020 2562 communi,
1039 2490 1092 2566 imo
1106 2505 1193 2562 neque
1226 2485 1311 2560 tlum3
1327 2503 1359 2543 eo
1375 2488 1414 2544 rel
1430 2489 1559 2560 maxime,
1575 2487 1649 2561 qttod
1664 2491 1765 2544 creatio
1779 2504 1892 2568 regu-m,
1909 2495 1937 2544 et
1950 2494 2019 2560 pote·

241 2596 249 2612 ·
296 2628 301 2638 .
397 2595 430 2634 eu
444 2581 503 2635 iure
518 2582 629 2652 antiquo
643 2580 796 2652 Hispaniae.
810 2579 898 2636 Probo
913 2579 1033 2652 singulas
1047 2586 1150 2651 parles,
1165 2586 1193 2635 et
1228 2585 1396 2635 staseorum
1417 2577 2020 2652 nonestdeiuregentium,sedestpotius

392 2667 483 2741 'primo
502 2669 534 2724 de
553 2670 611 2726 iure
627 2670 744 2726 naturali
759 2670 866 2726 ridetur
881 2685 928 2742 per
943 2685 971 2726 se
985 2669 1114 2741 evidens,
1130 2669 1193 2742 quia
1227 2666 1260 2724 de
1277 2669 1335 2724 iure
1346 2669 1429 2740 cirili,
1439 2667 1479 2724 rel
1495 2669 1670 2740 nationali,ut
1684 2671 1723 2726 sic
1739 2669 2020 2742 dicam,uniuscuius·

395 2759 554 2816 constitutio
579 2775 744 2833 regnorum,
770 2769 797 2817 et
824 2759 1063 2833 potestns‘regum
1082 2766 1194 2816 nonest
1226 2775 1280 2832 que
1301 2759 1391 2832 regui,
1414 2757 1456 2814 vel
1478 2761 1645 2829 provinciae.
1661 2759 1737 2817 Unde
1756 2761 1820 2816 licet
1841 2761 1867 2815 in
1881 2760 2019 2816 communi

396 2848 547 2907 immediate
563 2849 596 2908 de
611 2854 671 2908 iure
686 2851 816 2922 naturali,
829 2851 876 2908 sed
891 2849 1021 2906 mediante
1033 2851 1191 2907 concessio·
1227 2847 1278 2905 diei
1301 2849 1389 2921 possit
1407 2847 1440 2904 de
1459 2850 1519 2905 iure
1529 2849 1654 2922 gentium
1668 2849 1764 2905 divisio
1778 2864 1940 2922 regnorum,
1955 2849 2015 2904 ciri-

373 2961 377 2970 ·
395 2955 429 2995 ne
443 2940 624 3014 populorum,
641 2949 673 2999 ut
690 2957 774 3013 supra
789 2949 931 2998 ostensum
943 2949 1001 3012 est3
1018 2957 1083 3014 ergo
1097 2940 1193 3013 ampli·
1228 2945 1326 3011 tntum,
1345 2946 1372 2995 et
1384 2935 1604 3012 magistratuum,
1621 2945 1669 2995 aut
1682 2939 1855 3012 regiminum,
1869 2939 1969 2996 modus
1984 2946 2019 2994 ta·

395 3029 477 3102 tudo,
495 3032 535 3087 vel
551 3033 688 3088 restrictio
706 3033 849 3104 potestatis
864 3033 938 3088 circa
952 3047 1000 3103 ea,
1017 3047 1085 3103 quae
1101 3047 1149 3103 per
1163 3047 1191 3087 se
1226 3043 1288 3085 meu
1315 3029 1496 3086 constituendi
1517 3031 1639 3102 regimen
1653 3029 1693 3085 vel
1708 3044 1756 3100 per
1771 3028 1875 3100 plures,
1892 3035 1942 3086 aut
1956 3044 2016 3100 pau·

394 3121 480 3192 mala,
497 3121 538 3177 rel
557 3121 656 3178 iniusta
670 3138 723 3177 non
739 3129 818 3193 sunt,
836 3138 888 3178 uon
904 3128 1069 3194 potestesse
1085 3120 1118 3177 de
1133 3122 1191 3177 iure
1226 3119 1326 3192 ciores,
1344 3119 1385 3175 rel
1402 3135 1450 3190 per
1466 3136 1551 3177 uuum
1565 3136 1631 3177 eum
1645 3127 1721 3178 tauta
1735 3121 1776 3176 rel
1790 3121 1887 3177 maiori
1903 3127 2018 3193 potesta·

394 3212 525 3282 nattrrali,
541 3211 587 3268 sed
607 3211 705 3284 pendet
717 3227 749 3268 ex
764 3213 873 3268 arbitrio
888 3211 1039 3281 homiuum,
1055 3219 1083 3268 et
1097 3227 1129 3267 ex
1144 3227 1192 3266 an·
1225 3215 1298 3281 te,et
1316 3224 1380 3266 curn
1395 3209 1436 3265 his
1451 3209 1492 3266 vel
1507 3209 1557 3266 illis
1571 3209 1846 3282 conditionibus,nou
1859 3219 1902 3268 est
1917 3211 1951 3268 de
1964 3213 2018 3267 iure

395 3303 468 3376 tiqua
486 3311 663 3359 conventione
685 3303 725 3358 vel
741 3311 822 3374 pacto
837 3307 907 3359 inter
919 3317 1009 3375 regem
1021 3308 1048 3358 et
1062 3317 1187 3373 regnum.
1225 3300 1358 3372 gentium,
1378 3299 1425 3356 sed
1438 3315 1471 3356 ex
1486 3302 1596 3373 proprio
1611 3303 1671 3357 iure
1686 3301 1854 3374 singularum
1870 3304 2017 3360 communi·

314 3450 316 3459 ,
393 3395 430 3450 ht
451 3407 514 3448 sero
537 3400 699 3465 potestatem
714 3391 746 3448 ad
761 3394 954 3464 imponendum
969 3391 1104 3450 tributum
1119 3393 1190 3448 iutra
1226 3396 1330 3460 tatum,
1356 3397 1384 3446 et
1405 3405 1419 3446 a
1439 3391 1569 3462 principio
1583 3391 1634 3448 luit
1648 3398 1696 3448 aut
1708 3407 1739 3448 ea
1757 3399 1836 3464 pacto
1852 3393 2015 3462 uoluntario,

394 3484 493 3540 limites
518 3485 636 3541 iustitiae
657 3483 780 3540 absolute
801 3484 919 3542 residere
941 3485 966 3539 in
988 3485 1045 3538 solo
1066 3485 1189 3556 principe
1225 3487 1274 3536 aut
1293 3495 1325 3536 er
1345 3482 1419 3536 iusto
1439 3479 1526 3553 bello,
1549 3482 1590 3536 vel
1609 3481 1807 3540 consuetudine
1833 3485 2015 3556 introductus;

393 3583 504 3632 nonest
521 3577 663 3631 intrinsece
678 3575 789 3645 malum,
807 3590 856 3630 nec
870 3581 968 3632 contra
983 3573 1068 3630 bonos
1084 3589 1186 3646 mores3
1224 3586 1289 3644 ergo
1308 3587 1360 3627 nou
1376 3578 1467 3642 potest
1481 3571 1547 3628 haec
1563 3576 1711 3629 necessitas
1722 3572 1830 3630 landari
1846 3575 1871 3630 ln
1885 3576 1946 3632 iure
1957 3589 2016 3646 geo·

394 3668 436 3721 uel
455 3681 621 3723 econverso
641 3664 714 3738 qarod
736 3667 893 3737 requiratur
912 3679 1065 3720 consensus
1084 3663 1187 3734 populi,
1225 3662 1301 3717 tium.
1322 3661 1404 3718 llulto
1424 3668 1514 3718 autem
1531 3663 1620 3720 minus
1635 3671 1725 3735 potest
1738 3663 1843 3720 landari
1860 3665 1883 3719 lu
1900 3666 1959 3720 iure
1973 3680 2016 3735 po·

393 3772 447 3812 non
469 3763 510 3812 est
532 3773 622 3829 perse
638 3757 820 3812 necessarium
836 3753 868 3810 nd
885 3755 1013 3810 iustitiam
1026 3762 1054 3810 et
1068 3755 1189 3825 aequitn·
1223 3753 1303 3807 sitivo
1321 3753 1474 3824 communi,
1491 3769 1570 3827 uam,
1585 3761 1617 3810 ut
1631 3753 1756 3820 vidimus,
1772 3753 1796 3809 lo
1812 3754 1870 3810 iure
1884 3755 2014 3810 canonico

286 3905 293 3928 ⁸
393 3853 457 3919 temp
478 3863 543 3921 ergo
559 3862 644 3919 oeque
659 3844 723 3902 illud
739 3847 816 3917 prius
829 3851 873 3901 est
886 3851 984 3900 conta
997 3847 1038 3900 ius
1050 3843 1186 3914 naturale,
1223 3840 1291 3898 haec
1309 3849 1430 3914 potestas
1445 3842 1604 3899 conceditur
1619 3843 1777 3915 simpliciter
1791 3843 2013 3916 imperatoribus,

392 3953 480 4010 neque
500 3939 551 3992 hoo
563 3938 700 4008 posterius
713 3943 756 3991 est
769 3934 803 3990 de
816 3934 937 3990 eiusdem
953 3934 1019 3989 iuris
1030 3940 1186 4005 praecepto.
1225 3946 1257 3988 ae
1275 3931 1401 4004 legibus,
1416 3939 1445 3988 et
1459 3932 1626 4004 principibus
1640 3935 1784 4006 supremis,
1799 3935 1846 4006 qui
1860 3935 1912 3992 illis
1929 3935 2014 4008 aequi·

392 4029 485 4100 Neque
507 4029 610 4082 solticit
630 4026 737 4095 dicere,
761 4024 812 4080 hoo
833 4039 894 4079 esse
915 4025 999 4094 magis
1019 4027 1184 4079 conveniens
1223 4033 1364 4096 parantur,
1384 4030 1412 4080 et
1425 4023 1497 4079 nrrlla
1512 4021 1636 4080 limitatio
1652 4023 1772 4096 additur,
1790 4039 1878 4097 neque
1894 4023 2013 4096 postula-

391 4119 498 4190 populis
518 4125 546 4174 et
567 4119 671 4189 regnis,
695 4123 752 4171 tuni
767 4130 832 4188 quta
844 4129 876 4169 ex
893 4115 986 4169 maiori
1001 4113 1187 4169 convenientia
1223 4122 1268 4172 tur
1286 4115 1361 4188 regni
1380 4128 1541 4169 consensus.
1558 4113 1715 4187 Eodemque
1735 4114 1816 4170 modo
1837 4117 1962 4188 loquitur
1977 4115 2014 4170 ius

391 4225 445 4264 non
463 4215 550 4280 potest
565 4207 656 4278 colligi
676 4210 826 4264 necessitas
842 4205 1011 4277 praeceptis
1022 4210 1079 4258 tum
1093 4206 1186 4275 etiam,
1221 4204 1308 4276 civile,
1327 4212 1356 4261 ut
1369 4205 1450 4260 etiam
1465 4205 1619 4277 citavimusp
1629 4221 1694 4278 ergo
1709 4207 1754 4262 illa
1768 4206 1889 4264 conditio
1905 4225 1958 4264 non
1973 4223 2012 4262 so·

392 4301 455 4372 qtria
477 4298 543 4355 illud
563 4314 617 4353 non
639 4305 681 4352 est
701 4305 826 4367 certum,
851 4296 916 4368 quia
930 4297 952 4349 si
968 4296 1145 4366 coniecturis,
1160 4301 1187 4352 et
1222 4294 1278 4351 lum
1294 4311 1345 4350 uon
1361 4301 1449 4366 potest
1462 4293 1568 4352 fundari
1585 4295 1610 4350 in
1625 4298 1683 4352 iure
1698 4298 1848 4365 communi,
1861 4312 1959 4354 rerum
1972 4303 2012 4352 et·

391 4389 576 4462 congruentiis
588 4385 721 4445 utendum
733 4393 909 4461 est,possunt
919 4384 997 4442 facile
1009 4401 1059 4458 pro
1072 4393 1187 4457 utraque
1220 4385 1274 4441 ium
1288 4384 1324 4440 illi
1339 4390 1490 4458 repugnat,
1505 4385 1571 4440 dum
1587 4385 1744 4458 simpliciter
1758 4385 1890 4459 loquitur,
1908 4404 1970 4456 npru
1984 4388 2012 4443 li·

390 4486 465 4552 parte
479 4479 578 4536 allerri.
1222 4475 1371 4533 mitandum
1390 4492 1445 4531 non
1458 4483 1500 4532 est
1513 4476 1568 4530 siae
1581 4475 1633 4532 alio
1648 4477 1722 4546 iure,
1738 4476 1779 4533 vel
1795 4480 1898 4535 ratione
1913 4495 2011 4552 cogea-

428 4573 497 4628 llsm
515 4575 624 4626 coastat
643 4584 676 4625 ex
696 4583 780 4640 supra
793 4565 888 4642 dictis,
905 4567 1092 4624 monarchiam
1107 4583 1186 4639 posse
1221 4574 1259 4626 te.
1275 4568 1307 4623 lit
1327 4569 1363 4624 ita
1381 4565 1509 4624 doctores
1527 4569 1735 4638 interpretantes
1751 4569 1795 4624 illa
1812 4571 1875 4626 iura
1890 4569 2011 4626 absolute

393 4669 511 4734 utroque
527 4659 607 4717 modo
622 4661 765 4729 constitui,
775 4658 894 4732 scilicet,
906 4657 948 4714 vel
963 4659 999 4714 ita
1014 4667 1045 4715 ut
1060 4660 1186 4730 princeps
1221 4656 1324 4730 dieunt,
1335 4673 1395 4713 esse
1410 4658 1435 4713 in
1450 4657 1571 4729 principe
1586 4657 1655 4714 hanc
1669 4665 1844 4730 potestatem,
1853 4660 1927 4716 nulla
1942 4660 2012 4716 lacto

392 4756 418 4812 in
432 4751 582 4810 condendis
598 4751 703 4825 legibus
718 4751 834 4822 pendeat
846 4767 861 4806 a
874 4763 1011 4806 consensu
1023 4749 1126 4821 populi,
1136 4765 1186 4804 seu
1220 4750 1354 4805 mentione
1369 4763 1521 4804 consensus
1535 4747 1639 4819 populi,
1656 4755 1687 4804 ut
1700 4754 1775 4820 patet
1789 4765 1822 4806 ex
1834 4751 1929 4808 lnuoc.
1945 4753 1972 4807 in
1985 4749 2012 4807 d.

391 4850 512 4914 senatus,
525 4848 655 4915 tanquam
671 4841 705 4896 ab
720 4838 880 4897 habentibus
896 4839 1056 4911 suffragium
1070 4838 1184 4896 definiti·
1221 4853 1282 4911 cap.
1302 4837 1389 4913 Quod
1402 4838 1544 4912 superbis,
1562 4847 1590 4894 et
1602 4837 1699 4894 ibidem
1716 4840 1842 4898 Panorm.
1857 4848 1886 4898 et
1899 4842 1923 4897 in
1938 4842 2011 4899 dioto

390 4950 473 5007 rum,
489 4933 531 4989 rel
545 4935 583 4989 ita
600 4939 632 4988 ut
646 4937 766 5003 potestas
781 4931 936 5002 simpliciter
951 4931 985 4986 sit
997 4932 1024 4985 in
1039 4929 1097 4987 solo
1113 4932 1186 5002 priu·
1221 4944 1281 5001 cap.
1295 4931 1486 4990 quooamus.
1501 4928 1601 4985 Bartol.
1615 4935 1643 4984 et
1657 4927 1714 4985 aliis
1729 4931 1755 4985 iu
1768 4929 1840 4986 dicta
1855 4931 1873 4986 l.
1889 4935 2012 5005 vertipo-

393 5029 476 5101 cipe„
492 5025 556 5081 licet
570 5024 609 5078 uti
625 5021 722 5078 debeat
735 5036 848 5077 suorum
863 5021 987 5077 oonsilio.
1004 5022 1039 5078 Et
1053 5019 1125 5077 huuc
1140 5035 1187 5093 po·
1220 5015 1280 5086 lto,
1296 5027 1324 5075 et
1336 5019 1362 5074 iu
1377 5019 1423 5075 lib.
1443 5024 1468 5078 l.
1483 5026 1511 5075 et
1525 5024 1554 5092 2,
1569 5019 1600 5075 c.
1617 5035 1687 5076 nova
1702 5021 1829 5095 uectigal.
1844 5031 1897 5079 etc.
1914 5024 2011 5081 Bartol.

390 5118 530 5175 steriorcm
545 5112 656 5170 modum
672 5111 859 5174 diximusesse
873 5111 956 5183 magis
968 5119 1182 5194 consentaneum
1220 5113 1300 5166 etiam
1317 5110 1343 5164 in
1357 5109 1375 5166 l.
1395 5108 1466 5166 unio.
1484 5109 1511 5167 ll.
1529 5108 1562 5165 ad
1578 5109 1629 5181 leg.
1646 5109 1740 5166 lulium
1755 5111 1789 5166 de
1803 5113 1917 5169 ambitu.

390 5206 565 5264 monarchico
586 5203 728 5275 regimini,
747 5206 777 5256 et
795 5202 881 5272 magis
902 5202 1046 5275 usitatum,
1061 5205 1182 5273 satisque
1258 5203 1285 5258 l.
1303 5199 1420 5256 Tandem
1438 5215 1527 5272 nequo
1548 5215 1581 5256 ex
1597 5201 1711 5273 antiquo
1724 5201 1782 5257 iure
1799 5203 1940 5276 hispaniae
1956 5201 2012 5260 talis

279 5293 283 5298 ’
335 5343 339 5354 .
390 5291 1186 5368 consonumprudentiae,ctiustitiae,etcoavenleutire·
1220 5288 1400 5364 dependentia
1413 5289 1628 5366 regisaregoo,
1648 5307 1698 5349 eeu
1712 5296 1860 5351 necessitas
1875 5295 1934 5353 talu
1950 5311 2012 5353 con·
