4294 6238
862 381 968 436 onnus
981 385 1034 436 111.
1656 371 1719 437 267

121 521 170 578 lno
184 515 319 576 bietinm
331 513 422 590 magis
433 511 566 587 approbat
580 467 926 582 stinn'detnitinnsnpro-
962 509 1117 584 tudinibus,
1140 516 1172 569 ut
1190 519 1257 570 sunt
1275 509 1340 585 quid
1359 510 1439 584 insti3
1459 527 1522 569 nam
1537 512 1598 570 inde
1611 513 1759 588 constabit,

121 612 234 668 liriorem
248 623 299 679 per
315 606 415 678 plures
429 603 581 678 particulos
597 601 778 675 explicantem
790 599 923 656 conditio·
961 598 1028 673 quid
1042 601 1109 657 iuris
1122 616 1156 657 er
1169 601 1209 656 eis
1223 602 1310 672 possit
1324 616 1503 674 consurgere,
1519 604 1622 659 namin
1639 602 1689 659 bac
1704 621 1761 662 rna·

119 715 160 756 nes
174 698 206 754 ud
221 694 461 754 consuetudinem
476 694 634 767 requisitos.
649 691 700 748 biii
713 690 796 747 etiam
811 691 923 746 cononi·
961 690 1029 745 teris
1044 689 1164 762 cognitio
1179 689 1247 746 iuris
1262 691 1378 746 maxime
1392 689 1493 762 pendet
1504 707 1539 749 ex
1549 693 1706 765 cognitione
1722 695 1761 751 lo·

119 796 171 844 stre
186 787 294 844 dictum
309 784 498 842 definitionem
512 781 656 839 breritstis
667 779 882 853 reprehendunt,
895 784 924 835 et
961 779 1009 849 oti,
1026 784 1157 851 tauquam
1172 795 1203 835 ex
1218 779 1305 851 prima
1318 793 1403 836 cautu
1417 787 1445 836 et
1458 779 1559 836 radice.

120 877 204 950 plures
225 875 296 932 alios
319 873 522 946 multiplicant,
544 887 614 944 quus
634 869 737 927 reterre
758 859 924 941 supervaca·
999 871 1028 924 2.
1041 869 1132 924 Primo
1143 883 1210 941 ergo
1221 867 1351 940 distingui
1363 872 1453 940 potest
1464 870 1637 928 consuetudo
1649 872 1676 926 in
1687 887 1759 943 eam,

121 982 194 1022 neum
210 972 268 1034 est,
283 964 357 1037 quia
372 979 424 1018 non
440 961 541 1019 babent
555 959 753 1029 utilitatem,‘et
763 957 849 1014 videri
862 973 925 1028 pos·
962 972 1033 1029 quac
1053 963 1180 1015 versatur
1200 958 1274 1014 circu
1293 973 1354 1029 res,
1369 955 1411 1013 vel
1426 973 1557 1030 personas
1571 961 1693 1028 divisim,
1713 969 1762 1020 aut

121 1053 218 1112 suntin
233 1053 389 1110 llostiense
401 1053 429 1106 in
442 1052 519 1107 Sum.
538 1051 580 1106 tit.
596 1047 630 1105 (le
645 1046 809 1116 consuetud.
827 1055 856 1104 et
868 1047 925 1104 llo·
962 1048 1148 1116 coniunctim,
1163 1051 1192 1102 et
1206 1045 1294 1113 illem,
1311 1061 1381 1119 quas
1395 1053 1523 1104 vorantur
1537 1050 1613 1106 circs
1626 1049 1699 1107 lacto
1714 1052 1762 1108 bo·

121 1144 168 1201 cbo
182 1143 228 1200 ubi
242 1156 348 1214 suprs,
359 1148 389 1198 et
400 1139 426 1195 in
442 1140 500 1211 ipso
514 1139 589 1194 Bart.
606 1137 631 1192 in
645 1136 718 1193 dicta
731 1135 840 1206 repetit.
852 1149 881 1191 n.
898 1137 924 1205 l,
962 1135 1077 1192 minum.
1094 1136 1169 1192 llaec
1189 1137 1260 1192 enim
1278 1133 1440 1192 divisionem
1458 1139 1547 1210 tetigit
1565 1138 1607 1194 lex
1623 1143 1656 1210 l,
1672 1142 1713 1197 tit.
1730 1147 1760 1215 t,

121 1233 162 1290 ubi
185 1233 309 1304 priorem
331 1231 496 1287 sententium
517 1227 661 1299 reprobet,
680 1231 707 1282 et
720 1227 747 1282 in
763 1225 820 1281 sols
834 1222 926 1280 defini·
960 1223 1058 1295 partit.
1072 1227 1099 1296 i,
1115 1223 1302 1296 exemplisque
1316 1221 1489 1297 decimatur,
1505 1241 1568 1282 nsm
1588 1228 1762 1286 consuetudo

122 1325 186 1379 donc
204 1319 309 1378 isidori
326 1319 460 1392 persistit.
472 1319 538 1374 Dico
550 1331 629 1389 ergo,
640 1313 743 1371 nullsm
757 1311 927 1384 exiliispsr·
962 1312 1103 1384 solvendi,
1120 1311 1163 1369 vel
1183 1328 1235 1368 non
1256 1311 1376 1369 solvendi
1392 1313 1512 1371 decimas
1525 1331 1558 1371 er
1573 1331 1650 1388 sgro,
1668 1317 1710 1373 vel
1724 1317 1763 1374 vi·

123 1411 206 1468 onmis
223 1425 289 1467 esse
306 1409 506 1480 necessariam,
522 1421 573 1462 nec
589 1403 686 1461 offerre
699 1401 864 1473 claritatem,
877 1399 925 1457 sed
961 1417 1024 1472 nes,
1042 1408 1169 1458 versetur
1183 1403 1259 1457 circo
1274 1417 1335 1473 res,
1350 1400 1442 1458 stillis
1456 1404 1535 1476 quasi
1551 1405 1664 1476 imponit
1676 1421 1758 1476 ouus;

122 1501 323 1558 dubitationem
353 1499 422 1554 Nsm
439 1499 462 1552 si
476 1495 502 1550 in
518 1494 671 1550 defiuitione
693 1497 811 1564 ponatur
821 1487 927 1564 propoli
964 1489 1138 1548 cousuetudo
1154 1505 1221 1546 vero
1236 1489 1369 1563 solvendi,
1383 1492 1422 1547 rel
1437 1506 1491 1548 uon
1507 1493 1629 1552 solvendi
1641 1494 1763 1553 decimas

122 1606 288 1656 consensus,
315 1588 412 1645 statim
427 1587 515 1642 on'tur
529 1584 666 1656 quaestio,
684 1581 764 1638 cuius
780 1578 884 1651 populi,
899 1585 928 1636 et
963 1580 1139 1651 personales,
1155 1580 1198 1635 rel
1218 1579 1339 1637 solvendi
1360 1580 1491 1638 tributum
1510 1584 1669 1653 personnis,
1686 1586 1764 1642 circa

124 1695 154 1735 nn
167 1696 193 1734 r.
209 1696 238 1752 g.
255 1675 382 1749 capituli
397 1689 550 1731 cousensus
564 1671 695 1728 sufficiet:
713 1677 740 1726 et
753 1667 825 1725 idem
839 1668 926 1725 estole
963 1684 1108 1740 personam
1126 1675 1267 1740 versatum
1283 1670 1455 1738 consuetudo
1471 1687 1535 1728 vero
1551 1672 1701 1745 ieiunandi,
1720 1675 1762 1731 vel

123 1770 259 1825 similibus.
287 1769 362 1824 Cum
384 1781 450 1838 ergo
470 1764 570 1820 dicitur
590 1760 720 1818 moribus
739 1761 923 1822 institutum,
964 1757 1071 1828 orendi,
1087 1766 1216 1815 versetur
1230 1765 1338 1816 tuntum
1352 1763 1428 1817 circa
1442 1760 1574 1818 humanus
1586 1765 1718 1834 actiones,
1732 1772 1763 1822 ut

124 1860 183 1912 setis
200 1857 235 1914 ibi
250 1855 411 1914 includitur
421 1868 585 1924 consensus,
598 1853 662 1924 quia
672 1864 765 1906 mores
777 1846 925 1904 voluntarii
963 1852 1082 1903 coustst.
1107 1849 1210 1904 Dicunt
1224 1863 1289 1920 ergo
1304 1848 1400 1921 aliqui,
1418 1851 1523 1921 priores
1538 1854 1762 1926 consuetudines,

124 1955 197 2017 sunt,
220 1955 253 2004 ut
273 1963 365 2020 supro
379 1944 445 2002 diui.
468 1941 687 2015 subintelligitur
704 1945 815 2005 tutem,
836 1951 927 1992 mores
963 1938 1020 1992 sive
1041 1937 1116 1994 circa
1135 1937 1207 1993 solas
1227 1952 1374 2010 personas,
1397 1938 1438 1995 sel
1454 1940 1526 1996 solos
1541 1957 1600 2011 res,
1616 1943 1672 1999 sive
1687 1945 1762 2002 circa

125 2035 215 2092 debere
235 2052 300 2093 esse
324 2035 410 2100 tales,
432 2033 479 2106 qui
493 2031 526 2088 nd
541 2032 583 2087 ius
599 2025 830 2086 introducendum
849 2024 928 2092 sulli-
964 2031 1097 2099 utrosque
1116 2027 1197 2084 simul
1214 2031 1374 2100 versentur,
1395 2029 1430 2086 ad
1444 2032 1684 2102 praescriptionem
1700 2050 1764 2105 per-

126 2125 204 2180 cient.
217 2126 307 2193 Quas
330 2131 423 2182 nutem
445 2120 613 2178 conditiones
633 2118 667 2176 nd
688 2118 741 2174 lroo
761 2115 860 2172 babere
880 2113 927 2171 de·
965 2117 1061 2186 tinere,
1077 2132 1131 2172 non
1146 2115 1179 2172 od
1193 2116 1294 2191 legem,
1310 2119 1375 2190 quis
1390 2119 1479 2176 solum
1494 2120 1643 2180 conterunt
1656 2140 1705 2195 per
1720 2141 1759 2196 se,

125 2213 210 2282 beant,
225 2216 271 2271 vel
288 2228 411 2287 quorum
426 2225 567 2268 consensu
581 2209 629 2264 niti
639 2207 765 2277 debeant,
777 2220 831 2260 nou
843 2219 925 2275 opor·
963 2208 991 2259 et
1003 2203 1156 2261 immediate
1172 2205 1213 2262 ius
1229 2208 1256 2262 in
1271 2221 1311 2276 ra,
1329 2207 1370 2264 rel
1384 2207 1498 2282 adrem,
1512 2211 1554 2266 rel
1566 2211 1590 2266 in
1602 2227 1759 2285 personum,

127 2304 190 2374 tuit,
207 2319 258 2360 nec
280 2302 382 2359 debuit
399 2302 425 2356 in
445 2299 602 2356 delinitione
620 2294 764 2368 explicari3
785 2308 835 2349 nec
854 2293 929 2350 enim
963 2279 1037 2365 qued
1057 2299 1101 2350 est
1122 2293 1239 2350 lncrtltss
1259 2295 1394 2368 quaedem
1415 2297 1541 2370 morulis,
1558 2316 1611 2356 non
1628 2300 1679 2359 lex.
1695 2304 1764 2371 Quia

125 2398 164 2466 est
182 2408 320 2462 necesse,
341 2397 372 2448 ut
390 2403 485 2446 omnes
503 2402 604 2444 onusae
619 2387 656 2442 rei
672 2385 698 2440 in
713 2381 866 2440 definitione
881 2397 930 2453 po·
965 2383 1030 2439 licet
1043 2397 1077 2439 er
1092 2382 1136 2439 illo
1151 2384 1209 2440 iure
1224 2385 1320 2440 mornli
1335 2385 1464 2459 obligatio
1479 2389 1506 2444 in
1517 2391 1681 2448 conscientia
1691 2397 1763 2451 oria·

127 2488 239 2554 uantur,
263 2481 316 2538 sed
336 2486 443 2537 tantum
463 2479 612 2534 intrinseco
631 2477 699 2531 ratio
719 2471 841 2528 formulis
855 2471 927 2543 eius3
966 2475 1013 2529 tur
1028 2470 1062 2527 sd
1077 2471 1237 2529 solvendum
1252 2473 1384 2548 decimos,
1395 2477 1439 2532 vel
1453 2477 1518 2549 quid
1529 2480 1627 2549 simile3
1639 2481 1764 2540 illaobli·

127 2571 228 2645 reliqua
240 2588 312 2630 vero
325 2571 352 2627 in
366 2570 495 2628 discursu
510 2568 638 2624 materies
651 2559 810 2636 explicando
824 2567 899 2617 sunt.
965 2563 1038 2634 gotio
1053 2577 1107 2618 non
1122 2564 1210 2619 oritur
1224 2578 1258 2620 ex
1272 2565 1471 2622 consuetudine
1485 2568 1650 2640 immediate,
1666 2572 1714 2628 sed
1728 2589 1762 2630 ex

965 2650 1025 2723 lege
1040 2653 1159 2708 iustitias
1173 2652 1326 2726 noturnlis,
1341 2669 1411 2726 quae
1426 2654 1529 2729 obligat
1542 2658 1576 2714 ad
1594 2659 1764 2720 reddendum

966 2742 1116 2813 emicuiquo
1136 2741 1212 2814 qrrod
1233 2758 1315 2798 suum
1336 2749 1386 2799 est.
1407 2745 1487 2802 Sicut
1500 2761 1533 2802 ex
1549 2750 1763 2821 praescriptione

966 2830 1138 2902 misequitur
1149 2827 1278 2903 obligatio
1289 2846 1343 2888 nou
1353 2832 1474 2904 sepiendi
1483 2849 1540 2891 rem
1555 2839 1763 2910 praescriptum,

966 2933 1040 2992 quse
1054 2917 1208 2975 immediate
1220 2921 1307 2976 oritur
1321 2936 1354 2977 ex
1369 2922 1485 2978 naturnli
1496 2933 1643 2994 praecepto
1654 2942 1709 2983 non
1718 2929 1761 2984 lu·

202 3002 380 3080 Quornptes
394 3005 433 3059 tit
447 2997 637 3066 consuetudo.
655 3001 683 3055 ti
696 2995 859 3071 cesorum,
966 3009 1054 3083 rsndi,
1069 3017 1099 3067 et
1113 3009 1234 3067 similiter
1247 3025 1281 3067 er
1295 3011 1506 3083 praescriptione
1521 3015 1660 3072 servitutis
1675 2995 1779 3073 trans·¹

327 3096 355 3148 et
368 3089 478 3166 stylum
493 3085 734 3163 comprehenditi-
966 3097 1048 3156 eundi
1063 3115 1111 3171 per
1125 3115 1232 3172 agrum,
1250 3100 1387 3172 sequitur,
1402 3107 1434 3157 ut
1446 3117 1498 3158 non
1509 3103 1598 3174 possit
1614 3105 1676 3178 quis
1695 3105 1766 3162 iuste

967 3187 1106 3261 impediri,
1126 3204 1160 3246 ex
1179 3188 1275 3246 eodem
1290 3190 1435 3262 principio.
1450 3192 1487 3248 Et
1500 3191 1572 3249 idem
1584 3194 1722 3252 invenitur
1736 3199 1765 3252 in

359 3303 374 3330 ι
401 3283 486 3346 spm
497 3298 523 3344 m
534 3299 550 3345 a
561 3298 577 3344 r
589 3281 600 3343 i
610 3296 631 3344 p
641 3296 669 3343 m
968 3292 1146 3351 quecumque
1160 3279 1210 3334 slis
1224 3278 1426 3335 consuetudins
1441 3279 1517 3336 circs
1531 3295 1602 3353 rem,
1618 3282 1658 3338 rel
1670 3299 1764 3354 perso·

967 3382 1040 3423 nam.
1063 3373 1098 3424 at
1118 3383 1184 3423 vero
1204 3367 1378 3424 consuetudo
1393 3369 1469 3426 circs
1483 3368 1555 3427 lacta
1569 3371 1710 3430 homiuum
1725 3376 1766 3432 di·

134 3459 158 3508 i.
170 3460 335 3513 consuetudo
348 3458 494 3523 multiplex.
508 3483 543 3493 -
556 3455 582 3506 2.
594 3456 679 3506 Primo
687 3453 813 3505 dividitur
825 3465 933 3504 consue·
968 3458 1042 3512 citur
1062 3454 1205 3530 adlegem
1219 3457 1369 3527 pertinere,
1390 3472 1445 3538 non
1460 3457 1494 3514 sd
1509 3461 1762 3533 praescriptionem

165 3529 225 3580 ²⁰³⁰
239 3533 348 3612 {9th
363 3541 428 3610 ΨΘ
441 3528 510 3577 cim
523 3539 565 3576 ¹⁰⁸
578 3531 696 3606 ΜΨ
710 3525 749 3574 *³⁰¹
763 3525 832 3574 cinca
845 3535 933 3587 ΜΟ·
967 3545 1032 3617 quia
1047 3560 1126 3602 nemo
1140 3544 1302 3615 praescribit
1311 3543 1412 3618 aliquid
1424 3545 1499 3602 circa
1509 3549 1630 3604 dodones
1641 3564 1719 3621 suns,
1734 3559 1765 3610 ut

165 3611 207 3648 uss
223 3601 328 3651 drrrsrm
341 3606 385 3648 aut
398 3598 473 3647 simul
487 3601 616 3658 sumptas,
630 3601 656 3644 et
670 3606 695 3643 ru
708 3605 778 3654 cam,
792 3605 858 3656 quae
876 3605 933 3640 ver·

165 3675 236 3718 satur
252 3671 323 3720 circa
338 3669 404 3718 iacta
415 3666 553 3718 bominum.
569 3691 604 3700 -
617 3663 642 3713 3.
655 3663 738 3714 Prima
748 3662 881 3713 divisionis
890 3673 933 3710 ex·
968 3633 1141 3706 praecedenti
1163 3633 1232 3689 mm)
1253 3633 1430 3706 dicebamus,
1449 3635 1496 3691 ⁸⁰⁶
1513 3642 1603 3708 polest
1615 3648 1765 3698 θθῐὶῦϋθίῑῑ·

164 3737 278 3799 plicntin.
299 3765 335 3775 -
352 3739 379 3787 t.
394 3736 541 3788 liciumtur.
562 3739 597 3770 -·-
616 3733 641 3783 5.
661 3731 788 3794 Quomodo
801 3731 932 3796 praedicta
968 3722 1029 3780 dine
1044 3722 1168 3796 obligari,
1180 3729 1207 3780 et
1222 3723 1352 3796 perillam
1364 3726 1591 3783 consuetudinem
1603 3727 1765 3788 circulacta

165 3808 359 3858 consuetudinis
376 3806 469 3856 divisio
485 3805 520 3856 sit
533 3801 710 3865 intelligenda.
724 3809 759 3838 —'
772 3802 798 3852 6.
817 3799 933 3851 &cundo
966 3815 1078 3886 proprj,
1093 3813 1233 3870 jngucpgu,
1248 3814 1290 3870 jus
1304 3815 1522 3870 consuetudinis·

165 3871 934 4004 m?{f22⁵&¹2¹33ss,ffiffffisssgssefffflesssgssss¹n⁰,¹¹,'{¹3}
1008 3909 1035 3962 3.
1053 3905 1125 3961 llaec
1140 3919 1204 3961 vero
1219 3902 1342 3959 doctrina
1356 3904 1451 3960 msiori
1463 3904 1563 3977 indiget
1573 3906 1763 3985 explicatione.

170 4020 220 4066 tum
230 4013 443 4068 accommanda
458 4019 564 4074 ,ungue
575 4013 615 4061 ius
625 4012 741 4074 gentium
751 4009 936 4060 excludam,
969 3995 1068 4063 Primo,
1078 3995 1142 4066 quin
1154 3992 1227 4050 nulla
1236 3993 1343 4048 videtur
1354 4007 1416 4049 csse
1427 3996 1613 4067 cousuetudo,
1629 4013 1699 4070 quac
1711 4017 1766 4058 nou

167 4083 362 4136 ecclesiasticae
374 4083 525 4132 traditiones
534 4081 660 4146 quomodo
672 4080 820 4130 contineant
832 4079 871 4128 lus
883 4091 933 4128 uon
969 4089 1093 4138 versetur
1112 4082 1186 4138 circa
1205 4081 1338 4138 humanus
1358 4083 1495 4156 actiones,
1517 4085 1582 4157 quin
1597 4089 1685 4144 omnig
1699 4105 1767 4146 con·

168 4156 360 4236 scriptum-7
379 4154 404 4202 ⁷·
426 4153 528 4202 prima
547 4158 574 4200 ⁸²
593 4149 757 4213 ¹¹³⁸¹⁰²¹¹²¹⁵⁵
775 4147 934 4228 ⁰⁰⁰⁵¹¹⁰P¹¹⁰⁰
969 4173 1087 4229 suetudo
1108 4173 1234 4228 consistit
1253 4171 1279 4227 io
1299 4172 1451 4244 irequentia
1472 4176 1611 4230 notionum
1633 4176 1766 4235 bumann-

168 4234 214 4272 unu
234 4223 394 4285 intelligitur
412 4222 445 4271 de
463 4233 513 4270 una
532 4233 639 4284 persona
652 4219 691 4268 rei
705 4218 737 4267 de
750 4223 933 4267 communitate

168 4291 328 4356 imperfecta,
344 4305 409 4354 quae
429 4294 498 4353 {eges
511 4289 580 4339 sep-re
593 4302 642 4339 non
656 4294 751 4352 potest,
764 4315 799 4324 .-
811 4287 837 4337 8,
852 4288 934 4348 Quae.
969 4278 1042 4319 lum.
1055 4259 1132 4330 Quofi
1147 4263 1169 4317 Sl
1183 4260 1271 4331 dlcflb,
1282 4277 1376 4318 01111188
1388 4262 1603 4321 consuetudin&
1613 4268 1765 4326 θθῃῦίῦῐθῐθ

167 4373 221 4412 nam
234 4361 395 4414 consuetudo
408 4361 491 4423 legem
503 4358 612 4408 inducit.
970 4353 996 4408 in
1017 4351 1185 4424 actionibus,
1208 4367 1261 4406 non
1283 4356 1374 4406 tamen
1388 4367 1481 4407 omncs
1499 4351 1558 4409 illas
1573 4357 1676 4411 versari
1691 4357 1767 4414 eir'cn

968 4441 1091 4498 actiones
1111 4439 1259 4512 humunnsp
1275 4447 1371 4496 contra
1389 4438 1443 4496 hoc
1457 4446 1514 4511 est,
1530 4443 1595 4515 quin
1610 4442 1662 4500 boo
1682 4446 1764 4502 modo

180 4541 202 4592 1.
218 4533 355 4602 Quoniam
368 4528 509 4602 multiplex
524 4545 584 4586 esse
599 4535 690 4600 potest
704 4525 893 4598 consuetudo,
908 4532 936 4582 et
969 4530 1024 4587 iere
1039 4529 1113 4586 nulls
1125 4531 1177 4585 erit
1190 4529 1373 4594 consuetudo,
1386 4545 1457 4601 quse
1469 4538 1595 4588 versetur
1606 4533 1680 4590 ciros
1692 4536 1765 4593 lacta

140 4635 187 4678 non
204 4625 297 4681 omnis
311 4623 431 4678 instituto
446 4629 541 4675 nostro
556 4618 687 4689 deservit,
700 4618 763 4690 quis
774 4616 864 4673 solum
880 4623 934 4673 tro·
971 4619 1121 4674 bominum.
1144 4621 1211 4676 llam
1226 4617 1399 4675 cousuetudo
1414 4619 1564 4691 ieiunandi,
1581 4622 1644 4678 licet
1656 4625 1765 4683 actibus

141 4719 240 4772 sumus
260 4713 294 4770 de
308 4711 353 4769 ills
366 4711 576 4778 cousuetudine,
591 4724 662 4780 quae
675 4706 710 4764 ad
724 4708 767 4763 ius
781 4707 935 4763 humanum
971 4707 1097 4764 humanis
1111 4709 1167 4779 liat,
1184 4714 1272 4764 tamen
1288 4707 1324 4763 illi
1339 4713 1417 4764 actus
1432 4715 1577 4768 versentur
1590 4719 1618 4768 et
1634 4713 1709 4770 circs
1723 4731 1768 4773 res

142 4806 278 4874 pertineat,
290 4809 319 4860 et
332 4803 419 4873 possit
429 4799 495 4856 illud
506 4799 691 4867 introducere,
701 4796 843 4870 velsliquo
853 4795 934 4852 modo
970 4798 1045 4862 illas,
1062 4807 1212 4870 quaesunt
1226 4797 1337 4853 matoria
1352 4799 1557 4869 temperantius,
1573 4809 1601 4858 et
1616 4802 1691 4858 circa
1706 4820 1768 4875 pcr-

142 4891 279 4968 abrogare,
296 4891 355 4947 ideo
371 4903 482 4946 necesse
497 4893 539 4944 est
552 4887 759 4944 consuetudinis
775 4888 934 4943 varietatem
972 4903 1066 4944 sonam
1078 4895 1247 4960 operantem,
1259 4888 1340 4944 cuius
1352 4891 1494 4960 passiones
1511 4889 1680 4965 moderatum
1691 4899 1720 4950 et
1730 4898 1769 4951 sic

424 2791 563 2862 CAPUT
586 2791 643 2860 lll.

142 4997 199 5052 prae
214 4981 306 5040 oculis
320 4994 432 5053 ponere,
448 4984 480 5035 ut
494 4985 589 5051 postea
604 4976 637 5033 de
652 4975 711 5033 solu
721 4973 934 5044 consuetudine,
972 4977 1005 5036 de
1020 4976 1228 5034 omnibus-ollis.
1243 4975 1320 5045 Quod
1335 4976 1357 5032 si
1371 4977 1431 5034 illuc
1446 4981 1661 5037 consuetudines
1675 4982 1781 5040 dicsu-·
1874 4973 1877 4980 ’

143 5085 204 5142 quse
218 5072 253 5129 sd
275 5086 326 5127 nos
340 5069 472 5141 pertinet,
489 5069 677 5140 disputemus3
692 5072 720 5121 et
735 5066 770 5122 ita
784 5065 865 5121 etiam
879 5065 935 5138 liet,
973 5075 1020 5126 tur
1035 5067 1190 5139 specialiter
1205 5067 1308 5123 rerssri
1323 5067 1399 5123 circu
1413 5082 1470 5139 res,
1486 5067 1527 5124 vel
1541 5084 1682 5142 personne,
1697 5088 1769 5145 quac

145 5167 170 5218 ut
181 5161 298 5220 delinitio
313 5156 520 5217 consuetudinis
533 5158 659 5216 erectius
673 5153 843 5227 declaretur,
855 5158 883 5210 et
897 5155 937 5210 in·
972 5159 1048 5214 circu
1066 5156 1138 5213 bone
1152 5154 1285 5227 aliorum,
1302 5155 1343 5212 vel
1357 5156 1433 5212 circs
1447 5172 1578 5228 personas
1591 5159 1625 5215 ab
1639 5170 1769 5232 operante

144 5249 285 5330 telligatur.
305 5249 457 5322 Praecipue
472 5252 564 5305 sortem
579 5243 758 5304 tractabimus
773 5243 806 5302 de
817 5258 935 5302 consuo·
972 5246 1114 5316 distinctea
1130 5252 1289 5316 sementum
1305 5244 1343 5300 sic
1355 5259 1452 5302 rerum
1463 5246 1574 5317 quidem
1584 5254 1639 5320 est,
1651 5264 1768 5308 consue·
