4290 6222
860 393 967 446 tilam
979 393 1028 444 iv.
1648 375 1712 439 355

112 523 158 574 sta
178 532 264 575 causa
282 517 337 575 lieri
352 522 456 591 potest,
472 519 525 577 sub
537 519 584 578 illo
601 518 724 578 membro
738 519 805 594 legis
818 536 915 594 perso·
951 519 1020 578 illiue
1034 523 1152 590 tantum,
1167 518 1214 576 cui
1227 533 1395 577 concessum
1408 523 1451 576 est
1465 515 1646 591 privilegium,
1663 532 1747 590 quem

112 610 186 665 nelis
203 607 463 683 comprehenditur,
485 611 549 684 quia
569 626 623 668 non
644 617 688 668 εει
706 610 749 668 lex
764 610 873 683 publica
887 616 916 669 ει
949 607 1008 668 aliis
1022 607 1119 666 imitari
1133 624 1188 664 non
1203 608 1320 665 licetEt
1334 608 1369 664 ita
1382 607 1449 664 baec
1464 623 1526 679 pars
1539 613 1614 664 recte
1630 605 1749 677 explica·

111 699 281 754 communis.
950 704 995 755 tur
1006 712 1053 770 per
1064 697 1145 755 aliam
1156 697 1279 769 regulam
1291 697 1371 754 luris:
1389 700 1474 773 Quae
1485 697 1668 753 conmmanit
1683 697 1748 751 iare

149 787 219 842 Tota
231 793 323 843 nutem
334 785 401 843 baec
415 788 549 860 expositio
560 803 593 845 aa
602 787 734 862 exemplis
746 804 763 846 a
776 790 915 846 luriscon·
949 787 1132 851 accorditoot,
1156 801 1344 858 nequaquam
1362 788 1396 842 in
1416 788 1658 857 consequentiam
1677 785 1751 840 sant

112 874 191 931 sulto
203 874 331 932 adductis
346 876 603 949 manifesteprobari
617 878 812 935 siderandum
826 877 914 950 primo
948 874 1111 940 tradenda,
1129 889 1200 948 quae
1214 881 1258 930 est
1271 879 1319 945 ιι,
1333 876 1360 930 in
1376 879 1408 945 o,
1424 874 1469 932 ubi
1484 872 1589 944 Glosse,
1605 870 1747 945 allegando

110 965 190 1035 ponit
209 965 364 1037 exemplum
385 964 417 1020 de
439 965 497 1037 lege
518 970 734 1040 remunerativo,
757 968 807 1025 ibi:
829 972 914 1044 (iace
949 965 1051 1022 dictam
1071 964 1088 1020 l.
1105 967 1130 1033 i,
1147 963 1220 1020 bunc
1240 978 1351 1020 sensum
1371 963 1481 1020 indicat.
1497 963 1664 1037 Expressius
1682 976 1748 1018 vero

105 1057 251 1127 princeps
266 1053 301 1110 ob
316 1057 426 1112 nrertta
439 1053 676 1124 attentendum,
695 1057 740 1113 ubi
754 1057 852 1114 Glossa
866 1055 913 1112 de·
948 1055 975 1112 id
997 1060 1071 1126 patet
1084 1069 1116 1108 er
1137 1053 1226 1124 regul.
1237 1053 1290 1109 iur.
1305 1053 1330 1108 ia
1347 1057 1375 1124 o,
1392 1054 1443 1110 il:
1463 1050 1550 1128 Quod
1564 1049 1659 1108 olisai
1677 1066 1747 1123 pra·

109 1143 200 1199 clarat
218 1149 251 1198 at
267 1141 469 1216 priuilepium,
491 1160 542 1201 nec
561 1161 590 1202 se
609 1145 750 1202 restrinxit
768 1145 801 1202 ad
820 1160 913 1217 perso·
948 1147 1020 1200 iiose
1035 1141 1215 1202 conceditur,
1224 1143 1307 1200 trabi
1317 1158 1377 1199 noa
1386 1140 1514 1200 debetab
1525 1141 1596 1199 aliis
1604 1144 1637 1198 in
1647 1156 1746 1198 emens·

111 1233 184 1288 nale.
202 1231 329 1289 Secundo
344 1231 378 1288 de
398 1233 455 1304 lege
470 1234 595 1305 privatim
611 1235 754 1307 puniente:
772 1237 807 1292 Si
820 1249 913 1307 quam
943 1233 1041 1309 ptam.
1051 1231 1128 1299 Quod
1144 1237 1197 1287 tam
1212 1231 1246 1289 de
1261 1232 1402 1305 privilegio
1417 1231 1494 1304 reali,
1507 1247 1589 1303 quam
1605 1231 1639 1289 de
1654 1247 1748 1303 perso·

111 1336 241 1398 poenam
254 1324 410 1394 irrepooit,
430 1326 523 1394 utique
539 1323 701 1395 specialem,
713 1328 740 1380 et
754 1332 862 1394 praeter
876 1323 913 1378 le·
948 1323 1000 1379 noli
1017 1337 1111 1378 rerum
1126 1327 1179 1391 est,
1188 1327 1216 1378 ot
1229 1321 1265 1378 ita
1279 1321 1312 1376 ibi
1327 1322 1400 1378 loen.
1413 1320 1495 1378 Andr.
1511 1323 1582 1379 inter
1594 1320 1645 1378 alia
1656 1336 1749 1379 errem·

109 1410 449 1483 geracommunem,quod
462 1412 721 1484 significavitGlossa
733 1412 837 1468 dicens:
848 1416 914 1467 Noc
946 1412 991 1484 pla
1007 1413 1083 1483 ponit
1096 1410 1265 1482 privilegium
1280 1409 1461 1467 decimarum.

110 1501 237 1554 raerentt
257 1502 385 1555 tantum.
402 1500 492 1556 Tertio
506 1499 599 1558 addit:
619 1500 672 1558 Vel
685 1504 711 1558 si
725 1503 775 1558 coi
789 1504 849 1557 sine
863 1515 913 1556 ecc·
986 1503 1013 1556 ln
1033 1501 1120 1556 altera
1142 1513 1206 1556 raro
1229 1499 1395 1570 proprietate
1415 1501 1559 1557 suboritur
1584 1499 1747 1574 difficultas,
1841 1483 1849 1498 ’

109 1586 208 1660 empto
223 1587 367 1654 subventt;
383 1589 429 1645 ubi
444 1591 552 1646 Glossa:
570 1589 624 1667 Vct
637 1595 708 1663 quio
716 1593 832 1665 peperit
842 1605 913 1662 pce·
947 1589 1011 1664 quia
1022 1589 1159 1661 privilegia
1170 1587 1252 1644 realia
1266 1603 1412 1660 personam
1422 1588 1611 1661 egrediuntur,
1624 1605 1690 1663 ergo
1701 1589 1749 1647 illa
1804 1618 1809 1626 ·

108 1691 184 1732 stam
196 1679 328 1734 maenti.
339 1677 399 1734 liibi
410 1686 503 1735 autem
516 1679 635 1750 ridetur,
648 1696 728 1735 omne
743 1679 852 1736 liberale
866 1681 912 1735 be·
948 1678 1055 1751 negatio
1072 1694 1126 1732 non
1142 1683 1230 1748 potest
1243 1693 1306 1733 vere
1322 1677 1419 1734 cadere
1433 1680 1459 1734 in
1479 1677 1662 1751 privilegium,
1681 1681 1748 1752 quia

109 1767 249 1834 celicium,
270 1781 318 1822 seu
334 1767 504 1840 privilegium
519 1785 601 1841 posse
617 1769 668 1825 illis
684 1769 772 1826 verbis
787 1784 913 1839 compre·
947 1767 993 1823 illa
1008 1767 1228 1838 indefinita,cum
1242 1765 1403 1823 doctrinalis
1418 1767 1462 1838 sit,
1470 1768 1622 1840 aequivalet
1637 1771 1747 1826 univer·

111 1854 208 1921 bendi,
226 1855 282 1912 sivo
296 1856 363 1913 illud
379 1859 512 1914 consistat
526 1858 552 1913 in
572 1859 730 1914 remissione
744 1873 848 1928 poenae
867 1857 913 1914 de·
947 1855 1006 1911 sali.
1023 1854 1075 1912 Sed
1091 1855 1144 1912 boc
1159 1871 1256 1928 parum
1271 1855 1375 1926 obstat,
1393 1857 1459 1928 quia
1472 1856 1518 1914 illa
1533 1859 1670 1930 posterior
1684 1874 1747 1929 pars

109 1942 191 2010 bitae,
204 1945 262 1999 sive
277 1945 302 2000 in
317 1945 495 2001 concessione
505 1946 568 2002 boni
579 1962 632 2002 non
648 1945 731 2003 debiti
744 1945 801 2003 ullo
816 1944 910 2002 modo.
948 1945 1004 2001 iere
1020 1944 1147 2002 eumdem
1162 1959 1273 2001 sensum
1287 1947 1427 2016 continet,
1442 1961 1525 2018 quem
1539 1947 1624 2016 prior.
1641 1947 1747 2004 Dicitur

109 2033 143 2088 Et
158 2032 206 2102 ita,
224 2035 346 2104 inspecta
360 2041 416 2090 tota
432 2035 506 2108 lega,
523 2034 564 2091 lea
586 2035 736 2107 personalis
750 2037 838 2110 legem
859 2051 912 2092 aon
948 2035 1020 2090 enim
1036 2033 1077 2090 lex
1098 2033 1250 2105 personalis
1264 2048 1408 2105 personam
1422 2051 1475 2090 non
1489 2034 1599 2107 egredi,
1615 2037 1748 2108 quianon

112 2119 220 2177 tantum
237 2107 466 2179 remcaer'ativam
482 2123 689 2194 complectitur,
702 2123 749 2180 sed
765 2127 847 2180 etiam
862 2140 912 2195 pu·
949 2128 1066 2194 possunt
1082 2121 1148 2177 allae
1163 2137 1295 2192 personae
1309 2121 1355 2178 illo
1376 2123 1436 2179 iure
1451 2123 1489 2180 uti
1503 2125 1582 2196 quasi
1597 2140 1645 2194 per
1659 2124 1748 2182 imitu-

111 2209 233 2280 nltiram,
254 2219 281 2267 et
301 2211 444 2268 liberaliter
465 2213 671 2270 beneiactivam.
682 2216 717 2272 Ει
737 2216 764 2271 in
784 2214 913 2272 omnibus
949 2211 1060 2279 tionem,
1077 2209 1118 2266 vel
1135 2213 1353 2283 usurpationem,
1365 2227 1421 2284 quo
1437 2227 1520 2269 sensu
1533 2211 1666 2271 dicuutur
1680 2213 1749 2271 baec

111 2301 150 2356 bis
168 2301 299 2356 membris
313 2306 403 2372 potest
417 2301 529 2359 inveniri
544 2303 610 2376 quid
624 2303 712 2375 reale,
727 2310 756 2361 et
769 2302 913 2376 personale
951 2317 1005 2356 non
1021 2315 1081 2357 esse
1093 2299 1224 2358 tmbenda
1234 2301 1260 2358 ia
1270 2301 1492 2373 consequentiam
1503 2303 1531 2360 ia
1541 2302 1653 2374 illocap.
1665 2307 1751 2379 Quae

111 2389 217 2461 stricte,
231 2396 262 2446 ut
273 2404 346 2447 nunc
361 2391 587 2462 inanimantium
603 2392 754 2463 incipiendo
765 2393 798 2448 ab
814 2391 912 2449 ultimo
949 2405 970 2446 a
980 2392 1053 2461 iure,
1062 2388 1095 2446 de
1110 2390 1259 2462 reguntur.
1270 2389 1295 2445 in
1304 2394 1331 2447 o.
1339 2389 1389 2448 Ubi
1399 2389 1494 2447 Glossa
1505 2388 1627 2456 declarat
1637 2391 1689 2448 boc
1700 2406 1750 2463 per

112 2494 163 2533 non
183 2477 276 2534 solum
297 2484 387 2549 potest
399 2465 525 2551 princeps
546 2479 692 2537 subvenire
711 2482 791 2538 alicui
812 2481 912 2553 gratis,
949 2478 1100 2551 privilegia,
1115 2479 1178 2551 quia
1191 2493 1240 2552 per
1254 2479 1479 2552 consequentiam
1494 2496 1548 2536 non
1561 2479 1749 2538 extenduntur

111 2573 138 2622 ει
151 2569 208 2622 sine
223 2567 348 2639 exemplo
362 2568 525 2626 remittendo
540 2586 655 2642 poenam
669 2569 853 2643 personalem,
864 2569 912 2627 sed
949 2568 982 2626 ad
997 2569 1075 2638 alios,
1084 2574 1277 2642 praeterquam
1292 2568 1326 2625 ad
1340 2584 1485 2641 expressos
1497 2570 1523 2626 in
1536 2569 1680 2643 illis3rpuod
1694 2577 1751 2628 tam

111 2656 192 2713 etiam
208 2656 371 2714 remittendo
385 2673 499 2728 poenam
516 2660 626 2730 realem,
644 2662 912 2729 utconiiscatiorrem
948 2666 991 2715 est
1006 2672 1104 2715 rerum
1119 2659 1145 2714 in
1165 2658 1310 2731 privilegiis
1324 2658 1459 2725 realibus,
1475 2674 1558 2733 quam
1572 2661 1600 2714 in
1618 2675 1749 2732 persona·

111 2747 260 2817 bonorum,
275 2762 346 2820 quae
361 2749 461 2818 optime
472 2748 525 2805 dici
540 2755 632 2820 potest
646 2763 733 2820 poena
747 2749 837 2820 realis,
849 2749 916 2822 quia
949 2748 1038 2806 libus:
1051 2755 1148 2806 neutra
1158 2749 1229 2804 enim
1241 2763 1386 2820 personam
1397 2748 1574 2822 egrediuntur
1588 2749 1640 2806 boc
1652 2750 1746 2822 modo,

112 2851 168 2891 rem
180 2835 279 2904 allicit,
291 2841 319 2891 et
332 2851 397 2892 cum
410 2837 455 2893 illa
471 2839 577 2893 transit.
585 2837 633 2894 Vel
647 2839 730 2895 etlam
741 2845 832 2910 potest
846 2838 914 2895 sub·
948 2837 1055 2894 scilicet
1066 2852 1115 2910 per
1128 2839 1362 2910 consequentiam,
1371 2837 1412 2895 vel
1423 2839 1588 2909 exemplum.
1597 2839 1666 2896 Huic
1680 2856 1747 2913 ergo

112 2925 204 2980 venire
216 2923 296 2980 alicui
313 2927 369 2982 sine
379 2926 503 2998 exemplo
518 2925 667 2984 liberaliter
678 2925 854 2984 concedendo
870 2943 912 2984 re·
948 2927 1108 2999 proprietati
1122 2942 1176 2982 non
1191 2925 1291 2996 obstat,
1307 2926 1382 3000 quod
1396 2926 1567 3000 privilegium
1582 2941 1749 2986 concessum

111 3012 162 3068 bus
177 3013 250 3069 illius
269 3014 370 3071 realem
389 3015 587 3072 immunitatem
602 3031 634 3072 aa
654 3023 826 3090 perpetuam.
842 3017 910 3074 Nam
947 3019 1027 3074 Petro
1044 3025 1073 3072 et
1095 3016 1142 3073 toti
1161 3015 1312 3088 posteritati
1332 3020 1455 3073 transeat
1473 3016 1507 3073 ad
1526 3015 1672 3090 haeredes,
1687 3025 1750 3076 tum

111 3100 153 3158 les
176 3103 259 3158 etiam
274 3103 314 3159 sic
334 3103 389 3160 lata
401 3103 553 3176 personalis
573 3111 626 3174 est,
647 3105 672 3160 id
693 3112 735 3160 est
750 3105 912 3177 particulari
947 3107 1080 3178 quianon
1096 3105 1196 3162 transit
1209 3119 1257 3176 per
1271 3106 1507 3179 consequentiam,
1524 3108 1571 3162 sed
1586 3121 1634 3178 per
1648 3107 1749 3166 iorme·

111 3205 245 3261 personae
259 3190 370 3264 laveno,
386 3193 451 3250 licet
472 3193 548 3251 iaror
563 3194 696 3252 consistat
710 3195 735 3250 in
755 3210 847 3252 rerum
861 3195 912 3252 irn-
947 3193 1060 3266 litatem,
1078 3200 1110 3252 ut
1124 3194 1163 3250 sic
1178 3193 1278 3266 dicam,
1295 3195 1450 3253 tumetium
1466 3193 1501 3256 let
1514 3194 1609 3253 loreia
1623 3194 1692 3253 idem
1707 3213 1750 3254 re·

109 3280 250 3336 munitate.
266 3282 300 3337 Et
313 3280 435 3338 similiter
448 3283 474 3340 in
489 3283 612 3340 secundo
626 3283 750 3356 exemplo
765 3283 849 3341 babet
871 3283 912 3341 lo·
947 3283 1006 3354 diti
1033 3285 1097 3356 quia
1120 3283 1288 3342 transeundo
1310 3285 1343 3341 ud
1366 3282 1514 3358 haeredes,
1536 3300 1590 3342 uon
1609 3285 1749 3359 egreditur

109 3385 172 3425 cum
186 3386 275 3440 poena
295 3371 463 3444 personalis,
484 3379 512 3429 et
532 3371 612 3430 realis
625 3373 858 3446 extraordinaria,
881 3379 913 3430 ut
945 3389 1102 3445 personam,
1114 3375 1179 3447 quia
1193 3373 1243 3429 illis
1257 3373 1337 3430 etiam
1352 3372 1423 3431 lacta
1435 3374 1486 3432 luit
1500 3375 1655 3432 concessio.
1668 3377 1748 3434 Simi-

110 3458 285 3516 couliscando
300 3461 362 3516 eius
373 3461 453 3533 bona,
467 3462 508 3519 rel
523 3463 654 3520 tributum
666 3463 775 3536 aliquod
786 3465 811 3520 ei
825 3465 910 3536 impo·
946 3463 1007 3520 liter
1026 3463 1102 3537 quod
1122 3461 1295 3536 privilegium
1316 3463 1388 3519 reale
1410 3468 1532 3520 trauseat
1552 3462 1585 3521 ad
1606 3463 1690 3538 alios,
1712 3464 1749 3524 ad

110 3549 198 3604 nendo
217 3547 289 3605 ultra
303 3564 478 3608 communem
493 3551 595 3625 legem,
613 3552 660 3609 sed
675 3553 783 3626 speciali
798 3555 910 3611 arbitrio
945 3570 1016 3628 quos
1028 3568 1071 3609 res
1086 3553 1194 3624 transit,
1208 3568 1261 3608 uon
1275 3553 1375 3610 transit
1385 3552 1663 3626 perexemplum,vel
1676 3569 1745 3612 con-

111 3638 250 3709 principis.
269 3639 342 3696 ldem
356 3655 423 3712 ergo
437 3642 550 3698 inveniri
564 3644 663 3715 poterit
676 3645 704 3698 iu
718 3644 806 3715 primo
819 3659 910 3700 exem·
945 3646 1129 3716 sequentiam,
1141 3659 1193 3699 nec
1208 3641 1347 3714 egreditur
1360 3640 1459 3700 limites
1472 3645 1671 3718 concessionis,
1680 3647 1747 3720 quia

110 3727 152 3800 plo
165 3727 199 3785 de
217 3729 357 3802 privilegio
371 3731 585 3804 remunerativo,
602 3743 632 3789 ut
647 3732 738 3790 statim
753 3732 908 3789 declarabo.
945 3736 972 3791 in
987 3735 1033 3790 illa
1047 3734 1149 3791 virtute
1165 3731 1332 3806 coronetur,
1345 3739 1377 3789 ut
1391 3732 1436 3789 illa
1450 3733 1576 3791 truantur
1591 3749 1696 3808 omnes,
1712 3735 1746 3794 ad

146 3822 172 3875 i.
188 3819 284 3892 Neque
301 3826 399 3876 contra
413 3819 484 3877 bauo
503 3823 698 3894 expositionem
717 3823 826 3880 obstant
848 3839 911 3895 pro·
944 3838 1016 3897 quos
1033 3822 1095 3880 talis
1109 3838 1153 3880 res
1168 3822 1321 3895 devenerit,
1334 3828 1363 3879 et
1376 3823 1412 3880 ita
1426 3825 1454 3880 ιιι
1467 3823 1558 3896 rigore
1572 3840 1626 3881 non
1640 3825 1746 3898 egredi-

109 3909 249 3980 prietates,
266 3924 337 3980 quae
347 3924 396 3981 per
410 3913 492 3968 verba
502 3913 580 3969 istius
592 3907 657 3986 legis
672 3913 831 3970 tribuuntur
843 3929 910 3970 con·
942 3921 994 3970 ‘tur
1008 3927 1162 3984 personam,
1175 3911 1290 3984 seilicet,
1304 3926 1354 3984 pro
1368 3928 1424 3985 qua
1435 3913 1505 3970 tecta
1517 3917 1559 3970 est
1570 3915 1676 3986 privata
1690 3915 1744 3990 lex,

109 3997 240 4055 stitutioni
260 3998 414 4070 personali,
431 4000 557 4072 scilicet,
577 4000 663 4078 Quod
676 4001 719 4059 cd
738 4000 910 4075 exemplam
944 4002 1010 4059 lieet
1023 4002 1147 4059 absolute
1164 4000 1256 4074 egredi
1270 4001 1358 4072 possit
1371 4017 1529 4075 personam,
1545 4003 1591 4060 cui
1606 4003 1692 4074 primo
1705 4005 1747 4062 la·

109 4103 167 4142 non
190 4087 339 4155 trabitur,
361 4103 525 4162 personam
543 4107 601 4147 non
622 4089 783 4163 epreditur.
799 4092 867 4148 Nam
887 4092 909 4149 si
944 4098 988 4149 cta
1001 4098 1043 4148 est
1064 4091 1167 4164 gratia,
1183 4107 1236 4147 non
1252 4105 1301 4162 per
1315 4093 1550 4164 consequentiam,
1567 4100 1598 4149 ut
1611 4091 1682 4166 diri,
1698 4092 1748 4152 sed

109 4175 279 4249 privilegium
300 4178 372 4234 reale
385 4177 439 4235 dici
459 4185 551 4251 posset
564 4181 608 4238 lea
628 4180 792 4252 personalis,
809 4181 908 4238 laisum
943 4183 1010 4254 quia
1031 4180 1128 4236 modus
1150 4179 1336 4237 concessionis
1360 4185 1449 4238 totum
1463 4179 1516 4238 boc
1538 4183 1678 4239 continere
1696 4199 1745 4255 po-

109 4273 181 4322 esset
206 4266 349 4338 absolute,
374 4266 461 4342 legem
489 4269 658 4340 personalem
684 4267 828 4342 personam
855 4285 909 4326 aon
945 4277 1008 4341 test,
1021 4277 1052 4327 ut
1066 4270 1217 4343 declarari,
1230 4270 1354 4343 quumvis
1366 4271 1438 4326 euim
1452 4270 1505 4327 boc
1515 4272 1543 4328 in
1556 4271 1599 4328 illa
1614 4271 1673 4346 lege
1687 4288 1743 4330 noa

108 4354 199 4427 egredi
209 4373 227 4424 ς»
241 4349 309 4412 baec
323 4356 395 4413 enim
416 4357 553 4416 indefinita
574 4360 726 4432 aequivalet
746 4360 907 4434 universali,
944 4359 1107 4432 explicetur,
1121 4375 1176 4415 nou
1191 4365 1281 4415 tamen
1296 4357 1461 4416 excluditur.
1472 4361 1507 4417 Et
1519 4361 1598 4434 plaae
1612 4361 1649 4417 ita
1661 4377 1745 4433 erpo-

108 4459 177 4515 quae
192 4443 262 4500 falsa
275 4450 327 4516 est,
345 4461 407 4501 uam
421 4446 560 4519 privilegia
573 4448 655 4504 realia
670 4463 815 4520 personam
830 4464 908 4524 egre·
943 4451 1044 4506 nitrrra
1059 4448 1153 4505 Glossa
1168 4450 1194 4504 iu
1208 4447 1221 4517 i
1233 4445 1284 4505 sed
1299 4446 1425 4521 siquod,
1441 4449 1529 4506 instit.
1539 4450 1573 4507 dc
1587 4451 1742 4507 innuatur.

108 4533 233 4599 diuntur,
249 4538 281 4590 ut
294 4549 377 4605 supra
390 4534 494 4592 dictum
507 4542 558 4593 est.
571 4537 624 4594 Sed
637 4536 706 4596 baec
721 4539 838 4595 obiectio
853 4554 906 4595 non
943 4549 1000 4598 etc.
1015 4539 1100 4597 verbo
1113 4555 1174 4596 otoo
1193 4535 1432 4612 transpreditar,
1450 4541 1477 4594 in
1496 4539 1594 4596 ultima
1609 4539 1745 4598 solutione

109 4622 209 4698 obstat,
229 4638 293 4679 nam
308 4623 382 4694 prior
396 4629 547 4697 proprietas
562 4627 588 4682 iu
602 4628 760 4685 universum
775 4644 838 4686 vera
852 4637 905 4700 εει,
942 4628 1054 4686 dicens:
1084 4626 1137 4686 Vel
1162 4625 1269 4685 melius
1289 4626 1355 4684 licet
1374 4626 1547 4700 epredtntur
1568 4644 1740 4702 personam,

107 4716 133 4768 et
142 4711 168 4766 in
183 4710 259 4768 reale
273 4711 443 4784 privilegium
457 4717 558 4785 optime
573 4716 656 4773 cadit.
665 4719 732 4774 llam
748 4717 814 4774 licet
829 4733 907 4790 prae·
945 4736 1005 4777 aon
1017 4725 1060 4777 est
1071 4724 1173 4776 ιαιιιειι
1184 4717 1320 4792 peaerole
1329 4721 1386 4784 tas,
1397 4733 1451 4774 nec
1462 4716 1673 4786 oidetaraltun
1685 4724 1739 4778 etc.

108 4799 148 4856 dia
161 4799 303 4873 religionis
317 4815 343 4855 r.
360 4816 388 4872 g.
405 4802 458 4858 sint
471 4811 596 4876 exempta
610 4821 625 4861 a
639 4806 759 4879 tributis,
775 4807 817 4864 rel
832 4806 906 4863 deci·
985 4810 1074 4880 Atque
1089 4810 1127 4865 ita
1145 4808 1227 4865 etiem
1241 4823 1294 4864 uon
1314 4813 1395 4881 urget
1407 4810 1476 4864 ratio
1490 4807 1561 4866 illius
1580 4810 1740 4884 sententiae,

108 4893 168 4962 mis,
183 4906 234 4962 per
250 4889 387 4963 privilegia
397 4892 479 4949 realia
492 4908 546 4949 non
561 4901 675 4965 possunt
689 4895 759 4952 trabi
774 4896 800 4952 in
815 4911 907 4955 exem·
941 4897 1005 4972 quin
1016 4897 1081 4954 licet
1092 4899 1187 4954 merita
1198 4896 1375 4968 possiuteese
1390 4899 1524 4954 motivum
1534 4903 1562 4954 et
1577 4899 1646 4954 ratio
1659 4897 1741 4955 doadi

108 4978 197 5051 plum,
213 4988 245 5037 ut
260 4980 348 5037 omnia
362 4980 423 5038 talia
436 4981 546 5054 praedia
561 4987 616 5042 sint
631 4985 752 5043 similiter
767 4994 903 5060 exempta.
941 4985 1122 5060 privilegium,
1146 5001 1200 5042 aon
1222 4987 1376 5042 necessario
1397 4992 1462 5042 eunt
1481 4987 1560 5058 quasi
1580 4986 1741 5044 tundamen-

108 5067 236 5143 ldemque
250 5073 333 5126 estin
348 5072 472 5129 omnibus
487 5074 558 5130 aliis.
576 5077 672 5148 ltaque
687 5092 785 5133 sensus
799 5084 851 5152 ost,
868 5078 906 5135 le·
943 5085 1013 5150 tum,
1029 5068 1242 5133 vel‘suoiectum
1256 5075 1399 5148 privilegii,
1416 5075 1453 5131 ita
1468 5083 1498 5133 ut
1511 5077 1544 5134 ab
1559 5077 1611 5133 illis
1625 5076 1741 5148 pendeat

109 5173 169 5231 gem
182 5163 317 5233 privatam
330 5176 383 5218 non
394 5178 453 5219 esse
463 5178 599 5235 normam,
609 5180 658 5222 sarr
669 5181 826 5224 mensuram
841 5183 905 5240 ope·
942 5168 968 5224 in
983 5167 1049 5237 lieri,
1065 5173 1094 5222 et
1114 5167 1288 5223 conservari:
1311 5170 1340 5223 et
1354 5165 1421 5222 baec
1437 5181 1523 5223 cansa
1537 5167 1658 5239 proxima
1672 5182 1739 5225 con·

110 5252 245 5312 rationum
257 5253 474 5328 communitatis,
486 5255 641 5316 selcirirrm
652 5257 846 5333 indicerenter,
858 5258 906 5316 scd
942 5254 1084 5314 siderandn
1102 5260 1288 5330 esttauquam
1299 5255 1468 5329 principalis,
1483 5257 1695 5330 utprivilcgium
1706 5259 1739 5318 sit
