<?xml version="1.0" encoding="UTF-8"?>
<!DOCTYPE html PUBLIC "-//W3C//DTD XHTML 1.0 Transitional//EN"
    "http://www.w3.org/TR/xhtml1/DTD/xhtml1-transitional.dtd">
<html xmlns="http://www.w3.org/1999/xhtml" xml:lang="en" lang="en">
 <head>
  <title>
</title>
<meta http-equiv="Content-Type" content="text/html;charset=utf-8" />
  <meta name='ocr-system' content='tesseract 3.04.00' />
  <meta name='ocr-capabilities' content='ocr_page ocr_carea ocr_par ocr_line ocrx_word'/>
</head>
<body>
  <div class='ocr_page' id='page_1' title='image "./tractatusdelegi00sugoog_0194.png"; bbox 0 0 4278 6242; ppageno 0'>
   <div class='ocr_carea' id='block_1_1' title="bbox 872 323 1723 422">
    <p class='ocr_par' dir='ltr' id='par_1_1' title="bbox 872 323 1723 422">
     <span class='ocr_line' id='line_1_1' title="bbox 872 323 1723 422; baseline -0.021 0"><span class='ocrx_word' id='word_1_1' title='bbox 872 371 979 422; x_wconf 78' lang='lat' dir='ltr'><strong>cneus</strong></span> <span class='ocrx_word' id='word_1_2' title='bbox 993 372 1055 422; x_wconf 85' lang='lat' dir='ltr'><strong>mr.</strong></span> <span class='ocrx_word' id='word_1_3' title='bbox 1178 323 1184 336; x_wconf 32' lang='lat'><em>³</em></span> <span class='ocrx_word' id='word_1_4' title='bbox 1660 356 1723 420; x_wconf 85' lang='lat'><strong>169</strong></span> 
     </span>
    </p>
   </div>
   <div class='ocr_carea' id='block_1_2' title="bbox 80 494 1790 5140">
    <p class='ocr_par' dir='ltr' id='par_1_2' title="bbox 80 494 1790 2722">
     <span class='ocr_line' id='line_1_2' title="bbox 139 494 1765 572; baseline -0.004 -12"><span class='ocrx_word' id='word_1_5' title='bbox 139 502 236 560; x_wconf 88' lang='lat' dir='ltr'><strong>stantiis</strong></span> <span class='ocrx_word' id='word_1_6' title='bbox 257 499 406 572; x_wconf 91' lang='lat' dir='ltr'><strong>temporis,</strong></span> <span class='ocrx_word' id='word_1_7' title='bbox 422 498 474 556; x_wconf 94' lang='lat' dir='ltr'><strong>loci</strong></span> <span class='ocrx_word' id='word_1_8' title='bbox 486 540 494 570; x_wconf 96' lang='lat'><strong>,</strong></span> <span class='ocrx_word' id='word_1_9' title='bbox 508 502 536 554; x_wconf 93' lang='lat' dir='ltr'><strong>et</strong></span> <span class='ocrx_word' id='word_1_10' title='bbox 549 512 747 571; x_wconf 89' lang='lat' dir='ltr'><strong>personarum,</strong></span> <span class='ocrx_word' id='word_1_11' title='bbox 764 502 838 555; x_wconf 89' lang='lat' dir='ltr'><strong>etex</strong></span> <span class='ocrx_word' id='word_1_12' title='bbox 853 496 930 553; x_wconf 89' lang='lat' dir='ltr'><strong>ordi·</strong></span> <span class='ocrx_word' id='word_1_13' title='bbox 964 511 1024 569; x_wconf 85' lang='lat' dir='ltr'><strong>pra,</strong></span> <span class='ocrx_word' id='word_1_14' title='bbox 1040 502 1068 554; x_wconf 88' lang='lat' dir='ltr'><strong>et</strong></span> <span class='ocrx_word' id='word_1_15' title='bbox 1081 511 1190 554; x_wconf 89' lang='lat' dir='ltr'><strong>omnes:</strong></span> <span class='ocrx_word' id='word_1_16' title='bbox 1206 509 1257 553; x_wconf 90' lang='lat' dir='ltr'><strong>nec</strong></span> <span class='ocrx_word' id='word_1_17' title='bbox 1271 495 1426 570; x_wconf 77' lang='lat' dir='ltr'><strong>refragatur</strong></span> <span class='ocrx_word' id='word_1_18' title='bbox 1440 495 1467 554; x_wconf 92' lang='lat' dir='ltr'><strong>d.</strong></span> <span class='ocrx_word' id='word_1_19' title='bbox 1480 494 1612 570; x_wconf 79' lang='lat' dir='ltr'><strong>Thomus3</strong></span> <span class='ocrx_word' id='word_1_20' title='bbox 1627 511 1690 554; x_wconf 90' lang='lat' dir='ltr'><strong>nam</strong></span> <span class='ocrx_word' id='word_1_21' title='bbox 1702 496 1765 553; x_wconf 90' lang='lat' dir='ltr'><strong>licet</strong></span> 
     </span>
     <span class='ocr_line' id='line_1_3' title="bbox 138 584 1764 662; baseline -0.004 -13"><span class='ocrx_word' id='word_1_22' title='bbox 138 593 205 649; x_wconf 89' lang='lat' dir='ltr'><strong>nario</strong></span> <span class='ocrx_word' id='word_1_23' title='bbox 225 590 306 648; x_wconf 89' lang='lat' dir='ltr'><strong>modo</strong></span> <span class='ocrx_word' id='word_1_24' title='bbox 325 587 511 662; x_wconf 91' lang='lat' dir='ltr'><strong>praecipiendi</strong></span> <span class='ocrx_word' id='word_1_25' title='bbox 525 603 589 645; x_wconf 90' lang='lat' dir='ltr'><strong>cum</strong></span> <span class='ocrx_word' id='word_1_26' title='bbox 603 587 648 645; x_wconf 88' lang='lat' dir='ltr'><strong>illu</strong></span> <span class='ocrx_word' id='word_1_27' title='bbox 663 586 847 648; x_wconf 88' lang='lat' dir='ltr'><strong>moderatione</strong></span> <span class='ocrx_word' id='word_1_28' title='bbox 862 585 930 642; x_wconf 91' lang='lat' dir='ltr'><strong>sub·</strong></span> <span class='ocrx_word' id='word_1_29' title='bbox 963 585 989 642; x_wconf 91' lang='lat' dir='ltr'><strong>in</strong></span> <span class='ocrx_word' id='word_1_30' title='bbox 1010 585 1084 643; x_wconf 89' lang='lat' dir='ltr'><strong>dicto</strong></span> <span class='ocrx_word' id='word_1_31' title='bbox 1104 594 1156 645; x_wconf 90' lang='lat' dir='ltr'><strong>art.</strong></span> <span class='ocrx_word' id='word_1_32' title='bbox 1176 591 1202 645; x_wconf 88' lang='lat' dir='ltr'><strong>a.</strong></span> <span class='ocrx_word' id='word_1_33' title='bbox 1223 585 1355 658; x_wconf 85' lang='lat' dir='ltr'><strong>loquatur</strong></span> <span class='ocrx_word' id='word_1_34' title='bbox 1374 584 1407 642; x_wconf 91' lang='lat' dir='ltr'><strong>de</strong></span> <span class='ocrx_word' id='word_1_35' title='bbox 1427 585 1589 643; x_wconf 90' lang='lat' dir='ltr'><strong>detrimento</strong></span> <span class='ocrx_word' id='word_1_36' title='bbox 1609 587 1764 643; x_wconf 88' lang='lat' dir='ltr'><strong>communis</strong></span> 
     </span>
     <span class='ocr_line' id='line_1_4' title="bbox 137 674 1765 758; baseline -0.002 -20"><span class='ocrx_word' id='word_1_37' title='bbox 137 683 279 752; x_wconf 87' lang='lat' dir='ltr'><strong>intellecta,</strong></span> <span class='ocrx_word' id='word_1_38' title='bbox 295 680 360 736; x_wconf 94' lang='lat' dir='ltr'><strong>licet</strong></span> <span class='ocrx_word' id='word_1_39' title='bbox 372 693 426 735; x_wconf 94' lang='lat' dir='ltr'><strong>non</strong></span> <span class='ocrx_word' id='word_1_40' title='bbox 441 678 620 751; x_wconf 72' lang='lat' dir='ltr'><strong>exprimatur.</strong></span> <span class='ocrx_word' id='word_1_41' title='bbox 638 679 674 734; x_wconf 87' lang='lat' dir='ltr'><strong>Et</strong></span> <span class='ocrx_word' id='word_1_42' title='bbox 687 675 761 734; x_wconf 93' lang='lat' dir='ltr'><strong>hunc</strong></span> <span class='ocrx_word' id='word_1_43' title='bbox 781 683 856 758; x_wconf 73' lang='lat' dir='ltr'><strong>certe</strong></span> <span class='ocrx_word' id='word_1_44' title='bbox 868 690 927 732; x_wconf 92' lang='lat' dir='ltr'><strong>mc·</strong></span> <span class='ocrx_word' id='word_1_45' title='bbox 963 675 1041 750; x_wconf 88' lang='lat' dir='ltr'><strong>boni,</strong></span> <span class='ocrx_word' id='word_1_46' title='bbox 1057 678 1109 735; x_wconf 90' lang='lat' dir='ltr'><strong>sub</strong></span> <span class='ocrx_word' id='word_1_47' title='bbox 1121 677 1168 734; x_wconf 95' lang='lat' dir='ltr'><strong>illo</strong></span> <span class='ocrx_word' id='word_1_48' title='bbox 1184 674 1391 749; x_wconf 90' lang='lat' dir='ltr'><strong>comprehendit</strong></span> <span class='ocrx_word' id='word_1_49' title='bbox 1404 676 1597 734; x_wconf 80' lang='lat' dir='ltr'><strong>detrimentum</strong></span> <span class='ocrx_word' id='word_1_50' title='bbox 1616 676 1765 748; x_wconf 89' lang='lat' dir='ltr'><strong>particula·</strong></span> 
     </span>
     <span class='ocr_line' id='line_1_5' title="bbox 80 763 1765 844; baseline -0.002 -16"><span class='ocrx_word' id='word_1_51' title='bbox 80 837 85 844; x_wconf 45' lang='grc'>,</span> <span class='ocrx_word' id='word_1_52' title='bbox 137 773 197 828; x_wconf 90' lang='lat' dir='ltr'><strong>dum</strong></span> <span class='ocrx_word' id='word_1_53' title='bbox 209 769 316 826; x_wconf 82' lang='lat' dir='ltr'><strong>ridetur</strong></span> <span class='ocrx_word' id='word_1_54' title='bbox 330 768 500 840; x_wconf 87' lang='lat' dir='ltr'><strong>significasse</strong></span> <span class='ocrx_word' id='word_1_55' title='bbox 515 767 676 824; x_wconf 72' lang='lat' dir='ltr'><strong>Aristoteles</strong></span> <span class='ocrx_word' id='word_1_56' title='bbox 691 766 850 836; x_wconf 84' lang='lat' dir='ltr'><strong>cum‘dixit,</strong></span> <span class='ocrx_word' id='word_1_57' title='bbox 862 765 928 838; x_wconf 87' lang='lat' dir='ltr'><strong>apii·</strong></span> <span class='ocrx_word' id='word_1_58' title='bbox 963 767 1034 823; x_wconf 90' lang='lat' dir='ltr'><strong>rium</strong></span> <span class='ocrx_word' id='word_1_59' title='bbox 1049 769 1169 840; x_wconf 81' lang='lat' dir='ltr'><strong>civium,</strong></span> <span class='ocrx_word' id='word_1_60' title='bbox 1184 783 1246 825; x_wconf 89' lang='lat' dir='ltr'><strong>nam</strong></span> <span class='ocrx_word' id='word_1_61' title='bbox 1258 767 1284 822; x_wconf 93' lang='lat' dir='ltr'><strong>in</strong></span> <span class='ocrx_word' id='word_1_62' title='bbox 1295 765 1427 823; x_wconf 90' lang='lat' dir='ltr'><strong>damnum</strong></span> <span class='ocrx_word' id='word_1_63' title='bbox 1439 765 1557 822; x_wconf 82' lang='lat' dir='ltr'><strong>civitatis</strong></span> <span class='ocrx_word' id='word_1_64' title='bbox 1569 763 1716 838; x_wconf 89' lang='lat' dir='ltr'><strong>redundat,</strong></span> <span class='ocrx_word' id='word_1_65' title='bbox 1733 773 1765 824; x_wconf 93' lang='lat' dir='ltr'><strong>ut</strong></span> 
     </span>
     <span class='ocr_line' id='line_1_6' title="bbox 136 854 1765 929; baseline -0.001 -14"><span class='ocrx_word' id='word_1_66' title='bbox 136 859 202 916; x_wconf 84' lang='lat' dir='ltr'><strong>liam</strong></span> <span class='ocrx_word' id='word_1_67' title='bbox 222 857 367 914; x_wconf 89' lang='lat' dir='ltr'><strong>emendare</strong></span> <span class='ocrx_word' id='word_1_68' title='bbox 388 855 493 928; x_wconf 88' lang='lat' dir='ltr'><strong>legem,</strong></span> <span class='ocrx_word' id='word_1_69' title='bbox 514 854 589 928; x_wconf 93' lang='lat' dir='ltr'><strong>quod</strong></span> <span class='ocrx_word' id='word_1_70' title='bbox 609 863 636 913; x_wconf 91' lang='lat' dir='ltr'><strong>et</strong></span> <span class='ocrx_word' id='word_1_71' title='bbox 656 859 714 928; x_wconf 91' lang='lat' dir='ltr'><strong>ipse</strong></span> <span class='ocrx_word' id='word_1_72' title='bbox 733 854 888 928; x_wconf 85' lang='lat' dir='ltr'><strong>legislator,</strong></span> <span class='ocrx_word' id='word_1_73' title='bbox 904 855 927 910; x_wconf 91' lang='lat' dir='ltr'><strong>si</strong></span> <span class='ocrx_word' id='word_1_74' title='bbox 963 857 1103 914; x_wconf 78' lang='lat' dir='ltr'><strong>manifeste</strong></span> <span class='ocrx_word' id='word_1_75' title='bbox 1125 863 1201 929; x_wconf 91' lang='lat' dir='ltr'><strong>patet</strong></span> <span class='ocrx_word' id='word_1_76' title='bbox 1214 859 1242 914; x_wconf 94' lang='lat' dir='ltr'><strong>in</strong></span> <span class='ocrx_word' id='word_1_77' title='bbox 1257 854 1393 927; x_wconf 84' lang='lat' dir='ltr'><strong>exemplo,</strong></span> <span class='ocrx_word' id='word_1_78' title='bbox 1408 871 1464 929; x_wconf 94' lang='lat' dir='ltr'><strong>quo</strong></span> <span class='ocrx_word' id='word_1_79' title='bbox 1479 856 1577 923; x_wconf 86' lang='lat' dir='ltr'><strong>utitur,</strong></span> <span class='ocrx_word' id='word_1_80' title='bbox 1591 861 1619 912; x_wconf 86' lang='lat' dir='ltr'><strong>et</strong></span> <span class='ocrx_word' id='word_1_81' title='bbox 1632 855 1685 912; x_wconf 85' lang='lat' dir='ltr'><strong>alis</strong></span> <span class='ocrx_word' id='word_1_82' title='bbox 1699 859 1765 913; x_wconf 88' lang='lat' dir='ltr'><strong>suut</strong></span> 
     </span>
     <span class='ocr_line' id='line_1_7' title="bbox 139 943 1765 1019; baseline -0.003 -14"><span class='ocrx_word' id='word_1_83' title='bbox 139 948 255 1018; x_wconf 80' lang='lat' dir='ltr'><strong>adesset,</strong></span> <span class='ocrx_word' id='word_1_84' title='bbox 275 946 329 1004; x_wconf 92' lang='lat' dir='ltr'><strong>hoc</strong></span> <span class='ocrx_word' id='word_1_85' title='bbox 347 945 429 1002; x_wconf 92' lang='lat' dir='ltr'><strong>modo</strong></span> <span class='ocrx_word' id='word_1_86' title='bbox 443 943 571 1016; x_wconf 75' lang='lat' dir='ltr'><strong>dixisset,</strong></span> <span class='ocrx_word' id='word_1_87' title='bbox 587 945 614 1002; x_wconf 89' lang='lat' dir='ltr'><strong>id</strong></span> <span class='ocrx_word' id='word_1_88' title='bbox 628 951 684 1018; x_wconf 90' lang='lat' dir='ltr'><strong>est,</strong></span> <span class='ocrx_word' id='word_1_89' title='bbox 701 945 736 1003; x_wconf 94' lang='lat' dir='ltr'><strong>ita</strong></span> <span class='ocrx_word' id='word_1_90' title='bbox 750 951 823 1002; x_wconf 89' lang='lat' dir='ltr'><strong>esset</strong></span> <span class='ocrx_word' id='word_1_91' title='bbox 836 943 929 1000; x_wconf 75' lang='lat' dir='ltr'><strong>enode·</strong></span> <span class='ocrx_word' id='word_1_92' title='bbox 963 946 1067 1002; x_wconf 86' lang='lat' dir='ltr'><strong>lscilis:</strong></span> <span class='ocrx_word' id='word_1_93' title='bbox 1089 961 1151 1004; x_wconf 89' lang='lat' dir='ltr'><strong>nam</strong></span> <span class='ocrx_word' id='word_1_94' title='bbox 1171 952 1284 1018; x_wconf 89' lang='lat' dir='ltr'><strong>propter</strong></span> <span class='ocrx_word' id='word_1_95' title='bbox 1299 943 1515 1004; x_wconf 87' lang='lat' dir='ltr'><strong>subveniendum</strong></span> <span class='ocrx_word' id='word_1_96' title='bbox 1532 946 1652 1017; x_wconf 79' lang='lat' dir='ltr'><strong>proximo</strong></span> <span class='ocrx_word' id='word_1_97' title='bbox 1674 943 1765 1019; x_wconf 84' lang='lat' dir='ltr'><strong>gravi·</strong></span> 
     </span>
     <span class='ocr_line' id='line_1_8' title="bbox 137 1032 1765 1109; baseline -0.002 -15"><span class='ocrx_word' id='word_1_98' title='bbox 137 1042 258 1106; x_wconf 87' lang='lat' dir='ltr'><strong>ratnrus,</strong></span> <span class='ocrx_word' id='word_1_99' title='bbox 279 1042 308 1092; x_wconf 91' lang='lat' dir='ltr'><strong>et</strong></span> <span class='ocrx_word' id='word_1_100' title='bbox 325 1037 555 1107; x_wconf 81' lang='lat' dir='ltr'><strong>interpretaturus</strong></span> <span class='ocrx_word' id='word_1_101' title='bbox 574 1034 661 1109; x_wconf 87' lang='lat' dir='ltr'><strong>legem</strong></span> <span class='ocrx_word' id='word_1_102' title='bbox 679 1050 768 1092; x_wconf 91' lang='lat' dir='ltr'><strong>suam.</strong></span> <span class='ocrx_word' id='word_1_103' title='bbox 785 1035 829 1092; x_wconf 88' lang='lat' dir='ltr'><strong>Sic</strong></span> <span class='ocrx_word' id='word_1_104' title='bbox 848 1033 929 1090; x_wconf 90' lang='lat' dir='ltr'><strong>etiam</strong></span> <span class='ocrx_word' id='word_1_105' title='bbox 963 1041 1005 1092; x_wconf 90' lang='lat' dir='ltr'><strong>ter</strong></span> <span class='ocrx_word' id='word_1_106' title='bbox 1025 1035 1171 1092; x_wconf 81' lang='lat' dir='ltr'><strong>infirmanti</strong></span> <span class='ocrx_word' id='word_1_107' title='bbox 1191 1034 1330 1092; x_wconf 87' lang='lat' dir='ltr'><strong>interdum</strong></span> <span class='ocrx_word' id='word_1_108' title='bbox 1350 1032 1433 1091; x_wconf 90' lang='lat' dir='ltr'><strong>licere</strong></span> <span class='ocrx_word' id='word_1_109' title='bbox 1454 1040 1545 1106; x_wconf 91' lang='lat' dir='ltr'><strong>potest</strong></span> <span class='ocrx_word' id='word_1_110' title='bbox 1558 1034 1669 1092; x_wconf 85' lang='lat' dir='ltr'><strong>missam</strong></span> <span class='ocrx_word' id='word_1_111' title='bbox 1686 1035 1765 1092; x_wconf 92' lang='lat' dir='ltr'><strong>omit·</strong></span> 
     </span>
     <span class='ocr_line' id='line_1_9' title="bbox 136 1122 1763 1200; baseline -0.001 -17"><span class='ocrx_word' id='word_1_112' title='bbox 136 1128 197 1183; x_wconf 85' lang='lat' dir='ltr'><strong>disit</strong></span> <span class='ocrx_word' id='word_1_113' title='bbox 208 1125 236 1182; x_wconf 93' lang='lat' dir='ltr'><strong>d.</strong></span> <span class='ocrx_word' id='word_1_114' title='bbox 251 1124 381 1196; x_wconf 77' lang='lat' dir='ltr'><strong>Thomas,</strong></span> <span class='ocrx_word' id='word_1_115' title='bbox 400 1140 501 1181; x_wconf 91' lang='lat' dir='ltr'><strong>munus</strong></span> <span class='ocrx_word' id='word_1_116' title='bbox 515 1123 627 1196; x_wconf 85' lang='lat' dir='ltr'><strong>epiiliae</strong></span> <span class='ocrx_word' id='word_1_117' title='bbox 641 1141 713 1197; x_wconf 87' lang='lat' dir='ltr'><strong>esse,</strong></span> <span class='ocrx_word' id='word_1_118' title='bbox 727 1124 928 1200; x_wconf 86' lang='lat' dir='ltr'><strong>praetermissis</strong></span> <span class='ocrx_word' id='word_1_119' title='bbox 963 1130 1020 1182; x_wconf 89' lang='lat' dir='ltr'><strong>tere</strong></span> <span class='ocrx_word' id='word_1_120' title='bbox 1040 1127 1066 1182; x_wconf 91' lang='lat' dir='ltr'><strong>in</strong></span> <span class='ocrx_word' id='word_1_121' title='bbox 1088 1124 1130 1182; x_wconf 89' lang='lat' dir='ltr'><strong>die</strong></span> <span class='ocrx_word' id='word_1_122' title='bbox 1145 1124 1231 1196; x_wconf 85' lang='lat' dir='ltr'><strong>testo,</strong></span> <span class='ocrx_word' id='word_1_123' title='bbox 1246 1131 1274 1182; x_wconf 91' lang='lat' dir='ltr'><strong>et</strong></span> <span class='ocrx_word' id='word_1_124' title='bbox 1286 1125 1326 1180; x_wconf 84' lang='lat' dir='ltr'><strong>sic</strong></span> <span class='ocrx_word' id='word_1_125' title='bbox 1341 1122 1375 1180; x_wconf 91' lang='lat' dir='ltr'><strong>de</strong></span> <span class='ocrx_word' id='word_1_126' title='bbox 1389 1123 1457 1180; x_wconf 90' lang='lat' dir='ltr'><strong>aliis.</strong></span> <span class='ocrx_word' id='word_1_127' title='bbox 1473 1125 1573 1181; x_wconf 82' lang='lat' dir='ltr'><strong>Dicunt</strong></span> <span class='ocrx_word' id='word_1_128' title='bbox 1589 1138 1654 1180; x_wconf 84' lang='lat' dir='ltr'><strong>cero</strong></span> <span class='ocrx_word' id='word_1_129' title='bbox 1669 1123 1763 1198; x_wconf 87' lang='lat' dir='ltr'><strong>aliqui,</strong></span> 
     </span>
     <span class='ocr_line' id='line_1_10' title="bbox 136 1211 1764 1289; baseline -0.001 -19"><span class='ocrx_word' id='word_1_130' title='bbox 136 1216 219 1272; x_wconf 83' lang='lat' dir='ltr'><strong>serbis</strong></span> <span class='ocrx_word' id='word_1_131' title='bbox 235 1214 320 1288; x_wconf 86' lang='lat' dir='ltr'><strong>legis,</strong></span> <span class='ocrx_word' id='word_1_132' title='bbox 334 1215 510 1271; x_wconf 87' lang='lat' dir='ltr'><strong>intentionem</strong></span> <span class='ocrx_word' id='word_1_133' title='bbox 525 1213 687 1289; x_wconf 78' lang='lat' dir='ltr'><strong>legislatoris</strong></span> <span class='ocrx_word' id='word_1_134' title='bbox 701 1215 790 1288; x_wconf 90' lang='lat' dir='ltr'><strong>sequi.</strong></span> <span class='ocrx_word' id='word_1_135' title='bbox 807 1215 880 1288; x_wconf 85' lang='lat' dir='ltr'><strong>Ergo</strong></span> <span class='ocrx_word' id='word_1_136' title='bbox 893 1213 928 1272; x_wconf 90' lang='lat' dir='ltr'><strong>ad</strong></span> <span class='ocrx_word' id='word_1_137' title='bbox 963 1214 1016 1272; x_wconf 94' lang='lat' dir='ltr'><strong>hoc</strong></span> <span class='ocrx_word' id='word_1_138' title='bbox 1033 1214 1125 1273; x_wconf 88' lang='lat' dir='ltr'><strong>solum</strong></span> <span class='ocrx_word' id='word_1_139' title='bbox 1138 1213 1239 1272; x_wconf 88' lang='lat' dir='ltr'><strong>habero</strong></span> <span class='ocrx_word' id='word_1_140' title='bbox 1253 1213 1358 1286; x_wconf 94' lang='lat' dir='ltr'><strong>locum,</strong></span> <span class='ocrx_word' id='word_1_141' title='bbox 1373 1212 1483 1285; x_wconf 90' lang='lat' dir='ltr'><strong>quando</strong></span> <span class='ocrx_word' id='word_1_142' title='bbox 1495 1213 1547 1269; x_wconf 91' lang='lat' dir='ltr'><strong>tale</strong></span> <span class='ocrx_word' id='word_1_143' title='bbox 1557 1217 1599 1268; x_wconf 91' lang='lat' dir='ltr'><strong>est</strong></span> <span class='ocrx_word' id='word_1_144' title='bbox 1617 1211 1764 1269; x_wconf 89' lang='lat' dir='ltr'><strong>detrimen·</strong></span> 
     </span>
     <span class='ocr_line' id='line_1_11' title="bbox 135 1301 1765 1378; baseline -0.003 -14"><span class='ocrx_word' id='word_1_145' title='bbox 135 1305 251 1378; x_wconf 79' lang='lat' dir='ltr'><strong>epiilsiam</strong></span> <span class='ocrx_word' id='word_1_146' title='bbox 272 1321 328 1362; x_wconf 90' lang='lat' dir='ltr'><strong>non</strong></span> <span class='ocrx_word' id='word_1_147' title='bbox 348 1309 392 1361; x_wconf 88' lang='lat' dir='ltr'><strong>est</strong></span> <span class='ocrx_word' id='word_1_148' title='bbox 410 1318 522 1360; x_wconf 87' lang='lat' dir='ltr'><strong>necesse</strong></span> <span class='ocrx_word' id='word_1_149' title='bbox 543 1304 731 1376; x_wconf 89' lang='lat' dir='ltr'><strong>interpretari,</strong></span> <span class='ocrx_word' id='word_1_150' title='bbox 754 1320 851 1360; x_wconf 85' lang='lat' dir='ltr'><strong>casum</strong></span> <span class='ocrx_word' id='word_1_151' title='bbox 874 1318 927 1360; x_wconf 91' lang='lat' dir='ltr'><strong>non</strong></span> <span class='ocrx_word' id='word_1_152' title='bbox 963 1315 1023 1362; x_wconf 88' lang='lat' dir='ltr'><strong>tum</strong></span> <span class='ocrx_word' id='word_1_153' title='bbox 1044 1305 1179 1378; x_wconf 80' lang='lat' dir='ltr'><strong>proximi,</strong></span> <span class='ocrx_word' id='word_1_154' title='bbox 1196 1311 1227 1361; x_wconf 94' lang='lat' dir='ltr'><strong>ut</strong></span> <span class='ocrx_word' id='word_1_155' title='bbox 1241 1306 1302 1360; x_wconf 77' lang='lat' dir='ltr'><strong>non</strong></span> <span class='ocrx_word' id='word_1_156' title='bbox 1309 1301 1394 1375; x_wconf 89' lang='lat' dir='ltr'><strong>possit</strong></span> <span class='ocrx_word' id='word_1_157' title='bbox 1407 1301 1506 1360; x_wconf 82' lang='lat' dir='ltr'><strong>sedere</strong></span> <span class='ocrx_word' id='word_1_158' title='bbox 1520 1303 1572 1361; x_wconf 89' lang='lat' dir='ltr'><strong>iuri</strong></span> <span class='ocrx_word' id='word_1_159' title='bbox 1586 1317 1654 1375; x_wconf 87' lang='lat' dir='ltr'><strong>suo,</strong></span> <span class='ocrx_word' id='word_1_160' title='bbox 1677 1308 1709 1359; x_wconf 91' lang='lat' dir='ltr'><strong>ut</strong></span> <span class='ocrx_word' id='word_1_161' title='bbox 1722 1309 1765 1359; x_wconf 88' lang='lat' dir='ltr'><strong>est</strong></span> 
     </span>
     <span class='ocr_line' id='line_1_12' title="bbox 137 1389 1764 1466; baseline -0.003 -15"><span class='ocrx_word' id='word_1_162' title='bbox 137 1393 325 1466; x_wconf 85' lang='lat' dir='ltr'><strong>comprehendi</strong></span> <span class='ocrx_word' id='word_1_163' title='bbox 339 1393 391 1450; x_wconf 89' lang='lat' dir='ltr'><strong>sub</strong></span> <span class='ocrx_word' id='word_1_164' title='bbox 401 1392 471 1466; x_wconf 90' lang='lat' dir='ltr'><strong>legs,</strong></span> <span class='ocrx_word' id='word_1_165' title='bbox 484 1393 547 1466; x_wconf 87' lang='lat' dir='ltr'><strong>quia</strong></span> <span class='ocrx_word' id='word_1_166' title='bbox 558 1391 697 1466; x_wconf 90' lang='lat' dir='ltr'><strong>legislator</strong></span> <span class='ocrx_word' id='word_1_167' title='bbox 707 1409 760 1450; x_wconf 92' lang='lat' dir='ltr'><strong>non</strong></span> <span class='ocrx_word' id='word_1_168' title='bbox 777 1395 866 1466; x_wconf 91' lang='lat' dir='ltr'><strong>potuit</strong></span> <span class='ocrx_word' id='word_1_169' title='bbox 876 1409 928 1451; x_wconf 92' lang='lat' dir='ltr'><strong>sua</strong></span> <span class='ocrx_word' id='word_1_170' title='bbox 962 1396 988 1450; x_wconf 88' lang='lat' dir='ltr'><strong>in</strong></span> <span class='ocrx_word' id='word_1_171' title='bbox 1004 1394 1126 1466; x_wconf 91' lang='lat' dir='ltr'><strong>periculo</strong></span> <span class='ocrx_word' id='word_1_172' title='bbox 1140 1394 1229 1466; x_wconf 83' lang='lat' dir='ltr'><strong>vitae,</strong></span> <span class='ocrx_word' id='word_1_173' title='bbox 1245 1391 1286 1448; x_wconf 84' lang='lat' dir='ltr'><strong>vel</strong></span> <span class='ocrx_word' id='word_1_174' title='bbox 1301 1391 1394 1448; x_wconf 91' lang='lat' dir='ltr'><strong>simili:</strong></span> <span class='ocrx_word' id='word_1_175' title='bbox 1411 1406 1465 1448; x_wconf 92' lang='lat' dir='ltr'><strong>non</strong></span> <span class='ocrx_word' id='word_1_176' title='bbox 1480 1396 1571 1448; x_wconf 89' lang='lat' dir='ltr'><strong>autem</strong></span> <span class='ocrx_word' id='word_1_177' title='bbox 1586 1389 1697 1465; x_wconf 90' lang='lat' dir='ltr'><strong>quando</strong></span> <span class='ocrx_word' id='word_1_178' title='bbox 1714 1407 1764 1463; x_wconf 89' lang='lat' dir='ltr'><strong>po·</strong></span> 
     </span>
     <span class='ocr_line' id='line_1_13' title="bbox 135 1477 1790 1556; baseline -0.003 -16"><span class='ocrx_word' id='word_1_179' title='bbox 135 1485 186 1556; x_wconf 88' lang='lat' dir='ltr'><strong>lege</strong></span> <span class='ocrx_word' id='word_1_180' title='bbox 199 1483 274 1540; x_wconf 90' lang='lat' dir='ltr'><strong>illum</strong></span> <span class='ocrx_word' id='word_1_181' title='bbox 291 1481 539 1556; x_wconf 77' lang='lat' dir='ltr'><strong>comprehendere,</strong></span> <span class='ocrx_word' id='word_1_182' title='bbox 555 1483 602 1540; x_wconf 88' lang='lat' dir='ltr'><strong>sed</strong></span> <span class='ocrx_word' id='word_1_183' title='bbox 616 1477 698 1540; x_wconf 84' lang='lat' dir='ltr'><strong>etiarn</strong></span> <span class='ocrx_word' id='word_1_184' title='bbox 711 1482 841 1556; x_wconf 87' lang='lat' dir='ltr'><strong>sufficiet,</strong></span> <span class='ocrx_word' id='word_1_185' title='bbox 854 1482 874 1538; x_wconf 93' lang='lat' dir='ltr'><strong>si</strong></span> <span class='ocrx_word' id='word_1_186' title='bbox 887 1484 927 1539; x_wconf 92' lang='lat' dir='ltr'><strong>in·</strong></span> <span class='ocrx_word' id='word_1_187' title='bbox 964 1491 1017 1541; x_wconf 88' lang='lat' dir='ltr'><strong>test</strong></span> <span class='ocrx_word' id='word_1_188' title='bbox 1035 1483 1133 1541; x_wconf 89' lang='lat' dir='ltr'><strong>cedere</strong></span> <span class='ocrx_word' id='word_1_189' title='bbox 1153 1484 1206 1540; x_wconf 91' lang='lat' dir='ltr'><strong>iuri</strong></span> <span class='ocrx_word' id='word_1_190' title='bbox 1222 1498 1289 1554; x_wconf 89' lang='lat' dir='ltr'><strong>suo,</strong></span> <span class='ocrx_word' id='word_1_191' title='bbox 1305 1487 1337 1537; x_wconf 89' lang='lat' dir='ltr'><strong>ut</strong></span> <span class='ocrx_word' id='word_1_192' title='bbox 1350 1482 1402 1538; x_wconf 90' lang='lat' dir='ltr'><strong>erit</strong></span> <span class='ocrx_word' id='word_1_193' title='bbox 1415 1482 1442 1536; x_wconf 92' lang='lat' dir='ltr'><strong>in</strong></span> <span class='ocrx_word' id='word_1_194' title='bbox 1457 1480 1536 1537; x_wconf 90' lang='lat' dir='ltr'><strong>bonis</strong></span> <span class='ocrx_word' id='word_1_195' title='bbox 1557 1479 1761 1552; x_wconf 83' lang='lat' dir='ltr'><strong>temporalibus,</strong></span> <span class='ocrx_word' id='word_1_196' title='bbox 1785 1509 1790 1516; x_wconf 91' lang='lat'><strong>·</strong></span> 
     </span>
     <span class='ocr_line' id='line_1_14' title="bbox 135 1563 1764 1647; baseline -0.003 -18"><span class='ocrx_word' id='word_1_197' title='bbox 135 1579 322 1643; x_wconf 90' lang='lat' dir='ltr'><strong>terpretemur,</strong></span> <span class='ocrx_word' id='word_1_198' title='bbox 332 1570 451 1628; x_wconf 90' lang='lat' dir='ltr'><strong>noluisse</strong></span> <span class='ocrx_word' id='word_1_199' title='bbox 463 1571 537 1628; x_wconf 90' lang='lat' dir='ltr'><strong>illum</strong></span> <span class='ocrx_word' id='word_1_200' title='bbox 549 1563 792 1644; x_wconf 76' lang='lat' dir='ltr'><strong>comprehendere,</strong></span> <span class='ocrx_word' id='word_1_201' title='bbox 803 1571 868 1628; x_wconf 91' lang='lat' dir='ltr'><strong>licet</strong></span> <span class='ocrx_word' id='word_1_202' title='bbox 879 1589 927 1644; x_wconf 92' lang='lat' dir='ltr'><strong>po·</strong></span> <span class='ocrx_word' id='word_1_203' title='bbox 963 1574 1026 1647; x_wconf 87' lang='lat' dir='ltr'><strong>quia</strong></span> <span class='ocrx_word' id='word_1_204' title='bbox 1044 1581 1109 1630; x_wconf 91' lang='lat' dir='ltr'><strong>tunc</strong></span> <span class='ocrx_word' id='word_1_205' title='bbox 1123 1572 1317 1630; x_wconf 89' lang='lat' dir='ltr'><strong>detrimentum</strong></span> <span class='ocrx_word' id='word_1_206' title='bbox 1332 1571 1468 1642; x_wconf 87' lang='lat' dir='ltr'><strong>privatum</strong></span> <span class='ocrx_word' id='word_1_207' title='bbox 1484 1585 1538 1626; x_wconf 93' lang='lat' dir='ltr'><strong>non</strong></span> <span class='ocrx_word' id='word_1_208' title='bbox 1548 1569 1636 1640; x_wconf 89' lang='lat' dir='ltr'><strong>vergit</strong></span> <span class='ocrx_word' id='word_1_209' title='bbox 1645 1569 1671 1625; x_wconf 93' lang='lat' dir='ltr'><strong>in</strong></span> <span class='ocrx_word' id='word_1_210' title='bbox 1686 1566 1764 1626; x_wconf 84' lang='lat' dir='ltr'><strong>daur-</strong></span> 
     </span>
     <span class='ocr_line' id='line_1_15' title="bbox 135 1655 1764 1731; baseline -0.004 -13"><span class='ocrx_word' id='word_1_211' title='bbox 135 1663 226 1718; x_wconf 86' lang='lat' dir='ltr'><strong>tuerit:</strong></span> <span class='ocrx_word' id='word_1_212' title='bbox 241 1677 308 1717; x_wconf 88' lang='lat' dir='ltr'><strong>narn</strong></span> <span class='ocrx_word' id='word_1_213' title='bbox 322 1668 350 1718; x_wconf 89' lang='lat' dir='ltr'><strong>et</strong></span> <span class='ocrx_word' id='word_1_214' title='bbox 363 1661 415 1718; x_wconf 92' lang='lat' dir='ltr'><strong>hoc</strong></span> <span class='ocrx_word' id='word_1_215' title='bbox 430 1659 533 1718; x_wconf 85' lang='lat' dir='ltr'><strong>sufficit</strong></span> <span class='ocrx_word' id='word_1_216' title='bbox 548 1659 582 1718; x_wconf 87' lang='lat' dir='ltr'><strong>ud</strong></span> <span class='ocrx_word' id='word_1_217' title='bbox 595 1662 800 1719; x_wconf 85' lang='lat' dir='ltr'><strong>excusationem</strong></span> <span class='ocrx_word' id='word_1_218' title='bbox 813 1661 846 1718; x_wconf 89' lang='lat' dir='ltr'><strong>ab</strong></span> <span class='ocrx_word' id='word_1_219' title='bbox 858 1661 928 1719; x_wconf 88' lang='lat' dir='ltr'><strong>obli·</strong></span> <span class='ocrx_word' id='word_1_220' title='bbox 962 1679 1028 1721; x_wconf 92' lang='lat' dir='ltr'><strong>num</strong></span> <span class='ocrx_word' id='word_1_221' title='bbox 1044 1662 1261 1720; x_wconf 84' lang='lat' dir='ltr'><strong>communitatis:</strong></span> <span class='ocrx_word' id='word_1_222' title='bbox 1275 1661 1296 1717; x_wconf 91' lang='lat' dir='ltr'><strong>si</strong></span> <span class='ocrx_word' id='word_1_223' title='bbox 1307 1661 1380 1716; x_wconf 93' lang='lat' dir='ltr'><strong>enim</strong></span> <span class='ocrx_word' id='word_1_224' title='bbox 1389 1664 1526 1731; x_wconf 87' lang='lat' dir='ltr'><strong>vergeret,</strong></span> <span class='ocrx_word' id='word_1_225' title='bbox 1539 1673 1593 1713; x_wconf 92' lang='lat' dir='ltr'><strong>non</strong></span> <span class='ocrx_word' id='word_1_226' title='bbox 1604 1663 1698 1730; x_wconf 91' lang='lat' dir='ltr'><strong>posset</strong></span> <span class='ocrx_word' id='word_1_227' title='bbox 1709 1655 1764 1728; x_wconf 91' lang='lat' dir='ltr'><strong>pri-</strong></span> 
     </span>
     <span class='ocr_line' id='line_1_16' title="bbox 133 1747 1764 1826; baseline -0.002 -20"><span class='ocrx_word' id='word_1_228' title='bbox 133 1753 232 1823; x_wconf 89' lang='lat' dir='ltr'><strong>gatione</strong></span> <span class='ocrx_word' id='word_1_229' title='bbox 251 1749 338 1823; x_wconf 85' lang='lat' dir='ltr'><strong>legit,</strong></span> <span class='ocrx_word' id='word_1_230' title='bbox 352 1756 381 1807; x_wconf 92' lang='lat' dir='ltr'><strong>et</strong></span> <span class='ocrx_word' id='word_1_231' title='bbox 394 1765 475 1823; x_wconf 90' lang='lat' dir='ltr'><strong>saepe</strong></span> <span class='ocrx_word' id='word_1_232' title='bbox 489 1751 633 1826; x_wconf 72' lang='lat' dir='ltr'><strong>contingit,</strong></span> <span class='ocrx_word' id='word_1_233' title='bbox 653 1751 734 1809; x_wconf 87' lang='lat' dir='ltr'><strong>aliam</strong></span> <span class='ocrx_word' id='word_1_234' title='bbox 748 1767 808 1808; x_wconf 88' lang='lat' dir='ltr'><strong>esse</strong></span> <span class='ocrx_word' id='word_1_235' title='bbox 821 1752 928 1825; x_wconf 90' lang='lat' dir='ltr'><strong>legisla-</strong></span> <span class='ocrx_word' id='word_1_236' title='bbox 962 1760 1043 1811; x_wconf 89' lang='lat' dir='ltr'><strong>vatus</strong></span> <span class='ocrx_word' id='word_1_237' title='bbox 1063 1752 1100 1810; x_wconf 91' lang='lat' dir='ltr'><strong>illi</strong></span> <span class='ocrx_word' id='word_1_238' title='bbox 1121 1752 1296 1809; x_wconf 91' lang='lat' dir='ltr'><strong>renunciare.</strong></span> <span class='ocrx_word' id='word_1_239' title='bbox 1313 1748 1365 1806; x_wconf 90' lang='lat' dir='ltr'><strong>Sed</strong></span> <span class='ocrx_word' id='word_1_240' title='bbox 1380 1747 1434 1806; x_wconf 92' lang='lat' dir='ltr'><strong>hoc</strong></span> <span class='ocrx_word' id='word_1_241' title='bbox 1449 1763 1543 1805; x_wconf 84' lang='lat' dir='ltr'><strong>nerum</strong></span> <span class='ocrx_word' id='word_1_242' title='bbox 1559 1753 1686 1817; x_wconf 90' lang='lat' dir='ltr'><strong>nonest,</strong></span> <span class='ocrx_word' id='word_1_243' title='bbox 1705 1754 1764 1803; x_wconf 92' lang='lat' dir='ltr'><strong>tum</strong></span> 
     </span>
     <span class='ocr_line' id='line_1_17' title="bbox 133 1838 1764 1916; baseline -0.004 -20"><span class='ocrx_word' id='word_1_244' title='bbox 133 1841 193 1896; x_wconf 90' lang='lat' dir='ltr'><strong>toris</strong></span> <span class='ocrx_word' id='word_1_245' title='bbox 215 1838 385 1898; x_wconf 85' lang='lat' dir='ltr'><strong>voluntatem</strong></span> <span class='ocrx_word' id='word_1_246' title='bbox 406 1839 440 1896; x_wconf 91' lang='lat' dir='ltr'><strong>nh</strong></span> <span class='ocrx_word' id='word_1_247' title='bbox 457 1855 506 1912; x_wconf 90' lang='lat' dir='ltr'><strong>ea,</strong></span> <span class='ocrx_word' id='word_1_248' title='bbox 526 1856 610 1914; x_wconf 89' lang='lat' dir='ltr'><strong>quem</strong></span> <span class='ocrx_word' id='word_1_249' title='bbox 630 1839 704 1898; x_wconf 89' lang='lat' dir='ltr'><strong>nudo</strong></span> <span class='ocrx_word' id='word_1_250' title='bbox 719 1843 801 1900; x_wconf 85' lang='lat' dir='ltr'><strong>rerba</strong></span> <span class='ocrx_word' id='word_1_251' title='bbox 816 1859 881 1915; x_wconf 91' lang='lat' dir='ltr'><strong>prae</strong></span> <span class='ocrx_word' id='word_1_252' title='bbox 898 1858 928 1899; x_wconf 90' lang='lat' dir='ltr'><strong>sa</strong></span> <span class='ocrx_word' id='word_1_253' title='bbox 962 1844 1120 1916; x_wconf 81' lang='lat' dir='ltr'><strong>quinetiam</strong></span> <span class='ocrx_word' id='word_1_254' title='bbox 1131 1839 1391 1915; x_wconf 78' lang='lat' dir='ltr'><strong>propuervbaudurn</strong></span> <span class='ocrx_word' id='word_1_255' title='bbox 1400 1851 1483 1910; x_wconf 84' lang='lat' dir='ltr'><strong>grave</strong></span> <span class='ocrx_word' id='word_1_256' title='bbox 1491 1841 1688 1893; x_wconf 89' lang='lat' dir='ltr'><strong>nocumentum</strong></span> <span class='ocrx_word' id='word_1_257' title='bbox 1697 1850 1764 1907; x_wconf 90' lang='lat' dir='ltr'><strong>pro-</strong></span> 
     </span>
     <span class='ocr_line' id='line_1_18' title="bbox 132 1923 1764 2004; baseline -0.003 -19"><span class='ocrx_word' id='word_1_258' title='bbox 132 1929 232 2002; x_wconf 87' lang='lat' dir='ltr'><strong>larunt,</strong></span> <span class='ocrx_word' id='word_1_259' title='bbox 250 1937 286 1987; x_wconf 93' lang='lat' dir='ltr'><strong>ut</strong></span> <span class='ocrx_word' id='word_1_260' title='bbox 303 1946 338 1988; x_wconf 83' lang='lat' dir='ltr'><strong>ex</strong></span> <span class='ocrx_word' id='word_1_261' title='bbox 356 1929 584 2002; x_wconf 88' lang='lat' dir='ltr'><strong>praecedentibus</strong></span> <span class='ocrx_word' id='word_1_262' title='bbox 601 1931 739 2003; x_wconf 90' lang='lat' dir='ltr'><strong>capitibus</strong></span> <span class='ocrx_word' id='word_1_263' title='bbox 754 1938 875 1990; x_wconf 89' lang='lat' dir='ltr'><strong>constat.</strong></span> <span class='ocrx_word' id='word_1_264' title='bbox 894 1934 929 1990; x_wconf 86' lang='lat' dir='ltr'><strong>Et</strong></span> <span class='ocrx_word' id='word_1_265' title='bbox 962 1934 1027 1990; x_wconf 81' lang='lat' dir='ltr'><strong>nimi</strong></span> <span class='ocrx_word' id='word_1_266' title='bbox 1049 1930 1214 2004; x_wconf 87' lang='lat' dir='ltr'><strong>temporale,</strong></span> <span class='ocrx_word' id='word_1_267' title='bbox 1236 1929 1311 2002; x_wconf 92' lang='lat' dir='ltr'><strong>quod</strong></span> <span class='ocrx_word' id='word_1_268' title='bbox 1332 1930 1390 2000; x_wconf 89' lang='lat' dir='ltr'><strong>ipse</strong></span> <span class='ocrx_word' id='word_1_269' title='bbox 1407 1933 1499 2000; x_wconf 88' lang='lat' dir='ltr'><strong>posset</strong></span> <span class='ocrx_word' id='word_1_270' title='bbox 1513 1925 1663 1983; x_wconf 84' lang='lat' dir='ltr'><strong>voluntarie</strong></span> <span class='ocrx_word' id='word_1_271' title='bbox 1681 1923 1764 1981; x_wconf 92' lang='lat' dir='ltr'><strong>susti·</strong></span> 
     </span>
     <span class='ocr_line' id='line_1_19' title="bbox 133 2012 1764 2096; baseline -0.002 -22"><span class='ocrx_word' id='word_1_272' title='bbox 133 2019 166 2074; x_wconf 89' lang='lat' dir='ltr'><strong>ita</strong></span> <span class='ocrx_word' id='word_1_273' title='bbox 185 2019 218 2074; x_wconf 92' lang='lat' dir='ltr'><strong>ibi</strong></span> <span class='ocrx_word' id='word_1_274' title='bbox 238 2019 322 2076; x_wconf 91' lang='lat' dir='ltr'><strong>etiam</strong></span> <span class='ocrx_word' id='word_1_275' title='bbox 344 2018 490 2076; x_wconf 85' lang='lat' dir='ltr'><strong>intervenit</strong></span> <span class='ocrx_word' id='word_1_276' title='bbox 510 2019 663 2077; x_wconf 85' lang='lat' dir='ltr'><strong>emendatio</strong></span> <span class='ocrx_word' id='word_1_277' title='bbox 683 2019 768 2094; x_wconf 88' lang='lat' dir='ltr'><strong>legis,</strong></span> <span class='ocrx_word' id='word_1_278' title='bbox 790 2032 927 2095; x_wconf 89' lang='lat' dir='ltr'><strong>quatenus</strong></span> <span class='ocrx_word' id='word_1_279' title='bbox 962 2037 1042 2096; x_wconf 88' lang='lat' dir='ltr'><strong>nere,</strong></span> <span class='ocrx_word' id='word_1_280' title='bbox 1063 2022 1086 2077; x_wconf 89' lang='lat' dir='ltr'><strong>sl</strong></span> <span class='ocrx_word' id='word_1_281' title='bbox 1107 2021 1204 2094; x_wconf 83' lang='lat' dir='ltr'><strong>vellet,</strong></span> <span class='ocrx_word' id='word_1_282' title='bbox 1219 2019 1324 2076; x_wconf 89' lang='lat' dir='ltr'><strong>licitum</strong></span> <span class='ocrx_word' id='word_1_283' title='bbox 1337 2023 1380 2074; x_wconf 86' lang='lat' dir='ltr'><strong>eat</strong></span> <span class='ocrx_word' id='word_1_284' title='bbox 1393 2014 1530 2072; x_wconf 90' lang='lat' dir='ltr'><strong>interdum</strong></span> <span class='ocrx_word' id='word_1_285' title='bbox 1543 2029 1598 2070; x_wconf 93' lang='lat' dir='ltr'><strong>non</strong></span> <span class='ocrx_word' id='word_1_286' title='bbox 1618 2012 1764 2070; x_wconf 80' lang='lat' dir='ltr'><strong>obsorbere</strong></span> 
     </span>
     <span class='ocr_line' id='line_1_20' title="bbox 132 2103 1763 2184; baseline -0.002 -21"><span class='ocrx_word' id='word_1_287' title='bbox 132 2108 189 2181; x_wconf 83' lang='lat' dir='ltr'><strong>plus</strong></span> <span class='ocrx_word' id='word_1_288' title='bbox 210 2108 303 2165; x_wconf 82' lang='lat' dir='ltr'><strong>verbis</strong></span> <span class='ocrx_word' id='word_1_289' title='bbox 322 2108 431 2166; x_wconf 84' lang='lat' dir='ltr'><strong>ridetur</strong></span> <span class='ocrx_word' id='word_1_290' title='bbox 443 2109 688 2183; x_wconf 89' lang='lat' dir='ltr'><strong>comprehendere,</strong></span> <span class='ocrx_word' id='word_1_291' title='bbox 703 2127 786 2184; x_wconf 94' lang='lat' dir='ltr'><strong>quam</strong></span> <span class='ocrx_word' id='word_1_292' title='bbox 802 2111 927 2169; x_wconf 79' lang='lat' dir='ltr'><strong>fueritin</strong></span> <span class='ocrx_word' id='word_1_293' title='bbox 963 2117 1153 2184; x_wconf 90' lang='lat' dir='ltr'><strong>praeceptum,</strong></span> <span class='ocrx_word' id='word_1_294' title='bbox 1170 2115 1203 2167; x_wconf 93' lang='lat' dir='ltr'><strong>ut</strong></span> <span class='ocrx_word' id='word_1_295' title='bbox 1217 2125 1243 2166; x_wconf 89' lang='lat' dir='ltr'><strong>r.</strong></span> <span class='ocrx_word' id='word_1_296' title='bbox 1259 2124 1289 2182; x_wconf 92' lang='lat' dir='ltr'><strong>g.</strong></span> <span class='ocrx_word' id='word_1_297' title='bbox 1306 2107 1327 2163; x_wconf 92' lang='lat' dir='ltr'><strong>si</strong></span> <span class='ocrx_word' id='word_1_298' title='bbox 1342 2104 1499 2176; x_wconf 88' lang='lat' dir='ltr'><strong>incendium</strong></span> <span class='ocrx_word' id='word_1_299' title='bbox 1513 2104 1613 2162; x_wconf 87' lang='lat' dir='ltr'><strong>domus</strong></span> <span class='ocrx_word' id='word_1_300' title='bbox 1627 2103 1763 2176; x_wconf 85' lang='lat' dir='ltr'><strong>imminet,</strong></span> 
     </span>
     <span class='ocr_line' id='line_1_21' title="bbox 131 2193 1765 2275; baseline -0.002 -22"><span class='ocrx_word' id='word_1_301' title='bbox 131 2197 263 2256; x_wconf 75' lang='lat' dir='ltr'><strong>voluntate</strong></span> <span class='ocrx_word' id='word_1_302' title='bbox 277 2197 451 2274; x_wconf 78' lang='lat' dir='ltr'><strong>legislatoris.</strong></span> <span class='ocrx_word' id='word_1_303' title='bbox 468 2198 554 2271; x_wconf 90' lang='lat' dir='ltr'><strong>lgitur</strong></span> <span class='ocrx_word' id='word_1_304' title='bbox 564 2207 641 2256; x_wconf 90' lang='lat' dir='ltr'><strong>recte</strong></span> <span class='ocrx_word' id='word_1_305' title='bbox 652 2206 770 2257; x_wconf 82' lang='lat' dir='ltr'><strong>vocatur</strong></span> <span class='ocrx_word' id='word_1_306' title='bbox 780 2201 848 2258; x_wconf 90' lang='lat' dir='ltr'><strong>haec</strong></span> <span class='ocrx_word' id='word_1_307' title='bbox 860 2201 928 2274; x_wconf 93' lang='lat' dir='ltr'><strong>epii·</strong></span> <span class='ocrx_word' id='word_1_308' title='bbox 963 2201 1004 2258; x_wconf 84' lang='lat' dir='ltr'><strong>vel</strong></span> <span class='ocrx_word' id='word_1_309' title='bbox 1019 2200 1085 2275; x_wconf 85' lang='lat' dir='ltr'><strong>quid</strong></span> <span class='ocrx_word' id='word_1_310' title='bbox 1102 2201 1198 2272; x_wconf 86' lang='lat' dir='ltr'><strong>simile,</strong></span> <span class='ocrx_word' id='word_1_311' title='bbox 1213 2201 1277 2273; x_wconf 88' lang='lat' dir='ltr'><strong>quin</strong></span> <span class='ocrx_word' id='word_1_312' title='bbox 1292 2199 1334 2255; x_wconf 83' lang='lat' dir='ltr'><strong>lex</strong></span> <span class='ocrx_word' id='word_1_313' title='bbox 1348 2211 1398 2254; x_wconf 91' lang='lat' dir='ltr'><strong>nec</strong></span> <span class='ocrx_word' id='word_1_314' title='bbox 1413 2196 1514 2268; x_wconf 87' lang='lat' dir='ltr'><strong>obligat</strong></span> <span class='ocrx_word' id='word_1_315' title='bbox 1528 2193 1616 2267; x_wconf 86' lang='lat' dir='ltr'><strong>illum,</strong></span> <span class='ocrx_word' id='word_1_316' title='bbox 1632 2194 1679 2266; x_wconf 90' lang='lat' dir='ltr'><strong>qui</strong></span> <span class='ocrx_word' id='word_1_317' title='bbox 1695 2194 1765 2268; x_wconf 86' lang='lat' dir='ltr'><strong>puti-</strong></span> 
     </span>
     <span class='ocr_line' id='line_1_22' title="bbox 131 2281 1764 2362; baseline -0.002 -20"><span class='ocrx_word' id='word_1_318' title='bbox 131 2285 180 2345; x_wconf 83' lang='lat' dir='ltr'><strong>liia.</strong></span> <span class='ocrx_word' id='word_1_319' title='bbox 198 2289 233 2346; x_wconf 86' lang='lat' dir='ltr'><strong>Et</strong></span> <span class='ocrx_word' id='word_1_320' title='bbox 249 2289 289 2344; x_wconf 86' lang='lat' dir='ltr'><strong>ita</strong></span> <span class='ocrx_word' id='word_1_321' title='bbox 304 2295 361 2346; x_wconf 88' lang='lat' dir='ltr'><strong>tres</strong></span> <span class='ocrx_word' id='word_1_322' title='bbox 376 2287 465 2358; x_wconf 90' lang='lat' dir='ltr'><strong>modi,</strong></span> <span class='ocrx_word' id='word_1_323' title='bbox 480 2287 522 2344; x_wconf 83' lang='lat' dir='ltr'><strong>rel</strong></span> <span class='ocrx_word' id='word_1_324' title='bbox 537 2289 655 2347; x_wconf 91' lang='lat' dir='ltr'><strong>rationes</strong></span> <span class='ocrx_word' id='word_1_325' title='bbox 670 2289 762 2347; x_wconf 88' lang='lat' dir='ltr'><strong>utendi</strong></span> <span class='ocrx_word' id='word_1_326' title='bbox 776 2287 871 2362; x_wconf 82' lang='lat' dir='ltr'><strong>epilkia</strong></span> <span class='ocrx_word' id='word_1_327' title='bbox 886 2289 929 2346; x_wconf 93' lang='lat' dir='ltr'><strong>di·</strong></span> <span class='ocrx_word' id='word_1_328' title='bbox 964 2297 1010 2349; x_wconf 89' lang='lat' dir='ltr'><strong>tur</strong></span> <span class='ocrx_word' id='word_1_329' title='bbox 1029 2291 1160 2349; x_wconf 91' lang='lat' dir='ltr'><strong>damnum</strong></span> <span class='ocrx_word' id='word_1_330' title='bbox 1183 2287 1216 2347; x_wconf 92' lang='lat' dir='ltr'><strong>ad</strong></span> <span class='ocrx_word' id='word_1_331' title='bbox 1238 2286 1391 2346; x_wconf 89' lang='lat' dir='ltr'><strong>cedendum</strong></span> <span class='ocrx_word' id='word_1_332' title='bbox 1412 2286 1464 2342; x_wconf 91' lang='lat' dir='ltr'><strong>iuri</strong></span> <span class='ocrx_word' id='word_1_333' title='bbox 1484 2300 1550 2358; x_wconf 87' lang='lat' dir='ltr'><strong>suo,</strong></span> <span class='ocrx_word' id='word_1_334' title='bbox 1565 2300 1616 2342; x_wconf 91' lang='lat' dir='ltr'><strong>nec</strong></span> <span class='ocrx_word' id='word_1_335' title='bbox 1633 2282 1717 2341; x_wconf 92' lang='lat' dir='ltr'><strong>alium</strong></span> <span class='ocrx_word' id='word_1_336' title='bbox 1730 2281 1764 2340; x_wconf 91' lang='lat' dir='ltr'><strong>ad</strong></span> 
     </span>
     <span class='ocr_line' id='line_1_23' title="bbox 133 2372 1765 2451; baseline -0.001 -19"><span class='ocrx_word' id='word_1_337' title='bbox 133 2378 227 2450; x_wconf 86' lang='lat' dir='ltr'><strong>stingui</strong></span> <span class='ocrx_word' id='word_1_338' title='bbox 246 2384 382 2451; x_wconf 86' lang='lat' dir='ltr'><strong>possunt,</strong></span> <span class='ocrx_word' id='word_1_339' title='bbox 398 2385 429 2435; x_wconf 92' lang='lat' dir='ltr'><strong>ut</strong></span> <span class='ocrx_word' id='word_1_340' title='bbox 448 2393 521 2434; x_wconf 92' lang='lat' dir='ltr'><strong>unus</strong></span> <span class='ocrx_word' id='word_1_341' title='bbox 535 2377 569 2433; x_wconf 86' lang='lat' dir='ltr'><strong>sit</strong></span> <span class='ocrx_word' id='word_1_342' title='bbox 583 2383 695 2451; x_wconf 90' lang='lat' dir='ltr'><strong>propter</strong></span> <span class='ocrx_word' id='word_1_343' title='bbox 708 2378 860 2436; x_wconf 88' lang='lat' dir='ltr'><strong>cavendum</strong></span> <span class='ocrx_word' id='word_1_344' title='bbox 880 2377 928 2434; x_wconf 93' lang='lat' dir='ltr'><strong>ali·</strong></span> <span class='ocrx_word' id='word_1_345' title='bbox 963 2397 1018 2440; x_wconf 90' lang='lat' dir='ltr'><strong>non</strong></span> <span class='ocrx_word' id='word_1_346' title='bbox 1031 2379 1256 2439; x_wconf 89' lang='lat' dir='ltr'><strong>succurrendum</strong></span> <span class='ocrx_word' id='word_1_347' title='bbox 1266 2378 1301 2435; x_wconf 95' lang='lat' dir='ltr'><strong>illi</strong></span> <span class='ocrx_word' id='word_1_348' title='bbox 1311 2379 1370 2450; x_wconf 91' lang='lat' dir='ltr'><strong>ipso</strong></span> <span class='ocrx_word' id='word_1_349' title='bbox 1381 2377 1464 2433; x_wconf 86' lang='lat' dir='ltr'><strong>invito</strong></span> <span class='ocrx_word' id='word_1_350' title='bbox 1475 2382 1588 2449; x_wconf 89' lang='lat' dir='ltr'><strong>propter</strong></span> <span class='ocrx_word' id='word_1_351' title='bbox 1603 2372 1765 2431; x_wconf 90' lang='lat' dir='ltr'><strong>audiendam</strong></span> 
     </span>
     <span class='ocr_line' id='line_1_24' title="bbox 133 2461 1766 2546; baseline -0.002 -23"><span class='ocrx_word' id='word_1_352' title='bbox 133 2467 193 2539; x_wconf 92' lang='lat' dir='ltr'><strong>quid</strong></span> <span class='ocrx_word' id='word_1_353' title='bbox 212 2468 352 2542; x_wconf 88' lang='lat' dir='ltr'><strong>iniquum,</strong></span> <span class='ocrx_word' id='word_1_354' title='bbox 373 2467 442 2524; x_wconf 87' lang='lat' dir='ltr'><strong>aliua</strong></span> <span class='ocrx_word' id='word_1_355' title='bbox 460 2472 574 2539; x_wconf 90' lang='lat' dir='ltr'><strong>propter</strong></span> <span class='ocrx_word' id='word_1_356' title='bbox 594 2466 732 2526; x_wconf 79' lang='lat' dir='ltr'><strong>citandam</strong></span> <span class='ocrx_word' id='word_1_357' title='bbox 753 2467 882 2525; x_wconf 89' lang='lat' dir='ltr'><strong>acerbam</strong></span> <span class='ocrx_word' id='word_1_358' title='bbox 900 2473 929 2525; x_wconf 89' lang='lat' dir='ltr'><strong>et</strong></span> <span class='ocrx_word' id='word_1_359' title='bbox 963 2471 1086 2546; x_wconf 90' lang='lat' dir='ltr'><strong>missam,</strong></span> <span class='ocrx_word' id='word_1_360' title='bbox 1102 2488 1128 2527; x_wconf 88' lang='grc' dir='ltr'><strong>ι.</strong></span> <span class='ocrx_word' id='word_1_361' title='bbox 1145 2486 1173 2543; x_wconf 90' lang='lat' dir='ltr'><strong>g.</strong></span> <span class='ocrx_word' id='word_1_362' title='bbox 1189 2472 1256 2527; x_wconf 90' lang='lat' dir='ltr'><strong>ltern</strong></span> <span class='ocrx_word' id='word_1_363' title='bbox 1271 2465 1412 2542; x_wconf 88' lang='lat' dir='ltr'><strong>quiaillud</strong></span> <span class='ocrx_word' id='word_1_364' title='bbox 1427 2464 1559 2535; x_wconf 86' lang='lat' dir='ltr'><strong>damnum</strong></span> <span class='ocrx_word' id='word_1_365' title='bbox 1577 2478 1686 2537; x_wconf 86' lang='lat' dir='ltr'><strong>semper</strong></span> <span class='ocrx_word' id='word_1_366' title='bbox 1704 2461 1766 2521; x_wconf 89' lang='lat' dir='ltr'><strong>red·</strong></span> 
     </span>
     <span class='ocr_line' id='line_1_25' title="bbox 133 2551 1788 2631; baseline -0.004 -20"><span class='ocrx_word' id='word_1_367' title='bbox 133 2556 256 2614; x_wconf 90' lang='lat' dir='ltr'><strong>iniustam</strong></span> <span class='ocrx_word' id='word_1_368' title='bbox 278 2557 492 2630; x_wconf 84' lang='lat' dir='ltr'><strong>obligationem,</strong></span> <span class='ocrx_word' id='word_1_369' title='bbox 504 2557 601 2614; x_wconf 92' lang='lat' dir='ltr'><strong>tertius</strong></span> <span class='ocrx_word' id='word_1_370' title='bbox 615 2563 725 2631; x_wconf 89' lang='lat' dir='ltr'><strong>propter</strong></span> <span class='ocrx_word' id='word_1_371' title='bbox 744 2557 927 2614; x_wconf 88' lang='lat' dir='ltr'><strong>coniectatam</strong></span> <span class='ocrx_word' id='word_1_372' title='bbox 963 2561 1050 2619; x_wconf 90' lang='lat' dir='ltr'><strong>undat</strong></span> <span class='ocrx_word' id='word_1_373' title='bbox 1063 2562 1090 2617; x_wconf 91' lang='lat' dir='ltr'><strong>in</strong></span> <span class='ocrx_word' id='word_1_374' title='bbox 1105 2559 1342 2631; x_wconf 88' lang='lat' dir='ltr'><strong>communitatem,</strong></span> <span class='ocrx_word' id='word_1_375' title='bbox 1358 2558 1441 2614; x_wconf 89' lang='lat' dir='ltr'><strong>cuius</strong></span> <span class='ocrx_word' id='word_1_376' title='bbox 1455 2557 1578 2629; x_wconf 88' lang='lat' dir='ltr'><strong>interest,</strong></span> <span class='ocrx_word' id='word_1_377' title='bbox 1594 2560 1625 2612; x_wconf 92' lang='lat' dir='ltr'><strong>ut</strong></span> <span class='ocrx_word' id='word_1_378' title='bbox 1638 2554 1709 2611; x_wconf 90' lang='lat' dir='ltr'><strong>hona</strong></span> <span class='ocrx_word' id='word_1_379' title='bbox 1727 2551 1766 2610; x_wconf 89' lang='lat' dir='ltr'><strong>ci·</strong></span> <span class='ocrx_word' id='word_1_380' title='bbox 1781 2591 1788 2604; x_wconf 85' lang='lat'><strong>.</strong></span> 
     </span>
     <span class='ocr_line' id='line_1_26' title="bbox 131 2645 1311 2722; baseline 0.001 -20"><span class='ocrx_word' id='word_1_381' title='bbox 131 2645 289 2719; x_wconf 85' lang='lat' dir='ltr'><strong>legislatoris</strong></span> <span class='ocrx_word' id='word_1_382' title='bbox 303 2647 488 2715; x_wconf 83' lang='lat' dir='ltr'><strong>voluntatem,</strong></span> <span class='ocrx_word' id='word_1_383' title='bbox 504 2662 559 2704; x_wconf 89' lang='lat' dir='ltr'><strong>non</strong></span> <span class='ocrx_word' id='word_1_384' title='bbox 573 2645 697 2703; x_wconf 87' lang='lat' dir='ltr'><strong>obstante</strong></span> <span class='ocrx_word' id='word_1_385' title='bbox 710 2653 858 2719; x_wconf 87' lang='lat' dir='ltr'><strong>potestate.</strong></span> <span class='ocrx_word' id='word_1_386' title='bbox 961 2652 1038 2709; x_wconf 85' lang='lat' dir='ltr'><strong>vium</strong></span> <span class='ocrx_word' id='word_1_387' title='bbox 1051 2667 1106 2707; x_wconf 94' lang='lat' dir='ltr'><strong>nou</strong></span> <span class='ocrx_word' id='word_1_388' title='bbox 1119 2647 1311 2722; x_wconf 89' lang='lat' dir='ltr'><strong>dilapidentur.</strong></span> 
     </span>
    </p>

    <p class='ocr_par' dir='ltr' id='par_1_3' title="bbox 130 2735 1767 4244">
     <span class='ocr_line' id='line_1_27' title="bbox 168 2735 1761 2810; baseline -0.002 -16"><span class='ocrx_word' id='word_1_389' title='bbox 168 2739 194 2794; x_wconf 82' lang='grc'><strong>9.</strong></span> <span class='ocrx_word' id='word_1_390' title='bbox 209 2735 281 2804; x_wconf 85' lang='lat' dir='ltr'><strong>Quid</strong></span> <span class='ocrx_word' id='word_1_391' title='bbox 295 2737 319 2793; x_wconf 90' lang='lat' dir='ltr'><strong>si</strong></span> <span class='ocrx_word' id='word_1_392' title='bbox 334 2739 397 2810; x_wconf 91' lang='lat' dir='ltr'><strong>quis</strong></span> <span class='ocrx_word' id='word_1_393' title='bbox 411 2737 548 2810; x_wconf 90' lang='lat' dir='ltr'><strong>inquirat,</strong></span> <span class='ocrx_word' id='word_1_394' title='bbox 564 2736 665 2810; x_wconf 91' lang='lat' dir='ltr'><strong>quihus</strong></span> <span class='ocrx_word' id='word_1_395' title='bbox 678 2737 781 2810; x_wconf 88' lang='lat' dir='ltr'><strong>regulis</strong></span> <span class='ocrx_word' id='word_1_396' title='bbox 795 2735 927 2794; x_wconf 88' lang='lat' dir='ltr'><strong>utendum</strong></span> <span class='ocrx_word' id='word_1_397' title='bbox 1001 2741 1085 2800; x_wconf 74' lang='lat' dir='ltr'><strong>Aliter</strong></span> <span class='ocrx_word' id='word_1_398' title='bbox 1097 2741 1211 2799; x_wconf 89' lang='lat' dir='ltr'><strong>limitant</strong></span> <span class='ocrx_word' id='word_1_399' title='bbox 1222 2739 1331 2796; x_wconf 86' lang='lat' dir='ltr'><strong>iuriatae</strong></span> <span class='ocrx_word' id='word_1_400' title='bbox 1343 2736 1443 2795; x_wconf 88' lang='lat' dir='ltr'><strong>dictam</strong></span> <span class='ocrx_word' id='word_1_401' title='bbox 1459 2736 1647 2806; x_wconf 84' lang='lat' dir='ltr'><strong>assertionem,</strong></span> <span class='ocrx_word' id='word_1_402' title='bbox 1657 2739 1689 2792; x_wconf 92' lang='lat' dir='ltr'><strong>ut</strong></span> <span class='ocrx_word' id='word_1_403' title='bbox 1698 2749 1761 2806; x_wconf 89' lang='lat' dir='ltr'><strong>pro·</strong></span> 
     </span>
     <span class='ocr_line' id='line_1_28' title="bbox 132 2822 1765 2905; baseline -0.001 -25"><span class='ocrx_word' id='word_1_404' title='bbox 132 2825 163 2881; x_wconf 85' lang='lat' dir='ltr'><strong>sit</strong></span> <span class='ocrx_word' id='word_1_405' title='bbox 180 2825 212 2882; x_wconf 88' lang='lat' dir='ltr'><strong>ad</strong></span> <span class='ocrx_word' id='word_1_406' title='bbox 231 2827 375 2884; x_wconf 88' lang='lat' dir='ltr'><strong>iaciendas</strong></span> <span class='ocrx_word' id='word_1_407' title='bbox 395 2825 553 2884; x_wconf 90' lang='lat' dir='ltr'><strong>huiuamodi</strong></span> <span class='ocrx_word' id='word_1_408' title='bbox 567 2827 757 2900; x_wconf 68' lang='lat' dir='ltr'><strong>exceptiones,</strong></span> <span class='ocrx_word' id='word_1_409' title='bbox 773 2827 928 2900; x_wconf 88' lang='lat' dir='ltr'><strong>respondeo</strong></span> <span class='ocrx_word' id='word_1_410' title='bbox 962 2830 1053 2904; x_wconf 89' lang='lat' dir='ltr'><strong>cedat,</strong></span> <span class='ocrx_word' id='word_1_411' title='bbox 1068 2828 1179 2905; x_wconf 87' lang='lat' dir='ltr'><strong>quando</strong></span> <span class='ocrx_word' id='word_1_412' title='bbox 1193 2828 1387 2886; x_wconf 88' lang='lat' dir='ltr'><strong>detrimentum</strong></span> <span class='ocrx_word' id='word_1_413' title='bbox 1402 2825 1444 2882; x_wconf 87' lang='lat' dir='ltr'><strong>vel</strong></span> <span class='ocrx_word' id='word_1_414' title='bbox 1462 2825 1605 2898; x_wconf 91' lang='lat' dir='ltr'><strong>proprium</strong></span> <span class='ocrx_word' id='word_1_415' title='bbox 1620 2822 1663 2880; x_wconf 84' lang='lat' dir='ltr'><strong>vel</strong></span> <span class='ocrx_word' id='word_1_416' title='bbox 1673 2824 1765 2895; x_wconf 81' lang='lat' dir='ltr'><strong>proni·</strong></span> 
     </span>
     <span class='ocr_line' id='line_1_29' title="bbox 132 2912 1763 2991; baseline 0 -23"><span class='ocrx_word' id='word_1_417' title='bbox 132 2912 260 2986; x_wconf 82' lang='lat' dir='ltr'><strong>breviter,</strong></span> <span class='ocrx_word' id='word_1_418' title='bbox 283 2917 311 2972; x_wconf 93' lang='lat' dir='ltr'><strong>in</strong></span> <span class='ocrx_word' id='word_1_419' title='bbox 332 2917 421 2988; x_wconf 89' lang='lat' dir='ltr'><strong>primo</strong></span> <span class='ocrx_word' id='word_1_420' title='bbox 441 2915 521 2972; x_wconf 91' lang='lat' dir='ltr'><strong>modo</strong></span> <span class='ocrx_word' id='word_1_421' title='bbox 535 2919 683 2988; x_wconf 88' lang='lat' dir='ltr'><strong>praecipue</strong></span> <span class='ocrx_word' id='word_1_422' title='bbox 698 2916 928 2974; x_wconf 88' lang='lat' dir='ltr'><strong>considerandum</strong></span> <span class='ocrx_word' id='word_1_423' title='bbox 963 2925 1000 2979; x_wconf 90' lang='lat' dir='ltr'><strong>mi</strong></span> <span class='ocrx_word' id='word_1_424' title='bbox 1016 2927 1060 2979; x_wconf 91' lang='lat' dir='ltr'><strong>est</strong></span> <span class='ocrx_word' id='word_1_425' title='bbox 1074 2923 1101 2977; x_wconf 92' lang='lat' dir='ltr'><strong>in</strong></span> <span class='ocrx_word' id='word_1_426' title='bbox 1116 2920 1194 2977; x_wconf 89' lang='lat' dir='ltr'><strong>honis</strong></span> <span class='ocrx_word' id='word_1_427' title='bbox 1208 2917 1365 2991; x_wconf 84' lang='lat' dir='ltr'><strong>acquisitis,</strong></span> <span class='ocrx_word' id='word_1_428' title='bbox 1380 2931 1436 2972; x_wconf 91' lang='lat' dir='ltr'><strong>non</strong></span> <span class='ocrx_word' id='word_1_429' title='bbox 1449 2929 1514 2972; x_wconf 90' lang='lat' dir='ltr'><strong>vero</strong></span> <span class='ocrx_word' id='word_1_430' title='bbox 1529 2914 1556 2969; x_wconf 95' lang='lat' dir='ltr'><strong>in</strong></span> <span class='ocrx_word' id='word_1_431' title='bbox 1579 2912 1763 2986; x_wconf 81' lang='lat' dir='ltr'><strong>acquirendis3</strong></span> 
     </span>
     <span class='ocr_line' id='line_1_30' title="bbox 131 3003 1763 3079; baseline 0.001 -21"><span class='ocrx_word' id='word_1_432' title='bbox 131 3017 199 3075; x_wconf 87' lang='lat' dir='ltr'><strong>ease,</strong></span> <span class='ocrx_word' id='word_1_433' title='bbox 210 3021 244 3062; x_wconf 91' lang='lat' dir='ltr'><strong>au</strong></span> <span class='ocrx_word' id='word_1_434' title='bbox 254 3005 280 3060; x_wconf 90' lang='lat' dir='ltr'><strong>in</strong></span> <span class='ocrx_word' id='word_1_435' title='bbox 291 3020 326 3062; x_wconf 93' lang='lat' dir='ltr'><strong>eo</strong></span> <span class='ocrx_word' id='word_1_436' title='bbox 336 3020 406 3062; x_wconf 91' lang='lat' dir='ltr'><strong>casu</strong></span> <span class='ocrx_word' id='word_1_437' title='bbox 417 3011 551 3062; x_wconf 91' lang='lat' dir='ltr'><strong>occurrat</strong></span> <span class='ocrx_word' id='word_1_438' title='bbox 562 3004 634 3061; x_wconf 91' lang='lat' dir='ltr'><strong>aliud</strong></span> <span class='ocrx_word' id='word_1_439' title='bbox 647 3014 927 3079; x_wconf 75' lang='lat' dir='ltr'><strong>praeceptumprae·</strong></span> <span class='ocrx_word' id='word_1_440' title='bbox 963 3028 1025 3070; x_wconf 91' lang='lat' dir='ltr'><strong>nam</strong></span> <span class='ocrx_word' id='word_1_441' title='bbox 1046 3027 1079 3069; x_wconf 81' lang='lat' dir='ltr'><strong>er</strong></span> <span class='ocrx_word' id='word_1_442' title='bbox 1098 3009 1151 3067; x_wconf 91' lang='lat' dir='ltr'><strong>hoc</strong></span> <span class='ocrx_word' id='word_1_443' title='bbox 1173 3004 1245 3065; x_wconf 77' lang='lat' dir='ltr'><strong>iuml</strong></span> <span class='ocrx_word' id='word_1_444' title='bbox 1266 3022 1321 3064; x_wconf 94' lang='lat' dir='ltr'><strong>non</strong></span> <span class='ocrx_word' id='word_1_445' title='bbox 1342 3011 1431 3078; x_wconf 88' lang='lat' dir='ltr'><strong>potest</strong></span> <span class='ocrx_word' id='word_1_446' title='bbox 1450 3003 1592 3062; x_wconf 87' lang='lat' dir='ltr'><strong>sulliciens</strong></span> <span class='ocrx_word' id='word_1_447' title='bbox 1610 3005 1763 3076; x_wconf 80' lang='lat' dir='ltr'><strong>excusatio,</strong></span> 
     </span>
     <span class='ocr_line' id='line_1_31' title="bbox 132 3092 1764 3176; baseline 0.002 -30"><span class='ocrx_word' id='word_1_448' title='bbox 132 3092 219 3150; x_wconf 86' lang='lat' dir='ltr'><strong>sertim</strong></span> <span class='ocrx_word' id='word_1_449' title='bbox 233 3095 306 3150; x_wconf 87' lang='lat' dir='ltr'><strong>iuris</strong></span> <span class='ocrx_word' id='word_1_450' title='bbox 319 3093 415 3164; x_wconf 82' lang='lat' dir='ltr'><strong>divini,</strong></span> <span class='ocrx_word' id='word_1_451' title='bbox 429 3099 456 3150; x_wconf 90' lang='lat' dir='ltr'><strong>et</strong></span> <span class='ocrx_word' id='word_1_452' title='bbox 467 3093 611 3166; x_wconf 88' lang='lat' dir='ltr'><strong>naturalis,</strong></span> <span class='ocrx_word' id='word_1_453' title='bbox 624 3096 669 3151; x_wconf 92' lang='lat' dir='ltr'><strong>cui</strong></span> <span class='ocrx_word' id='word_1_454' title='bbox 683 3100 817 3167; x_wconf 90' lang='lat' dir='ltr'><strong>repugnet</strong></span> <span class='ocrx_word' id='word_1_455' title='bbox 827 3110 928 3153; x_wconf 86' lang='lat' dir='ltr'><strong>execu·</strong></span> <span class='ocrx_word' id='word_1_456' title='bbox 963 3100 1106 3176; x_wconf 92' lang='lat' dir='ltr'><strong>quiaillud</strong></span> <span class='ocrx_word' id='word_1_457' title='bbox 1120 3115 1173 3156; x_wconf 92' lang='lat' dir='ltr'><strong>non</strong></span> <span class='ocrx_word' id='word_1_458' title='bbox 1187 3105 1230 3156; x_wconf 90' lang='lat' dir='ltr'><strong>est</strong></span> <span class='ocrx_word' id='word_1_459' title='bbox 1240 3112 1335 3154; x_wconf 87' lang='lat' dir='ltr'><strong>rerum</strong></span> <span class='ocrx_word' id='word_1_460' title='bbox 1349 3094 1551 3167; x_wconf 88' lang='lat' dir='ltr'><strong>detrimentum,</strong></span> <span class='ocrx_word' id='word_1_461' title='bbox 1565 3109 1615 3151; x_wconf 89' lang='lat' dir='ltr'><strong>seu</strong></span> <span class='ocrx_word' id='word_1_462' title='bbox 1631 3092 1764 3150; x_wconf 87' lang='lat' dir='ltr'><strong>damnum</strong></span> 
     </span>
     <span class='ocr_line' id='line_1_32' title="bbox 132 3182 1763 3262; baseline 0.001 -24"><span class='ocrx_word' id='word_1_463' title='bbox 132 3183 167 3239; x_wconf 87' lang='lat' dir='ltr'><strong>tio</strong></span> <span class='ocrx_word' id='word_1_464' title='bbox 182 3182 249 3257; x_wconf 87' lang='lat' dir='ltr'><strong>legia</strong></span> <span class='ocrx_word' id='word_1_465' title='bbox 267 3182 423 3254; x_wconf 88' lang='lat' dir='ltr'><strong>humanae,</strong></span> <span class='ocrx_word' id='word_1_466' title='bbox 438 3183 593 3240; x_wconf 90' lang='lat' dir='ltr'><strong>secundum</strong></span> <span class='ocrx_word' id='word_1_467' title='bbox 606 3184 689 3241; x_wconf 88' lang='lat' dir='ltr'><strong>verba</strong></span> <span class='ocrx_word' id='word_1_468' title='bbox 702 3185 772 3256; x_wconf 69' lang='lat' dir='ltr'><strong>eius,</strong></span> <span class='ocrx_word' id='word_1_469' title='bbox 787 3191 815 3242; x_wconf 91' lang='lat' dir='ltr'><strong>et</strong></span> <span class='ocrx_word' id='word_1_470' title='bbox 829 3201 928 3242; x_wconf 92' lang='lat' dir='ltr'><strong>conse·</strong></span> <span class='ocrx_word' id='word_1_471' title='bbox 962 3205 1121 3262; x_wconf 85' lang='lat' dir='ltr'><strong>emergens,</strong></span> <span class='ocrx_word' id='word_1_472' title='bbox 1143 3186 1191 3246; x_wconf 93' lang='lat' dir='ltr'><strong>sed</strong></span> <span class='ocrx_word' id='word_1_473' title='bbox 1211 3193 1317 3244; x_wconf 87' lang='lat' dir='ltr'><strong>tantum</strong></span> <span class='ocrx_word' id='word_1_474' title='bbox 1338 3185 1448 3242; x_wconf 92' lang='lat' dir='ltr'><strong>lucrum</strong></span> <span class='ocrx_word' id='word_1_475' title='bbox 1469 3199 1599 3256; x_wconf 87' lang='lat' dir='ltr'><strong>cessans,</strong></span> <span class='ocrx_word' id='word_1_476' title='bbox 1619 3182 1695 3257; x_wconf 90' lang='lat' dir='ltr'><strong>quod</strong></span> <span class='ocrx_word' id='word_1_477' title='bbox 1709 3198 1763 3241; x_wconf 92' lang='lat' dir='ltr'><strong>non</strong></span> 
     </span>
     <span class='ocr_line' id='line_1_33' title="bbox 131 3273 1764 3350; baseline -0.002 -19"><span class='ocrx_word' id='word_1_478' title='bbox 131 3280 259 3346; x_wconf 84' lang='lat' dir='ltr'><strong>quanter,</strong></span> <span class='ocrx_word' id='word_1_479' title='bbox 275 3289 313 3331; x_wconf 87' lang='lat' dir='ltr'><strong>an</strong></span> <span class='ocrx_word' id='word_1_480' title='bbox 328 3282 409 3332; x_wconf 89' lang='lat' dir='ltr'><strong>nctus</strong></span> <span class='ocrx_word' id='word_1_481' title='bbox 423 3279 491 3332; x_wconf 88' lang='lat' dir='ltr'><strong>tunc</strong></span> <span class='ocrx_word' id='word_1_482' title='bbox 506 3273 604 3331; x_wconf 89' lang='lat' dir='ltr'><strong>habeat</strong></span> <span class='ocrx_word' id='word_1_483' title='bbox 616 3274 793 3347; x_wconf 87' lang='lat' dir='ltr'><strong>iniustitiam,</strong></span> <span class='ocrx_word' id='word_1_484' title='bbox 814 3275 856 3332; x_wconf 85' lang='lat' dir='ltr'><strong>vel</strong></span> <span class='ocrx_word' id='word_1_485' title='bbox 871 3291 929 3333; x_wconf 88' lang='lat' dir='ltr'><strong>ma·</strong></span> <span class='ocrx_word' id='word_1_486' title='bbox 963 3277 1164 3350; x_wconf 86' lang='lat' dir='ltr'><strong>consideratur,</strong></span> <span class='ocrx_word' id='word_1_487' title='bbox 1174 3276 1240 3333; x_wconf 87' lang='lat' dir='ltr'><strong>elias</strong></span> <span class='ocrx_word' id='word_1_488' title='bbox 1250 3274 1555 3348; x_wconf 87' lang='lat' dir='ltr'><strong>possenthominesnon</strong></span> <span class='ocrx_word' id='word_1_489' title='bbox 1570 3286 1764 3345; x_wconf 88' lang='lat' dir='ltr'><strong>serrareprao·</strong></span> 
     </span>
     <span class='ocr_line' id='line_1_34' title="bbox 131 3360 1760 3443; baseline 0 -27"><span class='ocrx_word' id='word_1_490' title='bbox 131 3360 208 3418; x_wconf 83' lang='lat' dir='ltr'><strong>litium</strong></span> <span class='ocrx_word' id='word_1_491' title='bbox 228 3362 450 3436; x_wconf 88' lang='lat' dir='ltr'><strong>inseparabilem,</strong></span> <span class='ocrx_word' id='word_1_492' title='bbox 465 3361 507 3420; x_wconf 86' lang='lat' dir='ltr'><strong>vel</strong></span> <span class='ocrx_word' id='word_1_493' title='bbox 522 3362 619 3420; x_wconf 89' lang='lat' dir='ltr'><strong>saltem</strong></span> <span class='ocrx_word' id='word_1_494' title='bbox 633 3369 729 3420; x_wconf 88' lang='lat' dir='ltr'><strong>contra</strong></span> <span class='ocrx_word' id='word_1_495' title='bbox 744 3372 927 3438; x_wconf 87' lang='lat' dir='ltr'><strong>praeceptum</strong></span> <span class='ocrx_word' id='word_1_496' title='bbox 964 3374 1054 3443; x_wconf 89' lang='lat' dir='ltr'><strong>cepta,</strong></span> <span class='ocrx_word' id='word_1_497' title='bbox 1069 3374 1101 3425; x_wconf 90' lang='lat' dir='ltr'><strong>nt</strong></span> <span class='ocrx_word' id='word_1_498' title='bbox 1114 3367 1172 3423; x_wconf 89' lang='lat' dir='ltr'><strong>suis</strong></span> <span class='ocrx_word' id='word_1_499' title='bbox 1186 3364 1272 3422; x_wconf 89' lang='lat' dir='ltr'><strong>lucris</strong></span> <span class='ocrx_word' id='word_1_500' title='bbox 1286 3363 1467 3421; x_wconf 90' lang='lat' dir='ltr'><strong>attenderent.</strong></span> <span class='ocrx_word' id='word_1_501' title='bbox 1482 3365 1522 3420; x_wconf 89' lang='lat' dir='ltr'><strong>lta</strong></span> <span class='ocrx_word' id='word_1_502' title='bbox 1537 3362 1592 3418; x_wconf 86' lang='lat' dir='ltr'><strong>iere</strong></span> <span class='ocrx_word' id='word_1_503' title='bbox 1604 3363 1679 3420; x_wconf 89' lang='lat' dir='ltr'><strong>Bart.</strong></span> <span class='ocrx_word' id='word_1_504' title='bbox 1699 3363 1728 3417; x_wconf 92' lang='lat' dir='ltr'><strong>in</strong></span> <span class='ocrx_word' id='word_1_505' title='bbox 1742 3360 1760 3418; x_wconf 94' lang='lat' dir='ltr'><strong>l.</strong></span> 
     </span>
     <span class='ocr_line' id='line_1_35' title="bbox 130 3449 1764 3526; baseline -0.001 -19"><span class='ocrx_word' id='word_1_506' title='bbox 130 3453 253 3525; x_wconf 78' lang='lat' dir='ltr'><strong>granius,</strong></span> <span class='ocrx_word' id='word_1_507' title='bbox 275 3457 307 3508; x_wconf 91' lang='lat' dir='ltr'><strong>et</strong></span> <span class='ocrx_word' id='word_1_508' title='bbox 325 3451 412 3525; x_wconf 86' lang='lat' dir='ltr'><strong>magis</strong></span> <span class='ocrx_word' id='word_1_509' title='bbox 425 3450 567 3525; x_wconf 89' lang='lat' dir='ltr'><strong>obligans,</strong></span> <span class='ocrx_word' id='word_1_510' title='bbox 582 3458 611 3508; x_wconf 91' lang='lat' dir='ltr'><strong>et</strong></span> <span class='ocrx_word' id='word_1_511' title='bbox 623 3453 699 3509; x_wconf 86' lang='lat' dir='ltr'><strong>iusta</strong></span> <span class='ocrx_word' id='word_1_512' title='bbox 714 3452 780 3510; x_wconf 86' lang='lat' dir='ltr'><strong>haee</strong></span> <span class='ocrx_word' id='word_1_513' title='bbox 796 3454 929 3526; x_wconf 89' lang='lat' dir='ltr'><strong>principio</strong></span> <span class='ocrx_word' id='word_1_514' title='bbox 963 3475 1023 3518; x_wconf 73' lang='lat' dir='ltr'><strong>eon</strong></span> <span class='ocrx_word' id='word_1_515' title='bbox 1037 3456 1177 3523; x_wconf 81' lang='lat' dir='ltr'><strong>dubtum,</strong></span> <span class='ocrx_word' id='word_1_516' title='bbox 1192 3456 1223 3512; x_wconf 86' lang='lat' dir='ltr'><strong>c.</strong></span> <span class='ocrx_word' id='word_1_517' title='bbox 1239 3452 1273 3510; x_wconf 87' lang='lat' dir='ltr'><strong>de</strong></span> <span class='ocrx_word' id='word_1_518' title='bbox 1286 3452 1367 3526; x_wconf 91' lang='lat' dir='ltr'><strong>legib.</strong></span> <span class='ocrx_word' id='word_1_519' title='bbox 1383 3469 1412 3509; x_wconf 93' lang='grc' dir='ltr'><strong>ιι.</strong></span> <span class='ocrx_word' id='word_1_520' title='bbox 1428 3456 1456 3522; x_wconf 85' lang='lat'><strong>9,</strong></span> <span class='ocrx_word' id='word_1_521' title='bbox 1471 3467 1553 3524; x_wconf 93' lang='lat' dir='ltr'><strong>quem</strong></span> <span class='ocrx_word' id='word_1_522' title='bbox 1567 3450 1609 3508; x_wconf 88' lang='lat' dir='ltr'><strong>alii</strong></span> <span class='ocrx_word' id='word_1_523' title='bbox 1625 3449 1704 3508; x_wconf 93' lang='lat' dir='ltr'><strong>multi</strong></span> <span class='ocrx_word' id='word_1_524' title='bbox 1719 3464 1764 3506; x_wconf 92' lang='lat' dir='ltr'><strong>se·</strong></span> 
     </span>
     <span class='ocr_line' id='line_1_36' title="bbox 131 3537 1762 3620; baseline 0.001 -26"><span class='ocrx_word' id='word_1_525' title='bbox 131 3537 207 3598; x_wconf 91' lang='lat' dir='ltr'><strong>debet</strong></span> <span class='ocrx_word' id='word_1_526' title='bbox 221 3541 280 3597; x_wconf 89' lang='lat' dir='ltr'><strong>lieri</strong></span> <span class='ocrx_word' id='word_1_527' title='bbox 298 3540 439 3598; x_wconf 88' lang='lat' dir='ltr'><strong>indicium.</strong></span> <span class='ocrx_word' id='word_1_528' title='bbox 454 3542 483 3604; x_wconf 90' lang='lat' dir='ltr'><strong>ln</strong></span> <span class='ocrx_word' id='word_1_529' title='bbox 498 3539 621 3598; x_wconf 90' lang='lat' dir='ltr'><strong>secundo</strong></span> <span class='ocrx_word' id='word_1_530' title='bbox 635 3540 716 3598; x_wconf 90' lang='lat' dir='ltr'><strong>ruodo</strong></span> <span class='ocrx_word' id='word_1_531' title='bbox 728 3541 929 3600; x_wconf 88' lang='lat' dir='ltr'><strong>consideranda</strong></span> <span class='ocrx_word' id='word_1_532' title='bbox 963 3549 1022 3607; x_wconf 81' lang='lat' dir='ltr'><strong>euti</strong></span> <span class='ocrx_word' id='word_1_533' title='bbox 1040 3553 1123 3616; x_wconf 82' lang='lat' dir='ltr'><strong>suot,</strong></span> <span class='ocrx_word' id='word_1_534' title='bbox 1144 3560 1214 3620; x_wconf 91' lang='lat' dir='ltr'><strong>quos</strong></span> <span class='ocrx_word' id='word_1_535' title='bbox 1230 3543 1282 3600; x_wconf 90' lang='lat' dir='ltr'><strong>late</strong></span> <span class='ocrx_word' id='word_1_536' title='bbox 1296 3541 1381 3600; x_wconf 87' lang='lat' dir='ltr'><strong>relert</strong></span> <span class='ocrx_word' id='word_1_537' title='bbox 1393 3541 1529 3615; x_wconf 87' lang='lat' dir='ltr'><strong>Tiraquel.</strong></span> <span class='ocrx_word' id='word_1_538' title='bbox 1545 3541 1661 3598; x_wconf 86' lang='lat' dir='ltr'><strong>indicto</strong></span> <span class='ocrx_word' id='word_1_539' title='bbox 1679 3545 1762 3598; x_wconf 89' lang='lat' dir='ltr'><strong>tract.</strong></span> 
     </span>
     <span class='ocr_line' id='line_1_37' title="bbox 132 3628 1765 3706; baseline 0.001 -22"><span class='ocrx_word' id='word_1_540' title='bbox 132 3635 193 3685; x_wconf 90' lang='lat' dir='ltr'><strong>sunt</strong></span> <span class='ocrx_word' id='word_1_541' title='bbox 208 3629 385 3702; x_wconf 86' lang='lat' dir='ltr'><strong>supradicta</strong></span> <span class='ocrx_word' id='word_1_542' title='bbox 399 3628 528 3687; x_wconf 91' lang='lat' dir='ltr'><strong>demodo</strong></span> <span class='ocrx_word' id='word_1_543' title='bbox 543 3629 680 3704; x_wconf 91' lang='lat' dir='ltr'><strong>obligandi</strong></span> <span class='ocrx_word' id='word_1_544' title='bbox 695 3630 762 3706; x_wconf 88' lang='lat' dir='ltr'><strong>legis</strong></span> <span class='ocrx_word' id='word_1_545' title='bbox 781 3631 927 3704; x_wconf 72' lang='lat' dir='ltr'><strong>humanm,</strong></span> <span class='ocrx_word' id='word_1_546' title='bbox 963 3655 992 3696; x_wconf 92' lang='lat' dir='ltr'><strong>n.</strong></span> <span class='ocrx_word' id='word_1_547' title='bbox 1008 3643 1072 3700; x_wconf 75' lang='lat'><strong>151.</strong></span> <span class='ocrx_word' id='word_1_548' title='bbox 1087 3635 1183 3695; x_wconf 87' lang='lat' dir='ltr'><strong>Statim</strong></span> <span class='ocrx_word' id='word_1_549' title='bbox 1197 3648 1262 3690; x_wconf 83' lang='lat' dir='ltr'><strong>nero</strong></span> <span class='ocrx_word' id='word_1_550' title='bbox 1277 3648 1305 3689; x_wconf 94' lang='lat' dir='ltr'><strong>n.</strong></span> <span class='ocrx_word' id='word_1_551' title='bbox 1326 3635 1389 3690; x_wconf 80' lang='lat' dir='ltr'><strong>lat.</strong></span> <span class='ocrx_word' id='word_1_552' title='bbox 1405 3630 1491 3689; x_wconf 81' lang='lat' dir='ltr'><strong>refert</strong></span> <span class='ocrx_word' id='word_1_553' title='bbox 1503 3629 1614 3687; x_wconf 88' lang='lat' dir='ltr'><strong>Salicet.</strong></span> <span class='ocrx_word' id='word_1_554' title='bbox 1627 3628 1765 3687; x_wconf 88' lang='lat' dir='ltr'><strong>contradi·</strong></span> 
     </span>
     <span class='ocr_line' id='line_1_38' title="bbox 131 3717 1765 3799; baseline 0.001 -25"><span class='ocrx_word' id='word_1_555' title='bbox 131 3723 156 3774; x_wconf 92' lang='lat' dir='ltr'><strong>et</strong></span> <span class='ocrx_word' id='word_1_556' title='bbox 174 3718 249 3777; x_wconf 81' lang='lat' dir='ltr'><strong>iustu</strong></span> <span class='ocrx_word' id='word_1_557' title='bbox 269 3717 318 3775; x_wconf 91' lang='lat' dir='ltr'><strong>illa</strong></span> <span class='ocrx_word' id='word_1_558' title='bbox 338 3717 515 3775; x_wconf 87' lang='lat' dir='ltr'><strong>iudicandum</strong></span> <span class='ocrx_word' id='word_1_559' title='bbox 529 3720 596 3790; x_wconf 86' lang='lat' dir='ltr'><strong>erit,</strong></span> <span class='ocrx_word' id='word_1_560' title='bbox 611 3734 645 3775; x_wconf 91' lang='lat' dir='ltr'><strong>arr</strong></span> <span class='ocrx_word' id='word_1_561' title='bbox 660 3717 713 3778; x_wconf 93' lang='lat' dir='ltr'><strong>hoc</strong></span> <span class='ocrx_word' id='word_1_562' title='bbox 727 3720 832 3778; x_wconf 86' lang='lat' dir='ltr'><strong>lactum</strong></span> <span class='ocrx_word' id='word_1_563' title='bbox 846 3723 930 3793; x_wconf 90' lang='lat' dir='ltr'><strong>perti·</strong></span> <span class='ocrx_word' id='word_1_564' title='bbox 964 3735 1087 3799; x_wconf 76' lang='lat' dir='ltr'><strong>eentem3</strong></span> <span class='ocrx_word' id='word_1_565' title='bbox 1106 3732 1134 3784; x_wconf 87' lang='lat' dir='ltr'><strong>et</strong></span> <span class='ocrx_word' id='word_1_566' title='bbox 1151 3724 1231 3799; x_wconf 90' lang='lat' dir='ltr'><strong>plura</strong></span> <span class='ocrx_word' id='word_1_567' title='bbox 1246 3729 1343 3780; x_wconf 85' lang='lat' dir='ltr'><strong>contra</strong></span> <span class='ocrx_word' id='word_1_568' title='bbox 1358 3720 1429 3778; x_wconf 87' lang='lat' dir='ltr'><strong>illam</strong></span> <span class='ocrx_word' id='word_1_569' title='bbox 1446 3719 1649 3777; x_wconf 89' lang='lat' dir='ltr'><strong>distinctionem</strong></span> <span class='ocrx_word' id='word_1_570' title='bbox 1663 3733 1765 3792; x_wconf 89' lang='lat' dir='ltr'><strong>congo-</strong></span> 
     </span>
     <span class='ocr_line' id='line_1_39' title="bbox 131 3806 1765 3886; baseline 0.001 -22"><span class='ocrx_word' id='word_1_571' title='bbox 131 3807 220 3864; x_wconf 90' lang='lat' dir='ltr'><strong>culsre</strong></span> <span class='ocrx_word' id='word_1_572' title='bbox 237 3823 307 3866; x_wconf 89' lang='lat' dir='ltr'><strong>cunr</strong></span> <span class='ocrx_word' id='word_1_573' title='bbox 318 3806 361 3865; x_wconf 90' lang='lat' dir='ltr'><strong>his</strong></span> <span class='ocrx_word' id='word_1_574' title='bbox 371 3809 586 3866; x_wconf 90' lang='lat' dir='ltr'><strong>circumstantiis</strong></span> <span class='ocrx_word' id='word_1_575' title='bbox 596 3807 711 3866; x_wconf 83' lang='lat' dir='ltr'><strong>excedat</strong></span> <span class='ocrx_word' id='word_1_576' title='bbox 720 3817 882 3884; x_wconf 87' lang='lat' dir='ltr'><strong>potestatam</strong></span> <span class='ocrx_word' id='word_1_577' title='bbox 893 3811 931 3868; x_wconf 91' lang='lat' dir='ltr'><strong>le·</strong></span> <span class='ocrx_word' id='word_1_578' title='bbox 964 3821 1001 3876; x_wconf 81' lang='lat' dir='ltr'><strong>rit</strong></span> <span class='ocrx_word' id='word_1_579' title='bbox 1014 3817 1100 3876; x_wconf 74' lang='lat' dir='ltr'><strong>Folio.</strong></span> <span class='ocrx_word' id='word_1_580' title='bbox 1117 3816 1143 3872; x_wconf 87' lang='lat' dir='ltr'><strong>in</strong></span> <span class='ocrx_word' id='word_1_581' title='bbox 1157 3829 1219 3886; x_wconf 88' lang='lat' dir='ltr'><strong>cap.</strong></span> <span class='ocrx_word' id='word_1_582' title='bbox 1235 3814 1270 3871; x_wconf 85' lang='lat' dir='ltr'><strong>St</strong></span> <span class='ocrx_word' id='word_1_583' title='bbox 1284 3809 1415 3886; x_wconf 82' lang='lat' dir='ltr'><strong>quondo,</strong></span> <span class='ocrx_word' id='word_1_584' title='bbox 1428 3809 1462 3867; x_wconf 90' lang='lat' dir='ltr'><strong>de</strong></span> <span class='ocrx_word' id='word_1_585' title='bbox 1474 3811 1588 3882; x_wconf 88' lang='lat' dir='ltr'><strong>reserip.</strong></span> <span class='ocrx_word' id='word_1_586' title='bbox 1602 3825 1632 3866; x_wconf 91' lang='lat' dir='ltr'><strong>n.</strong></span> <span class='ocrx_word' id='word_1_587' title='bbox 1649 3812 1694 3869; x_wconf 91' lang='lat' dir='ltr'><strong>ll.</strong></span> <span class='ocrx_word' id='word_1_588' title='bbox 1709 3809 1765 3866; x_wconf 88' lang='lat' dir='ltr'><strong>No·</strong></span> 
     </span>
     <span class='ocr_line' id='line_1_40' title="bbox 131 3899 1766 3982; baseline 0.001 -28"><span class='ocrx_word' id='word_1_589' title='bbox 131 3899 170 3971; x_wconf 87' lang='lat' dir='ltr'><strong>gis</strong></span> <span class='ocrx_word' id='word_1_590' title='bbox 185 3913 334 3958; x_wconf 85' lang='lat' dir='ltr'><strong>numanae.</strong></span> <span class='ocrx_word' id='word_1_591' title='bbox 347 3900 377 3956; x_wconf 92' lang='lat' dir='ltr'><strong>ln</strong></span> <span class='ocrx_word' id='word_1_592' title='bbox 391 3901 473 3956; x_wconf 85' lang='lat' dir='ltr'><strong>tertio</strong></span> <span class='ocrx_word' id='word_1_593' title='bbox 484 3914 550 3956; x_wconf 85' lang='lat' dir='ltr'><strong>vero</strong></span> <span class='ocrx_word' id='word_1_594' title='bbox 560 3899 647 3972; x_wconf 88' lang='lat' dir='ltr'><strong>magis</strong></span> <span class='ocrx_word' id='word_1_595' title='bbox 660 3906 703 3956; x_wconf 89' lang='lat' dir='ltr'><strong>est</strong></span> <span class='ocrx_word' id='word_1_596' title='bbox 717 3899 850 3957; x_wconf 89' lang='lat' dir='ltr'><strong>utendum</strong></span> <span class='ocrx_word' id='word_1_597' title='bbox 864 3916 931 3958; x_wconf 79' lang='lat' dir='ltr'><strong>con·</strong></span> <span class='ocrx_word' id='word_1_598' title='bbox 964 3907 1005 3964; x_wconf 87' lang='lat' dir='ltr'><strong>bis</strong></span> <span class='ocrx_word' id='word_1_599' title='bbox 1025 3923 1092 3982; x_wconf 88' lang='lat' dir='ltr'><strong>ergo</strong></span> <span class='ocrx_word' id='word_1_600' title='bbox 1113 3920 1169 3962; x_wconf 89' lang='lat' dir='ltr'><strong>non</strong></span> <span class='ocrx_word' id='word_1_601' title='bbox 1189 3903 1275 3960; x_wconf 83' lang='lat' dir='ltr'><strong>serait</strong></span> <span class='ocrx_word' id='word_1_602' title='bbox 1294 3901 1445 3959; x_wconf 88' lang='lat' dir='ltr'><strong>distinctio:</strong></span> <span class='ocrx_word' id='word_1_603' title='bbox 1465 3915 1528 3957; x_wconf 89' lang='lat' dir='ltr'><strong>nam</strong></span> <span class='ocrx_word' id='word_1_604' title='bbox 1548 3900 1570 3956; x_wconf 88' lang='lat' dir='ltr'><strong>si</strong></span> <span class='ocrx_word' id='word_1_605' title='bbox 1585 3900 1715 3957; x_wconf 90' lang='lat' dir='ltr'><strong>damnum</strong></span> <span class='ocrx_word' id='word_1_606' title='bbox 1730 3900 1766 3956; x_wconf 89' lang='lat' dir='ltr'><strong>sit</strong></span> 
     </span>
     <span class='ocr_line' id='line_1_41' title="bbox 131 3987 1766 4070; baseline 0.001 -26"><span class='ocrx_word' id='word_1_607' title='bbox 131 3989 260 4062; x_wconf 76' lang='lat' dir='ltr'><strong>betunia,</strong></span> <span class='ocrx_word' id='word_1_608' title='bbox 284 4005 318 4047; x_wconf 83' lang='lat' dir='ltr'><strong>ex</strong></span> <span class='ocrx_word' id='word_1_609' title='bbox 336 3990 556 4047; x_wconf 87' lang='lat' dir='ltr'><strong>circumstantiis</strong></span> <span class='ocrx_word' id='word_1_610' title='bbox 575 3988 747 4063; x_wconf 88' lang='lat' dir='ltr'><strong>desumptis,</strong></span> <span class='ocrx_word' id='word_1_611' title='bbox 761 3995 789 4047; x_wconf 91' lang='lat' dir='ltr'><strong>et</strong></span> <span class='ocrx_word' id='word_1_612' title='bbox 807 4006 932 4064; x_wconf 80' lang='lat' dir='ltr'><strong>praescr·</strong></span> <span class='ocrx_word' id='word_1_613' title='bbox 966 3997 1036 4070; x_wconf 85' lang='lat' dir='ltr'><strong>leve,</strong></span> <span class='ocrx_word' id='word_1_614' title='bbox 1050 3996 1117 4053; x_wconf 87' lang='lat' dir='ltr'><strong>licet</strong></span> <span class='ocrx_word' id='word_1_615' title='bbox 1131 3995 1167 4051; x_wconf 89' lang='lat' dir='ltr'><strong>sit</strong></span> <span class='ocrx_word' id='word_1_616' title='bbox 1176 3995 1202 4050; x_wconf 93' lang='lat' dir='ltr'><strong>in</strong></span> <span class='ocrx_word' id='word_1_617' title='bbox 1212 3991 1290 4050; x_wconf 91' lang='lat' dir='ltr'><strong>bonis</strong></span> <span class='ocrx_word' id='word_1_618' title='bbox 1301 3990 1453 4064; x_wconf 88' lang='lat' dir='ltr'><strong>acquisitis,</strong></span> <span class='ocrx_word' id='word_1_619' title='bbox 1465 3993 1557 4062; x_wconf 91' lang='lat' dir='ltr'><strong>potest</strong></span> <span class='ocrx_word' id='word_1_620' title='bbox 1566 4005 1621 4047; x_wconf 91' lang='lat' dir='ltr'><strong>non</strong></span> <span class='ocrx_word' id='word_1_621' title='bbox 1636 3987 1766 4056; x_wconf 88' lang='lat' dir='ltr'><strong>sulllcere</strong></span> 
     </span>
     <span class='ocr_line' id='line_1_42' title="bbox 131 4076 1767 4155; baseline 0.001 -21"><span class='ocrx_word' id='word_1_622' title='bbox 131 4078 175 4136; x_wconf 92' lang='lat' dir='ltr'><strong>tim</strong></span> <span class='ocrx_word' id='word_1_623' title='bbox 192 4095 224 4138; x_wconf 82' lang='lat' dir='ltr'><strong>ex</strong></span> <span class='ocrx_word' id='word_1_624' title='bbox 243 4096 298 4138; x_wconf 87' lang='lat' dir='ltr'><strong>usu</strong></span> <span class='ocrx_word' id='word_1_625' title='bbox 314 4085 343 4136; x_wconf 90' lang='lat' dir='ltr'><strong>et</strong></span> <span class='ocrx_word' id='word_1_626' title='bbox 355 4076 437 4136; x_wconf 90' lang='lat' dir='ltr'><strong>modo</strong></span> <span class='ocrx_word' id='word_1_627' title='bbox 451 4079 602 4153; x_wconf 86' lang='lat' dir='ltr'><strong>regiminis,</strong></span> <span class='ocrx_word' id='word_1_628' title='bbox 618 4086 646 4137; x_wconf 90' lang='lat' dir='ltr'><strong>et</strong></span> <span class='ocrx_word' id='word_1_629' title='bbox 658 4095 692 4138; x_wconf 83' lang='lat' dir='ltr'><strong>ex</strong></span> <span class='ocrx_word' id='word_1_630' title='bbox 705 4094 783 4138; x_wconf 90' lang='lat' dir='ltr'><strong>more</strong></span> <span class='ocrx_word' id='word_1_631' title='bbox 797 4081 931 4155; x_wconf 83' lang='lat' dir='ltr'><strong>interpre·</strong></span> <span class='ocrx_word' id='word_1_632' title='bbox 966 4086 1001 4145; x_wconf 88' lang='lat' dir='ltr'><strong>ad</strong></span> <span class='ocrx_word' id='word_1_633' title='bbox 1026 4083 1218 4144; x_wconf 84' lang='lat' dir='ltr'><strong>excusandum</strong></span> <span class='ocrx_word' id='word_1_634' title='bbox 1242 4081 1276 4139; x_wconf 92' lang='lat' dir='ltr'><strong>ah</strong></span> <span class='ocrx_word' id='word_1_635' title='bbox 1299 4080 1461 4154; x_wconf 91' lang='lat' dir='ltr'><strong>obligatione</strong></span> <span class='ocrx_word' id='word_1_636' title='bbox 1485 4078 1568 4152; x_wconf 82' lang='lat' dir='ltr'><strong>legis3</strong></span> <span class='ocrx_word' id='word_1_637' title='bbox 1595 4080 1618 4136; x_wconf 91' lang='lat' dir='ltr'><strong>si</strong></span> <span class='ocrx_word' id='word_1_638' title='bbox 1639 4094 1704 4135; x_wconf 85' lang='lat' dir='ltr'><strong>vero</strong></span> <span class='ocrx_word' id='word_1_639' title='bbox 1724 4077 1767 4135; x_wconf 90' lang='lat' dir='ltr'><strong>lu·</strong></span> 
     </span>
     <span class='ocr_line' id='line_1_43' title="bbox 132 4165 1765 4244; baseline -0.001 -20"><span class='ocrx_word' id='word_1_640' title='bbox 132 4169 201 4226; x_wconf 91' lang='lat' dir='ltr'><strong>tandi</strong></span> <span class='ocrx_word' id='word_1_641' title='bbox 215 4170 319 4227; x_wconf 85' lang='lat' dir='ltr'><strong>similes</strong></span> <span class='ocrx_word' id='word_1_642' title='bbox 333 4169 417 4242; x_wconf 87' lang='lat' dir='ltr'><strong>leges.</strong></span> <span class='ocrx_word' id='word_1_643' title='bbox 946 4189 949 4194; x_wconf 90' lang='lat'>·</span> <span class='ocrx_word' id='word_1_644' title='bbox 966 4193 1047 4235; x_wconf 88' lang='lat' dir='ltr'><strong>crum</strong></span> <span class='ocrx_word' id='word_1_645' title='bbox 1062 4165 1330 4232; x_wconf 83' lang='lat' dir='ltr'><strong>cessanssitiust&#39;um</strong></span> <span class='ocrx_word' id='word_1_646' title='bbox 1339 4176 1369 4227; x_wconf 92' lang='lat' dir='ltr'><strong>et</strong></span> <span class='ocrx_word' id='word_1_647' title='bbox 1378 4184 1560 4243; x_wconf 87' lang='lat' dir='ltr'><strong>grave,saepe</strong></span> <span class='ocrx_word' id='word_1_648' title='bbox 1571 4169 1765 4244; x_wconf 89' lang='lat' dir='ltr'><strong>aequiparatur</strong></span> 
     </span>
    </p>

    <p class='ocr_par' dir='ltr' id='par_1_4' title="bbox 131 4257 1768 5140">
     <span class='ocr_line' id='line_1_44' title="bbox 169 4257 1765 4334; baseline -0.007 -9"><span class='ocrx_word' id='word_1_649' title='bbox 169 4261 214 4318; x_wconf 85' lang='lat'><strong>1⁰·</strong></span> <span class='ocrx_word' id='word_1_650' title='bbox 228 4261 319 4318; x_wconf 68' lang='lat' dir='ltr'><strong>Unam</strong></span> <span class='ocrx_word' id='word_1_651' title='bbox 340 4265 433 4316; x_wconf 65' lang='lat' dir='ltr'><strong>temen</strong></span> <span class='ocrx_word' id='word_1_652' title='bbox 455 4258 481 4315; x_wconf 69' lang='lat'><strong>5¹1</strong></span> <span class='ocrx_word' id='word_1_653' title='bbox 500 4257 662 4331; x_wconf 63' lang='lat' dir='ltr'><strong>particulari</strong></span> <span class='ocrx_word' id='word_1_654' title='bbox 680 4258 792 4316; x_wconf 67' lang='lat' dir='ltr'><strong>inseram</strong></span> <span class='ocrx_word' id='word_1_655' title='bbox 806 4276 839 4318; x_wconf 74' lang='lat' dir='ltr'><strong>ex</strong></span> <span class='ocrx_word' id='word_1_656' title='bbox 853 4259 931 4318; x_wconf 72' lang='lat' dir='ltr'><strong>dictis</strong></span> <span class='ocrx_word' id='word_1_657' title='bbox 966 4267 1083 4334; x_wconf 88' lang='lat' dir='ltr'><strong>damno,</strong></span> <span class='ocrx_word' id='word_1_658' title='bbox 1101 4262 1240 4321; x_wconf 87' lang='lat' dir='ltr'><strong>moraliter</strong></span> <span class='ocrx_word' id='word_1_659' title='bbox 1253 4259 1406 4334; x_wconf 92' lang='lat' dir='ltr'><strong>loquendo,</strong></span> <span class='ocrx_word' id='word_1_660' title='bbox 1422 4263 1453 4316; x_wconf 91' lang='lat' dir='ltr'><strong>ut</strong></span> <span class='ocrx_word' id='word_1_661' title='bbox 1469 4264 1577 4315; x_wconf 90' lang='lat' dir='ltr'><strong>constat</strong></span> <span class='ocrx_word' id='word_1_662' title='bbox 1590 4275 1623 4316; x_wconf 83' lang='lat' dir='ltr'><strong>ex</strong></span> <span class='ocrx_word' id='word_1_663' title='bbox 1637 4258 1656 4315; x_wconf 95' lang='lat' dir='ltr'><strong>l.</strong></span> <span class='ocrx_word' id='word_1_664' title='bbox 1674 4260 1765 4332; x_wconf 91' lang='lat' dir='ltr'><strong>unica,</strong></span> 
     </span>
     <span class='ocr_line' id='line_1_45' title="bbox 132 4335 1767 4432; baseline 0 -28"><span class='ocrx_word' id='word_1_665' title='bbox 132 4354 242 4420; x_wconf 90' lang='lat' dir='ltr'><strong>propter</strong></span> <span class='ocrx_word' id='word_1_666' title='bbox 257 4349 418 4421; x_wconf 90' lang='lat' dir='ltr'><strong>opinionum</strong></span> <span class='ocrx_word' id='word_1_667' title='bbox 430 4349 601 4421; x_wconf 80' lang='lat' dir='ltr'><strong>uarietatem,</strong></span> <span class='ocrx_word' id='word_1_668' title='bbox 614 4363 667 4405; x_wconf 91' lang='lat' dir='ltr'><strong>non</strong></span> <span class='ocrx_word' id='word_1_669' title='bbox 679 4347 768 4406; x_wconf 87' lang='lat' dir='ltr'><strong>solum</strong></span> <span class='ocrx_word' id='word_1_670' title='bbox 779 4364 860 4421; x_wconf 88' lang='lat' dir='ltr'><strong>posse</strong></span> <span class='ocrx_word' id='word_1_671' title='bbox 871 4365 933 4408; x_wconf 90' lang='lat' dir='ltr'><strong>ces·</strong></span> <span class='ocrx_word' id='word_1_672' title='bbox 959 4335 999 4414; x_wconf 62' lang='lat' dir='ltr'><strong>&#39;c.</strong></span> <span class='ocrx_word' id='word_1_673' title='bbox 1015 4355 1048 4413; x_wconf 85' lang='lat' dir='ltr'><strong>de</strong></span> <span class='ocrx_word' id='word_1_674' title='bbox 1062 4359 1180 4432; x_wconf 71' lang='lat' dir='ltr'><strong>sentent.</strong></span> <span class='ocrx_word' id='word_1_675' title='bbox 1196 4367 1267 4426; x_wconf 91' lang='lat' dir='ltr'><strong>quae</strong></span> <span class='ocrx_word' id='word_1_676' title='bbox 1282 4366 1333 4423; x_wconf 88' lang='lat' dir='ltr'><strong>pro</strong></span> <span class='ocrx_word' id='word_1_677' title='bbox 1343 4365 1388 4423; x_wconf 91' lang='lat' dir='ltr'><strong>eo,</strong></span> <span class='ocrx_word' id='word_1_678' title='bbox 1401 4348 1474 4424; x_wconf 92' lang='lat' dir='ltr'><strong>quod</strong></span> <span class='ocrx_word' id='word_1_679' title='bbox 1490 4348 1725 4422; x_wconf 89' lang='lat' dir='ltr'><strong>intereat,proler.</strong></span> <span class='ocrx_word' id='word_1_680' title='bbox 1739 4348 1767 4404; x_wconf 91' lang='lat' dir='ltr'><strong>in</strong></span> 
     </span>
     <span class='ocr_line' id='line_1_46' title="bbox 134 4435 1766 4514; baseline 0.002 -23"><span class='ocrx_word' id='word_1_681' title='bbox 134 4451 191 4493; x_wconf 88' lang='lat' dir='ltr'><strong>sare</strong></span> <span class='ocrx_word' id='word_1_682' title='bbox 201 4435 399 4511; x_wconf 87' lang='lat' dir='ltr'><strong>obligationem</strong></span> <span class='ocrx_word' id='word_1_683' title='bbox 408 4437 488 4512; x_wconf 85' lang='lat' dir='ltr'><strong>legis,</strong></span> <span class='ocrx_word' id='word_1_684' title='bbox 500 4437 610 4512; x_wconf 92' lang='lat' dir='ltr'><strong>quaudo</strong></span> <span class='ocrx_word' id='word_1_685' title='bbox 621 4437 647 4492; x_wconf 91' lang='lat' dir='ltr'><strong>in</strong></span> <span class='ocrx_word' id='word_1_686' title='bbox 659 4437 820 4509; x_wconf 86' lang='lat' dir='ltr'><strong>particulaii</strong></span> <span class='ocrx_word' id='word_1_687' title='bbox 832 4445 932 4497; x_wconf 81' lang='lat' dir='ltr'><strong>eventu</strong></span> <span class='ocrx_word' id='word_1_688' title='bbox 967 4447 1029 4504; x_wconf 76' lang='lat' dir='ltr'><strong>fine.</strong></span> <span class='ocrx_word' id='word_1_689' title='bbox 1042 4446 1078 4504; x_wconf 75' lang='lat' dir='ltr'><strong>Et</strong></span> <span class='ocrx_word' id='word_1_690' title='bbox 1090 4461 1146 4503; x_wconf 84' lang='lat' dir='ltr'><strong>usu</strong></span> <span class='ocrx_word' id='word_1_691' title='bbox 1161 4447 1304 4514; x_wconf 84' lang='lat' dir='ltr'><strong>receptum</strong></span> <span class='ocrx_word' id='word_1_692' title='bbox 1317 4439 1453 4512; x_wconf 83' lang='lat' dir='ltr'><strong>ridemus,</strong></span> <span class='ocrx_word' id='word_1_693' title='bbox 1463 4441 1591 4497; x_wconf 80' lang='lat' dir='ltr'><strong>excusari</strong></span> <span class='ocrx_word' id='word_1_694' title='bbox 1602 4439 1721 4513; x_wconf 88' lang='lat' dir='ltr'><strong>aliquem</strong></span> <span class='ocrx_word' id='word_1_695' title='bbox 1733 4438 1766 4495; x_wconf 93' lang='lat' dir='ltr'><strong>ab</strong></span> 
     </span>
     <span class='ocr_line' id='line_1_47' title="bbox 132 4527 1768 4612; baseline -0.005 -20"><span class='ocrx_word' id='word_1_696' title='bbox 132 4535 201 4585; x_wconf 67' lang='lat' dir='ltr'><strong>tarel</strong></span> <span class='ocrx_word' id='word_1_697' title='bbox 223 4533 326 4587; x_wconf 75' lang='lat' dir='ltr'><strong>contla</strong></span> <span class='ocrx_word' id='word_1_698' title='bbox 346 4528 449 4585; x_wconf 72' lang='lat' dir='ltr'><strong>bollum</strong></span> <span class='ocrx_word' id='word_1_699' title='bbox 470 4542 618 4585; x_wconf 78' lang='lat' dir='ltr'><strong>commune</strong></span> <span class='ocrx_word' id='word_1_700' title='bbox 636 4543 745 4586; x_wconf 66' lang='lat' dir='ltr'><strong>servule</strong></span> <span class='ocrx_word' id='word_1_701' title='bbox 763 4527 868 4604; x_wconf 65' lang='lat' dir='ltr'><strong>legem</strong></span> <span class='ocrx_word' id='word_1_702' title='bbox 885 4528 933 4586; x_wconf 72' lang='lat' dir='ltr'><strong>led</strong></span> <span class='ocrx_word' id='word_1_703' title='bbox 968 4535 1157 4612; x_wconf 80' lang='lat' dir='ltr'><strong>qbservatione</strong></span> <span class='ocrx_word' id='word_1_704' title='bbox 1170 4532 1242 4602; x_wconf 85' lang='lat' dir='ltr'><strong>sesti,</strong></span> <span class='ocrx_word' id='word_1_705' title='bbox 1257 4544 1291 4586; x_wconf 92' lang='lat' dir='ltr'><strong>ne</strong></span> <span class='ocrx_word' id='word_1_706' title='bbox 1304 4535 1463 4587; x_wconf 91' lang='lat' dir='ltr'><strong>currentem</strong></span> <span class='ocrx_word' id='word_1_707' title='bbox 1475 4535 1504 4585; x_wconf 91' lang='lat' dir='ltr'><strong>et</strong></span> <span class='ocrx_word' id='word_1_708' title='bbox 1518 4535 1704 4586; x_wconf 88' lang='lat' dir='ltr'><strong>transeuntem</strong></span> <span class='ocrx_word' id='word_1_709' title='bbox 1719 4543 1768 4586; x_wconf 91' lang='lat' dir='ltr'><strong>oc·</strong></span> 
     </span>
     <span class='ocr_line' id='line_1_48' title="bbox 131 4616 1766 4694; baseline -0.006 -12"><span class='ocrx_word' id='word_1_710' title='bbox 131 4618 234 4676; x_wconf 78' lang='lat' dir='ltr'><strong>suamet</strong></span> <span class='ocrx_word' id='word_1_711' title='bbox 252 4618 292 4674; x_wconf 77' lang='lat' dir='ltr'><strong>sis</strong></span> <span class='ocrx_word' id='word_1_712' title='bbox 307 4623 413 4674; x_wconf 82' lang='lat' dir='ltr'><strong>tentum</strong></span> <span class='ocrx_word' id='word_1_713' title='bbox 427 4622 523 4674; x_wconf 82' lang='lat' dir='ltr'><strong>eontra</strong></span> <span class='ocrx_word' id='word_1_714' title='bbox 538 4618 639 4674; x_wconf 85' lang='lat' dir='ltr'><strong>bonum</strong></span> <span class='ocrx_word' id='word_1_715' title='bbox 651 4616 933 4690; x_wconf 79' lang='lat' dir='ltr'><strong>peruenissteperso·</strong></span> <span class='ocrx_word' id='word_1_716' title='bbox 967 4627 1111 4682; x_wconf 81' lang='lat' dir='ltr'><strong>castorem</strong></span> <span class='ocrx_word' id='word_1_717' title='bbox 1136 4622 1227 4694; x_wconf 78' lang='lat' dir='ltr'><strong>magni</strong></span> <span class='ocrx_word' id='word_1_718' title='bbox 1251 4619 1323 4676; x_wconf 82' lang='lat' dir='ltr'><strong>lueri</strong></span> <span class='ocrx_word' id='word_1_719' title='bbox 1347 4617 1461 4675; x_wconf 84' lang='lat' dir='ltr'><strong>amitus.</strong></span> <span class='ocrx_word' id='word_1_720' title='bbox 1482 4617 1568 4690; x_wconf 82' lang='lat' dir='ltr'><strong>igitur</strong></span> <span class='ocrx_word' id='word_1_721' title='bbox 1588 4617 1653 4675; x_wconf 81' lang='lat' dir='ltr'><strong>lieet</strong></span> <span class='ocrx_word' id='word_1_722' title='bbox 1673 4618 1766 4674; x_wconf 80' lang='lat' dir='ltr'><strong>vitano</strong></span> 
     </span>
     <span class='ocr_line' id='line_1_49' title="bbox 132 4693 1767 4784; baseline -0.005 -13"><span class='ocrx_word' id='word_1_723' title='bbox 132 4721 195 4780; x_wconf 81' lang='lat' dir='ltr'><strong>nse,</strong></span> <span class='ocrx_word' id='word_1_724' title='bbox 210 4707 365 4765; x_wconf 82' lang='lat' dir='ltr'><strong>dummodo</strong></span> <span class='ocrx_word' id='word_1_725' title='bbox 380 4707 414 4765; x_wconf 82' lang='lat' dir='ltr'><strong>stt</strong></span> <span class='ocrx_word' id='word_1_726' title='bbox 427 4693 625 4764; x_wconf 75' lang='lat' dir='ltr'><strong>nocumentum</strong></span> <span class='ocrx_word' id='word_1_727' title='bbox 641 4706 933 4780; x_wconf 67' lang='lat' dir='ltr'><strong>genestonensia</strong></span> <span class='ocrx_word' id='word_1_728' title='bbox 967 4713 1059 4772; x_wconf 83' lang='lat' dir='ltr'><strong>damni</strong></span> <span class='ocrx_word' id='word_1_729' title='bbox 1078 4711 1243 4784; x_wconf 79' lang='lat' dir='ltr'><strong>emergentis</strong></span> <span class='ocrx_word' id='word_1_730' title='bbox 1263 4725 1297 4765; x_wconf 82' lang='lat' dir='ltr'><strong>ex</strong></span> <span class='ocrx_word' id='word_1_731' title='bbox 1316 4723 1417 4783; x_wconf 84' lang='lat' dir='ltr'><strong>genere</strong></span> <span class='ocrx_word' id='word_1_732' title='bbox 1438 4707 1599 4765; x_wconf 80' lang='lat' dir='ltr'><strong>scelestior</strong></span> <span class='ocrx_word' id='word_1_733' title='bbox 1616 4713 1644 4764; x_wconf 86' lang='lat' dir='ltr'><strong>et</strong></span> <span class='ocrx_word' id='word_1_734' title='bbox 1658 4707 1767 4782; x_wconf 82' lang='lat' dir='ltr'><strong>gravior</strong></span> 
     </span>
     <span class='ocr_line' id='line_1_50' title="bbox 132 4795 1765 4874; baseline 0 -22"><span class='ocrx_word' id='word_1_735' title='bbox 132 4797 197 4854; x_wconf 89' lang='lat' dir='ltr'><strong>ratio</strong></span> <span class='ocrx_word' id='word_1_736' title='bbox 220 4797 380 4858; x_wconf 88' lang='lat' dir='ltr'><strong>communis</strong></span> <span class='ocrx_word' id='word_1_737' title='bbox 401 4798 463 4854; x_wconf 91' lang='lat' dir='ltr'><strong>honi</strong></span> <span class='ocrx_word' id='word_1_738' title='bbox 484 4797 587 4871; x_wconf 89' lang='lat' dir='ltr'><strong>obliget</strong></span> <span class='ocrx_word' id='word_1_739' title='bbox 606 4797 641 4854; x_wconf 89' lang='lat' dir='ltr'><strong>sd</strong></span> <span class='ocrx_word' id='word_1_740' title='bbox 661 4795 727 4854; x_wconf 92' lang='lat' dir='ltr'><strong>illud</strong></span> <span class='ocrx_word' id='word_1_741' title='bbox 746 4797 931 4870; x_wconf 83' lang='lat' dir='ltr'><strong>inserendum,</strong></span> <span class='ocrx_word' id='word_1_742' title='bbox 967 4819 1052 4860; x_wconf 89' lang='lat' dir='ltr'><strong>causa</strong></span> <span class='ocrx_word' id='word_1_743' title='bbox 1073 4802 1124 4874; x_wconf 89' lang='lat' dir='ltr'><strong>sit,</strong></span> <span class='ocrx_word' id='word_1_744' title='bbox 1145 4807 1237 4857; x_wconf 89' lang='lat' dir='ltr'><strong>tamen</strong></span> <span class='ocrx_word' id='word_1_745' title='bbox 1258 4797 1338 4855; x_wconf 86' lang='lat' dir='ltr'><strong>etiarn</strong></span> <span class='ocrx_word' id='word_1_746' title='bbox 1359 4797 1411 4854; x_wconf 86' lang='lat' dir='ltr'><strong>elin</strong></span> <span class='ocrx_word' id='word_1_747' title='bbox 1431 4802 1522 4868; x_wconf 89' lang='lat' dir='ltr'><strong>potest</strong></span> <span class='ocrx_word' id='word_1_748' title='bbox 1536 4797 1680 4870; x_wconf 84' lang='lat' dir='ltr'><strong>sufficere,</strong></span> <span class='ocrx_word' id='word_1_749' title='bbox 1695 4803 1724 4854; x_wconf 90' lang='lat' dir='ltr'><strong>et</strong></span> <span class='ocrx_word' id='word_1_750' title='bbox 1738 4798 1765 4852; x_wconf 89' lang='lat' dir='ltr'><strong>in</strong></span> 
     </span>
     <span class='ocr_line' id='line_1_51' title="bbox 132 4885 1767 4963; baseline 0 -21"><span class='ocrx_word' id='word_1_751' title='bbox 132 4885 172 4944; x_wconf 81' lang='lat' dir='ltr'><strong>rel</strong></span> <span class='ocrx_word' id='word_1_752' title='bbox 187 4885 416 4962; x_wconf 89' lang='lat' dir='ltr'><strong>permittendum:</strong></span> <span class='ocrx_word' id='word_1_753' title='bbox 433 4903 496 4945; x_wconf 89' lang='lat' dir='ltr'><strong>nam</strong></span> <span class='ocrx_word' id='word_1_754' title='bbox 510 4894 576 4944; x_wconf 91' lang='lat' dir='ltr'><strong>tunc</strong></span> <span class='ocrx_word' id='word_1_755' title='bbox 596 4887 699 4944; x_wconf 90' lang='lat' dir='ltr'><strong>iustitia</strong></span> <span class='ocrx_word' id='word_1_756' title='bbox 714 4886 755 4944; x_wconf 84' lang='lat' dir='ltr'><strong>vel</strong></span> <span class='ocrx_word' id='word_1_757' title='bbox 769 4887 871 4944; x_wconf 88' lang='lat' dir='ltr'><strong>caritas</strong></span> <span class='ocrx_word' id='word_1_758' title='bbox 892 4889 934 4945; x_wconf 91' lang='lat' dir='ltr'><strong>iu·</strong></span> <span class='ocrx_word' id='word_1_759' title='bbox 967 4892 1126 4952; x_wconf 81' lang='lat' dir='ltr'><strong>universum</strong></span> <span class='ocrx_word' id='word_1_760' title='bbox 1147 4886 1299 4963; x_wconf 89' lang='lat' dir='ltr'><strong>loquendo,</strong></span> <span class='ocrx_word' id='word_1_761' title='bbox 1314 4886 1405 4943; x_wconf 89' lang='lat' dir='ltr'><strong>omnia</strong></span> <span class='ocrx_word' id='word_1_762' title='bbox 1424 4892 1490 4943; x_wconf 92' lang='lat' dir='ltr'><strong>sunt</strong></span> <span class='ocrx_word' id='word_1_763' title='bbox 1508 4885 1719 4958; x_wconf 88' lang='lat' dir='ltr'><strong>consideranda,</strong></span> <span class='ocrx_word' id='word_1_764' title='bbox 1734 4891 1767 4943; x_wconf 90' lang='lat' dir='ltr'><strong>ut</strong></span> 
     </span>
     <span class='ocr_line' id='line_1_52' title="bbox 132 4975 1665 5058; baseline -0.006 -17"><span class='ocrx_word' id='word_1_765' title='bbox 132 4976 177 5034; x_wconf 85' lang='lat' dir='ltr'><strong>bes</strong></span> <span class='ocrx_word' id='word_1_766' title='bbox 195 4978 300 5034; x_wconf 78' lang='lat' dir='ltr'><strong>evitare</strong></span> <span class='ocrx_word' id='word_1_767' title='bbox 321 4975 374 5034; x_wconf 85' lang='lat' dir='ltr'><strong>mle</strong></span> <span class='ocrx_word' id='word_1_768' title='bbox 394 4982 591 5036; x_wconf 74' lang='lat' dir='ltr'><strong>recrementum</strong></span> <span class='ocrx_word' id='word_1_769' title='bbox 606 4977 737 5050; x_wconf 79' lang='lat' dir='ltr'><strong>proximi,</strong></span> <span class='ocrx_word' id='word_1_770' title='bbox 755 4977 801 5033; x_wconf 83' lang='lat' dir='ltr'><strong>cui</strong></span> <span class='ocrx_word' id='word_1_771' title='bbox 815 4992 869 5033; x_wconf 85' lang='lat' dir='ltr'><strong>noo</strong></span> <span class='ocrx_word' id='word_1_772' title='bbox 883 4993 933 5050; x_wconf 87' lang='lat' dir='ltr'><strong>pa·</strong></span> <span class='ocrx_word' id='word_1_773' title='bbox 966 4981 1088 5058; x_wconf 85' lang='lat' dir='ltr'><strong>prudens</strong></span> <span class='ocrx_word' id='word_1_774' title='bbox 1101 4979 1230 5040; x_wconf 82' lang='lat' dir='ltr'><strong>iudicium</strong></span> <span class='ocrx_word' id='word_1_775' title='bbox 1244 4979 1273 5037; x_wconf 88' lang='lat' dir='ltr'><strong>tn</strong></span> <span class='ocrx_word' id='word_1_776' title='bbox 1286 4976 1456 5051; x_wconf 81' lang='lat' dir='ltr'><strong>contingenti</strong></span> <span class='ocrx_word' id='word_1_777' title='bbox 1468 4992 1535 5034; x_wconf 82' lang='lat' dir='ltr'><strong>csso</strong></span> <span class='ocrx_word' id='word_1_778' title='bbox 1551 4977 1665 5036; x_wconf 73' lang='lat' dir='ltr'><strong>lentur.</strong></span> 
     </span>
     <span class='ocr_line' id='line_1_53' title="bbox 132 5064 1385 5140; baseline 0.002 -16"><span class='ocrx_word' id='word_1_779' title='bbox 132 5071 183 5125; x_wconf 88' lang='lat' dir='ltr'><strong>test</strong></span> <span class='ocrx_word' id='word_1_780' title='bbox 200 5064 243 5126; x_wconf 80' lang='lat' dir='ltr'><strong>lex</strong></span> <span class='ocrx_word' id='word_1_781' title='bbox 265 5066 387 5125; x_wconf 87' lang='lat' dir='ltr'><strong>humana</strong></span> <span class='ocrx_word' id='word_1_782' title='bbox 404 5065 599 5125; x_wconf 88' lang='lat' dir='ltr'><strong>rationabiliter</strong></span> <span class='ocrx_word' id='word_1_783' title='bbox 619 5065 728 5140; x_wconf 91' lang='lat' dir='ltr'><strong>opponi.</strong></span> <span class='ocrx_word' id='word_1_784' title='bbox 749 5066 791 5125; x_wconf 90' lang='lat' dir='ltr'><strong>lta</strong></span> <span class='ocrx_word' id='word_1_785' title='bbox 805 5068 871 5126; x_wconf 81' lang='lat' dir='ltr'><strong>soto</strong></span> <span class='ocrx_word' id='word_1_786' title='bbox 885 5083 933 5126; x_wconf 87' lang='lat' dir='ltr'><strong>an·</strong></span> <span class='ocrx_word' id='word_1_787' title='bbox 1346 5094 1385 5112; x_wconf 90' lang='lat'><em>-</em></span> 
     </span>
    </p>
   </div>
   <div class='ocr_carea' id='block_1_3' title="bbox 205 5353 587 5413">
    <p class='ocr_par' dir='ltr' id='par_1_5' title="bbox 205 5353 587 5413">
     <span class='ocr_line' id='line_1_54' title="bbox 205 5353 587 5413; baseline -0.024 -5"><span class='ocrx_word' id='word_1_788' title='bbox 205 5358 302 5413; x_wconf 75' lang='lat' dir='ltr'><strong>Sama,</strong></span> <span class='ocrx_word' id='word_1_789' title='bbox 318 5353 587 5410; x_wconf 77' lang='lat' dir='ltr'><strong>Delenitus-Parati.</strong></span> 
     </span>
    </p>
   </div>
   <div class='ocr_carea' id='block_1_4' title="bbox 0 0 2144 6242">
    <p class='ocr_par' dir='ltr' id='par_1_6' title="bbox 0 0 2144 6242">
     <span class='ocr_line' id='line_1_55' title="bbox 0 0 2144 6242; baseline 0 1"><span class='ocrx_word' id='word_1_790' title='bbox 0 0 2144 6242; x_wconf 95' lang='lat' dir='ltr'><strong> </strong></span> 
     </span>
    </p>
   </div>
  </div>
 </body>
</html>
