4284 6246
874 351 1083 406 4444444444.
1695 341 1759 408 aab

142 489 259 550 risimile
276 499 333 563 est,
349 486 520 562 superiorem
533 500 589 544 non
603 478 956 553 concessurumdispanaa·
994 481 1072 538 satio.
1095 477 1173 538 Unda
1197 479 1224 538 ia
1245 478 1299 540 bon
1320 495 1389 540 4444
1409 479 1638 554 dispensationem
1659 481 1796 544 interiori,

144 583 267 652 tionem,
287 581 310 636 si
334 578 434 652 prioris
455 575 642 650 denegationis
657 573 816 631 memoriam
831 571 872 627 441
891 572 959 628 noti·
993 585 1054 626 esee
1072 569 1233 639 invalidam,
1253 575 1327 628 tanet
1347 571 1420 630 idem
1441 571 1557 630 Saucius
1579 571 1653 630 dioto
1677 572 1745 631 libro
1767 581 1795 646 8,

144 675 214 730 tiam
228 669 354 728 baberet.
374 670 410 726 Et
424 671 462 726 444
476 665 709 740 dispensationem
720 677 781 719 ease
791 660 905 728 nullam,
918 661 957 717 in·
994 658 1065 730 disp.
1081 661 1126 728 44,
1139 665 1213 730 nub,
1224 659 1288 718 licet
1302 667 1414 731 propter
1427 660 1506 718 aliam
1519 661 1664 732 rationem,
1678 663 1795 736 44444444,

144 761 252 820 directe
268 761 387 816 asseruit
406 757 532 815 llenoeb.
545 755 564 812 l.
580 760 608 812 2.
621 753 655 810 44
666 753 795 810 arbitrar.
810 765 878 808 4444
890 755 957 822 204,
995 750 1060 820 quia
1077 764 1108 806 eo
1121 751 1193 820 ipso,
1205 748 1277 820 quod
1290 749 1411 808 Pontifex
1422 749 1576 823 denegavit,
1588 750 1697 814 ridetur
1711 752 1797 810 leont

144 869 174 908 4.
191 857 219 911 6.
238 851 416 910 Contrarium
434 843 811 920 tamenopinatusestsaac.
823 841 869 898 tib.
885 845 911 898 8.
924 839 959 898 de
994 845 1077 894 tatem
1091 831 1201 894 auterre
1213 837 1353 894 roleraurr
1347 853 1374 895 ua
1385 838 1431 894 allo
1442 854 1510 896 4444
1519 838 1679 910 4444444444
1688 840 1796 912 daspan

147 942 272 997 matrim.
294 939 366 1011 disp.
382 942 435 1004 22,
452 953 479 992 ιι.
502 940 546 1007 44,
560 929 959 1006 quiaboanulloiuredispn·
996 917 1709 1000 sandi,ntatnovsoousaemergente,saupropostta.
1719 930 1798 988 lutto

148 1035 246 1100 natur,
267 1043 357 1101 neque
372 1025 406 1084 ab
421 1025 478 1082 aliia
490 1023 651 1082 auctoribus
663 1022 807 1091 asseritur,
819 1034 869 1076 nec
882 1018 959 1076 sulli-
996 1028 1079 1086 quam
1102 1015 1233 1072 rationem
1253 1029 1306 1070 non
1326 1013 1456 1072 tundatur
1471 1015 1538 1074 haec
1557 1015 1689 1074 auilites
1683 1033 1709 1074 ro
1722 1017 1797 1076 dele·

148 1120 234 1177 aienti
261 1119 365 1176 ratione
386 1115 531 1189 probatur.
552 1113 627 1182 Quae
648 1111 781 1168 sententia
800 1108 864 1166 mibi
878 1111 958 1166 etiam
997 1111 1046 1162 otu
1070 1103 1233 1174 voluntatis,
1256 1103 1332 1162 444
1325 1121 1351 1160 44
1373 1103 1484 1164 4444444
1503 1107 1653 1178 potestatis.
1671 1106 1748 1164 Unde
1769 1109 1797 1166 44

149 1209 264 1280 placet,
279 1209 345 1281 qula
359 1204 405 1262 ilia
420 1204 605 1276 praesumptio
621 1199 714 1257 nullo
708 1213 766 1256 rure
778 1197 888 1255 lundata
902 1204 958 1268 est,
997 1194 1073 1252 iuxta
1088 1193 1157 1252 banc
1173 1197 1346 1266 sententiam,
1364 1202 1394 1253 ut
1406 1194 1472 1253 licet
1484 1197 1613 1268 episcopo
1629 1196 1798 1270 declaretur,

150 1313 204 1356 nec
225 1313 276 1370 per
303 1313 331 1353 44
351 1301 475 1370 spectata
494 1301 537 1350 est
557 1291 709 1348 4444444444.
725 1290 760 1345 Et
773 1285 881 1360 quidem
896 1289 919 1344 si
934 1287 960 1343 in
996 1285 1173 1344 l‘outilicem'
1167 1300 1194 1340 m
1210 1283 1256 1340 tali
1272 1301 1340 1344 casu
1352 1284 1474 1344 uoluisse
1488 1281 1655 1374 4444444444,
1669 1287 1732 1345 44444
1745 1288 1800 1346 444-

151 1385 280 1444 4444444
298 1374 961 1458 petitionepluresrationeaetcausaeallegan-
998 1388 1112 1444 pensare
1132 1380 1237 1446 tentet,
1258 1373 1323 1432 nibil
1345 1374 1462 1444 alliciat,
1478 1393 1542 1450 quaa
1556 1378 1679 1450 privatus
1693 1385 1736 1436 444
1749 1396 1798 1448 44

153 1486 212 1546 tur,
231 1491 305 1550 qrrae
320 1473 548 1546 dispensationem
564 1485 649 1541 magra
665 1469 826 1538 bonesteut
841 1473 869 1522 et
880 1480 961 1536 supe
997 1467 1107 1522 testate.
1123 1464 1201 1523 Sicut
1215 1471 1361 1537 postquam
1373 1465 1494 1524 Pontiier
1505 1467 1799 1540 aliquamcoodsmng

153 1567 257 1625 riorem
278 1565 365 1637 magis
386 1577 495 1620 morare
514 1558 664 1632 prudenter
684 1556 809 1628 possint,
828 1563 960 1611 tuncnec
998 1551 1052 1620 444,
1074 1553 1651 1626 nonpotestapiacopusillumabsoltere,
1666 1556 1799 1614 liceticr·

153 1657 304 1732 probabilia
321 1663 364 1712 eat
376 1653 422 1710 illa
436 1645 634 1725 praesumptio,
650 1661 701 1705 nec
715 1646 741 1702 44
755 1661 787 1702 44
797 1661 864 1702 casu
876 1659 960 1717 aupe-
1001 1645 1073 1698 tasse
1085 1643 1230 1712 potuisset,
1243 1644 1266 1698 ai
1277 1657 1361 1700 causa
1372 1645 1447 1716 prius
1459 1643 1492 1700 ed
1503 1644 1579 1702 illum
1589 1645 1677 1704 delata
1689 1647 1794 1704 luisset.

154 1748 212 1805 rior
234 1754 311 1802 asset
329 1741 525 1802 rationabilitas
545 1740 656 1796 4444444.
679 1738 706 1794 Si
727 1724 822 1793 autam
842 1734 905 1792 nibil
926 1732 961 1790 de
1037 1732 1108 1788 llaec
1121 1747 1186 1790 vera
1198 1731 1459 1808 ablatiopotestatis,
1467 1737 1626 1808 praesertim
1634 1736 1798 1809 ordinariae,

155 1853 229 1894 novo
250 1833 378 1903 additur,
401 1831 448 1888 444
469 1831 564 1888 eadem
581 1821 724 1898 repetitio,
738 1823 962 1882 etcttmeisdem
998 1820 1063 1878 mtbr
1078 1836 1131 1879 non
1148 1821 1255 1880 4444444
1268 1822 1438 1882 sufficienter
1454 1825 1572 1896 probari,
1587 1841 1651 1898 qttaa
1665 1826 1709 1882 tila
1720 1842 1795 1897 prae·

157 1921 438 1994 circumstantiis,rei
449 1933 533 1975 carrea
545 1919 619 1988 prior
629 1922 689 1972 4444
698 1913 852 1982 4444444444,
866 1919 898 1969 ut
908 1911 962 1968 dia·
1000 1913 1122 1983 sumptio
1135 1911 1231 1970 uullo'
1223 1929 1283 1970 aure
1298 1911 1440 1979 44444444,
1456 1929 1545 1987 noque
1555 1930 1588 1972 ex
1601 1913 1645 1970 illo
1656 1914 1728 1972 lacto
1743 1915 1800 1974 sus.

156 2013 283 2086 pensatio
304 2019 378 2067 esset
391 2008 494 2078 aalide,
510 2009 532 2062 si
552 2003 766 2074 concederetur3
784 2008 813 2059 et
827 2003 862 2058 ita
877 2002 903 2058 iu
919 2017 964 2058 se-
998 2001 1121 2058 iaeienter
1140 2001 1294 2076 colligitur,
1314 2002 1486 2061 considerata
1503 2011 1604 2061 natura
1621 2004 1800 2077 dispensatio.

157 2101 250 2160 cunda
267 2104 327 2157 4444
340 2097 394 2155 4444
408 2097 558 2163 subiciens,
574 2094 638 2167 quia
654 2093 729 2164 prior
743 2091 885 2165 denegatio
897 2090 962 2150 nibil
999 2092 1053 2162 nis,
1069 2107 1140 2164 quae
1154 2099 1197 2150 444
1211 2093 1345 2164 quaedam
1359 2095 1458 2166 gratia.
1470 2095 1539 2152 Cum
1551 2095 1621 2154 enim
1633 2093 1796 2167 dispensatio

157 2191 192 2250 td
207 2205 323 2254 causam
338 2188 431 2258 444444,
443 2193 471 2243 44
485 2187 519 2243 ob
529 2199 589 2242 eam
601 2183 686 2240 solam
697 2195 810 2239 causam
823 2180 962 2253 denegare
999 2197 1053 2238 non
1076 2183 1112 2240 sit
1133 2181 1237 2254 debita,
1257 2189 1349 2254 potest
1366 2182 1496 2257 denegari
1515 2200 1531 2241 4
1548 2186 1678 2242 Pontidce
1692 2200 1724 2240 ex
1740 2184 1800 2241 4444

155 2281 387 2354 dispensationem
412 2292 464 2334 noa
487 2273 601 2332 ridetur
617 2271 712 2330 rationi
733 2277 960 2340 consentaneum,
999 2269 1157 2337 voluntatea
1171 2286 1240 2343 ergo
1254 2287 1302 2343 per
1317 2271 1367 2329 boc
1383 2288 1437 2330 non
1450 2281 1503 2344 est,
1519 2289 1572 2330 cur
1589 2281 1736 2333 censeatur
1751 2289 1800 2332 au·

157 2389 223 2429 naut
244 2372 267 2426 44
286 2370 357 2427 iusta
376 2381 463 2424 44444
478 2364 584 2431 subest,
599 2363 689 2435 potius
703 2360 784 2418 decet
798 2359 914 2429 priorem
930 2359 965 2415 44·
1001 2360 1071 2417 lerre
1086 2360 1119 2418 ab
1133 2359 1250 2418 inferiori
1263 2367 1426 2432 potestatem
1439 2363 1516 2421 illam.
1529 2363 1708 2432 concedendi,
1722 2364 1744 2422 44
1755 2381 1801 2422 44-

159 2475 254 2534 gorem
277 2466 447 2529 temperare3
465 2461 513 2511 aut
528 2467 592 2510 4444
608 2453 678 2509 44444
692 2463 777 2506 44444
790 2447 964 2520 dispensandi
999 2449 1040 2507 lit.
1057 2441 1156 2508 Deinde
1170 2447 1313 2522 denegatio
1328 2449 1535 2522 dispensationis
1552 2459 1642 2524 potest
1657 2455 1800 2524 provenire

159 2567 213 2607 non
236 2549 350 2616 subest,
372 2553 402 2603 et
422 2552 489 2601 tunc
503 2540 628 2616 neganda
642 2545 716 2596 esset
727 2537 909 2610 dispensatio,
923 2543 964 2594 et·
1000 2555 1033 2595 ex
1047 2538 1206 2612 particulari
1223 2538 1336 2610 iudicio,
1352 2541 1428 2612 quod
1442 2541 1598 2598 4444444444
1611 2557 1665 2598 444
1676 2541 1799 2600 sulliciat

160 2640 239 2696 444444
262 2640 340 2710 prius
361 2639 459 2708 negata
478 2649 532 2690 non
552 2631 659 2689 luisset.
676 2631 749 2688 llaec
762 2643 829 2701 ergo
844 2630 965 2684 circum·
1000 2628 1035 2687 ad
1053 2630 1155 2686 iustam
1169 2628 1414 2701 dispensationem,
1432 2631 1479 2687 444
1493 2632 1641 2703 444444444
1657 2649 1710 2688 444
1726 2640 1800 2689 4444-

160 2727 264 2786 stantia
285 2725 469 2798 praecedens,
490 2721 530 2777 vel
552 2721 683 2778 memoria
707 2719 766 2776 eius
785 2718 968 2795 impertinens,
1002 2724 1049 2774 tur
1066 2718 1233 2774 coniornmri
1247 2719 1370 2775 Pontifici
1383 2721 1411 2775 iu
1428 2718 1479 2776 boc
1494 2719 1610 2792 iudici03
1630 2737 1697 2794 ergo
1712 2737 1801 2794 neque

160 2824 204 2874 444
216 2815 252 2874 44
266 2814 386 2872 retorem
400 2811 608 2884 dispensationis
622 2816 717 2880 postea
731 2807 913 2864 subsec'utaei
1001 2807 1027 2863 44
1041 2823 1074 2864 44
1089 2821 1156 2864 4444
1172 2814 1282 2864 4444444
1297 2822 1483 2880 4444444444,
1499 2808 1582 2867 luisse
1598 2815 1717 2866 mentem
1732 2811 1802 2866 120⁰.

202 2911 233 2966 2.
250 2907 339 2977 btqua
360 2902 427 2958 baec
448 2898 577 2957 resolutio
597 2897 737 2970 procedit,
753 2903 813 2954 turn
827 2895 852 2952 44
866 2894 966 2952 eadem
1002 2897 1080 2954 tidcia
1095 2897 1120 2952 in
1136 2897 1181 2954 illo
1195 2913 1274 2968 casu,
1287 2896 1338 2954 sibi
1349 2897 1455 2954 4444444
1466 2903 1628 2968 potestatem
1644 2898 1802 2970 dispensan-

162 3010 293 3069 persona,
309 2990 419 3066 qnando
434 2995 546 3062 propter
558 2987 738 3044 mutationem
751 2985 880 3056 temporis
892 2985 965 3056 prio·
1001 2983 1038 3042 di.
1056 2987 1112 3042 lmo
1127 2989 1218 3058 potest
1232 2986 1386 3058 praesumi,
1402 2985 1520 3044 44444444
1534 3004 1563 3044 44
1582 3003 1746 3057 exonerare,
1762 2996 1803 3045 ta·

161 3089 201 3142 ris
214 3082 401 3156 denegationis
420 3077 503 3136 oblitu
517 3084 575 3148 est,
592 3091 653 3132 nam
669 3076 702 3132 de
718 3073 761 3130 illa
775 3073 891 3130 manime
903 3087 967 3152 pro·
1001 3075 1054 3146 cite
1068 3074 1209 3132 subditum
1224 3075 1258 3132 ad
1273 3091 1354 3132 suum
1370 3071 1537 3134 ordinarium
1550 3076 1719 3133 remittendo.
1732 3079 1803 3135 Gon.

162 3175 237 3234 44444
257 3173 402 3229 discursus
421 3169 526 3240 44444444
542 3174 600 3225 tum
615 3168 642 3222 io
658 3179 821 3222 successore
836 3170 966 3234 44444444
1003 3164 1324 3237 sequentia'curnmainri
1335 3164 1444 3224 ridetur
1455 3165 1541 3222 olera.
1555 3167 1640 3224 llinor
1652 3172 1744 3224 autem
1755 3184 1804 3240 pa·

163 3262 388 3336 praedecessoris
409 3260 437 3314 in
457 3257 550 3315 eadem
572 3254 650 3324 sede,
666 3256 732 3326 qaaia
746 3252 826 3310 babet
839 3251 965 3309 eamdem
1002 3259 1058 3324 tet,
1078 3256 1143 3327 quia
1156 3254 1220 3312 licet
1234 3257 1306 3326 Papa
1319 3271 1373 3312 nun
1387 3255 1474 3312 444444
1487 3255 1647 3328 dispensare
1662 3272 1697 3314 er
1712 3258 1803 3330 aliqua

163 3358 346 3425 potestatem,
361 3356 389 3407 et
402 3363 455 3405 uon
471 3346 574 3419 regitur
588 3359 635 3416 per
649 3343 784 3400 iudicium
798 3347 827 3400 et
841 3341 966 3398 volunta·
1002 3357 1104 3414 causa,
1125 3359 1214 3416 nequa
1228 3343 1372 3400 admittere
1386 3344 1475 3416 iliam,
1492 3351 1523 3402 ut
1542 3343 1740 3420 sufficientem,
1757 3363 1805 3418 po-

164 3451 218 3500 tem
243 3443 288 3498 sui
309 3438 547 3511 praedecessoris,
568 3435 656 3491 44444
676 3433 702 3489 44
715 3431 761 3488 4444
775 3431 862 3488 multo
877 3431 965 3489 minus
1003 3439 1057 3490 4444
1073 3433 1218 3504 444444444
1235 3431 1393 3504 4444444444
1407 3448 1441 3489 ex
1455 3432 1519 3505 illa,
1536 3433 1558 3490 si
1573 3433 1748 3506 probabiliter
1762 3435 1805 3492 iu·

165 3530 312 3604 probabilis
328 3535 371 3585 est
385 3526 428 3583 illa
443 3524 627 3598 praesumptio
645 3522 829 3592 involuntarii,
845 3527 968 3594 praeter·
1002 3520 1076 3578 dicat
1095 3537 1156 3579 ease
1178 3521 1332 3594 legitimam.
1353 3522 1432 3590 Quod
1453 3522 1579 3580 concedit
1597 3522 1668 3580 idem
1684 3523 1801 3582 Saucius
1902 3525 1909 3538 '

164 3637 248 3694 quam
271 3617 348 3692 quod
367 3618 411 3674 bic
432 3618 512 3673 etiam
534 3613 597 3671 nibil
611 3612 646 3669 ad
661 3627 773 3669 eausam
788 3611 881 3668 relert.
898 3611 967 3667 Turn
1004 3611 1218 3684 supra,quando
1229 3611 1262 3667 de
1272 3610 1317 3668 illa
1328 3611 1541 3684 consuetudine,
1553 3629 1603 3671 seu
1617 3615 1720 3672 iudicio
1732 3617 1803 3673 Pon·

167 3717 311 3781 praeterea
330 3707 399 3763 idem
420 3703 545 3776 procedit
557 3705 583 3757 in
599 3703 741 3773 superiore
755 3705 883 3772 respectu
897 3699 965 3755 inie-
1004 3701 1082 3756 tidcis
1102 3715 1134 3756 ex
1154 3700 1213 3756 aliis
1233 3700 1343 3757 casibus
1358 3701 1383 3756 in
1396 3701 1514 3773 generali
1532 3709 1655 3776 constat,
1672 3720 1805 3762 4444444
1878 3723 1883 3730 ·

165 3799 256 3855 rioris:
274 3805 307 3854 ut
321 3796 343 3851 44
357 3795 504 3866 444444444
522 3790 839 3866 negeldispensatiouem
850 3789 967 3846 44444444
1005 3790 1141 3862 quando'
1135 3806 1159 3845 m
1167 3790 1335 3862 particulari
1349 3805 1417 3846 casu
1430 3791 1580 3862 praecessit
1593 3791 1733 3866 denegatio
1748 3793 1803 3850 dis-

169 3891 224 3945 4444
237 3903 292 3943 444
306 3885 449 3952 reservati,
465 3889 492 3939 et
505 3899 520 3937 a
534 3883 606 3952 Papa
620 3886 714 3953 postea
728 3878 896 3951 obtineatur,
912 3893 966 3933 non
1004 3879 1181 3952 pausationis.

167 3979 238 4036 iacta
255 3975 390 4032 mentione
404 3972 503 4044 prioris
518 3986 650 4028 recursus
666 3968 700 4027 44
714 3969 886 4040 episcopum,
903 3967 968 4023 vali·
1043 3967 1096 4026 Sed
1110 3985 1164 4024 nnn
1176 3967 1267 4039 44444,
1279 3969 1345 4041 quid
1356 3967 1409 4026 hoo
1420 3967 1532 4040 referat
1544 3974 1593 4027 aut
1603 3985 1654 4028 eu,
1665 3970 1727 4029 pud,
1738 3987 1805 4030 „n

167 4067 203 4125 44
217 4068 268 4124 arii
284 4062 459 4134 dispensatio,
475 4061 540 4133 quia
555 4059 738 4131 multomagis
750 4057 968 4128 videturuuper-
1004 4066 1100 4115 444444
1115 4057 1196 4131 ligata
1216 4064 1336 4129 potestas
1352 4056 1503 4128 inferioris,
1518 4075 1583 4115 curn
1599 4059 1644 4116 4444
1658 4060 1802 4135 denegatio

168 4158 256 4213 tinem
274 4154 319 4214 4444
333 4150 539 4210 circumstantia
554 4157 682 4221 respectu
697 4149 861 4220 superioris;
878 4148 968 4204 ruinua
1006 4155 1113 4205 tanturn
1128 4147 1164 4203 sit
1180 4145 1326 4219 applicatio
1341 4148 1469 4219 propriae
1482 4145 1631 4228 voluntatis
1644 4149 1676 4206 ad
1689 4165 1804 4220 operan-

168 4247 240 4303 enim
264 4244 371 4316 regitur
391 4241 524 4296 inferioris
545 4237 666 4306 iudicio,
690 4243 738 4294 aut
756 4253 790 4294 ex
810 4252 843 4294 eo
858 4235 968 4308 pendet,
1005 4236 1072 4294 dum
1088 4237 1162 4294 iuxta
1177 4237 1318 4308 proprium
1335 4235 1476 4307 iudicium,
1488 4237 1534 4292 cui
1546 4253 1599 4293 oon
1611 4246 1758 4310 repugnat,
1772 4246 1805 4296 ut

170 4334 312 4407 multoque
337 4332 425 4386 nainor
440 4329 625 4402 praesumptio
638 4326 811 4384 involuntarii
825 4333 868 4382 est
881 4327 909 4380 in
922 4339 969 4380 eu·
1006 4325 1084 4382 alteri
1094 4326 1267 4397 relinquatur
1278 4341 1329 4382 sua
1340 4332 1473 4398 potestas,
1484 4331 1512 4382 et
1523 4327 1666 4384 arbitrium
1675 4329 1806 4400 operandi
1871 4351 1877 4358 ·

171 4427 290 4498 44444044,
310 4424 457 4494 minusque
471 4418 505 4475 ati
519 4433 632 4475 44444444
648 4416 743 4474 reiert.
1006 4417 1089 4472 etiam
1103 4419 1181 4472 44444
1195 4414 1328 4473 iudicium
1343 4431 1437 4472 suum.
1451 4416 1546 4488 Neque
1560 4432 1608 4487 per
1624 4415 1678 4474 boc
1690 4417 1807 4492 deroga.

212 4519 248 4572 Αι
261 4528 327 4569 seru
341 4527 356 4568 e
371 4499 510 4568 contrar'io
524 4505 655 4564 nonnulla
668 4503 813 4562 difficultas
826 4511 879 4573 444,
892 4504 914 4560 44
924 4521 971 4560 su·
1008 4513 1053 4562 tur
1068 4505 1196 4577 potestati
1211 4506 1365 4577 Pontificia,
1379 4508 1444 4578 quia
1459 4506 1579 4577 interior,
1594 4506 1661 4565 dum
1677 4524 1731 4565 non
1743 4525 1807 4581 pro.

172 4604 264 4675 perior
282 4600 510 4672 dispensationem
524 4597 642 4669 negavit,
658 4602 794 4667 44444444
808 4595 972 4652 4444444444·
1008 4594 1129 4664 bibetur,
1145 4595 1276 4667 44444444
1290 4611 1342 4652 444
1357 4596 1424 4653 loro.
1434 4596 1473 4654 uti
1489 4613 1539 4654 sua
1554 4601 1704 4668 potestate,
1722 4606 1752 4656 ut
1766 4599 1807 4656 iu-

172 4696 247 4750 44444
266 4691 339 4748 iilius
360 4688 513 4762 negationis
533 4685 605 4741 444444
619 4683 766 4741 concedat.
781 4684 847 4760 Quia
861 4683 972 4740 inlerinr
1008 4683 1140 4740 dicaverit
1154 4684 1299 4756 expedire,
1315 4683 1361 4739 hic
1376 4692 1467 4740 autern
1483 4684 1558 4741 nulia
1571 4686 1701 4744 luctuosi
1716 4688 1807 4759 probi·

173 4788 281 4840 teoetur
303 4792 497 4852 praesumere,
513 4774 685 4846 superiorem
699 4773 769 4832 iuste
790 4788 904 4846 negasse
919 4771 973 4828 dis·
1010 4773 1083 4830 bitin.
1095 4774 1151 4830 Nec
1163 4775 1256 4845 petitio
1269 4775 1344 4845 prius
1357 4772 1578 4830 oblatui’ontilici
1590 4783 1721 4846 operatur
1730 4793 1809 4849 prae·

173 4873 378 4943 4444444444,
398 4880 465 4938 ergo
486 4863 519 4921 de
538 4863 583 4920 illo
604 4863 684 4918 etiam
704 4863 801 4919 merito
823 4863 973 4932 praesumi·
1011 4862 1143 4920 venationis
1169 4863 1314 4932 4444444444,
1336 4876 1370 4918 44
1390 4860 1471 4918 444444
1492 4869 1586 4935 postea
1602 4863 1674 4920 adab
1690 4865 1809 4924 anteriora

175 4971 230 5030 lut,
248 4975 303 5015 non
318 4957 402 5014 444444
416 4967 616 5014 concessurum
627 4951 902 5023 dispensationem,
881 4968 903 5008 44
918 4953 972 5009 444·
1011 4961 1120 5036 petere;
1144 4959 1201 5010 turn
1222 4953 1286 5025 quia
1305 4951 1333 5008 in
1355 4968 1408 5008 usu
1427 4952 1626 5010 iurisdictionis
1642 4955 1809 5014 voluntariae

174 5057 226 5122 ret,
242 5049 327 5104 444444
342 5061 357 5102 4
371 5045 513 5115 superiore
529 5041 706 5114 denegatam,
722 5056 787 5114 ergo
802 5041 846 5098 ilia
860 5041 972 5100 tacitur·
1011 5059 1064 5100 noo
1084 5027 1167 5099 babet
1185 5042 1278 5098 lacum
1300 5039 1367 5096 baec
1382 5042 1551 5112 praeventio,
1566 5057 1630 5098 ctam
1647 5043 1759 5101 liberum
1775 5048 1811 5102 sit

176 5133 270 5210 nitas,
273 5151 324 5193 seu
338 5133 491 5207 ignorantia
504 5128 975 5188 causatininterinreiustuminro-
1011 5130 1160 5205 postulanti
1181 5128 1311 5186 recedere
1331 5144 1346 5186 a
1366 5130 1452 5200 priori
1471 5130 1616 5202 petitione,
1631 5139 1659 5188 et
1672 5132 1775 5189 414444Ι
1769 5150 1811 5190 m·

176 5227 338 5297 lunarium,
355 5237 422 5296 erga
434 5219 478 5280 illa
488 5221 593 5280 4444444
603 5220 656 5277 4444
667 5217 783 5277 44444444
794 5220 853 5278 talis
866 5219 975 5293 dispen-
1012 5229 1127 5294 tentare,
1143 5225 1174 5278 ut
1188 5221 1273 5278 444444
1285 5219 1385 5277 Novar.
1402 5233 1481 5276 cona.
1502 5221 1527 5276 l.
1544 5217 1578 5275 de
1592 5218 1666 5276 ollio.
1679 5218 1768 5296 deleg.
1781 5231 1810 5282 et
