4290 6222
392 347 455 412 390
1084 365 1275 415 aramum.

352 493 431 544 retur
446 486 608 560 formaliter,
624 503 673 544 seu
689 487 713 544 in
727 497 793 544 ectu
808 489 925 560 signato.
936 488 1069 546 Probatur
1084 503 1150 546 cen·
1185 489 1256 547 banc
1276 488 1455 547 assertionem
1469 496 1564 563 posset
1578 490 1686 565 intelligi
1707 490 1780 564 prior
1805 491 1951 562 sententis,
1969 495 2002 546 et

352 577 576 650 sequentiaque
590 591 678 656 neque
692 591 725 634 ex
738 583 836 634 natura
849 579 886 634 rei
898 585 939 634 est
950 579 1148 648 successorium,
1186 595 1212 636 c.
1229 581 1397 654 Rescripta.
1414 585 1460 645 25,
1478 595 1506 653 q.
1524 585 1553 651 ²,
1572 595 1643 652 quae
1656 588 1700 637 est
1714 580 1757 636 les
1777 579 1885 636 Codicis
1900 581 1942 636 tit
1959 579 2001 635 de

352 679 451 737 neque.
461 680 494 721 ex
514 665 690 737 dispositione
705 664 822 724 alicuius
835 668 902 722 iuris
917 666 1042 738 positivi,
1060 682 1150 739 nequa
1188 668 1292 741 precib.
1309 669 1406 740 imper.
1422 671 1500 726 elien
1515 669 1625 726 dicens:
1641 671 1799 744 Rescripta
1825 673 1934 725 costra
1945 669 2002 724 tos

351 754 434 810 etiam
454 768 488 810 ax
509 768 572 809 usu.
588 753 666 821 Quod
687 756 753 812 satis
768 754 875 811 uidetur
894 757 975 812 stiam
990 755 1099 828 probari
1114 771 1146 812 es
1185 756 1289 815 elicita
1307 757 1345 815 ub
1365 758 1501 815 enormius
1519 756 1669 815 iudicibus
1683 760 1890 832 praecipimus
1913 754 2002 828 resse

350 841 424 899 dicte
438 857 501 913 cap.
518 845 555 898 lrt
567 842 623 907 lats,
642 842 689 900 ubi
705 843 876 916 privilegium
890 843 985 900 datum
1001 843 1150 900 itineribus
1187 848 1334 904 iccillum
1350 846 1411 904 licet
1425 839 1536 920 intelligi
1550 848 1657 918 possint
1667 847 1735 904 baec
1747 847 1829 903 rerba
1840 845 1875 902 de
1891 847 2002 902 rescri-

350 931 385 988 ad
406 930 603 988 celebrandum
623 933 651 988 in
672 930 750 988 altori
765 932 898 1004 portatili,
913 933 1071 990 declaratur
1087 948 1149 990 esse
1187 936 1239 1006 ptis
1257 923 1292 991 ad
1313 936 1389 1007 lites,
1405 941 1495 992 tamen
1510 935 1622 992 archid.
1639 935 1673 991 de
1688 935 1836 1007 privilegiis
1856 933 2002 1005 intelligit,

350 1019 556 1098 intelligendum
567 1022 625 1076 sine
638 1017 747 1077 licentia
759 1021 965 1093 episcoporum,
978 1023 1040 1079 lieet
1056 1022 1108 1079 bec
1124 1022 1149 1078 in
1177 1031 1215 1081 'et
1229 1022 1263 1081 dc
1278 1039 1308 1080 se
1322 1024 1459 1096 generalia
1472 1030 1551 1097 sunt,
1565 1031 1682 1095 possunt
1693 1029 1785 1081 autem
1796 1023 1897 1095 optime
1914 1021 2004 1078 intel-

351 1109 410 1181 ipso
425 1105 565 1182 privilegio
578 1108 729 1166 iernaalitar
744 1124 797 1166 non
812 1111 1052 1181 contineretur,ut
1066 1111 1092 1166 in
1108 1118 1148 1168 te·
1186 1113 1233 1185 ligi
1247 1112 1282 1170 de
1297 1112 1455 1186 privilegiis,
1469 1129 1541 1186 quac
1555 1119 1621 1170 sunt
1634 1118 1731 1168 centro
1745 1113 1788 1168 ius
1802 1125 1934 1183 expresse
1950 1123 2005 1166 re·

353 1205 402 1254 xtu
417 1196 491 1255 clarc
506 1199 682 1270 supponitur,
692 1200 755 1272 quia
765 1199 905 1271 derogatio
918 1200 984 1256 iuris
994 1203 1150 1256 communis
1185 1202 1284 1258 sistens
1303 1207 1331 1258 ct
1343 1200 1466 1258 reiutans
1478 1200 1573 1257 similia
1582 1199 1904 1272 priuilegia.Sicutsuprs
1917 1197 2004 1255 dice·

353 1286 445 1360 quoad
460 1286 532 1343 illam
547 1293 652 1358 partem
666 1288 732 1345 setis
746 1289 939 1345 continebatur
954 1290 979 1344 in
995 1295 1059 1359 actu
1072 1305 1150 1346 eser·
1186 1289 1294 1358 bamus,
1311 1288 1357 1345 illa
1372 1289 1513 1362 privilegia
1528 1305 1589 1346 esse
1601 1288 1712 1360 proprie
1726 1295 1824 1356 centra
1841 1286 2003 1342 concilium

352 1377 408 1432 cite
423 1376 449 1432 in
465 1376 524 1447 ipso
538 1375 689 1448 priuilegio,
701 1377 776 1450 quod
792 1379 848 1433 sine
863 1375 907 1434 ille
920 1383 995 1434 esset
1007 1377 1152 1451 inutile,et
1185 1376 1453 1450 tridentinum,quae
1463 1382 1529 1432 sunt
1542 1385 1638 1432 contra
1650 1376 1723 1451 leges
1734 1374 1844 1433 concilii
1861 1375 2002 1431 babentes

350 1463 412 1520 iden
426 1479 479 1520 nen
500 1464 551 1521 luit
565 1466 721 1521 necessario
735 1466 761 1520 in
774 1472 840 1522 actu
855 1466 972 1538 signato.
988 1467 1044 1524 Nec
1060 1468 1149 1523 obsta·
1185 1465 1339 1523 clatrsulam
1360 1466 1536 1539 derogantem
1556 1479 1685 1536 expresse
1706 1464 1803 1521 talibus
1830 1463 1999 1535 privilegiis.

353 1551 404 1623 bit,
420 1553 442 1608 si
456 1554 519 1625 quis
533 1553 619 1619 dicat,
635 1553 781 1610 innomine
796 1553 928 1627 privilegii
942 1569 996 1610 nee
1013 1554 1152 1622 sullicien·
1186 1553 1239 1610 Sed
1254 1553 1334 1610 obiici
1348 1560 1438 1625 petest
1451 1561 1548 1610 contra
1559 1554 1629 1611 banc
1642 1554 1818 1610 assertionem
1834 1553 1907 1608 ratic
1919 1551 2003 1608 lacta

353 1650 394 1699 ter
415 1642 547 1700 contineri
568 1642 771 1715 derogationem
793 1643 865 1701 illam
883 1648 909 1700 in
932 1651 996 1700 actu
1016 1645 1151 1716 exercite,
1186 1657 1236 1713 pre
1252 1642 1441 1714 praecedenti,
1457 1643 1521 1713 quia
1535 1648 1601 1702 tunc
1616 1641 1786 1713 priuilegium
1801 1639 1932 1712 principie
1946 1656 2001 1696 es-

352 1733 416 1803 quia
439 1746 494 1786 non
513 1739 639 1803 oportet,
659 1739 690 1790 ut
711 1733 885 1806 privilegium
903 1734 1016 1806 deroget
1034 1734 1103 1806 iuri,
1121 1741 1151 1791 ut
1186 1736 1228 1787 set
1241 1730 1333 1787 inutile
1346 1738 1373 1787 et
1387 1731 1488 1787 nullius
1504 1729 1614 1802 valoris,
1630 1728 1705 1804 qued
1718 1737 1762 1786 est
1774 1735 1871 1785 contra
1890 1727 2000 1798 princi-

304 1883 307 1890 ,
351 1822 477 1891 proxime
488 1819 858 1892 dicebamusllespuodetur
869 1823 1072 1895 enim,quande
1085 1839 1151 1880 cen·
1186 1820 1230 1893 pis
1247 1821 1316 1876 iuris
1331 1819 1366 1876 ibi
1381 1819 1507 1892 allegata.
1522 1819 1696 1892 Respondes,
1712 1819 1806 1891 negari
1821 1833 1873 1872 nen
1896 1833 2001 1887 posse,

352 1911 443 1964 cessio
466 1909 526 1964 talis
550 1915 611 1978 est,
637 1915 668 1965 ut
685 1909 735 1965 nisi
750 1909 864 1982 deroget
882 1912 949 1980 iuri,
964 1913 1000 1967 sit
1014 1910 1109 1966 irivola
1123 1918 1151 1968 et
1185 1909 1250 1982 quin
1276 1909 1301 1964 in
1327 1907 1422 1965 multis
1445 1908 1555 1965 casibus
1579 1908 1717 1980 privilegia
1736 1908 1850 1964 etiamn
1869 1906 2000 1976 principe

353 1995 455 2054 narllius
476 1998 620 2071 utilitatis,
641 2005 670 2054 et
689 1999 732 2055 illa
755 2001 785 2057 lit
805 2000 857 2056 sub
879 2002 986 2056 nomios
1008 2001 1149 2074 privilegii,
1185 2013 1319 2054 concessa
1339 1999 1445 2069 possint
1461 2013 1522 2054 esse
1540 1996 1645 2053 inutilis
1662 1995 1698 2052 eb
1712 1992 2000 2066 aliquemdclcctum

353 2092 422 2143 tunc
438 2089 598 2143 necessario
613 2086 736 2161 intelligi,
749 2090 918 2161 superiorem
933 2087 1008 2162 loqui
1021 2090 1055 2147 de
1069 2091 1151 2162 privi·
1185 2086 1408 2158 substantiatum,
1421 2084 1492 2143 unde
1504 2100 1557 2141 non
1569 2091 1660 2156 potest
1672 2083 1726 2140 hec
1735 2099 1796 2140 csse
1806 2090 1905 2139 centra
1917 2082 2000 2152 prin-

286 2231 291 2236 ,
353 2174 421 2246 legio
435 2174 571 2247 rigoroso,
587 2182 614 2232 ct
626 2174 777 2249 derogante
791 2177 855 2244 iuri,
869 2185 1005 2251 quantum
1020 2193 1148 2234 necessa·
1185 2176 1256 2248 cipio
1275 2177 1360 2249 iuris,
1386 2175 1460 2248 quod
1479 2175 1608 2232 beneficia
1628 2175 1782 2246 principum
1804 2171 1999 2243 permanentia

352 2263 426 2320 rium
441 2262 536 2336 tuerit,
549 2269 582 2321 ut
594 2257 773 2322 concedentis
788 2267 915 2322 noluntas
926 2268 1084 2339 impleatur.
1094 2269 1150 2324 lmo
1184 2280 1246 2320 asse
1267 2264 1385 2338 debent,
1404 2271 1434 2322 et
1447 2263 1499 2322 late
1515 2261 1734 2335 interpretanda,¹
1747 2267 1776 2318 ct
1792 2259 1903 2333 similia,
1919 2273 2000 2332 quac

353 2352 493 2421 existimo,
509 2350 579 2408 idem
593 2367 665 2425 csso,
678 2355 784 2410 etiamsi
800 2355 851 2412 sub
866 2358 974 2412 nemine
987 2358 1093 2430 gratiae
1108 2353 1151 2412 rel
1185 2353 1362 2426 intelligenda
1377 2360 1452 2424 sunt,
1464 2359 1600 2426 quatenus
1615 2350 1770 2409 secundum
1784 2357 1890 2407 rectam
1905 2351 1997 2406 ratic·

351 2439 456 2496 laseris
474 2439 662 2513 concedatur,
681 2444 745 2514 quia
764 2444 845 2500 etiam
859 2443 1031 2516 privilegium
1047 2447 1151 2518 rigere·
1185 2457 1263 2512 nem,
1283 2449 1311 2498 et
1328 2440 1380 2498 slia
1395 2441 1527 2512 principie
1541 2441 1607 2496 iuris
1622 2441 1752 2496 susdneri
1765 2438 1881 2509 possint.
1898 2439 1928 2493 lo
1944 2437 1998 2492 illo

352 2543 415 2584 sum
436 2536 479 2585 est
498 2529 585 2602 graba
604 2537 634 2587 at
653 2531 745 2600 laver,
759 2538 787 2588 et
801 2539 867 2589 tunc
881 2533 1009 2605 generice
1023 2534 1104 2589 verba
1118 2547 1150 2590 ex
1185 2546 1250 2603 erge
1269 2545 1338 2586 casu
1357 2529 1496 2602 concedo,
1516 2531 1543 2584 in
1565 2529 1611 2586 tali
1627 2527 1767 2601 priuilegio
1780 2543 1842 2585 asse
1856 2526 1993 2582 substan-

353 2617 483 2674 materine
497 2617 628 2690 qualitate
650 2624 679 2675 et
697 2620 842 2677 intentione
867 2619 1004 2694 loquentis
1024 2622 1152 2679 determi·
1187 2620 1279 2677 tialem
1293 2618 1448 2688 delectum,
1463 2625 1492 2675 et
1505 2617 1567 2676 ideo
1582 2617 1677 2676 inutile
1689 2632 1763 2688 esse,
1778 2617 1883 2688 sibique
1898 2617 1998 2686 impu-

352 2711 455 2762 nantur
475 2705 509 2762 ad
528 2705 608 2762 telam
622 2707 740 2778 speciem
754 2709 873 2783 gratiae,
895 2710 937 2766 rei
952 2710 1071 2782 isauris,
1087 2709 1151 2783 quia
1186 2715 1239 2779 tet,
1255 2708 1297 2765 vel
1311 2709 1359 2781 qui
1372 2707 1539 2780 impetrarit,
1556 2708 1620 2779 quia
1633 2722 1688 2762 aon
1702 2707 1768 2764 satis
1782 2704 1934 2762 declararit
1947 2704 1994 2760 lc-

351 2793 513 2850 beneficium
534 2796 664 2868 principis
684 2796 737 2853 lats
758 2803 802 2854 est
823 2799 1068 2872 interpretandum,
1085 2815 1149 2872 cap.
1185 2799 1228 2870 gis
1250 2798 1451 2868 resistentiam,
1476 2798 1531 2852 imo
1556 2795 1758 2868 praesumitur,
1780 2794 1994 2864 subreptionem

354 2881 443 2947 Olim,
461 2881 495 2938 de
510 2883 618 2940 verber.
634 2885 722 2958 signil.
739 2887 812 2960 Ergo
826 2886 914 2944 multe
929 2889 1015 2961 magis
1029 2889 1063 2946 ad
1078 2890 1150 2948 iilam
1185 2887 1304 2961 aliquam
1317 2887 1496 2962 commisisse,
1514 2885 1556 2942 rel
1569 2887 1650 2942 etiam
1662 2884 1710 2942 sibi
1722 2887 1850 2956 imputet,
1862 2883 1909 2956 qui
1919 2897 1996 2939 cen·

351 2973 474 3043 speciem
493 2977 537 3027 est
557 2971 737 3044 trahendum,
758 2989 830 3046 quae
842 2979 996 3032 necessaria
1010 2977 1103 3048 luerit,
1119 2986 1151 3036 ut
1185 2976 1284 3048 cessit,
1309 2977 1372 3050 quie
1394 2990 1448 3032 nen
1472 2976 1539 3032 satis
1553 2973 1720 3031 uoluntatem
1734 2989 1812 3030 suam
1826 2971 1992 3044 explicarit,

351 3073 406 3114 non
426 3059 460 3116 sit
480 3057 651 3132 illusorium,
667 3071 741 3120 esset
753 3069 845 3122 autem
859 3065 1024 3138 illusorium,
1039 3069 1062 3125 si
1077 3078 1152 3127 essct
1187 3082 1250 3124 nam
1264 3081 1295 3123 ee
1311 3066 1369 3137 ipsu
1384 3064 1579 3136 praesumitur,
1594 3063 1666 3120 illam
1681 3077 1733 3120 eon
1748 3060 1887 3131 babuisse,
1898 3075 1997 3132 neque

350 3146 456 3203 inutile.
472 3148 672 3222 Contirmatur,
695 3151 759 3223 quie
773 3152 945 3228 privilegium
960 3163 1003 3213 est
1016 3156 1150 3230 qtraedam
1184 3170 1217 3211 ex
1238 3161 1315 3210 certe
1334 3153 1446 3210 scientia
1466 3159 1493 3210 et
1512 3152 1591 3226 plena
1608 3150 1776 3208 aduenientis
1799 3149 1853 3207 talc
1877 3149 1996 3221 privile·

351 3234 394 3293 les
415 3235 533 3307 privator
555 3251 621 3310 erge
639 3239 676 3296 ita
694 3240 758 3298 terri
779 3243 916 3300 censenda
929 3251 987 3314 cst,
1004 3253 1035 3303 ut
1050 3246 1149 3318 valcat,
1184 3244 1259 3315 gium
1274 3243 1457 3298 concessisse.

351 3341 407 3381 non
428 3331 461 3383 ιιι
480 3334 583 3399 pereat,
599 3329 675 3386 sicut
687 3331 714 3386 in
726 3331 827 3402 ispeeie
841 3330 875 3390 da
889 3334 1032 3408 prirttegto
1047 3335 1150 3393 dicitur
1226 3336 1252 3390 i.
1265 3333 1354 3404 Atque
1368 3333 1405 3388 ita
1423 3331 1450 3386 in
1469 3330 1558 3402 specie
1572 3329 1653 3386 huius
1668 3329 1829 3386 assertionis
1850 3324 1935 3383 babet
1948 3325 1997 3382 le-

350 3416 378 3470 ln
393 3403 699 3503 cap.'1oterdtteet9s,
716 3419 799 3478 serbo
812 3427 979 3488 coeterum,
998 3423 1032 3481 de
1046 3424 1097 3481 tide
1110 3425 1150 3481 in·
1184 3435 1248 3477 cum
1274 3422 1435 3477 coniectura
1461 3419 1644 3475 panormitani
1661 3455 1670 3480 ,
1694 3415 1769 3489 quod
1800 3415 1995 3487 praesumitur

350 3511 496 3561 strument.
511 3505 554 3564 ubi
564 3507 652 3563 Gloss.
666 3515 695 3566 et
709 3510 734 3565 in
746 3509 820 3567 dicto
834 3526 896 3584 cap.
908 3515 946 3568 In
958 3513 1015 3580 lois,
1026 3512 1078 3571 alia
1090 3515 1150 3573 iura
1185 3510 1323 3581 princeps,
1332 3508 1441 3581 artando
1456 3507 1599 3580 besmede
1612 3505 1817 3563 taliaconcedit
1832 3505 1990 3577 privilegia,

349 3593 481 3650 relerent.
557 3589 562 3592 ’
1184 3613 1233 3670 per
1253 3597 1503 3668 importunitatem,
1525 3602 1553 3654 ct
1573 3601 1774 3668 consequenter
1794 3609 1842 3665 per
1861 3592 1992 3650 inadrcr-

389 3685 418 3740 6.
434 3684 525 3740 Tertio
539 3683 685 3743 dicendum
699 3693 754 3756 est,
770 3688 792 3744 si
813 3688 855 3745 ius
869 3705 1016 3748 commune
1030 3693 1066 3749 sit
1081 3709 1148 3766 qna·
1183 3689 1297 3745 tentiam
1311 3687 1357 3744 illa
1370 3688 1551 3744 concessisse.
1568 3687 1656 3743 Secus
1671 3700 1736 3740 vero
1751 3689 1795 3740 est
1819 3684 1897 3740 iusta
1912 3688 1992 3740 teno-

349 3771 480 3828 liticatum
492 3788 539 3844 per
553 3775 699 3846 specialem
713 3774 867 3835 clausulam
882 3780 1053 3839 resistentem
1064 3784 1148 3853 privi·
1183 3792 1242 3834 rem
1264 3774 1452 3848 praecedentis
1472 3775 1645 3846 assertionis,
1668 3773 1732 3846 quia
1751 3788 1817 3828 cum
1842 3771 1947 3828 morale
1961 3779 1990 3828 et

350 3858 444 3932 legiis,
460 3875 510 3916 seu
525 3861 712 3934 derogantem,
727 3870 755 3921 et
768 3873 944 3923 revocantem
959 3867 1017 3942 illa,
1034 3885 1147 3927 necesse
1185 3865 1312 3938 regulare
1327 3866 1371 3934 ait,
1385 3872 1417 3920 ut
1430 3862 1603 3937 privilegium
1617 3861 1718 3936 aliquid
1731 3861 1870 3918 concedat
1886 3867 1991 3918 senua

302 3957 307 3966 '
351 3954 409 4020 est,
425 3955 457 4004 ut
470 3951 496 4005 in
511 3950 598 4006 torma
613 3949 745 4024 privilegii
758 3953 804 4010 liat
817 3957 918 4012 mentio
933 3957 992 4012 talis
1007 3957 1089 4023 iuris,
1105 3953 1148 4015 rel
1182 3953 1350 4010 ordinarium
1372 3954 1431 4024 ius,
1453 3952 1529 4009 nulla
1550 3950 1611 4009 inde
1636 3951 1822 4023 praesumptio
1849 3951 1987 4018 sumitur,

350 4037 378 4092 ie
400 4037 507 4108 specie,
531 4036 573 4094 vel
594 4038 646 4094 sub
667 4038 794 4096 clatrsula
811 4042 930 4115 generali
945 4044 1099 4102 sulliciente
1113 4046 1147 4104 ad
1181 4040 1257 4114 quod
1278 4041 1404 4112 princeps
1425 4046 1519 4112 aperte
1538 4040 1695 4097 concedens
1716 4037 1911 4110 priuilegium,
1935 4053 1988 4109 pcr

350 4122 538 4196 derogandum
553 4124 589 4182 illi
604 4126 655 4182 iuri
670 4130 709 4184 nic
724 4127 883 4202 lentilicato,
898 4132 962 4188 alias
976 4133 1147 4208 priuilegium
1181 4131 1433 4202 importunitatem,
1453 4135 1503 4185 aut
1516 4127 1737 4202 incogitantiam,
1757 4132 1857 4182 centra
1873 4125 1988 4199 aliqtrod

351 4229 405 4269 non
427 4212 526 4271 valebit
544 4222 643 4272 contra
662 4215 728 4274 illud
742 4219 802 4289 ius,
821 4220 928 4276 etiamsi
944 4220 1074 4280 reddatur
1089 4223 1148 4280 iru-
1181 4219 1225 4274 ius
1239 4216 1352 4288 simplex
1365 4223 1395 4274 et
1408 4215 1578 4273 ordinarium
1591 4215 1656 4273 illud
1671 4215 1851 4286 concesserim
1869 4217 1926 4271 imo
1936 4230 1988 4286 pc-

350 4307 491 4358 straneum
510 4309 539 4360 ct
555 4302 713 4362 inualidum.
725 4307 800 4364 llanc
815 4311 991 4366 assertionem
1007 4314 1085 4382 ponit
1098 4315 1147 4368 Fe·
1182 4309 1236 4364 tius
1251 4309 1446 4379 praesumitur,
1454 4304 1520 4363 illud
1534 4319 1588 4362 non
1605 4305 1792 4378 ignorassc,et
1806 4302 1986 4359 nibilominus

350 4388 397 4445 lio.
408 4406 491 4462 supra
505 4391 642 4450 limitando
654 4397 823 4466 superiorem
836 4400 1060 4470 assertionem,io
1073 4400 1147 4457 illius
1182 4395 1353 4468 privilegium
1367 4402 1464 4452 centra
1484 4393 1549 4451 illud
1564 4393 1719 4451 concedere
1734 4392 1868 4450 voluisse.
1888 4391 1986 4449 Solum

351 4487 440 4535 tamen
465 4480 650 4550 probationem
673 4483 761 4540 solum
783 4483 895 4542 adducit
913 4486 1023 4543 Cardia.
1040 4489 1067 4543 in
1088 4489 1147 4546 tile·
1180 4501 1245 4558 ergo
1266 4493 1406 4557 superest,
1422 4491 1454 4542 ut
1467 4483 1681 4554 respondeamus
1695 4481 1728 4538 ad
1743 4495 1805 4552 cap.
1817 4485 1867 4539 lin
1882 4485 1983 4554 pecte.

350 4574 434 4643 ment.
456 4573 481 4626 t.
496 4567 530 4626 de
544 4571 649 4627 censib.
661 4587 690 4643 q.
704 4575 731 4630 3.
743 4573 817 4630 ldem
833 4575 904 4631 sumi
919 4582 1009 4646 potest
1022 4593 1054 4634 ex
1068 4579 1144 4636 Bart.
1181 4573 1222 4632 ld
1236 4573 1311 4648 quod
1325 4573 1407 4646 aliqui
1425 4572 1611 4644 respondent.
1631 4570 1696 4629 illud
1712 4568 1883 4642 priuilegium
1898 4570 1983 4627 tuisse

351 4657 378 4712 in
396 4657 511 4714 Estrav.
527 4655 574 4714 Ad
592 4659 829 4734 reprimendum,
846 4665 930 4732 taen
952 4664 1143 4729 obstantibus,
1182 4671 1279 4721 centra
1294 4662 1382 4738 legem
1396 4661 1550 4733 conciliet
1564 4661 1623 4718 ideo
1636 4676 1690 4716 non
1702 4658 1818 4716 saluisse
1833 4661 1892 4715 sine
1904 4659 1983 4716 clau·

349 4761 379 4802 u.
395 4750 423 4803 l.
439 4747 516 4804 ltatic
531 4746 607 4804 reddi
628 4756 734 4820 potest,
750 4751 812 4822 quain
827 4751 890 4824 plus
904 4755 1089 4812 necessarium
1104 4763 1147 4812 ast
1183 4754 1243 4810 sula
1257 4768 1386 4824 supressa
1404 4751 1441 4808 illi
1460 4750 1624 4824 derogante,
1639 4757 1670 4806 ut
1684 4764 1746 4804 nors
1763 4748 1911 4814 obstante,
1927 4754 1982 4804 etc.

349 4833 383 4892 ud
404 4833 590 4915 denegandum
612 4837 665 4910 legi
689 4839 792 4894 firmius
814 4840 967 4912 stabilitae,
990 4858 1072 4915 quam
1088 4844 1145 4900 aliis
1180 4842 1244 4915 quia
1258 4842 1301 4898 lex
1315 4841 1470 4900 concilieris
1482 4839 1562 4896 babet
1573 4839 1627 4895 boc
1639 4839 1865 4910 privilegium,ut
1883 4837 1983 4894 virtute

349 4924 488 4980 conamuni
510 4924 591 4982 mode
610 4926 689 4998 latis,
711 4932 740 4985 et
752 4930 817 5000 quia
831 4929 956 4986 clausula
970 4929 1144 5006 derogaturia
1181 4937 1330 4988 censeatur
1346 4929 1445 4987 babere
1458 4928 1612 4986 clausulam
1628 4928 1801 5004 resistentem
1815 4925 1920 4982 luteris
1930 4927 1986 4996 pri-

349 5010 440 5070 addita
455 5015 539 5085 periuri
553 5014 605 5088 legi
619 5015 719 5089 aliquid
734 5018 841 5088 operari
855 5017 950 5088 debet,
966 5035 1032 5092 erge
1048 5022 1145 5078 saltem
1181 5020 1297 5094 vilegiis,
1312 5018 1417 5076 etiamsi
1431 5017 1502 5074 illam
1517 5033 1570 5074 nen
1585 5013 1792 5086 exprimatsed
1805 5021 1909 5070 centra
1930 5012 1982 5069 bec

350 5098 402 5156 bec
421 5109 565 5176 opermur,
586 5111 619 5159 ut
637 5119 692 5160 nen
708 5109 761 5160 tam
777 5105 855 5162 iacilc
868 5106 1018 5180 denegetur
1033 5109 1077 5166 tali
1091 5109 1144 5185 legi
1179 5110 1305 5182 sanquis
1318 5107 1351 5165 ad
1365 5121 1503 5165 summum
1516 5105 1567 5162 laec
1579 5103 1705 5176 precedit
1718 5103 1745 5158 in
1758 5101 1885 5159 conciliis
1900 5116 1983 5175 gens·

349 5204 398 5260 per
415 5191 583 5264 priuilegium
605 5192 766 5264 simpliciter
784 5210 959 5253 cencessum.
980 5199 1045 5256 ltem
1068 5199 1144 5257 iuxta
1179 5190 1797 5257 ratibuscencitiumamemlateranensesub
1811 5188 1978 5258 alexandro,
