4260 6222
421 351 483 414 tet
630 394 635 404 ·
1116 361 1218 413 presa
1232 362 1307 414 vrrs.

378 491 518 563 indicent,
545 505 592 561 per
615 488 867 548 contraventionem
896 489 981 546 amitti
1007 487 1181 562 privilegium
1217 488 1390 546 continuavit
1409 503 1457 561 per
1477 490 1628 565 legitimum
1651 497 1759 563 tempus
1780 493 1969 548 necessarium
1988 492 2021 548 ad

380 589 490 656 propter
505 582 615 639 tacitam
631 582 862 638 renunciationem
874 581 976 652 absque
988 577 1180 652 praescriptio·
1216 579 1470 650 praescriptionem,
1483 579 1548 638 licet
1562 579 1727 653 praeiudicet
1741 581 1790 638 srloi
1806 581 1831 639 in
1846 579 1958 652 solutis,
1972 598 2023 638 non

380 689 423 742 ne,
441 673 491 728 nisi
507 671 531 728 in
548 671 711 743 specialibus
725 670 846 738 casibus,
858 686 929 745 quos
943 684 991 744 per
1006 671 1095 726 varias
1110 667 1181 726 lirni-
1215 669 1345 726 tamenin
1360 670 1508 728 solvendis.
1518 672 1558 728 lix
1571 671 1672 743 quibus
1686 671 1795 729 duabus
1806 671 1935 744 partibus
1949 672 2024 744 prior

376 762 492 819 tationes
510 762 545 819 ilri
562 762 747 834 prosequitur.
1216 761 1336 829 pertinet
1353 757 1386 816 ad
1401 759 1609 832 praecedentem
1622 762 1812 824 assertionem,
1822 768 1852 819 et
1866 761 1940 818 illam
1956 777 2025 818 con·

420 857 447 910 8.
463 850 642 908 Nihilominus
658 851 785 922 adverto,
801 849 1034 908 renunciationem
1049 846 1182 924 privilegii
1215 848 1320 918 firman
1343 851 1480 920 posterior
1495 864 1562 906 vero
1583 857 1676 922 aperte
1696 851 1817 908 continet
1830 850 1902 908 hanc
1924 865 2026 908 secun·

376 941 487 1000 duobus
499 940 585 998 modis
597 941 708 1014 intelligi
719 954 808 1012 posse:
824 956 879 997 uno
891 939 972 996 modo
985 939 1073 996 solum
1088 938 1181 1012 quoad
1215 937 1289 995 dans.
1305 939 1358 994 Pro
1379 954 1434 1012 qua
1448 941 1514 997 citat
1527 941 1634 1017 Cynum
1648 948 1677 997 et
1689 941 1800 1000 Salicat.
1812 940 1839 998 in
1857 940 1876 997 l.
1888 940 2026 998 volout-c·

376 1033 497 1091 valorern
517 1031 589 1087 illius
611 1037 702 1102 actus,
724 1029 771 1104 qui
792 1031 915 1087 continet
935 1045 1016 1086 usum
1038 1029 1182 1102 privilegii,
1216 1029 1292 1095 rice,
1307 1027 1381 1085 G.de
1395 1031 1953 1089 cocosatturoretuantcunutosain
1968 1030 2025 1102 l.2,

377 1123 429 1179 allo
451 1119 531 1178 modo
554 1120 644 1194 quoad
667 1126 752 1178 toturn
777 1118 936 1177 facultatem
959 1118 1108 1190 privilegii,
1131 1133 1181 1174 seu
1215 1119 1246 1175 C.
1259 1117 1293 1174 da
1308 1118 1359 1188 his,
1374 1121 1423 1192 qui
1438 1135 1517 1192 spon.
1531 1135 1607 1178 mun.
1620 1121 1683 1178 sub.
1697 1120 1716 1178 l.
1729 1125 1772 1192 tu,
1788 1127 1816 1178 ei
1829 1123 1856 1179 in
1871 1121 1890 1178 Ι.
1905 1126 1935 1191 2,
1952 1121 1982 1177 ti.
1992 1121 2025 1178 de

376 1210 468 1284 quoad
480 1227 561 1267 usum
575 1211 635 1266 eius
646 1211 670 1266 io
684 1215 741 1266 toto
756 1210 849 1267 iuturo
861 1217 992 1281 tempore:
1005 1215 1033 1265 et
1045 1207 1121 1265 iuste
1132 1206 1182 1264 laos
1216 1208 1306 1279 privil.
1328 1213 1414 1265 veter.
1426 1224 1459 1265 ex
1477 1225 1533 1283 quo
1547 1216 1623 1268 textu
1638 1217 1730 1283 aparte
1742 1209 1883 1284 colligitur
1900 1210 1973 1266 haec
1987 1225 2030 1266 as·

377 1301 448 1357 duos
459 1298 678 1357 sensusdirersis
689 1299 771 1356 etiarn
783 1298 871 1357 modis
882 1295 1104 1370 respondendum
1116 1311 1181 1352 cen·
1217 1299 1310 1354 sertio.
1326 1297 1396 1353 llicit
1409 1299 1491 1369 enirn,
1508 1298 1679 1373 privilegium
1693 1301 1873 1358 immunitatis
1888 1316 1905 1356 a
1928 1314 2027 1358 mune·

377 1407 434 1447 seo.
448 1391 515 1446 ilico
528 1404 594 1463 ergo
609 1390 707 1460 primo:
723 1392 774 1446 Per
790 1403 871 1445 usum
886 1387 1056 1444 contrarium
1071 1385 1179 1456 privile·
1217 1386 1294 1444 ribus
1308 1387 1431 1444 civitatis
1441 1401 1496 1444 non
1508 1387 1678 1460 labefactari,
1690 1390 1796 1447 etiamsi
1810 1391 1915 1465 aliquis
1925 1389 2029 1448 volun·
2110 1409 2111 1414 ¹

376 1478 792 1555 gio,amittiturpririlegium,
808 1476 955 1548 velpotius
971 1475 1081 1532 tructus
1097 1474 1180 1546 priri·
1217 1477 1278 1532 tute
1305 1491 1364 1532 suu
1388 1477 1530 1534 docorem
1556 1483 1610 1534 aut
1639 1495 1748 1536 prunus
1777 1482 1956 1556 susceperit.
1982 1481 2028 1538 t'bi

378 1570 437 1642 legii
452 1568 544 1642 quoad
560 1577 731 1640 praesentem
748 1575 854 1638 actum,
870 1583 919 1624 seu
934 1581 1065 1636 causam,
1080 1564 1113 1622 de
1127 1581 1182 1638 qua
1217 1564 1313 1621 Glossa
1327 1565 1394 1622 dicit
1409 1583 1463 1623 non
1478 1565 1644 1641 labefactari,
1654 1569 1802 1642 quominus
1815 1571 1878 1642 ipsi,
1888 1574 2028 1626 eteorum

377 1665 648 1733 tractatur,propter
662 1659 772 1716 tacitam
788 1656 1021 1716 renunciationem
1033 1654 1137 1729 alasque
1151 1653 1182 1710 ti·
1218 1652 1295 1710 liberi
1317 1665 1494 1726 perseverant
1514 1657 1649 1716 immunes
1670 1661 1697 1716 in
1718 1660 1787 1716 aliis.
1803 1660 1872 1727 Quia
1897 1659 2028 1714 nimirum

377 1751 436 1808 tulo
449 1749 842 1821 contrariaepraescriptionis.
852 1749 924 1804 llaec
931 1747 1046 1803 assertio
1058 1759 1183 1801 commu·
1217 1759 1271 1802 non
1287 1744 1449 1819 intelligitur
1462 1747 1593 1804 amissum
1608 1747 1779 1822 privilegium
1791 1749 1817 1804 in
1831 1765 1861 1805 se
1873 1756 1903 1805 et
1917 1749 1948 1804 in
1963 1748 2027 1804 sub·

377 1841 447 1898 niter
468 1845 580 1912 recepta
600 1846 644 1897 est
657 1838 690 1896 ab
711 1837 872 1896 auctoribus
891 1836 1026 1909 allegatis,
1042 1841 1071 1892 et
1090 1834 1183 1890 statim
1217 1834 1316 1890 stantia
1328 1849 1390 1900 sua,
1403 1833 1452 1892 aed
1466 1835 1555 1893 solum
1567 1836 1658 1908 quoad
1669 1836 1746 1894 illum
1759 1837 1903 1906 effectum,
1916 1835 1968 1910 qui
1983 1851 2027 1892 rc

378 1930 536 1989 relerendis.
554 1932 733 2004 sumiturque
752 1944 785 1986 aa
799 1928 873 1985 dictu
892 1943 919 1984 c.
938 1931 988 1985 Eoo
1002 1941 1061 1991 ore,
1079 1924 1112 1979 de
1128 1923 1180 1992 lais,
1218 1923 1335 1981 luntario
1349 1923 1487 1980 admissus
1505 1931 1556 1982 est.
1572 1925 1646 1983 idem
1660 1927 1798 1984 indicatur
1819 1927 1885 1984 satis
1900 1927 1929 1982 in
1953 1924 2027 1982 dicta

378 2039 449 2098 quse
464 2023 533 2080 liunt
546 2038 562 2079 a
582 2019 646 2078 mai.
659 2027 687 2078 et
703 2035 738 2078 ex
752 2035 778 2076 c.
792 2023 933 2085 Gratum,
958 2031 1024 2073 curn
1037 2014 1134 2071 Gloesa
1148 2013 1184 2071 ibi
1218 2014 1236 2070 l.
1250 2016 1297 2072 te.
1313 2014 1436 2086 partitur.
1454 2015 1499 2072 ilai:
1514 2013 1653 2074 Pierdese
1667 2014 1695 2073 el
1702 2015 1862 2090 perelecta
1875 2020 2028 2090 qocctoo

377 2113 410 2170 do
425 2111 500 2171 cido.
513 2111 602 2185 deleg.
615 2125 685 2184 quae
705 2110 804 2184 allegat
819 2109 892 2166 rsria
912 2109 973 2164 iura
987 2106 1039 2162 hoc
1062 2105 1180 2177 proban·
1217 2101 1336 2176 uquello
1349 2103 1628 2172 sermaludarrrerrte,
1645 2123 1682 2163 err
1699 2105 1817 2179 quesere
1830 2103 1914 2164 dodo
1927 2104 1958 2162 el
1973 2111 2028 2164 Lu·

378 2205 426 2276 tia,
441 2208 470 2259 et
482 2217 536 2258 uon
551 2199 679 2273 amplius.
692 2199 765 2256 idern
781 2205 855 2271 patet
867 2213 901 2254 ex
916 2196 935 2253 l.
946 2195 1035 2254 ultirn.
1045 2193 1113 2251 tide
1128 2193 1183 2264 pri·
1220 2196 1276 2260 cto,
1292 2193 1384 2264 idest,
1399 2210 1453 2252 nou
1468 2194 1610 2269 allegando
1625 2197 1797 2270 privilegium
1807 2197 1835 2253 in
1850 2195 1971 2266 iudicio,
1985 2197 2028 2268 qui

377 2290 425 2348 ril.
440 2296 561 2348 veterno.
575 2296 603 2348 et
617 2289 736 2346 sumitur
749 2289 832 2345 etiam
846 2302 878 2343 ex
894 2286 911 2342 l.
927 2291 956 2356 2,
972 2285 999 2342 ti.
1012 2283 1045 2340 ad
1069 2283 1183 2340 munici·
1218 2283 1244 2338 in
1258 2297 1291 2340 eo
1305 2281 1523 2354 condemnatur,
1544 2287 1633 2358 perdit
1648 2287 1818 2362 privilegium
1837 2271 1935 2359 quoad
1949 2286 1991 2358 id,
2004 2288 2026 2342 io

378 2381 459 2452 palia,
475 2387 504 2437 et
518 2381 536 2436 l.
551 2386 580 2449 2,
599 2381 625 2437 in
639 2381 700 2450 fine,
718 2377 745 2434 d.
758 2376 791 2434 de
804 2377 902 2434 decur.
915 2383 944 2434 et
958 2375 976 2431 l.
991 2380 1019 2447 3,
1034 2376 1064 2432 G.
1076 2373 1110 2432 de
1129 2373 1181 2443 his,
1218 2388 1275 2445 quo
1289 2372 1506 2446 condemnatur,
1527 2383 1557 2434 et
1570 2392 1623 2432 non
1637 2377 1772 2451 amplius,
1795 2377 1866 2434 hanc
1882 2377 1958 2434 enim
1979 2377 2028 2434 rim

378 2470 425 2543 qui
440 2468 691 2541 spon'.publ.nrun.
706 2468 768 2524 sub.
782 2466 830 2524 lib.
848 2467 937 2524 tulit
950 2464 1069 2522 habetur
1083 2463 1183 2536 optime
1218 2460 1300 2520 habet
1314 2461 1358 2520 illa
1380 2464 1517 2534 particula
1536 2465 1819 2533 seneclcdumeute,
1838 2472 1871 2525 ut
1890 2465 1926 2523 ini
1946 2468 2027 2524 etiam
2112 2515 2113 2534 ,

379 2561 404 2616 in
421 2560 495 2630 tit,
509 2559 607 2631 titis,
621 2555 790 2629 part.3,ubi
804 2558 826 2612 si
840 2557 902 2629 quis
917 2554 1020 2612 habens
1034 2553 1110 2632 circa
1123 2567 1181 2608 rem
1218 2551 1346 2624 expendit
1368 2553 1484 2626 Gregor.
1499 2557 1567 2628 Lop.
1584 2557 1704 2614 reterens
1728 2556 1861 2614 Alexand.
1878 2571 1961 2615 cons.
1980 2563 2026 2630 33,
2058 2569 2063 2578 '
2112 2537 2113 2550 ¹

378 2649 498 2722 aliquam
519 2647 708 2719 priuilegium,
729 2645 762 2702 de
784 2662 813 2702 rc
832 2644 879 2701 illa
894 2645 920 2699 in
930 2643 1030 2701 iudicio
1042 2643 1182 2699 convinci·
1218 2640 1323 2698 volurn.
1339 2647 1364 2700 5.
1381 2645 1501 2718 lienique
1520 2647 1554 2702 ad
1575 2646 1626 2703 laoc
1640 2649 1723 2704 etiam
1743 2647 1971 2706 confirmandum
1990 2649 2026 2704 ia·

381 2745 442 2807 tur,
464 2745 492 2796 et
510 2737 535 2792 in
559 2751 593 2794 eo
608 2736 778 2810 privilegium
794 2750 848 2791 non
864 2732 977 2805 aliegat,
993 2737 1022 2788 et
1041 2729 1101 2787 ideo
1115 2745 1182 2786 con·
1217 2731 1296 2788 ciunt
1309 2747 1370 2804 cap.
1384 2735 1419 2790 St
1431 2732 1468 2792 de
1480 2738 1573 2797 urso,
1589 2743 1618 2792 et
1630 2735 1927 2808 capAccedeattdrrr,
1943 2753 2028 2809 supra

379 2827 549 2898 demuntur,
571 2827 658 2898 perdit
677 2823 845 2898 privilegium
866 2820 957 2896 quoad
972 2820 1132 2892 remilium,
1148 2819 1181 2876 de
1218 2819 1344 2895 allegata,
1359 2829 1497 2895 quatenus
1513 2826 1755 2897 praescriptionem
1774 2826 1931 2899 requirunt
1949 2829 2027 2884 ilatio

378 2934 433 2991 qua
448 2915 660 2984 condemnatur,
673 2917 710 2972 ite
724 2921 756 2971 ut
768 2914 884 2986 amplius
897 2929 950 2970 non
966 2911 1050 2985 possit
1063 2911 1138 2968 circa
1153 2910 1183 2969 il·
1219 2926 1284 2968 sero
1298 2918 1357 2984 eet,
1372 2912 1438 2984 quia
1451 2928 1500 2984 per
1514 2914 1599 2971 solam
1615 2916 1871 2973 contrareutionena
1886 2932 1943 2972 non
1963 2932 2026 2974 cen·

379 3009 431 3064 inor
456 3005 579 3064 eemdem
602 3020 659 3060 rens
683 3003 800 3076 allegare
821 3001 1005 3078 priuilegium.
1022 3002 1074 3062 Ubi
1095 3002 1182 3058 obiter
1217 3007 1294 3058 setur
1312 3002 1374 3074 quis
1394 3003 1556 3060 renunciare
1575 3003 1730 3077 privilegio,
1754 3006 1805 3063 nisi
1823 3006 1850 3062 in
1865 3021 1910 3072 eo,
1925 3007 1955 3062 in
1971 3022 2026 3080 quo

379 3103 457 3166 noto,
474 3092 549 3167 quod
571 3094 635 3151 licet
656 3108 709 3152 non
732 3093 850 3166 allegare
870 3092 1038 3165 priuilegium
1062 3091 1183 3148 videatur
1217 3091 1289 3146 uenit
1303 3099 1401 3148 contra
1413 3093 1651 3166 privilegium,sed
1665 3110 1714 3168 per
1725 3096 1845 3170 aliquem
1860 3113 1945 3154 usum
1959 3113 2025 3155 con·
2113 3149 2114 3160 ,

379 3187 469 3258 potius
491 3199 543 3240 non
566 3201 645 3251 usus,
667 3199 750 3256 squam
771 3184 928 3260 contrarius
949 3199 1017 3239 usus
1038 3181 1181 3254 privilegiu
1218 3183 1345 3252 tranium,
1361 3197 1415 3239 non
1430 3189 1527 3240 contra
1543 3189 1630 3242 toton
1643 3186 1812 3260 privilegium
1826 3188 1854 3242 in
1868 3193 1948 3256 se,et
1964 3193 2020 3243 tota

319 3277 324 3289 '
380 3272 551 3331 nihilominus
570 3288 682 3330 causam
704 3273 784 3329 talem
799 3289 878 3347 agere
892 3274 918 3330 in
937 3272 1052 3344 iudicio,
1074 3279 1103 3330 et
1115 3271 1182 3328 uelle
1217 3270 1347 3329 facultate
1368 3288 1418 3328 sua
1437 3274 1521 3330 etiarn
1541 3273 1568 3330 in
1589 3291 1638 3346 pro
1653 3276 1755 3333 iuturis
1775 3277 1963 3348 temporibus,
1981 3275 2025 3330 sed

379 3351 493 3422 iudicari
508 3364 564 3420 sina
585 3362 763 3422 fundamento
775 3364 920 3437 privilegii,
942 3370 986 3420 est
1000 3381 1068 3420 usus
1091 3363 1183 3435 positi·
1217 3365 1324 3417 tautum
1339 3361 1426 3418 hicet
1441 3378 1526 3434 nunc,
1543 3369 1571 3420 et
1584 3353 1611 3420 ir'a
1624 3365 1670 3422 tali
1685 3365 1808 3434 materia,
1824 3381 1893 3438 ergo
1907 3382 1965 3424 non
1981 3366 2024 3423 de·

378 3472 430 3512 rus
444 3455 602 3512 contrarius
615 3453 768 3528 privilegio,
784 3457 833 3526 qui
847 3454 913 3511 satis
927 3459 981 3526 est,
998 3459 1030 3510 ut
1043 3458 1123 3509 ectus
1140 3467 1183 3508 re·
1217 3449 1265 3507 liet
1277 3450 1393 3522 amplius
1407 3453 1514 3509 extendi
1529 3455 1712 3525 renunciatio,
1724 3469 1775 3511 nec
1790 3462 1835 3512 est
1848 3457 1923 3513 unde
1942 3457 2024 3512 maior

379 3561 504 3618 pugnans
519 3544 659 3619 privilegio
674 3543 782 3601 validus
796 3546 832 3602 sit
845 3552 942 3602 contre
958 3542 1182 3617 privilegiarium,
1219 3548 1425 3613 praesumatur,
1437 3543 1493 3599 irno
1507 3543 1588 3601 etism
1604 3544 1709 3602 nullum
1723 3553 1766 3602 est
1779 3545 1834 3612 ius,
1847 3545 1875 3600 iu
1888 3561 1946 3618 quo
1966 3547 2023 3602 talis

379 3637 571 3692 nonobstante
592 3634 741 3708 privilegio.
756 3635 835 3702 Quod
850 3642 926 3692 certe
946 3650 999 3690 non
1015 3639 1104 3706 potest
1124 3633 1183 3690 iun·
1218 3634 1405 3703 praesumptio
1432 3630 1539 3690 fundari
1564 3635 1659 3706 possit.
1674 3637 1741 3692 Nam
1758 3635 1799 3691 lert
1818 3634 1929 3708 ultima,
1949 3635 1976 3692 ti.
1993 3637 2023 3690 «ia

379 3726 437 3782 dari
452 3726 477 3782 in
492 3727 726 3798 praescriptione,
749 3726 812 3798 quia
831 3725 866 3782 ilri
887 3724 962 3782 nulla
976 3725 1136 3794 intervenit,
1153 3729 1184 3781 ut
1218 3721 1306 3795 privil.
1323 3729 1408 3778 rotor.
1425 3728 1453 3778 et
1472 3738 1535 3796 cap.
1552 3726 1628 3782 Cunr
1642 3729 1848 3792 accessissent,
1867 3724 1903 3782 de
1923 3729 2023 3782 consti·

380 3821 498 3887 constat,
512 3831 578 3889 ergo
593 3815 715 3888 provenit
729 3831 763 3872 er
777 3816 859 3872 tacita
876 3815 1095 3886 renunciatione,
1111 3829 1182 3886 quac
1218 3813 1318 3868 tution.
1333 3827 1406 3884 quae
1425 3813 1450 3867 in
1470 3814 1639 3871 contrarium
1658 3812 1750 3872 induci
1765 3821 1897 3888 possunt,
1915 3831 1946 3871 rc
1962 3830 2022 3872 rera

380 3915 512 3980 perpetua
525 3911 617 3962 manet
626 3908 654 3962 in
668 3905 712 3961 illa
724 3907 847 3974 rnatcria,
860 3906 934 3963 circa
945 3921 1028 3979 quern
1041 3911 1178 3962 vereatur.
1218 3919 1272 3960 non
1293 3909 1359 3959 sunt
1373 3905 1529 3974 contraria,
1551 3912 1583 3962 ut
1597 3904 1622 3960 in
1636 3905 1761 3978 sequenti
1776 3913 1884 3977 puncto
1903 3919 2021 3962 cornuto·

380 3996 460 4053 Ratio
474 4000 527 4068 ast,
543 3997 608 4070 quia
622 3994 689 4052 haec
703 3996 873 4053 renunciatio
888 3996 971 4052 tacita
985 3995 1014 4052 it
1027 4011 1075 4066 per
1091 3994 1184 4068 positi·
1216 3992 1280 4050 dius
1300 3992 1424 4064 dicetur,
1446 3993 1491 4050 ulri
1511 3993 1578 4050 irasc
1594 3995 1676 4050 ctiam
1689 3992 1821 4051 resolutio
1839 3994 1928 4068 magis
1942 3994 2022 4066 expli·

381 4101 443 4142 ram
454 4086 598 4155 actionem,
612 4101 660 4158 per
673 4100 757 4157 quarn
768 4086 810 4142 ius
825 4088 980 4160 acquiritur
995 4085 1082 4158 alteri,
1098 4100 1113 4141 a
1127 4099 1184 4158 qao
1218 4083 1338 4153 cabitur,
1353 4089 1381 4138 et
1395 4083 1614 4140 confirmabitur.

380 4179 558 4246 acceptatur,
580 4181 608 4230 et
628 4173 688 4250 ideo
711 4175 803 4247 quoad
827 4175 903 4232 illum
925 4175 1052 4233 ellectum
1077 4182 1137 4232 rata
1155 4181 1184 4231 et
1260 4176 1303 4230 ld.
1314 4172 1404 4228 Tertio
1419 4173 1505 4245 igitur
1516 4172 1678 4246 interrogari
1690 4179 1795 4246 potest,
1806 4180 1946 4247 quantum
1959 4183 2020 4232 terrr-

380 4265 458 4320 iirrna
478 4270 579 4321 manet.
596 4264 631 4320 Et
652 4265 680 4319 in
704 4262 757 4321 hoc
780 4264 873 4322 differt
896 4265 1015 4322 multum
1037 4267 1109 4322 inter
1130 4279 1182 4321 uon
1218 4278 1271 4334 pus
1285 4261 1471 4318 necessarium
1486 4261 1531 4324 sit,
1545 4268 1575 4319 et
1589 4261 1721 4332 sufficiat,
1738 4270 1770 4321 ut
1783 4265 1963 4338 privilegium
1977 4280 2019 4337 per

381 4371 463 4412 usurn
479 4353 607 4425 privilegii
617 4359 644 4409 et
658 4369 741 4410 usum
757 4355 939 4427 contrarium,
952 4362 984 4412 ut
997 4356 1084 4428 magis
1100 4355 1125 4411 in
1142 4369 1183 4412 sa·
1218 4354 1390 4409 contrarium
1409 4367 1491 4408 usurn
1510 4353 1677 4425 amittatur,
1695 4360 1725 4411 et
1738 4363 1946 4428 consequenter
1960 4361 2021 4428 quot

380 4445 528 4520 questibus
544 4445 654 4515 punctis
668 4443 865 4502 declarabitur.
1217 4445 1296 4499 actus
1315 4441 1396 4498 huius
1410 4443 1540 4498 contrarii
1556 4457 1624 4499 usus
1638 4441 1796 4516 sufficiant,
1821 4446 1864 4500 rel
1879 4444 2021 4501 necessarii

420 4539 447 4592 9.
461 4535 528 4590 iiico
543 4533 678 4591 secundo:
693 4535 744 4589 Per
758 4549 840 4592 usum
855 4533 996 4606 priuilegio
1010 4535 1179 4591 contrarium
1219 4533 1284 4602 sint,
1301 4536 1331 4587 ut
1346 4531 1516 4606 priuilegium
1530 4533 1683 4590 amittatur.
1695 4533 1746 4591 Ubi
1760 4535 1883 4607 primum
1901 4534 2020 4592 occurrit

381 4639 524 4698 nunquam
540 4623 676 4682 emittitur
697 4623 868 4698 privilegium
889 4621 982 4696 quoad
997 4639 1079 4680 usurn
1099 4623 1184 4681 luturi
1219 4620 1363 4680 tractanda
1376 4621 1863 4697 uulgarisquaestio,anpririlegium
1877 4639 1928 4697 per
1940 4637 2022 4680 unum

381 4715 582 4787 temporis,seu
593 4713 683 4786 quoad
695 4720 782 4770 totam
792 4712 952 4771 facultatem
962 4719 991 4770 et
1001 4713 1183 4772 substantiam
1218 4719 1312 4770 acturo
1335 4714 1507 4769 contrarium
1531 4714 1682 4770 amittatur.
1700 4716 1730 4769 ln
1751 4728 1807 4786 qua
1833 4715 1986 4770 Panormit.
1999 4713 2020 4767 in

380 4802 514 4877 privilegii
529 4819 576 4876 per
591 4804 678 4861 solam
694 4804 803 4860 tacitam
818 4803 1063 4878 renunciationem,
1076 4805 1125 4863 sed
1139 4822 1185 4862 ne·
1217 4801 1292 4860 dicto
1307 4818 1368 4874 cap.
1386 4805 1463 4861 Cum
1481 4805 1684 4864 accessissent,
1705 4800 1848 4876 distinguit
1868 4801 1904 4859 de
1918 4803 2022 4874 privile·

381 4909 459 4951 cesse
472 4899 531 4964 est,
548 4899 579 4950 ut
592 4893 713 4968 legitima
726 4893 904 4966 praescriptio
919 4901 1015 4951 contra
1034 4894 1184 4968 privilegia·
1217 4895 1261 4966 gio
1275 4891 1337 4950 dato
1353 4894 1473 4963 priuatae
1487 4907 1635 4964 personae,
1658 4891 1700 4948 rel
1724 4890 1930 4950 communitati.
1947 4893 1980 4948 lit
1992 4891 2022 4946 ds

381 4992 442 5044 lum
459 4982 623 5042 intercedat.
639 4986 715 5041 Hanc
730 4984 907 5043 assertionem
928 4983 1010 5041 docet
1023 4985 1089 5041 satis
1110 4985 1184 5042 clare
1218 4983 1298 5055 priori
1312 4981 1391 5054 dicit,
1410 4982 1496 5038 amitti
1511 4997 1559 5054 per
1575 4997 1661 5038 uuum
1677 4991 1773 5038 actum
1792 4983 1976 5038 contrarium.
1992 4981 2022 5036 lit

381 5078 461 5148 Greg.
475 5077 563 5147 Lopez
579 5074 605 5132 in
623 5074 643 5130 l.
656 5079 703 5147 tt,
721 5076 762 5132 tit.
781 5078 825 5147 te,
841 5080 910 5147 part
925 5080 952 5147 ³,
967 5074 1056 5132 Gloss.
1075 5080 1100 5146 t,
1115 5091 1181 5148 qua·
1218 5073 1352 5132 rationem
1375 5071 1486 5144 reddit,
1507 5072 1571 5145 quia
1590 5071 1616 5128 in
1636 5072 1743 5143 privato
1762 5071 1904 5146 quaelihet
1920 5069 2022 5129 directa

381 5173 463 5223 tenus
476 5165 528 5236 ait,
543 5181 623 5234 eum,
639 5164 687 5238 qui
702 5179 735 5221 ex
749 5162 887 5237 priuilegio
903 5165 1031 5222 immunis
1045 5172 1117 5221 esta
1138 5181 1184 5220 so·
1218 5163 1406 5222 contraventio
1425 5161 1532 5219 inducit
1551 5161 1785 5230 renunciationem
1808 5161 1944 5232 validam,
1963 5159 2022 5233 quia

382 5255 484 5318 tutione
504 5255 686 5326 tributorum,
710 5255 774 5314 iicet
787 5255 895 5336 saepius
910 5253 954 5313 illa
973 5254 1078 5329 soluat,
1094 5255 1115 5313 si
1130 5270 1183 5314 non
1218 5255 1414 5335 complectitur
1434 5251 1625 5321 contrarium,
1646 5259 1676 5312 et
1693 5255 1778 5312 sumit
1798 5259 2023 5329 argumentuma
