4190 6234
825 327 932 380 meur
945 329 993 380 m.
1648 311 1690 376 23

91 457 160 510 stator
171 450 313 527 mimmii
327 460 409 514 reete
422 456 646 528 Panormitanus,
655 471 709 514 non
724 453 807 514 habet
819 454 900 512 iuris·
934 451 1141 512 examinandae.
1157 453 1217 510 Una
1230 457 1289 524 eet,
1304 451 1379 526 quod
1394 467 1447 510 uon
1462 450 1607 524 procedat,
1621 451 1733 525 quando

94 542 246 615 dictionem,
269 559 333 618 qua
352 546 464 618 puniat,
479 556 509 604 ct
521 554 615 621 cogat,
629 545 677 604 eed
690 545 772 603 hahet
784 545 896 618 plenum
935 543 1051 601 verbum
1066 541 1100 600 de
1116 543 1209 600 tuturo
1223 543 1379 616 geminatur
1394 543 1419 598 in
1433 541 1503 615 lege,
1513 547 1544 599 ut
1554 543 1576 598 si
1591 539 1667 599 dicut
1679 541 1731 624 len,

99 634 232 692 domimum
243 635 380 708 reisuae,
390 637 499 694 ratione
509 637 590 696 cuius
601 643 693 710 potest
703 637 806 710 legare,
817 640 901 707 prout
935 637 1080 701 cessetur,
1104 639 1133 692 et
1145 635 1299 709 ,teritorum
1315 633 1355 690 lta
1368 631 1449 690 babot
1464 647 1540 690 num.
1559 636 1607 705 46,
1623 631 1669 690 ubi
1684 647 1736 704 pro

103 724 162 798 rult,
180 731 208 782 et
225 723 289 782 ideo
305 725 422 799 quaudo
436 725 545 785 ridetur
560 728 698 800 imponere
712 742 840 800 poenam,
859 724 897 781 lei
934 739 967 781 εε
984 722 1070 781 refert
1088 722 1163 781 Bald.
1179 725 1298 782 Roman.
1314 724 1402 780 lason.
1418 725 1483 780 bec.
1500 723 1641 794 Palinuro,
1655 727 1684 779 et
1696 722 1735 778 iu·

104 823 143 889 με
152 830 208 874 rem
220 815 274 874 sub
297 815 469 892 conditione,
484 833 539 891 qua
553 834 606 875 nou
621 818 742 891 impleta,
757 833 811 874 non
825 816 896 886 vult,
935 828 1067 870 numeros
1088 812 1165 870 alios.
1180 815 1231 882 Qui
1253 813 1342 870 solum
1362 813 1388 869 in
1409 812 1463 870 boc
1482 812 1648 881 tundantur,
1670 813 1736 884 quio

104 919 155 964 rem
164 921 240 962 suam
250 905 368 964 detineri
378 907 413 964 ab
426 906 545 966 haerede
556 909 599 964 rel
611 908 751 982 legatario,
763 912 793 965 et
806 908 832 964 iu
844 906 898 963 boc
934 901 1050 960 verbum
1060 903 1228 975 geminatum
1239 901 1320 960 debet
1332 901 1434 975 aliquid
1448 903 1553 975 operari
1568 901 1586 959 l.
1600 900 1731 971 Balleia,

105 1011 180 1054 sensu
192 995 305 1068 imponit
317 1012 448 1071 poenam,
464 996 490 1054 id
504 1003 548 1056 eet
560 1013 632 1055 onus
647 1012 702 1055 non
717 995 852 1056 retinendi
866 994 898 1052 il·
934 993 961 1050 tt.
983 992 1017 1051 ad
1030 992 1190 1051 lhebellian.
1212 991 1341 1051 adiuncta
1362 991 1457 1080 Glossa
1478 993 1529 1066 ihi,
1544 991 1735 1050 verbositans

104 1087 172 1160 lem,
194 1085 259 1160 quie
280 1085 308 1144 in
334 1087 380 1144 ilo
397 1094 500 1144 eventu
511 1103 566 1146 non
582 1086 641 1145 rult
652 1087 725 1146 illam
739 1086 854 1160 donare,
870 1091 899 1143 et
927 1081 1063 1164 fractus.
1078 1082 1259 1142 Nihilominus
1278 1082 1345 1140 haec
1364 1085 1499 1140 sententia
1520 1083 1586 1140 mihi
1601 1097 1655 1140 non
1671 1097 1735 1155 pro·

105 1175 161 1234 ideo
178 1175 235 1232 talis
254 1189 343 1248 poena
360 1176 464 1250 obliget
482 1178 511 1234 in
526 1177 709 1250 conscientia,
723 1179 789 1249 quia
803 1179 896 1234 cesset
934 1173 1029 1244 betur,
1045 1175 1109 1247 quia
1123 1172 1199 1230 nullo
1213 1173 1291 1230 iirnm
1305 1170 1482 1230 fundamento
1497 1173 1604 1230 aititur.
1622 1172 1657 1229 Et
1671 1171 1732 1230 ideo

107 1267 187 1323 iustus
200 1264 296 1324 titrdue
310 1265 443 1324 retinendi
456 1265 543 1338 illam,
559 1273 588 1324 ct
599 1268 663 1342 quia
674 1266 801 1324 noluntas
816 1271 900 1323 testa·
935 1263 970 1320 ab
991 1262 1036 1320 illa
1058 1263 1157 1321 merito
1180 1261 1296 1320 discedit
1309 1264 1422 1334 Castro,
1448 1277 1531 1336 quem
1551 1261 1597 1319 alii
1612 1261 1732 1336 theologi

106 1357 168 1412 toris
189 1369 221 1414 ex
244 1354 364 1413 iustitiae
388 1356 555 1430 obligatione
575 1355 712 1429 implenda
735 1360 788 1414 eet.
810 1355 899 1412 Secus
937 1351 1061 1412 moderni
1076 1357 1241 1426 sequuntur.
1253 1353 1334 1412 lites
1348 1353 1449 1410 iurietis
1461 1353 1533 1410 illam
1545 1357 1734 1410 retractarunt

107 1459 167 1500 nero
179 1449 220 1502 est
230 1443 265 1502 de
277 1459 367 1518 poene
381 1444 474 1520 legali,
490 1461 563 1520 quaa
576 1461 626 1520 per
639 1451 804 1520 potestatem
818 1444 900 1501 iuris·
935 1447 1000 1502 bec.
1018 1445 1045 1501 iu
1062 1444 1121 1518 loge
1138 1446 1216 1502 Cum
1226 1447 1339 1518 posteo,
1357 1443 1389 1499 G.
1404 1441 1551 1516 depactis,
1566 1447 1595 1499 et
1608 1441 1692 1499 l'eliu.
1708 1442 1736 1497 in

104 1533 224 1592 &honis
236 1534 399 1607 imponitur,
411 1541 441 1592 et
453 1550 503 1608 per
516 1551 577 1593 eom
591 1551 656 1594 reus
670 1537 796 1609 privatur
809 1549 840 1592 τε
854 1533 899 1591 rel
935 1551 999 1608 cap.
1016 1534 1125 1607 ultimo,
1140 1533 1174 1591 de
1189 1534 1264 1590 oilie.
1281 1533 1399 1608 delegat.
1415 1549 1492 1592 num.
1513 1539 1537 1593 1.
1554 1535 1580 1590 in
1594 1534 1654 1591 line.
1669 1533 1734 1591 Dico

104 1626 171 1696 iure,
185 1623 256 1697 quod
268 1623 396 1683 absolme
409 1625 578 1700 possidebat,
593 1626 625 1684 ad
640 1626 806 1700 reipublicae
820 1625 900 1682 eatis·
936 1641 1021 1700 ergo,
1037 1625 1102 1682 lieet
1116 1624 1157 1682 lex
1170 1623 1269 1681 habeat
1282 1623 1337 1681 duo
1354 1624 1436 1680 rerba
1451 1622 1484 1680 de
1498 1623 1603 1694 iuturo,
1619 1622 1734 1680 eundem

104 1713 246 1772 lectionem
263 1721 294 1772 et
312 1714 535 1789 correctionem,
557 1722 585 1772 et
602 1717 665 1774 ideo
680 1731 733 1773 non
747 1722 792 1773 est
804 1715 838 1772 de
852 1715 900 1772 ille
936 1731 1070 1790 poenam,
1092 1730 1140 1772 seu
1155 1715 1286 1772 ellectum
1300 1714 1489 1787 significantia,
1505 1727 1559 1770 uon
1573 1713 1693 1787 abligare
1706 1715 1734 1770 iu

105 1803 196 1861 similis
214 1803 301 1862 ratio.
315 1803 375 1861 hlia
387 1803 513 1862 limitatio
528 1813 624 1878 posset
637 1804 760 1864 adhiberi
774 1821 808 1864 ex
822 1811 900 1879 parto
936 1804 1120 1874 conscientia,
1142 1818 1193 1860 neo
1213 1804 1355 1862 continere
1374 1803 1463 1877 legem
1477 1802 1570 1875 latam,
1587 1801 1633 1860 sed
1648 1802 1736 1862 ieren·
1826 1867 1833 1888 ι

102 1895 238 1967 mumius,
252 1909 338 1968 quam
353 1893 379 1950 iu
393 1893 492 1969 regula
505 1898 641 1970 mouenti,
657 1912 729 1971 quoe
743 1896 899 1954 communie
933 1894 1099 1972 damllatio
1109 1894 1136 1950 in
1150 1893 1245 1966 primis
1259 1898 1311 1966 eet,
1324 1893 1390 1965 qaria
1403 1891 1484 1950 etiam
1498 1891 1524 1948 in
1536 1891 1581 1949 illo
1594 1891 1677 1951 aerbo
1689 1907 1736 1965 ge·

102 1999 161 2040 erse
174 1983 291 2054 ridetur,
306 1983 521 2056 explicabimus.
934 1986 1039 2042 minato
1063 1999 1117 2042 non
1133 1983 1290 2040 continetur
1308 1989 1488 2055 praeceptum
1502 1982 1552 2054 ipsi
1566 1983 1736 2056 reoimpoei·

139 2079 167 2134 8.
180 2072 305 2132 Secunda
324 2072 422 2146 regula
436 2080 494 2132 est:
511 2075 625 2143 Quando
639 2072 682 2133 lon
696 2075 785 2134 iortur
797 2073 900 2147 simpli·
934 2082 993 2134 tum
1018 2073 1190 2150 exequendi,
1216 2088 1266 2130 seu
1289 2071 1450 2130 observandi
1473 2087 1603 2145 poenem3
1619 2089 1686 2147 ergo
1701 2073 1735 2132 ad

102 2163 169 2222 citer
179 2180 227 2236 per
239 2162 357 2222 verbum
372 2163 460 2221 iuturi
474 2167 608 2238 temporis
622 2171 744 2239 tantum,
759 2181 813 2222 nou
828 2164 898 2223 obli·
934 2165 987 2223 boc
1011 2180 1066 2222 noa
1092 2163 1250 2238 obligetur,
1274 2163 1363 2220 donec
1378 2179 1394 2220 a
1408 2157 1560 2236 iudice'per
1574 2164 1735 2221 seutentiam

98 2261 146 2328 gat
164 2255 188 2311 in
206 2253 373 2312 consciemh
386 2259 450 2312 ante
473 2255 644 2314 sententiam.
661 2257 710 2313 Est
724 2256 894 2328 communie,
934 2255 1141 2328 praecipiatur,
1157 2265 1189 2312 ut
1202 2255 1225 2310 si
1239 2253 1281 2311 lex
1295 2253 1382 2327 dicat,
1399 2253 1559 2328 imitabitur,
1574 2261 1602 2312 et
1616 2269 1735 2313 enacara-

100 2349 133 2399 ut
145 2342 176 2400 de
188 2345 314 2402 censuris
327 2343 405 2402 dicto
420 2343 482 2402 loco
495 2344 565 2417 disi,
580 2352 609 2404 et
619 2345 783 2419 generaliter
797 2346 895 2404 docte·
934 2345 1026 2418 bitur,
1046 2360 1096 2418 per
1110 2350 1261 2418 utrumque
1275 2343 1391 2401 verbum
1406 2343 1554 2402 instruitur
1567 2343 1664 2420 iudex,
1680 2359 1735 2404 non

98 2447 143 2490 ree
157 2432 271 2508 allegati,
269 2435 441 2512 praesertim
453 2435 589 2509 Tiraquel.
602 2451 688 2509 supra
698 2449 776 2494 num.
790 2438 896 2508 sato,
933 2435 1044 2510 cogitur
1058 2450 1133 2492 reus.

102 2528 131 2578 et
144 2527 190 2594 tt,
204 2522 249 2580 ubi
268 2525 431 2582 innumeros
452 2523 553 2598 allegat
571 2524 719 2599 doctores,
733 2531 762 2583 et
775 2524 893 2599 glossas,
971 2526 1027 2582 Nec
1041 2524 1250 2582 tundamentum
1265 2523 1417 2581 contrariae
1431 2525 1581 2582 sententiae
1594 2531 1637 2582 eet
1649 2525 1734 2582 aliou-

105 2611 246 2683 ediiciens,
268 2613 361 2670 solum
381 2615 491 2670 Barbat.
506 2615 704 2674 contradixisse
717 2615 824 2673 levibus
838 2631 898 2673 mo·
931 2617 976 2674 ius
987 2615 1201 2688 momenti,quia
1211 2614 1275 2672 licet
1288 2613 1435 2687 geminatio
1444 2614 1519 2672 verbi
1529 2613 1630 2688 aliquid
1638 2630 1734 2687 opero·

103 2706 160 2758 tuna
172 2700 341 2774 rationibus,
356 2717 428 2776 quaa
442 2701 502 2760 ideo
515 2705 623 2762 omittit.
637 2706 717 2764 Ratio
730 2721 797 2779 erge
812 2720 896 2780 regu-
932 2713 1051 2779 tur,uou
1063 2710 1152 2762 tamen
1164 2710 1296 2777 operatur
1307 2719 1409 2761 novum
1423 2705 1553 2762 ellectum
1565 2720 1618 2763 non
1634 2705 1735 2780 signifi·

102 2789 142 2846 lae
159 2791 230 2848 clara
247 2798 307 2862 est,
323 2791 389 2864 quis
403 2791 517 2849 verbum
529 2791 618 2850 futuri
630 2796 763 2866 temporis
778 2809 832 2852 uon
848 2810 894 2851 eo·
932 2800 1025 2853 catum
1039 2810 1088 2867 per
1101 2793 1173 2850 mille
1184 2795 1267 2850 verba
1280 2793 1386 2852 similia.
1400 2794 1550 2870 Quocirca,
1566 2796 1588 2852 si
1603 2795 1684 2854 verba
1698 2795 1734 2853 ei-

100 2879 155 2936 lura
168 2895 220 2938 non
233 2879 289 2938 lert
301 2881 466 2938 senteutiam
480 2884 507 2938 in
521 2885 667 2956 prseeenti,
679 2882 727 2941 aed
741 2884 823 2941 etiarn
837 2885 892 2941 vir·
932 2886 1061 2960 gnihcent
1075 2884 1213 2943 distinctae
1227 2899 1340 2956 poenas,
1353 2884 1394 2942 vel
1411 2901 1495 2943 unum
1510 2891 1608 2960 augeat
1621 2884 1693 2944 aliud
1706 2888 1734 2943 tn

104 2975 160 3026 tute
173 2968 287 3027 includit
300 2971 475 3044 negationem
488 2973 716 3047 eius,quiaquod
728 2975 894 3034 infuturum
932 2976 991 3048 ipsa
1001 2990 1105 3048 poena,
1119 2980 1147 3031 et
1156 2981 1307 3048 utrumque
1322 2975 1358 3032 sit
1370 2974 1404 3031 de
1418 2975 1522 3048 tuturo,
1539 2976 1683 3050 geminatio
1697 2978 1734 3035 el·

104 3057 254 3116 laciendum
269 3065 328 3133 est,
344 3075 399 3118 non
416 3061 457 3119 fit.
473 3063 508 3120 Ut
520 3063 543 3118 ei
560 3062 647 3136 dicat,
661 3067 897 3122 excommunico·
932 3065 1069 3140 gnihcabit
1080 3070 1259 3138 augmentum
1274 3080 1376 3138 poenae
1391 3065 1580 3140 imponendae,
1596 3083 1650 3124 nou
1665 3083 1732 3126 vero

99 3152 159 3212 tur,
171 3151 316 3218 irritetur,
327 3149 450 3208 nendum
460 3153 823 3227 excommunicat,noudum
837 3156 897 3211 irri·
932 3169 1048 3230 poenam
1065 3156 1126 3227 ipso
1145 3154 1218 3211 iacto
1232 3155 1394 3226 impositam.
1409 3153 1523 3222 Quando
1542 3161 1634 3213 autem
1648 3157 1730 3215 verba

99 3243 147 3294 tat.
168 3239 261 3314 biees,
276 3237 332 3296 hoc
346 3254 407 3297 asse
422 3255 518 3298 rerum
532 3243 560 3297 in
575 3241 667 3299 verbis
680 3243 897 3316 significantibus
932 3249 998 3301 eunt
1010 3247 1153 3321 synonima
1163 3245 1191 3301 in
1206 3243 1367 3318 significato,
1381 3250 1411 3302 et
1424 3251 1574 3320 utrumque
1586 3253 1629 3305 eet
1642 3245 1675 3303 do
1690 3247 1732 3304 iu-

100 3330 235 3402 actioues,
256 3344 398 3406 quaenon
412 3330 518 3404 abipso
533 3347 592 3404 reo,
608 3333 656 3390 sod
670 3348 687 3389 a
701 3335 842 3406 superiore
857 3334 896 3392 ia·
932 3341 1012 3406 turo,
1036 3350 1090 3392 non
1114 3339 1231 3406 possunt
1250 3333 1401 3407 siguificare
1421 3334 1523 3408 aliquid
1547 3334 1581 3392 de
1602 3338 1736 3407 praesenti

99 3419 207 3478 ebardoe
218 3427 298 3494 eunt,
311 3426 344 3478 ut
353 3427 420 3478 eunt
429 3424 801 3494 excommunicareirritare:
815 3440 898 3482 secus
931 3429 1044 3497 propter
1057 3423 1143 3482 solam
1163 3423 1388 3496 geminationem,
1404 3425 1469 3498 quia
1483 3424 1538 3482 hoc
1559 3431 1601 3482 eet
1614 3425 1687 3483 ultra
1700 3427 1735 3484 si-

96 3524 158 3568 rero
173 3511 277 3582 lore,ei
291 3510 408 3570 verbum
419 3508 488 3586 legis
499 3512 634 3588 significet
642 3515 778 3572 actionem
789 3515 823 3572 eb
837 3515 896 3588 ipso
932 3515 1134 3588 gnihcutionem
1145 3513 1302 3572 verborum:
1311 3520 1339 3571 et
1350 3515 1387 3572 ita
1400 3519 1443 3572 est
1455 3513 1591 3588 amplirtio
1600 3515 1678 3573 valde
1688 3531 1736 3573 ro·

94 3613 142 3657 reo
158 3599 361 3670 exercendam,
382 3606 415 3658 ut
427 3603 451 3658 si
464 3600 550 3674 dicat,
565 3601 666 3672 solvet,
680 3603 831 3672 tenuabit,
841 3610 896 3662 otc.
934 3604 1062 3678 luntaria,
1073 3619 1144 3678 quae
1159 3604 1186 3662 ia
1201 3605 1276 3662 omni
1290 3606 1403 3661 materia
1418 3601 1538 3662 cavenda
1551 3610 1603 3677 est,
1619 3606 1735 3663 maxime

94 3690 161 3748 ham
179 3697 251 3750 tunc
269 3690 381 3749 videtur
400 3691 538 3764 imponere
551 3690 585 3750 de
599 3695 736 3767 praesenti
750 3693 897 3768 obligatio·
934 3711 999 3752 vero
1012 3695 1037 3752 in
1048 3694 1164 3768 poenali.
1173 3693 1221 3751 illa
1230 3708 1296 3767 ergo
1306 3694 1451 3767 geminatio
1462 3700 1530 3752 tunc
1542 3695 1632 3755 solum
1642 3703 1735 3755 osteo·

95 3795 153 3838 nem
166 3779 201 3837 ad
216 3787 314 3840 actum
325 3785 421 3854 postea
430 3780 567 3840 futurum.
580 3783 758 3856 Respondeo,
771 3789 837 3842 tunc
849 3783 896 3841 ha·
933 3786 973 3844 dit
986 3783 1027 3842 vel
1037 3784 1169 3842 maiorem
1179 3782 1401 3842 deliberationem
1412 3783 1584 3860 legislatoris,
1596 3784 1639 3844 ael
1650 3789 1735 3846 maio·

96 3869 158 3928 bere
172 3871 272 3929 locu·
287 3869 343 3928 alia
356 3871 487 3944 principia
501 3873 601 3946 posita,
614 3873 690 3948 quod
703 3873 802 3932 saltem
816 3875 901 3932 verba
933 3891 993 3932 rem
1003 3873 1143 3945 ellectum,
1155 3871 1198 3931 rel
1212 3874 1343 3930 maiorem
1356 3874 1478 3931 criminis
1491 3877 1679 3950 acerbitatem,
1691 3879 1735 3936 rel

95 3958 139 4018 alla
160 3967 230 4018 utut
254 3960 432 4020 indifferentia
455 3961 489 4020 ed
502 3963 695 4021 instruendum
711 3963 842 4037 iudicem,
857 3965 900 4023 rol
934 3964 1036 4023 indicat
1054 3964 1183 4022 meiorem
1197 3964 1368 4038 firmitatem,
1382 3965 1424 4022 τεΙ
1448 3967 1690 4026 immutabilitatem
1709 3969 1735 4027 in

96 4048 275 4126 obligandum
295 4065 395 4124 reum,
414 4067 447 4110 ec
465 4053 583 4112 subinde
597 4054 624 4111 in
638 4055 776 4112 mitiorem
791 4061 898 4127 partem
934 4071 1036 4129 poene,
1051 4060 1084 4112 ut
1097 4053 1178 4112 iudex
1192 4069 1248 4111 nou
1261 4052 1362 4111 audeat
1374 4053 1447 4112 illam
1459 4057 1592 4131 minuere,
1604 4073 1656 4115 non
1668 4074 1734 4116 nero

97 4141 344 4200 manuninum
362 4140 422 4199 ideo
443 4143 554 4216 quidam
573 4142 719 4217 dixerunt,
743 4143 817 4220 quod
832 4146 854 4202 ei
867 4161 902 4206 ex
935 4145 1038 4204 indicat
1056 4146 1120 4202 novi
1140 4143 1286 4215 ellectum,
1301 4158 1385 4216 quem
1399 4144 1483 4202 rerba
1495 4161 1550 4204 nou
1565 4148 1730 4222 significant.

98 4237 190 4289 tenore
205 4231 275 4306 legis
289 4235 411 4305 constet,
423 4231 538 4290 verbum
549 4233 688 4292 defuturo
699 4231 779 4308 dirigi
791 4235 825 4292 ed
839 4251 902 4308 par·
935 4236 1013 4294 Sicut
1026 4236 1054 4291 iu
1069 4233 1163 4291 multis
1182 4231 1288 4290 iuribus
1311 4238 1431 4305 constat,
1447 4241 1476 4292 et
1488 4235 1515 4291 in
1531 4235 1638 4310 legibus
1652 4237 1734 4296 etiam

98 4326 162 4394 tem,
176 4327 206 4378 et
217 4335 275 4380 non
290 4319 325 4378 ad
340 4319 474 4394 iudicem,
489 4324 616 4382 continet
626 4325 790 4383 sententium
805 4323 900 4400 letam,
935 4325 1086 4384 terentibus
1106 4338 1222 4396 poenam
1239 4323 1297 4396 ipso
1312 4321 1401 4396 lacto,
1417 4331 1450 4380 ut
1462 4331 1559 4396 postea
1571 4325 1734 4402 ridebimus,

100 4418 132 4468 ut
144 4409 229 4472 relert
240 4409 379 4486 linquet.
395 4425 480 4484 supra
493 4428 572 4471 num.
588 4417 635 4472 til.
652 4414 781 4472 Probatio
795 4422 898 4494 autem,
935 4421 963 4474 et
976 4414 1094 4474 admittit
1106 4415 1165 4486 ipse
1175 4413 1269 4485 Tiraq.
1284 4411 1333 4485 ibi,
1350 4427 1378 4469 n.
1394 4417 1443 4487 25,
1455 4417 1503 4487 48,
1518 4421 1547 4472 et
1560 4431 1643 4490 saepe
1656 4415 1734 4474 aliae.

101 4515 180 4574 quam
194 4499 320 4572 adducit,
335 4499 462 4573 procedit
476 4501 502 4558 iu
516 4504 627 4579 gratiis,
642 4519 697 4562 non
713 4504 740 4562 in
754 4505 860 4580 poenis,
874 4510 903 4564 et
935 4505 1013 4566 Unde
1033 4521 1087 4564 aon
1109 4502 1205 4577 rideo,
1223 4518 1277 4561 our
1290 4501 1328 4560 illi
1343 4503 1492 4562 sententiae
1506 4510 1561 4563 tam
1575 4512 1737 4566 constanter

104 4589 157 4650 ideo
170 4607 224 4648 uon
238 4589 356 4648 admitto
370 4592 399 4650 in
412 4594 557 4664 praesenti·
568 4591 642 4652 illem
656 4592 818 4652 doctrinam.
832 4595 902 4653 Nam
937 4595 1107 4667 adhaeserit,
1129 4610 1192 4651 narn
1212 4591 1362 4652 multitudo
1382 4591 1532 4653 doctorum
1549 4612 1605 4656 non
1618 4597 1733 4672 sufficit,

106 4679 215 4739 lieetlea
225 4680 359 4756 loquetur
372 4679 407 4738 ad
421 4695 511 4753 reum,
523 4681 546 4738 ei
561 4687 668 4740 tantum
680 4699 729 4757 per
741 4684 857 4742 verbum
868 4683 902 4742 de
936 4685 984 4744 uhi
999 4690 1173 4755 nectemus,
1189 4698 1241 4740 nec
1256 4683 1324 4740 ratio
1339 4682 1536 4757 suffragatur..

108 4769 195 4830 laturo
216 4770 345 4846 designet
364 4785 492 4844 poenam,
507 4770 669 4846 intelligitur
684 4775 856 4847 praecipere,
871 4780 904 4832 ut
981 4780 1026 4836 10.
1042 4777 1133 4848 Atque
1158 4773 1222 4830 hinc
1251 4773 1335 4830 etiem
1356 4787 1411 4830 aon
1438 4773 1526 4845 probo
1549 4774 1736 4837 limitationem

110 4870 197 4931 pareat
213 4863 259 4922 tali
276 4875 395 4935 poenae,
410 4859 520 4935 quando
535 4861 572 4919 illi
586 4863 670 4922 luerit
684 4863 801 4922 iuridice
814 4866 903 4938 impo-
937 4864 1030 4940 aliam,
1046 4880 1130 4938 quam
1144 4863 1216 4920 idem
1228 4862 1401 4936 Tiraquellus
1416 4862 1540 4940 adiungit
1552 4881 1581 4924 n.
1595 4871 1643 4940 tl,
1658 4868 1737 4926 nimi·

111 4952 167 5026 site,
188 4969 250 5012 nam
271 4953 318 5012 bic
340 4967 441 5010 senem
455 4957 499 5010 eet
512 4953 613 5029 mitior,
626 4961 655 5012 et
670 4954 722 5012 iuri
737 4969 770 5012 oc
784 4969 903 5014 consue·
938 4969 1013 5028 rum,
1028 4955 1051 5012 si
1064 4968 1151 5026 poena
1165 4950 1342 5025 perverbum
1356 4950 1390 5008 de
1409 4951 1505 5011 tuturo
1519 4957 1676 5028 imponatur
1687 4972 1737 5030 per

111 5042 186 5102 tudini
204 5041 370 5104 centennis.
938 5045 1008 5102 duae
1024 5043 1110 5117 leges,
1126 5044 1247 5116 priorem
1257 5046 1285 5099 et
1299 5044 1492 5114 posteriorem,
1506 5049 1573 5101 tunc
1587 5044 1695 5105 licetex
1710 5049 1738 5105 vl

142 5137 167 5194 i.
179 5136 249 5196 lluic
270 5131 392 5209 regulae
406 5130 500 5205 plures
513 5131 690 5193 limitationes
706 5133 818 5194 adhibet
830 5135 902 5193 Tire·
922 5171 925 5180 ,
942 5133 1027 5191 solius
1041 5134 1141 5206 prioris
1155 5131 1223 5206 legis
1236 5129 1323 5189 tuerit
1336 5147 1423 5207 poene
1437 5139 1542 5191 tantum
1562 5135 1687 5211 terenda,
1702 5152 1736 5195 ox

107 5223 217 5306 quim,
238 5239 353 5301 suprap
369 5219 444 5286 duae
457 5228 559 5300 tamen,
583 5230 633 5284 out
646 5231 703 5284 tres
717 5231 825 5286 tuntum
839 5230 905 5285 eunt
926 5223 964 5283 ri
979 5222 1141 5300 posterioris
1155 5237 1215 5282 esse
1236 5221 1330 5298 latam,
1346 5237 1379 5282 ae
1399 5221 1514 5284 subinde
1528 5226 1677 5286 secundam
1698 5224 1736 5290 le·
