4256 6224
406 331 472 396 538
1123 344 1289 396 arnmrx.

362 473 453 532 lustit.
469 491 497 547 q.
515 478 548 546 3,
564 479 617 530 art.
633 476 661 532 l.
677 471 728 528 stit
743 486 807 528 vero
828 476 926 543 putant
939 512 947 542 ,
961 471 986 526 in
1001 469 1163 540 unatabula
1199 477 1341 544 praecepta
1361 471 1407 530 illa
1422 473 1448 530 in
1469 471 1604 546 lapidibus
1618 473 1736 532 describi
1752 475 1899 532 ministerio
1922 493 1991 550 ange·

363 564 448 621 luisse
465 569 569 620 tantum
585 569 729 634 praecepta
744 562 904 634 pertinentia
916 560 950 617 ad
963 563 1061 631 boum,
1073 563 1099 616 in
1111 559 1162 616 alia
1201 559 1291 618 lorum
1306 561 1340 618 od
1361 562 1489 619 maiorem
1509 563 1619 622 illorum
1638 572 1847 636 praeceptorum
1870 581 1992 624 commen-

362 669 428 710 vero
442 651 601 724 pertinentia
615 651 650 708 ad
668 652 832 723 proximum.
847 650 924 717 Quod
939 652 1021 708 sentit
1034 652 1164 724 Augusti·
1199 649 1346 723 dationem,
1361 659 1391 709 ut
1404 651 1484 725 pinne
1497 652 1641 726 colligitur
1654 669 1687 710 ex
1703 659 1749 712 tl.
1762 654 1849 712 and.
1862 663 1890 711 et
1909 659 1993 714 bena·

362 757 415 799 nus
430 759 459 816 q.
482 745 527 801 il.
549 743 574 798 in
595 741 684 799 Escd.
699 749 728 798 et
748 758 775 815 q.
794 743 820 798 l.
839 742 864 796 in
884 741 953 798 libro
972 741 1163 813 quaestionum
1197 755 1257 796 ron.
1271 745 1298 798 l.
1310 747 1338 797 et
1351 745 1378 798 9.
1392 744 1489 800 Postea
1502 759 1568 800 vero
1584 745 1688 820 lloyses
1704 743 1789 802 iratus
1803 751 1899 802 contra
1918 762 1992 818 popu·

362 834 508 905 utriusque
523 839 632 889 testam.
647 839 675 889 et
688 832 735 890 lib.
751 831 784 888 de
800 831 894 888 decem
910 830 1037 902 chordis,
1054 845 1115 902 cap.
1133 833 1160 887 6.
1198 828 1254 886 lum
1271 837 1382 902 proptor
1393 831 1511 888 situlum
1525 833 1692 890 conflatilem
1707 834 1843 907 confregit
1863 851 1918 902 eas,
1929 834 1993 892 dein·

360 923 397 980 Et
410 922 462 978 hoc
477 925 602 995 sequitur
616 920 746 978 Abulens.
762 921 788 976 in
803 935 865 992 cap.
881 925 929 978 20.
944 919 1034 978 Exod.
1050 936 1077 992 q.
1095 924 1124 990 2,
1137 925 1165 976 et
1199 934 1265 992 ceps
1285 936 1350 977 vero
1366 922 1422 992 ipse
1437 923 1544 997 lloyses
1558 925 1635 981 iussu
1651 925 1696 980 Dei
1711 923 1805 981 eadem
1825 928 1992 996 praeceptam

361 1013 481 1086 Burgeu.
495 1013 519 1067 in
534 1027 594 1084 cap.
613 1016 658 1069 32.
674 1010 770 1082 Exodi,
785 1010 870 1068 addit.
887 1015 914 1069 l.
932 1013 1004 1067 lnter
1017 1025 1087 1083 quas
1102 1025 1164 1066 sen·
1200 1010 1259 1066 aliis
1276 1009 1385 1068 duadus
1397 1011 1495 1068 tabulis
1509 1013 1621 1084 scripsit
1631 1012 1718 1071 Eacd.
1728 1019 1773 1073 at.
1788 1017 1826 1070 dc
1846 1013 1947 1071 tandem
1959 1023 1993 1071 ta-

363 1103 459 1159 tentias
473 1101 583 1160 dillicile
598 1101 722 1158 estlerre
733 1099 867 1157 iudicium
878 1141 885 1171 ,
898 1101 962 1172 quia
973 1106 1102 1156 auctores
1117 1099 1165 1156 hn-
1200 1099 1281 1156 bulas
1292 1100 1351 1156 illas
1365 1101 1436 1158 intra
1450 1117 1545 1158 arcam
1559 1103 1604 1158 liei
1619 1103 1721 1174 posuit,
1736 1112 1767 1160 ut
1783 1105 1878 1160 maiori
1896 1120 1992 1161 renora-

362 1207 426 1249 rum
448 1191 604 1264 opinionum
629 1207 683 1246 non
702 1190 830 1248 viderunt
847 1190 954 1247 tabulas
975 1191 1110 1262 scriptas,
1132 1179 1164 1245 ut
1198 1189 1270 1246 tione
1292 1197 1438 1263 praecepta
1459 1191 1504 1248 illa
1531 1191 1707 1264 haberentur,
1731 1200 1762 1248 ut
1786 1200 1897 1250 constet
1919 1209 1947 1250 ex
1969 1201 1991 1252 t.

361 1283 470 1352 possint
483 1280 516 1338 de
531 1280 582 1337 illis
601 1280 672 1337 terre
686 1281 884 1337 testimonium.
905 1281 940 1337 Et
953 1281 1095 1352 Scriptura
1110 1295 1163 1334 non
1198 1279 1268 1352 Reg.
1283 1286 1310 1351 8,
1323 1285 1354 1352 2,
1369 1279 1595 1353 Paralipomenon
1611 1286 1638 1352 5,
1654 1287 1682 1338 et
1695 1281 1729 1338 ad
1748 1281 1832 1339 llebr.
1846 1287 1873 1340 9.
1891 1284 1991 1355 lleliqua

361 1368 481 1441 explicat
499 1368 611 1426 modum
633 1369 802 1441 partitionis,
822 1385 873 1426 nec
889 1371 965 1426 tirma
979 1369 1099 1439 ratione,
1116 1376 1164 1426 aut
1199 1383 1263 1424 vero
1279 1369 1368 1425 omnia
1383 1376 1528 1441 praecepta
1543 1369 1612 1443 legis
1631 1370 1814 1444 promulgavit
1834 1373 1949 1447 lloyses,
1966 1390 1991 1428 aa

362 1460 502 1516 traditione
516 1466 592 1516 certa
605 1457 709 1516 ostendi
729 1465 826 1530 potest.
844 1458 870 1516 Si
891 1466 980 1516 tamen
1002 1458 1164 1514 coniectura
1198 1457 1308 1529 publice
1320 1457 1435 1531 legendo
1450 1473 1544 1515 eoram
1560 1459 1672 1531 populo,
1688 1467 1816 1532 utsupra
1832 1460 1935 1518 dictum
1945 1470 1988 1536 est,

360 1549 495 1606 utendum
508 1557 567 1620 est,
581 1549 717 1620 posterior
731 1553 772 1604 est
783 1548 971 1620 praeferenda,
985 1549 1048 1622 quia
1058 1547 1162 1618 decuit,
1198 1553 1224 1604 et
1238 1548 1285 1605 illa
1301 1539 1383 1604 ve'roa
1397 1539 1444 1605 liei
1463 1549 1566 1620 scripta
1580 1565 1634 1605 non
1649 1551 1759 1622 quidem
1775 1551 1799 1605 ia
1820 1565 1901 1620 area,
1917 1568 1989 1624 neque

361 1648 393 1696 ut
408 1646 553 1712 praecepta
571 1639 606 1696 aul
624 1642 710 1696 Deum
731 1641 894 1710 pertinentia
914 1639 1061 1709 separatim
1074 1679 1081 1708 ,
1096 1645 1124 1694 et
1138 1638 1163 1692 in
1196 1638 1265 1694 intra
1286 1638 1386 1695 Sancta
1400 1644 1577 1710 sanctorum,
1594 1638 1642 1695 sed
1656 1645 1732 1695 extra
1746 1638 1792 1696 illa
1805 1640 1940 1696 observari
1953 1657 1989 1694 ao-

359 1729 447 1801 prima
468 1730 559 1786 tabula
581 1729 766 1786 traderentur.
781 1729 816 1784 Et
837 1729 872 1784 ita
893 1744 962 1784 usus
981 1727 1115 1799 obtinuit,
1132 1733 1163 1784 ut
1196 1726 1258 1784 luit.
1281 1730 1309 1784 ln
1324 1743 1378 1800 quo
1393 1729 1578 1801 significatum
1592 1727 1704 1800 quidem
1718 1735 1777 1800 est,
1792 1736 1936 1802 praecepta
1951 1732 1990 1785 br·

359 1819 406 1876 illa
420 1818 548 1875 dicantur
562 1824 707 1889 praecepta
719 1817 821 1889 primae
832 1816 950 1886 talaulae,
964 1815 1052 1872 atalia
1063 1831 1163 1872 sccun-
1197 1817 1288 1890 calogi
1306 1833 1367 1874 esse
1382 1819 1506 1890 graviora
1521 1825 1548 1874 et
1563 1819 1650 1892 magis
1665 1823 1834 1890 necessaria,
1847 1836 1899 1876 non
1916 1827 1988 1876 tanen

360 1909 422 1980 dae,
438 1917 470 1966 ut
483 1913 559 1981 patet
572 1922 605 1965 en
620 1906 794 1964 diaoTboma
806 1923 834 1980 q.
851 1911 912 1977 100,
926 1917 978 1962 art.
995 1911 1057 1977 l,et
1069 1912 1095 1974 5,
1108 1907 1163 1963 lla-
1197 1906 1344 1972 minutiora
1360 1914 1389 1964 et
1409 1907 1485 1980 parri
1501 1908 1640 1980 momenti,
1656 1915 1689 1965 ut
1709 1907 1822 1982 quidam
1841 1910 1943 1966 incaute
1959 1908 1989 1964 la

360 1999 427 2069 gist.
442 2013 508 2056 eum
522 1997 683 2056 doctoribus
703 1998 728 2053 in
743 2002 778 2070 3,
795 1997 822 2054 d.
839 2001 872 2056 37
886 2038 893 2070 ,
909 2003 938 2053 et
956 1996 1015 2053 aliis
1034 2012 1159 2054 commu·
1195 2001 1330 2068 quuntur.

359 2087 440 2146 niter.
1067 2075 1070 2082 ’
1233 2087 1259 2142 l.
1277 2086 1365 2157 Atque
1386 2101 1418 2142 ex
1437 2084 1511 2142 dicta
1531 2085 1597 2158 legis
1618 2087 1858 2160 promulgatione,
1876 2088 1987 2145 etlorma

401 2182 427 2234 6.
443 2177 524 2233 Circa
544 2175 658 2234 alteram
679 2182 784 2248 partem
806 2175 875 2233 illius
897 2176 1014 2249 lormae,
1031 2191 1100 2249 quae
1120 2183 1163 2233 est
1192 2175 1251 2231 eius
1266 2174 1357 2246 colligi
1371 2181 1463 2246 potest
1477 2176 1672 2251 primo,legem
1683 2178 1754 2234 illam
1767 2193 1893 2236 nonesse
1910 2177 1985 2234 datam

359 2268 559 2340 promulgatio,
575 2266 741 2339 distinguere
760 2273 867 2337 oportet
884 2265 1051 2338 becalogum
1072 2265 1163 2322 areli·
1195 2278 1244 2335 pro
1260 2265 1389 2320 universo
1404 2263 1521 2334 mundo,
1538 2263 1585 2321 sed
1604 2280 1655 2337 pro
1669 2266 1726 2323 solo
1741 2267 1844 2338 populo
1863 2268 1950 2338 lsrael,
1964 2275 1988 2322 ut

361 2373 417 2430 qun
432 2367 507 2428 parte
522 2356 588 2429 legis
599 2378 607 2428 i
620 2373 683 2413 uam
698 2355 826 2412 solemnis
839 2357 1021 2428 promulgatio
1032 2356 1159 2428 ltecnlogi
1193 2350 1277 2408 tradit
1290 2351 1368 2408 dirus
1381 2353 1500 2410 Tbornas
1514 2370 1542 2427 q.
1562 2358 1609 2426 98,
1623 2363 1675 2412 art.
1687 2361 1714 2427 l,
1730 2363 1758 2412 et
1772 2357 1893 2414 sumitur
1909 2365 1986 2427 aperte

361 2445 531 2503 sufficienter
542 2445 709 2502 describitur
719 2444 807 2502 and.
821 2451 868 2504 tc.
882 2462 945 2502 cum
959 2449 1062 2518 magnis
1075 2449 1159 2518 signis
1193 2457 1226 2497 cx
1240 2441 1327 2498 lorma
1337 2441 1458 2499 ciusdem
1471 2443 1549 2516 legis,
1562 2443 1648 2500 Exodi
1663 2448 1797 2516 te,ao,et
1814 2446 1985 2520 sequentibus,

361 2537 477 2591 terroris
499 2541 526 2590 et
547 2535 715 2605 maiestatis,
734 2534 834 2607 quibus
849 2535 891 2591 ille
906 2535 1025 2607 populus
1037 2543 1104 2593 tunc
1119 2537 1159 2591 in·
1195 2530 1239 2586 ubi
1259 2529 1293 2588 ud
1317 2531 1391 2588 illum
1407 2531 1543 2603 populum
1563 2533 1652 2589 solum
1670 2549 1762 2590 serino
1777 2535 1847 2609 legis
1868 2534 1985 2608 dirigitur,

360 2623 484 2697 uigebat.
499 2630 527 2679 st
542 2623 750 2679 accommodata
763 2630 840 2681 ernnt
854 2624 888 2680 illi
906 2625 973 2696 legi,
993 2640 1064 2697 quae
1080 2626 1160 2682 timo·
1194 2626 1221 2674 et
1235 2621 1382 2676 Deuteron-
1399 2623 1424 2677 l:
1441 2623 1523 2676 Haec
1537 2625 1607 2676 suat
1620 2622 1720 2684 acrba.
1735 2639 1813 2696 quae
1832 2613 1942 2680 tucrum
1952 2629 1985 2680 eat

360 2713 399 2770 ris
413 2719 483 2768 erat.
493 2713 527 2768 Et
538 2713 602 2783 quia
614 2718 680 2767 tunc
692 2727 821 2783 praesens
836 2711 931 2769 aderat
941 2719 1015 2770 totus
1027 2713 1157 2788 populus,
1194 2709 1313 2782 Moyses
1328 2707 1369 2765 ad
1383 2725 1499 2765 omnem
1509 2709 1617 2772 lsrael.
1631 2718 1660 2768 et
1673 2727 1735 2783 cap.
1750 2719 1780 2770 5:
1793 2711 1878 2770 Audi
1894 2713 1985 2774 Icari:

360 2819 410 2874 pro
429 2817 485 2874 quo
504 2800 677 2872 tradebatur,
692 2808 721 2857 et
737 2817 787 2858 ros
803 2801 868 2857 talis
882 2813 956 2874 erat,
973 2811 1004 2859 ut
1018 2818 1034 2859 a
1048 2805 1159 2860 cunetis
1194 2804 1249 2853 etc.
1266 2803 1293 2852 et
1307 2796 1388 2854 inira:
1405 2800 1550 2856 Dominus
1565 2802 1646 2856 Deus
1661 2805 1758 2857 noster
1772 2805 1889 2875 peptpr't
1905 2802 1985 2858 actu·

360 2892 447 2949 audiri
470 2899 577 2962 posset3
594 2890 655 2947 ideo
676 2891 713 2947 ita
733 2891 783 2949 suit
801 2892 984 2965 promulgatio
1005 2893 1158 2968 sufficiens,
1194 2902 1262 2942 cunt
1267 2884 1379 2958 scedas
1395 2889 1428 2943 itt
1440 2886 1546 2944 Horeb.
1555 2887 1656 2946 Deinde
1672 2889 1713 2946 lex
1726 2879 1836 2946 illocali
1848 2891 1883 2946 illi
1899 2891 1984 2962 populo

361 2989 392 3038 ut
407 2981 480 3036 nulla
495 2978 661 3052 divulgatio,
675 2979 716 3036 rel
730 2981 860 3053 temporis
875 2984 1018 3039 successio
1033 2999 1159 3040 necessa·
1192 2974 1366 3050 {immittit
1381 2983 1440 3050 0⁸1,
1458 2984 1618 3051 [liliumque
1633 2979 1820 3051 brawititbssl
1834 2982 1884 3050 ⁰5⁵2
1900 2980 1984 3052 quibus

360 3074 403 3128 ria
418 3067 523 3143 luerit,¹
539 3077 619 3143 atque
639 3072 674 3126 ita
691 3068 732 3126 lex
747 3069 791 3127 illa
811 3072 890 3128 simul
905 3072 975 3131 edita
994 3079 1021 3130 ct
1040 3054 1169 3146 promul·'
1193 3065 1324 3135 dabatur,
1341 3071 1372 3122 ut
1385 3081 1446 3122 iim
1460 3066 1595 3123 ἆῡθθῐθῦῖ
1607 3067 1674 3124 ffli⁰⁵
1689 3083 1756 3125 ⁵⁰⁰⁵
1771 3081 1807 3126 ὅθ
1827 3075 1947 3140 P0P⁰¹0ii
1959 3075 1984 3123 ¹¹¹

358 3168 424 3232 gata
438 3167 490 3216 est.
507 3151 583 3217 Unde
598 3165 671 3214 recte
684 3159 796 3231 scripsit
806 3163 924 3234 August.
938 3162 986 3218 lib.
1005 3166 1049 3220 ιο.
1061 3162 1097 3220 tte
1110 3165 1159 3220 ci.
1193 3153 1294 3211 dicitur
1307 3157 1453 3214 beateml.
1470 3157 1589 3228 lienique
1604 3163 1716 3228 pactum
1728 3159 1952 3228 circumcisionis,
1961 3163 1983 3211 et

357 3255 408 3326 att.
425 3266 488 3320 cap.
508 3251 556 3306 lt:
575 3250 653 3305 Cam
667 3254 821 3322 oporteret,
839 3255 892 3308 Det
906 3250 999 3324 lepem
1011 3256 1044 3310 tra
1057 3252 1159 3311 edictis
1194 3251 1370 3319 praeceptum
1391 3245 1449 3301 ⁰5⁰⁸
1469 3261 1534 3301 ⁰¹¹¹ss
1555 3247 1614 3302 ³⁰¹⁰
1635 3247 1772 3304 Abfflhim
1786 3249 1885 3305 iulium
1897 3256 1949 3318 0⁵11
1961 3253 1983 3300 0¹

359 3337 537 3411 angelorum
548 3337 720 3396 terribiliter
730 3337 809 3406 dart,
823 3357 883 3396 aon
893 3342 1071 3400 uittpomtpt
1079 3359 1159 3419 pau.
1194 3347 1243 3404 pro
1256 3333 1331 3389 illius
1346 3335 1505 3404 posteritate
1520 3334 1662 3406 traditum,
1674 3337 1772 3392 Genes.
1788 3340 1836 3410 tt,
1853 3338 1981 3394 illaautem

358 3428 639 3502 cressementum,
657 3426 709 3484 seu
722 3432 878 3506 universae
890 3436 984 3505 yenit,
1003 3438 1031 3489 et
1048 3434 1158 3510 popilio
1196 3423 1238 3480 lctr
1260 3424 1499 3481 circumcisionem
1520 3426 1707 3500 supponebat,
1728 3433 1759 3483 ul
1777 3435 1889 3485 constat
1900 3444 1929 3482 er
1947 3428 1979 3481 li.

356 3523 479 3592 inperiti.
496 3533 598 3575 coram
619 3517 719 3574 eodem
730 3517 839 3592 populo
858 3519 1069 3593 mappasaato,
1089 3528 1159 3580 stant
1193 3513 1292 3585 Exodi,
1315 3513 1466 3582 ubisermo
1484 3515 1640 3585 specialiter
1653 3521 1696 3572 est
1709 3515 1743 3572 de
1757 3515 1886 3590 religione
1901 3517 1979 3573 Phase:

357 3606 568 3674 transnatasset
583 3606 1158 3686 temperupumdabatumconsptetepte
1192 3601 1288 3660 eadem
1308 3610 1400 3663 autem
1421 3605 1492 3658 ratio
1510 3610 1554 3659 est
1574 3605 1608 3661 de
1631 3612 1687 3662 tota
1706 3606 1776 3679 lege,
1792 3615 1827 3664 ut
1841 3613 1980 3665 constater

357 3695 547 3754 paultitrtdine
567 3694 737 3762 mutuenda,
762 3713 799 3754 ac
820 3698 988 3766 tremenda,
1011 3717 1088 3772 quae
1101 3701 1158 3774 fig.
1192 3691 1275 3749 Paulo
1289 3692 1323 3748 dd
1337 3691 1425 3749 Galat.
1440 3697 1466 3764 5!
1479 3692 1555 3749 Unde
1570 3692 1642 3751 idem
1655 3695 1689 3752 ad
1703 3698 1820 3753 Romuli.
1838 3703 1865 3756 3.
1882 3698 1980 3753 inarra-

358 3787 440 3842 barat.
454 3789 521 3842 Nori
534 3789 615 3841 enim
633 3783 760 3860 popalus
775 3787 872 3844 lsrael
885 3791 928 3845 sic
949 3789 1049 3864 Moysi
1064 3790 1157 3848 crecti.
1192 3797 1276 3853 gans:
1300 3784 1387 3857 Quae
1404 3780 1522 3838 utititas
1544 3785 1809 3842 circumcisionis?
1831 3789 1978 3860 Respondet:

357 3875 420 3942 dit,
439 3872 687 3948 quemadmodum
702 3891 753 3932 suo
767 3881 902 3951 lspcurpo
917 3877 1153 3949 Lacedaemonii,
1192 3868 1324 3928 blattam
1344 3887 1401 3947 per
1419 3887 1536 3929 omnem
1552 3873 1686 3942 modum,
1707 3879 1781 3948 quia
1796 3876 1979 3934 creditasuat
2071 3923 2072 3946 ,

278 3997 281 4002 .
357 3964 434 4037 qumi
447 3981 468 4020 a
485 3967 566 4030 zoae,
589 3980 640 4020 sea
654 3963 896 4038 Apollinetepes,
920 3968 1153 4040 quaerentium,
1191 3959 1253 4018 uta
1266 3957 1388 4035 eloquia
1399 3963 1512 4019 Detbc
1526 3960 1643 4036 denique
1658 3965 1692 4021 ad
1706 3967 1786 4022 Rom.
1799 3971 1827 4026 9.
1837 3970 1906 4024 inter
1917 3979 1979 4038 prae·

357 4056 528 4127 accepisset.
550 4054 627 4109 Cum
646 4057 725 4108 euim
739 4052 788 4109 lem
808 4053 940 4126 dabatur
952 4056 1076 4131 populo,
1096 4076 1158 4132 qua
1191 4053 1327 4125 rogatiane
1342 4050 1507 4108 ludaeorum
1522 4054 1609 4125 ponit,
1625 4054 1699 4127 quod
1713 4069 1812 4112 eorum
1827 4056 1876 4113 luit
1891 4055 1980 4127 legisla-

354 4142 411 4199 colt
422 4159 498 4198 ranas
509 4141 669 4198 iactabatur
681 4146 770 4208 Deus,
783 4146 817 4198 tu
830 4150 984 4218 cmaapecta
995 4149 1088 4220 ipsius
1100 4164 1155 4222 po·
1191 4144 1239 4199 tio.
1256 4143 1336 4198 Ratio
1355 4149 1463 4214 nartem,
1479 4144 1515 4199 ob
1529 4131 1612 4214 quiam
1627 4143 1671 4202 lex
1685 4144 1731 4201 illa
1743 4143 1809 4203 deta
1822 4152 1863 4203 est
1877 4146 1979 4218 particu-

351 4231 418 4310 ptatt
431 4236 464 4288 tra
477 4229 773 4315 quantumsufficere
787 4229 892 4289 diviua
902 4233 1093 4308 providentia
1110 4241 1156 4294 tu·
1192 4231 1240 4288 lari
1254 4231 1366 4304 populo,
1382 4239 1410 4288 et
1424 4249 1477 4288 non
1492 4234 1619 4290 omnibus
1634 4234 1800 4308 hominibus,
1815 4237 1889 4292 reddi
1902 4241 1977 4308 potest

353 4322 492 4382 dicabat.
514 4319 702 4377 mirabilibus
722 4335 822 4376 rerum
837 4323 946 4394 siquis,
970 4339 1007 4380 ac
1028 4325 1156 4383 erratibus
1190 4322 1294 4394 primo,
1314 4323 1379 4393 quia
1392 4321 1436 4378 illa
1451 4337 1504 4378 non
1517 4328 1560 4379 est
1572 4323 1635 4380 data
1649 4330 1680 4381 ut
1694 4325 1854 4397 simpliciter
1870 4339 1977 4384 necessa·
2070 4313 2071 4381 i

353 4411 531 4486 apparebat,
545 4408 587 4467 ad
600 4406 737 4466 eamdem
749 4407 841 4483 lepem
852 4409 988 4468 dandam
1002 4411 1154 4472 docentem
1189 4413 1229 4468 ria
1244 4409 1276 4466 ad
1292 4409 1419 4480 salutem,
1432 4426 1495 4468 nem
1510 4413 1566 4474 sine
1580 4411 1627 4469 illa
1640 4419 1790 4485 potuerunt
1806 4415 1924 4473 homines
1936 4414 1977 4468 sal·

357 4504 496 4558 Creatori
506 4502 616 4556 seruire
627 4500 852 4556 creaturamlix
861 4501 961 4574 quibus
970 4502 1059 4559 verbis
1072 4520 1156 4560 unus·
1188 4505 1247 4558 vari
1261 4509 1322 4558 ante
1336 4501 1420 4572 illam,
1432 4509 1460 4558 et
1473 4502 1598 4582 gentiles,
1612 4503 1657 4560 illa
1670 4503 1799 4578 durante,
1813 4513 1842 4564 et
1854 4506 1913 4564 licet
1926 4519 1976 4576 pos-

353 4592 470 4664 quisque
483 4590 561 4647 laeile
572 4589 701 4662 colligere
714 4594 815 4660 potest,
828 4589 1049 4648 circumstantias
1060 4608 1155 4650 omnes
1191 4599 1232 4648 set
1247 4607 1308 4648 esse
1323 4591 1413 4661 utilis,
1430 4608 1485 4648 uon
1499 4593 1609 4665 cogitur
1622 4595 1695 4650 bens
1709 4595 1804 4652 endem
1820 4595 1905 4652 media
1917 4594 1975 4650 utilia
2069 4643 2070 4674 ,

352 4680 520 4736 necessarias
535 4676 568 4735 ad
590 4677 772 4735 sullicientem
793 4679 1041 4752 promulgationem
1056 4683 1090 4738 ibi
1111 4685 1152 4740 in·
1192 4684 1320 4740 omnibus
1334 4682 1476 4753 conterre,
1493 4689 1520 4739 et
1534 4682 1621 4740 multo
1635 4685 1726 4741 minus
1738 4684 1834 4743 eadem
1848 4691 1974 4760 praecepta

351 4771 512 4842 terrenisse,
531 4767 652 4825 delinitas
666 4768 741 4825 iuxta
762 4769 906 4826 consilium
922 4761 1027 4827 divinae
1049 4773 1154 4845 sapien·
1189 4773 1316 4831 omnibus
1333 4771 1449 4830 tradere.

351 4864 449 4932 tiae,et
459 4859 607 4914 voluntatis
617 4857 676 4913 eius
688 4871 752 4914 curn
763 4857 925 4932 rationibus,
936 4875 985 4916 seu
997 4876 1152 4934 congruen-
1228 4869 1254 4922 8.
1271 4863 1371 4921 Deinde
1391 4861 1455 4920 data
1467 4869 1510 4919 est
1528 4861 1566 4918 illi
1581 4863 1682 4936 populo
1697 4867 1805 4940 potius,
1820 4881 1900 4940 quam
1917 4863 1973 4930 aliis,

350 4951 395 5008 tiis
409 4947 531 5005 eiusdem
546 4946 705 5003 voluntatis.
718 4947 773 5013 Qui·
784 4961 848 5004 vero
862 4948 942 5019 plura
955 4947 988 5004 de
1004 4949 1053 5006 illis
1068 4952 1152 5024 signis
1187 4971 1241 5011 non
1256 4959 1370 5026 propter
1391 4953 1508 5009 iustitias
1529 4953 1600 5026 eius,
1617 4969 1686 5010 cum
1701 4954 1833 5030 populus
1847 4959 1917 5012 esset
1932 4950 1974 5005 du·

351 5041 377 5096 in
393 5035 551 5109 particulari
571 5034 721 5108 desiderat,
744 5035 816 5108 legat
833 5036 999 5096 Abulensern
1014 5041 1042 5095 in
1062 5058 1090 5098 c.
1103 5047 1152 5103 20.
1186 5059 1241 5102 rae
1255 5045 1385 5111 caetra,
1403 5048 1434 5098 ut
1447 5042 1551 5100 dicitur
1563 5043 1714 5117 bruteri,
1728 5045 1775 5101 sed
1786 5061 1819 5102 ear
1834 5039 1972 5100 divinaele·
2068 5049 2069 5075 t

349 5127 448 5199 Exodi,
462 5142 491 5200 q.
504 5129 552 5196 tt,
568 5132 597 5183 et
611 5125 763 5198 sequentib.
778 5128 844 5184 Post
859 5126 930 5185 illam
944 5143 1010 5185 vero
1024 5131 1152 5207 becalogi
1186 5134 1294 5206 ctione,
1310 5133 1384 5189 iuxta
1403 5130 1470 5189 illud
1488 5131 1558 5203 psal.
1576 5137 1645 5190 rte:
1666 5135 1750 5209 Quia
1771 5131 1971 5210 beneplacitum

352 5216 598 5298 promulgationem
608 5216 642 5274 ad
656 5215 727 5274 illius
741 5219 952 5294 perpetuitatem
965 5221 1050 5278 valuit
1065 5224 1149 5298 Deus,
1186 5227 1230 5284 cat
1243 5226 1372 5284 uocatae
1385 5225 1418 5282 tra
1427 5222 1539 5302 populo
1552 5239 1615 5298 saro,
1630 5231 1658 5282 et
1671 5221 1738 5282 illud
1754 5225 1823 5301 psal.
1840 5227 1903 5286 til:
1918 5224 1971 5279 toa
2067 5281 2068 5290 ,
