4284 6246
417 289 479 352 244
895 335 897 340 ,
1123 299 1225 350 arasa
1239 301 1289 352 va.

375 433 424 491 sed
444 430 603 504 simpliciter
623 427 762 486 habilitare
786 441 939 500 personam.
962 426 1133 499 Quapropter
1153 427 1176 482 si
1252 432 1278 485 3.
1295 425 1476 488 Nihilominus
1496 435 1586 488 tamea
1607 431 1629 487 si
1649 446 1680 489 aa
1698 448 1763 492 pem
1777 432 1859 493 geg„
1875 436 2011 496 sufficie„

378 521 498 580 narratio
513 520 545 577 ad
560 519 612 576 boc
632 534 686 575 nou
705 517 842 590 sufficiat,
858 522 915 572 tota
929 515 1095 587 dispensatio
1109 530 1175 571 een·
1211 531 1297 572 causa
1310 517 1517 589 dispensationis
1532 523 1602 592 voti,
1617 520 1827 594 independensa
1844 529 2011 586 matrimonio
2103 579 2104 584 ,

375 620 453 670 satur
467 611 544 667 irrita
555 624 589 667 er
600 614 691 665 mente
704 605 898 678 concedentis,
910 613 1040 678 essetque
1051 603 1103 660 boo
1116 605 1175 661 lon·
1213 621 1277 663 cum
1292 605 1338 662 tali
1348 611 1565 682 consanguinea,
1578 618 1653 668 recte
1664 615 1764 683 poterit
1774 614 1892 672 obtineri
1909 616 2012 689 dispen.

374 719 408 776 ge
427 701 543 770 certius,
559 701 582 756 si
596 697 716 756 Pontifex
731 695 833 754 directe
848 697 1045 766 interrogaret,
1060 710 1094 750 an
1113 694 1174 750 talis
1212 695 1280 752 satio
1295 695 1329 752 de
1348 697 1406 754 solo
1424 705 1504 770 voto,
1520 705 1552 755 ut
1565 699 1634 772 disi;
1650 706 1678 757 et
1693 709 1788 773 postea
1800 707 1883 760 etiam
1897 706 1931 763 ad
1946 708 2013 764 obti-

374 807 493 864 persona
505 790 617 848 baberet
634 787 708 845 aliud
722 787 956 859 impedimentum.
972 785 1040 840 Nam
1055 799 1104 856 per
1121 783 1173 841 boc
1209 783 1326 842 nendam
1341 784 1571 858 dispensationem
1587 789 1659 846 circa
1682 793 1947 865 consanguinitatem
1961 812 2013 852 non

374 885 461 955 magis
475 879 631 938 ostenderet
644 879 763 962 animum
777 893 832 933 nnn
847 876 924 933 aliter
938 873 1114 945 dispensandi
1126 894 1133 945 i
1147 880 1174 933 et
1209 875 1347 945 oportebit
1364 877 1462 947 prioris
1480 881 1645 938 mentionem
1660 881 1765 952 iacere,
1781 886 1846 955 quia
1860 884 1913 940 iam
1933 886 2012 957 impe·
2103 943 2104 954 ,

374 973 436 1030 ideo
449 973 495 1045 qui
510 967 611 1029 babens
625 969 704 1042 plura
716 966 922 1039 impedimenta,
936 964 1117 1036 illauegeret,
1133 965 1173 1020 ni·
1209 963 1359 1020 dimeutum
1374 968 1429 1023 roti
1450 983 1504 1023 non
1525 969 1631 1038 eaistit,
1652 969 1699 1026 sed
1719 968 1837 1044 legitime
1856 973 1910 1030 luit
1927 975 2013 1031 subla·
2103 967 2104 982 ¹

376 1062 412 1119 bii
428 1063 560 1119 obtineret
574 1065 684 1132 propter
694 1073 808 1132 gravem
819 1055 1006 1126 deceptionem
1018 1060 1117 1110 eontra
1132 1055 1174 1109 in·
1209 1058 1269 1109 tum
1281 1052 1405 1112 absolute
1416 1097 1423 1128 ,
1435 1063 1463 1114 et
1477 1059 1533 1114 sine
1545 1057 1640 1115 ordine
1653 1058 1686 1115 ad
1697 1063 1913 1134 matrimonium,
1930 1081 2013 1138 quian-

376 1151 524 1210 tentionem
542 1148 678 1206 Pontilicis
694 1148 760 1203 satis
774 1147 937 1202 insinuatam
951 1142 1115 1215 perdicium
1134 1143 1173 1198 in·
1211 1148 1268 1198 tum
1283 1149 1327 1200 esi
1341 1159 1374 1200 ex
1389 1161 1436 1214 se,
1450 1152 1480 1202 et
1492 1163 1526 1204 ex
1540 1147 1565 1203 ri
1582 1164 1697 1206 causae:
1712 1152 1824 1207 intentio
1847 1159 1939 1210 autem
1954 1171 2014 1226 ops.

375 1241 597 1314 terrogationem.
614 1241 686 1297 Usus
708 1243 800 1294 autem
820 1252 875 1291 non
896 1234 992 1305 babet,
1007 1239 1039 1289 ut
1052 1232 1114 1306 talis
1132 1234 1172 1288 in·
1207 1232 1293 1288 rantis
1308 1239 1351 1290 est
1364 1249 1413 1305 per
1431 1234 1574 1310 accidens,
1590 1243 1618 1293 et
1630 1252 1685 1294 uon
1701 1247 1790 1296 mutat
1808 1239 2012 1311 dispensationis

377 1331 526 1403 terrogntio
547 1330 605 1400 iat,
622 1335 650 1385 et
670 1327 729 1385 ideo
749 1341 791 1382 res
805 1330 848 1381 est
863 1320 953 1380 miuus
968 1328 1054 1378 certa.
1070 1321 1172 1378 Nibilo-
1208 1327 1345 1378 naturam.
1367 1325 1461 1396 Neque
1481 1331 1523 1381 est
1543 1328 1752 1400 inconvenieus,
1774 1329 1809 1386 ut'
1825 1330 1919 1404 aliqua
1938 1341 2011 1389 certo

374 1424 465 1478 miuus
480 1426 573 1490 ¹temen
589 1420 704 1490 ipsemet
718 1433 787 1498 usus
800 1431 854 1473 non
869 1406 984 1470 i'acieadi
1004 1410 1117 1467 similem
1132 1413 1171 1467 in·
1207 1409 1301 1467 ordine
1312 1412 1384 1468 licite
1396 1413 1475 1486 fiant,
1487 1431 1557 1488 quae
1568 1423 1735 1474 commutato
1746 1418 1838 1475 ordine
1857 1419 1947 1477 debite
1958 1422 2011 1479 tisri
2103 1491 2104 1496 η

375 1512 587 1585 terrogatioaem
602 1509 730 1579 indicat,
745 1507 903 1564 Pontificem
924 1498 1085 1574 simpliciter
1099 1501 1173 1557 acci·
1206 1515 1260 1554 uon
1275 1509 1406 1572 possunt3
1423 1502 1447 1558 id
1462 1503 1533 1560 enim
1548 1520 1627 1577 saepe
1642 1507 1791 1579 contingit,
1805 1514 1838 1565 ut
1859 1509 1912 1564 alio
1926 1524 2012 1566 exem·

377 1617 441 1676 pere
455 1601 536 1658 rerba
549 1599 645 1657 talium
657 1595 901 1669 supplicationum,
912 1601 941 1650 et
952 1591 1099 1664 intelligere
1110 1605 1172 1662 per·
1209 1588 1255 1660 plo
1270 1593 1362 1647 statim
1375 1590 1535 1664 declarabo,
1551 1601 1579 1652 et
1593 1596 1661 1651 ratio
1682 1604 1740 1666 est,
1755 1600 1823 1670 quia
1837 1597 1906 1654 ordo
1921 1598 2011 1671 agendi

377 1706 472 1748 sonam
486 1707 539 1746 non
551 1689 651 1746 bebere
662 1686 735 1743 aliud
751 1683 972 1757 impedimentum
984 1679 1018 1737 ad
1034 1679 1172 1736 matrimo-
1207 1694 1287 1751 saepe
1308 1689 1416 1754 spectat
1436 1683 1470 1739 ud
1490 1683 1674 1754 honestatem,
1691 1693 1801 1758 propter
1819 1687 1953 1746 diversam
1966 1688 2011 1744 (ts-

374 1783 469 1848 nium,
487 1781 538 1836 nisi
554 1778 628 1854 quod
643 1778 820 1850 proponitur3
834 1779 862 1830 et
876 1771 935 1828 iden
947 1772 992 1844 qui
1012 1785 1097 1827 unum
1109 1782 1173 1840 pro·
1208 1769 1380 1840 pendentium
1398 1773 1479 1829 tinius
1493 1775 1531 1830 rei
1547 1773 1580 1831 ab
1595 1774 1655 1832 alia·
1668 1776 1703 1833 lit
1715 1775 1777 1833 ideo
1790 1777 1872 1834 etism
1887 1777 1952 1848 dixi,
1968 1793 2011 1833 ne-

374 1872 450 1942 pouit
460 1875 510 1941 ,et
523 1868 596 1926 aliud
610 1874 684 1924 tacet
694 1907 702 1935 ,
714 1863 866 1921 virtualiter
880 1861 946 1919 illud
957 1866 1051 1931 negat,
1064 1865 1091 1914 ct
1101 1860 1172 1915 Pon·
1208 1862 1360 1917 eessarium
1372 1877 1444 1931 esse,
1454 1869 1484 1918 ut
1495 1878 1579 1920 causa
1590 1865 1799 1937 dispensationis
1811 1867 1868 1922 voti
1884 1882 1937 1923 nou
1950 1883 2009 1939 pen·

372 1961 472 2018 titieom
489 1958 599 2030 decipit.
616 1959 654 2014 Ac
669 1955 786 2028 denique
801 1951 965 2025 experientia
987 1941 1067 2005 etiam
1081 1955 1173 2004 osten·
1205 1945 1270 2004 deat
1289 1963 1321 2004 ex
1343 1951 1516 2006 matrimonio
1538 1967 1603 2008 eum
1618 1953 1663 2010 tali
1677 1969 1793 2026 persona
1808 1974 1815 2025 i
1833 1971 1897 2011 nam
1913 1957 1935 2010 si
1948 1970 2009 2026 pen-

373 2050 523 2130 dit,longe
538 2048 627 2120 aliter,
642 2051 670 2103 et
683 2061 748 2102 cum
764 2043 860 2100 maiori
876 2055 969 2109 onere,
985 2037 1026 2096 sel
1038 2038 1172 2111 gravami·
1207 2034 1287 2107 deat,
1306 2041 1492 2099 necessarium
1516 2043 1679 2114 erit,omne
1697 2043 1770 2100 aliud
1787 2044 2008 2115 impedimentum
2103 2091 2104 2108 ,

372 2155 407 2198 ne
422 2139 479 2196 dari
496 2137 740 2211 dispensationem,
756 2132 867 2207 quaudo
886 2131 965 2203 plura
981 2127 1172 2201 impedimenta
1207 2127 1369 2184 matrimonii
1387 2144 1452 2184 cum
1466 2129 1691 2203 eadempersoua
1705 2133 1859 2206 explicare,
1875 2135 1941 2207 quia
1959 2151 2008 2190 noa

373 2232 560 2296 concurrunt,
572 2232 600 2282 et
611 2239 690 2296 saepe
702 2229 814 2295 propter
825 2237 885 2278 eam
896 2234 1008 2276 causam
1023 2215 1125 2290 negari,
1137 2217 1172 2271 si·
1206 2222 1297 2286 potest
1309 2215 1385 2273 aliter
1396 2218 1528 2277 iudicium
1541 2220 1603 2276 terri
1613 2220 1647 2279 de
1659 2222 1703 2279 tali
1715 2216 1810 2293 eausa,
1823 2229 1853 2280 et
1865 2226 1929 2296 quia
1946 2231 2007 2280 tunc

372 2335 457 2392 gnum
471 2333 538 2389 ergo
546 2322 589 2372 est
599 2313 669 2371 nolle
680 2311 836 2369 Pontificem
851 2309 1008 2380 dispensare
1019 2307 1046 2361 iu
1060 2305 1172 2377 siugulis
1207 2322 1293 2362 uuum
1314 2306 1534 2378 impedimentum
1555 2310 1699 2384 colligatur
1719 2328 1785 2369 curn
1799 2312 1853 2368 alio
1868 2314 1895 2368 in
1919 2312 2008 2368 ordine
2103 2383 2104 2386 Ἴ

372 2405 587 2480 impedimentis,
608 2402 659 2459 nisi
679 2403 783 2470 omnia,
799 2414 870 2473 quae
891 2397 971 2454 simul
992 2402 1075 2464 sunt,
1091 2392 1172 2451 simul
1207 2395 1241 2452 ad
1256 2395 1497 2466 dispensationem.

371 2503 570 2570 proponantur.
578 2495 612 2550 Et
623 2499 731 2565 praeter
740 2488 930 2562 experientiam
939 2491 1030 2558 potest
1041 2484 1091 2541 alia
1104 2485 1171 2540 ratio
1224 2513 1226 2518 ,
1245 2485 1325 2553 Quod
1341 2493 1430 2542 autem
1443 2486 1497 2544 dixi
1507 2488 1541 2546 de
1556 2495 1620 2547 voto
1631 2492 1774 2562 castitatis,
1787 2492 1913 2550 eamdem
1932 2492 2007 2549 ratio·
2103 2529 2104 2532 ,

370 2585 582 2661 reddi‚quamin
593 2587 697 2655 puncto
708 2575 1012 2654 sequentleommodius
1021 2571 1170 2646 explicabo.
1208 2588 1270 2631 aem
1286 2574 1368 2632 babet
1381 2577 1408 2632 in
1423 2583 1486 2634 roto
1500 2578 1650 2652 religionis,
1663 2587 1692 2637 et
1706 2580 1765 2637 ideo
1776 2582 1874 2640 eadem
1890 2583 2007 2640 doctrina

408 2680 482 2734 Haec
500 2682 592 2732 autem
606 2671 700 2744 regula
713 2685 766 2726 uon
780 2667 887 2724 ridetur
897 2681 976 2738 posse
988 2670 1042 2720 tam
1057 2677 1172 2737 genere·
1206 2663 1240 2719 ed
1264 2663 1330 2721 illud
1357 2667 1517 2737 applicanda
1529 2674 1588 2726 est.
1610 2671 1667 2726 lmo
1691 2670 1755 2727 licet
1773 2671 1871 2728 eadem
1896 2686 2006 2744 persona

370 2761 746 2826 literaoustituideomaibus
757 2753 1104 2828 aliisdispensatioaibuset
1115 2753 1172 2807 riu·
1207 2757 1356 2826 utrumque
1371 2762 1466 2813 votum
1479 2756 1591 2838 babeat,
1603 2760 1815 2832 poteritralidas
1832 2761 2004 2835 dispensatio-

371 2856 534 2915 cultellum
555 2854 579 2909 in
598 2851 690 2924 primis
704 2849 738 2906 ds
752 2847 949 2922 dispensatione
964 2843 1019 2901 voti
1036 2843 1171 2900 eastitatis
1208 2857 1256 2898 nes
1272 2844 1416 2917 utriusque
1430 2845 1552 2904 obtinere
1562 2889 1569 2920 ‚
1581 2864 1635 2905 nnn
1650 2849 1721 2906 iacta
1737 2853 1876 2909 mentione
1895 2852 2004 2909 aliorum

370 2952 445 3004 recte
460 2944 541 3000 docet
555 2943 668 2999 Saucius
683 2954 767 3011 supra
780 2955 808 2994 n.
824 2941 853 3006 l,
869 2939 890 2991 si
904 2936 979 3007 prius
992 2940 1101 3006 petatur
1116 2932 1171 2988 dis·
1207 2931 1466 3003 impedimentorum
1490 2927 1669 3010 matrimonii,
1691 2941 1754 3012 quia
1781 2949 1881 2999 neutra
1905 2958 1937 2998 ex
1957 2940 2003 2996 illis
2103 2975 2104 3024 ,

369 3035 492 3108 pensatio
505 3033 581 3103 eius,
596 3045 678 3102 quam
689 3027 798 3084 alterius
810 3022 1007 3097 impedimenti,
1022 3038 1049 3077 v.
1063 3037 1092 3094 g.
1104 3035 1170 3077 con·
1207 3021 1452 3094 dispensationibus
1473 3041 1561 3099 neque
1582 3035 1699 3101 utraque
1720 3030 1803 3087 simul
1821 3030 1891 3088 dicit
1903 3030 2002 3088 babitu·
2103 3035 2104 3044 ¹

370 3107 571 3197 sanguinitatis,
594 3119 709 3175 validam
724 3107 797 3187 lore,
812 3115 916 3173 etiamsi
931 3113 1018 3170 solum
1033 3110 1098 3168 illud
1113 3112 1171 3167 sine
1206 3111 1296 3168 dinem
1309 3112 1343 3168 nd
1355 3115 1554 3172 matrimonium
1566 3132 1630 3174 eum
1642 3119 1832 3190 impedimento
1843 3119 2003 3178 contraben-

369 3215 422 3272 elio
432 3209 625 3285 impedimento
636 3202 899 3281 proponatur.Quod
910 3201 1170 3276 egoiutelligo,esse
1205 3200 1334 3262 dumba
1350 3203 1414 3275 ipsis
1429 3213 1520 3262 autem
1535 3209 1620 3278 rotis,
1637 3207 1747 3281 qirando
1761 3217 1827 3266 sunt
1842 3211 1936 3280 simul,
1951 3223 2002 3265 me·

369 3318 481 3374 verum,
496 3299 600 3358 etiamsi
621 3297 724 3354 babens
745 3295 797 3352 tale
818 3300 915 3351 votum
936 3291 1170 3349 babeatinteutio·
1204 3291 1259 3346 rito
1275 3290 1393 3348 dubitari
1409 3300 1514 3364 potest,
1530 3311 1563 3350 au
1584 3295 1615 3351 ad
1635 3296 1808 3356 obtinendam
1828 3299 2001 3371 dispensatio·
2103 3353 2104 3378 ἦ

368 3409 431 3452 nem
441 3387 559 3449 ducendi
570 3387 814 3460 consanguineam,
825 3382 971 3439 obtinendo
983 3387 1078 3451 postea
1089 3381 1168 3436 aliam
1203 3395 1265 3436 uem
1280 3381 1403 3451 alterius,
1417 3381 1513 3438 debeat
1527 3383 1642 3441 alterum
1655 3386 1775 3458 narrari,
1788 3393 1842 3444 ete
1859 3403 2000 3444 converso.
2103 3419 2104 3460 3

369 3481 614 3554 dispensationem
629 3477 693 3550 quia
707 3475 759 3530 boc
771 3472 990 3529 accidentarium
1002 3477 1044 3526 est
1054 3511 1061 3542 ,
1073 3473 1101 3526 et
1114 3468 1170 3525 dis·
1204 3469 1272 3526 lline
1293 3471 1362 3527 enim
1384 3471 1509 3541 videtur,
1530 3472 1558 3528 id
1577 3489 1629 3530 uon
1645 3489 1705 3532 esse
1720 3479 1926 3548 necessarium,
1942 3477 2000 3548 qtiia

369 3570 504 3644 spensatio
519 3567 573 3624 voti
589 3581 680 3638 perse
695 3580 748 3620 nou
764 3562 907 3619 ordinatur
917 3558 950 3616 ad
964 3559 1015 3616 tale
1027 3561 1169 3616 matrimo·
1203 3567 1268 3615 suut
1289 3558 1399 3618 vincula
1421 3562 1528 3619 omnino
1549 3561 1675 3621 distincta
1688 3572 1717 3621 et
1731 3565 1800 3621 inter
1820 3581 1848 3621 se
1862 3583 1916 3622 non
1931 3564 2000 3621 eolli-

368 3663 459 3731 nium,
482 3657 529 3714 sed
551 3654 730 3728 generaliter,
755 3658 786 3708 ut
808 3652 891 3709 liceat
914 3663 983 3705 usus
1003 3648 1166 3722 conitrgalis,
1202 3656 1283 3722 gata,
1301 3665 1363 3706 aum
1385 3666 1471 3707 unum
1492 3650 1595 3724 obligat
1614 3652 1646 3708 ad
1661 3653 1813 3710 castitatem
1830 3654 1997 3719 servandam,

368 3767 450 3824 quem
465 3754 559 3803 votum
574 3744 706 3801 castitatis
726 3740 897 3812 impediebat.
913 3739 990 3794 Tune
1006 3744 1095 3794 autem
1111 3754 1166 3794 uon
1201 3743 1229 3794 et
1243 3753 1298 3794 non
1312 3738 1396 3810 aliud,
1409 3745 1438 3795 et
1452 3738 1504 3795 boe
1520 3739 1622 3812 obligat
1635 3740 1669 3797 ad
1683 3741 1818 3814 religionis
1837 3746 1996 3816 ingressum,
2103 3809 2104 3812 Ἴ

366 3839 503 3898 immerito
517 3833 635 3892 dubitari
649 3836 754 3904 potest,
768 3845 800 3885 an
815 3825 925 3901 quando
940 3827 1054 3882 ulterius
1071 3841 1168 3898 prose·
1202 3825 1234 3882 ad
1250 3827 1324 3900 quod
1337 3845 1391 3884 non
1407 3828 1510 3901 obliget
1521 3829 1648 3886 alterum.
1660 3831 1724 3887 lade
1735 3847 1800 3889 vero
1812 3843 1927 3906 apparat
1937 3849 1997 3890 oon·
2103 3847 2104 3870 i

367 3929 443 3986 ditur
457 3925 491 3982 nd
506 3921 650 3996 petendam
665 3918 895 3991 dispensationem
910 3915 1091 3986 impedimenti
1102 3931 1167 3972 eon·
1201 3919 1332 3990 trarium,
1348 3925 1408 3974 tum
1428 3919 1492 3990 quia
1512 3930 1566 3976 uon
1587 3919 1713 3977 videntur
1732 3921 1775 3978 illa
1788 3923 1899 3981 vincula
1914 3925 1996 3980 nrinus
2103 3915 2104 3932 ¹

366 4015 558 4090 sanguinitatis
570 4055 576 4082 ,
589 4010 775 4067 necessarium
790 4007 839 4078 sit,
852 4006 950 4077 prioris
961 4005 1166 4076 dispensationis
1201 4007 1271 4062 inter
1287 4023 1315 4063 se
1332 4021 1456 4064 connexa
1471 4009 1496 4063 iu
1512 4008 1604 4065 ordine
1619 4010 1651 4066 ad
1667 4017 1782 4082 statum,
1795 4029 1844 4070 seu
1857 4017 1927 4072 viam
1942 4029 1997 4086 per·

365 4106 529 4164 mentionem
544 4101 646 4157 iacere.
659 4099 727 4154 Nam
739 4095 965 4168 lieetimmediate
977 4095 1030 4149 sint
1041 4096 1116 4151 eirca
1126 4093 1166 4150 di·
1202 4094 1342 4166 lectionis,
1359 4111 1442 4169 quam
1457 4097 1511 4153 duo
1526 4097 1720 4170 impedimenta
1739 4092 1902 4160 matrimonii
1917 4107 1942 4161 ia
1957 4117 1996 4158 or·

364 4211 464 4264 verse,
479 4207 508 4249 re
529 4205 593 4246 vern
614 4187 775 4245 ordinantur
794 4183 826 4240 ad
841 4182 968 4240 eumdem
983 4183 1077 4256 inem,
1091 4191 1120 4240 et
1132 4199 1165 4240 ex
1200 4185 1260 4240 dine
1279 4184 1310 4240 ad
1330 4185 1414 4256 lllud3
1430 4189 1586 4243 tumeliam
1601 4189 1665 4260 quia
1680 4205 1766 4248 unum
1780 4191 1888 4250 ridetur
1904 4193 1995 4250 didici.

365 4291 482 4356 utraque
504 4278 621 4337 resultat
640 4274 773 4349 quaedam
794 4275 880 4331 maior
900 4274 1059 4346 concessio,
1081 4289 1165 4346 quam
1203 4275 1296 4332 liorem
1317 4275 1431 4332 reddere
1453 4275 1684 4346 dispensatiobem
1705 4280 1833 4351 alterius,
1849 4289 1879 4339 et
1899 4299 1914 4340 e
1933 4296 1992 4338 con·

364 4376 480 4432 tortasse
507 4367 726 4434 concederetur,
748 4365 770 4420 si
790 4364 823 4420 de
850 4369 969 4436 utroque
992 4361 1166 4435 impedimen·
1201 4379 1293 4422 serso.
1506 4424 1508 4428 ‚

365 4470 392 4520 to
414 4459 494 4517 simul
514 4458 610 4516 luisset
631 4453 777 4528 aliquando
796 4453 869 4509 iacta
884 4453 994 4509 mentio.
1013 4455 1079 4508 llem
1100 4455 1165 4525 quia
1236 4459 1263 4512 4.
1279 4455 1401 4510 Breviter
1415 4453 1479 4510 mibi
1494 4455 1617 4528 videtur,
1631 4459 1657 4513 in
1672 4471 1705 4514 eo
1719 4473 1787 4515 casu
1812 4461 1927 4520 validam
1941 4462 1993 4517 lars

363 4550 470 4607 videtur
490 4545 684 4604 inconvenieus
705 4543 864 4614 admittere,
881 4557 963 4614 posse
983 4541 1056 4598 illam
1072 4558 1164 4614 perso·
1198 4545 1429 4615 dispensationem
1450 4546 1506 4601 voti
1526 4545 1677 4618 religionis,
1694 4547 1715 4602 si
1737 4548 1771 4604 ab
1790 4564 1823 4605 eo
1849 4551 1991 4608 inchoetur

363 4656 426 4697 nam
449 4636 579 4694 habilitati
601 4633 634 4691 ad
656 4634 857 4690 matrimonium
879 4647 943 4689 oum
960 4634 1162 4704 consanguinea
1197 4635 1271 4691 nulla
1284 4637 1365 4691 etiam
1380 4634 1453 4691 laeta
1466 4635 1603 4691 mentione
1619 4633 1739 4694 alterius.
1752 4638 1861 4696 Mereor
1881 4655 1914 4698 ex
1926 4640 1992 4712 prio·

361 4745 411 4802 per
426 4727 519 4800 plures
535 4723 749 4796 dispensationes
769 4719 919 4792 incipiendo
934 4737 948 4777 a
962 4720 1162 4791 dispensatione
1198 4723 1272 4780 ribus
1288 4724 1453 4795 rationibus,
1466 4731 1493 4780 et
1507 4725 1571 4796 quia
1582 4733 1676 4782 votum
1690 4729 1827 4786 castitatis
1847 4730 1990 4788 faciliorem

361 4819 432 4887 voti,
444 4822 471 4872 et
486 4831 538 4872 uon
554 4809 736 4884 incipiendo'a
752 4811 952 4883 dispensatione
967 4811 1161 4884 consanguini·
1196 4815 1306 4886 potius,
1321 4827 1403 4884 quam
1425 4814 1509 4885 magis
1524 4813 1660 4871 dillicilem
1675 4815 1765 4873 iacere
1788 4827 1879 4888 potest
1891 4821 1990 4891 dispen-

360 4909 440 4978 tatis,
457 4920 522 4961 num
536 4917 569 4959 ex
584 4908 662 4972 parte
675 4899 809 4957 Poubticis
823 4899 897 4956 nulla
912 4902 948 4955 sit
963 4900 1034 4956 ratio
1048 4915 1161 4972 praesu·
1197 4903 1330 4958 sationem
1345 4902 1398 4958 voti
1415 4902 1568 4975 religionis,
1585 4919 1649 4960 uam
1660 4903 1766 4963 lucilius
1791 4907 1939 4981 dispensari
1951 4924 1990 4964 so-

358 4994 447 5055 mendi
468 4993 552 5066 magis
573 4985 787 5046 involuntarium
809 4991 836 5044 in
858 5005 912 5046 uno
933 5005 1001 5046 casu
1014 5033 1021 5062 ,
1036 5006 1117 5063 quam
1132 4991 1160 5047 iu
1195 4991 1231 5049 let
1250 5005 1315 5048 eum
1335 5005 1384 5060 eo,
1401 4991 1448 5063 qui
1469 4999 1628 5062 perpetuam
1649 4995 1805 5053 castitatem
1829 5006 1871 5054 est
1885 5011 1988 5056 conser-

358 5087 425 5158 alio;
441 5092 484 5141 eat
502 5098 569 5156 ergo
590 5081 643 5137 boo
663 5078 739 5136 valde
753 5077 909 5152 probabile,
924 5085 951 5136 et
964 5077 1158 5136 accommoda·
1193 5087 1325 5152 veturus,
1342 5081 1407 5154 quia
1427 5081 1453 5136 in
1474 5079 1525 5137 boe
1541 5081 1659 5154 aliquam
1687 5085 1919 5159 participationem
1934 5083 1988 5144 fiii.

356 5184 416 5234 ‘⁰¹1¹
429 5172 464 5231 id
476 5170 663 5246 ifflltiffiildas
677 5167 798 5227 ffiudtl·
1193 5171 1280 5244 gionis
1300 5171 1412 5229 reboet.
1434 5171 1457 5228 Ε
1477 5185 1609 5228 converso
1629 5178 1721 5232 autem
1744 5183 1840 5234 votum
1859 5174 1987 5252 religionis
