<?xml version="1.0" encoding="UTF-8"?>
<!DOCTYPE html PUBLIC "-//W3C//DTD XHTML 1.0 Transitional//EN"
    "http://www.w3.org/TR/xhtml1/DTD/xhtml1-transitional.dtd">
<html xmlns="http://www.w3.org/1999/xhtml" xml:lang="en" lang="en">
 <head>
  <title>
</title>
<meta http-equiv="Content-Type" content="text/html;charset=utf-8" />
  <meta name='ocr-system' content='tesseract 3.04.00' />
  <meta name='ocr-capabilities' content='ocr_page ocr_carea ocr_par ocr_line ocrx_word'/>
</head>
<body>
  <div class='ocr_page' id='page_1' title='image "./tractatusdelegi00sugoog_0351.png"; bbox 0 0 4294 6238; ppageno 0'>
   <div class='ocr_carea' id='block_1_1' title="bbox 412 327 1285 438">
    <p class='ocr_par' dir='ltr' id='par_1_1' title="bbox 412 327 1285 438">
     <span class='ocr_line' id='line_1_1' title="bbox 412 327 1285 438; baseline -0.001 -1"><span class='ocrx_word' id='word_1_1' title='bbox 412 373 475 438; x_wconf 88' lang='grc'><strong>338</strong></span> <span class='ocrx_word' id='word_1_2' title='bbox 573 327 578 336; x_wconf 37' lang='lat'><strong>¹</strong></span> <span class='ocrx_word' id='word_1_3' title='bbox 955 334 961 352; x_wconf 47' lang='lat'>⁸</span> <span class='ocrx_word' id='word_1_4' title='bbox 1107 387 1208 437; x_wconf 80' lang='lat' dir='ltr'><strong>ursus</strong></span> <span class='ocrx_word' id='word_1_5' title='bbox 1222 389 1285 437; x_wconf 77' lang='grc' dir='ltr'>ιιι.</span> 
     </span>
    </p>
   </div>
   <div class='ocr_carea' id='block_1_2' title="bbox 370 509 1997 946">
    <p class='ocr_par' dir='ltr' id='par_1_2' title="bbox 370 509 1997 946">
     <span class='ocr_line' id='line_1_2' title="bbox 371 509 1992 585; baseline 0 -13"><span class='ocrx_word' id='word_1_6' title='bbox 371 515 430 582; x_wconf 84' lang='lat' dir='ltr'><strong>ius,</strong></span> <span class='ocrx_word' id='word_1_7' title='bbox 445 515 497 570; x_wconf 92' lang='lat' dir='ltr'><strong>uisi</strong></span> <span class='ocrx_word' id='word_1_8' title='bbox 515 513 550 570; x_wconf 88' lang='lat' dir='ltr'><strong>sit</strong></span> <span class='ocrx_word' id='word_1_9' title='bbox 563 513 750 584; x_wconf 83' lang='lat' dir='ltr'><strong>praescripta.</strong></span> <span class='ocrx_word' id='word_1_10' title='bbox 766 511 800 568; x_wconf 87' lang='lat' dir='ltr'><strong>Et</strong></span> <span class='ocrx_word' id='word_1_11' title='bbox 818 512 856 568; x_wconf 89' lang='lat' dir='ltr'><strong>ita</strong></span> <span class='ocrx_word' id='word_1_12' title='bbox 870 509 941 567; x_wconf 89' lang='lat' dir='ltr'><strong>hauc</strong></span> <span class='ocrx_word' id='word_1_13' title='bbox 954 509 1120 584; x_wconf 75' lang='lat' dir='ltr'><strong>particulam</strong></span> <span class='ocrx_word' id='word_1_14' title='bbox 1136 513 1176 567; x_wconf 91' lang='lat' dir='ltr'><strong>in·</strong></span> <span class='ocrx_word' id='word_1_15' title='bbox 1212 512 1284 569; x_wconf 90' lang='lat' dir='ltr'><strong>denti</strong></span> <span class='ocrx_word' id='word_1_16' title='bbox 1296 511 1409 570; x_wconf 88' lang='lat' dir='ltr'><strong>arbitrio</strong></span> <span class='ocrx_word' id='word_1_17' title='bbox 1421 511 1564 570; x_wconf 88' lang='lat' dir='ltr'><strong>verisimile</strong></span> <span class='ocrx_word' id='word_1_18' title='bbox 1578 513 1624 584; x_wconf 88' lang='lat' dir='ltr'><strong>sit,</strong></span> <span class='ocrx_word' id='word_1_19' title='bbox 1637 514 1789 585; x_wconf 87' lang='lat' dir='ltr'><strong>principem</strong></span> <span class='ocrx_word' id='word_1_20' title='bbox 1802 513 1885 570; x_wconf 88' lang='lat' dir='ltr'><strong>icisse</strong></span> <span class='ocrx_word' id='word_1_21' title='bbox 1895 513 1918 570; x_wconf 92' lang='lat' dir='ltr'><strong>iu</strong></span> <span class='ocrx_word' id='word_1_22' title='bbox 1928 513 1992 572; x_wconf 90' lang='lat' dir='ltr'><strong>illam</strong></span> 
     </span>
     <span class='ocr_line' id='line_1_3' title="bbox 371 592 1995 675; baseline 0 -15"><span class='ocrx_word' id='word_1_23' title='bbox 371 592 450 662; x_wconf 77' lang='lat' dir='ltr'><strong>reu&#39;io</strong></span> <span class='ocrx_word' id='word_1_24' title='bbox 473 602 593 660; x_wconf 78' lang='lat' dir='ltr'><strong>additam</strong></span> <span class='ocrx_word' id='word_1_25' title='bbox 614 603 640 660; x_wconf 94' lang='lat' dir='ltr'><strong>in</strong></span> <span class='ocrx_word' id='word_1_26' title='bbox 656 602 746 660; x_wconf 89' lang='lat' dir='ltr'><strong>Gloss.</strong></span> <span class='ocrx_word' id='word_1_27' title='bbox 762 599 792 657; x_wconf 90' lang='lat' dir='ltr'><strong>d.</strong></span> <span class='ocrx_word' id='word_1_28' title='bbox 808 615 869 673; x_wconf 91' lang='lat' dir='ltr'><strong>cap.</strong></span> <span class='ocrx_word' id='word_1_29' title='bbox 889 603 912 658; x_wconf 91' lang='grc' dir='ltr'><strong>ι.</strong></span> <span class='ocrx_word' id='word_1_30' title='bbox 929 599 962 657; x_wconf 91' lang='lat' dir='ltr'><strong>da</strong></span> <span class='ocrx_word' id='word_1_31' title='bbox 976 602 1087 657; x_wconf 89' lang='lat' dir='ltr'><strong>constit.</strong></span> <span class='ocrx_word' id='word_1_32' title='bbox 1102 603 1129 657; x_wconf 92' lang='lat' dir='ltr'><strong>iu</strong></span> <span class='ocrx_word' id='word_1_33' title='bbox 1146 603 1174 675; x_wconf 82' lang='lat'><strong>6,</strong></span> <span class='ocrx_word' id='word_1_34' title='bbox 1211 616 1428 674; x_wconf 88' lang='lat' dir='ltr'><strong>consensuram,</strong></span> <span class='ocrx_word' id='word_1_35' title='bbox 1444 602 1466 660; x_wconf 92' lang='lat' dir='ltr'><strong>si</strong></span> <span class='ocrx_word' id='word_1_36' title='bbox 1485 602 1556 659; x_wconf 93' lang='lat' dir='ltr'><strong>illam</strong></span> <span class='ocrx_word' id='word_1_37' title='bbox 1577 603 1669 660; x_wconf 90' lang='lat' dir='ltr'><strong>sciret.</strong></span> <span class='ocrx_word' id='word_1_38' title='bbox 1686 605 1763 660; x_wconf 88' lang='lat' dir='ltr'><strong>Tunc</strong></span> <span class='ocrx_word' id='word_1_39' title='bbox 1783 605 1869 673; x_wconf 91' lang='lat' dir='ltr'><strong>enim,</strong></span> <span class='ocrx_word' id='word_1_40' title='bbox 1890 603 1922 660; x_wconf 95' lang='lat' dir='ltr'><strong>ob</strong></span> <span class='ocrx_word' id='word_1_41' title='bbox 1938 599 1995 660; x_wconf 85' lang='lat' dir='ltr'><strong>cou-</strong></span> 
     </span>
     <span class='ocr_line' id='line_1_4' title="bbox 371 690 1995 765; baseline 0.001 -17"><span class='ocrx_word' id='word_1_42' title='bbox 371 692 560 765; x_wconf 83' lang='lat' dir='ltr'><strong>verbosacli,</strong></span> <span class='ocrx_word' id='word_1_43' title='bbox 576 699 603 749; x_wconf 91' lang='grc' dir='ltr'><strong>ιι</strong></span> <span class='ocrx_word' id='word_1_44' title='bbox 618 691 711 764; x_wconf 81' lang='lat' dir='ltr'><strong>colligi</strong></span> <span class='ocrx_word' id='word_1_45' title='bbox 726 697 815 763; x_wconf 89' lang='lat' dir='ltr'><strong>potest</strong></span> <span class='ocrx_word' id='word_1_46' title='bbox 828 707 861 747; x_wconf 81' lang='lat' dir='ltr'><strong>ex</strong></span> <span class='ocrx_word' id='word_1_47' title='bbox 875 690 944 748; x_wconf 91' lang='lat' dir='ltr'><strong>diet.</strong></span> <span class='ocrx_word' id='word_1_48' title='bbox 959 707 1021 762; x_wconf 89' lang='lat' dir='ltr'><strong>cap.</strong></span> <span class='ocrx_word' id='word_1_49' title='bbox 1040 695 1067 763; x_wconf 84' lang='lat'><strong>3,</strong></span> <span class='ocrx_word' id='word_1_50' title='bbox 1080 697 1176 763; x_wconf 89' lang='lat' dir='ltr'><strong>quate·</strong></span> <span class='ocrx_word' id='word_1_51' title='bbox 1210 695 1321 750; x_wconf 81' lang='lat' dir='ltr'><strong>traciam</strong></span> <span class='ocrx_word' id='word_1_52' title='bbox 1336 694 1486 762; x_wconf 87' lang='lat' dir='ltr'><strong>rationem,</strong></span> <span class='ocrx_word' id='word_1_53' title='bbox 1502 708 1555 750; x_wconf 91' lang='lat' dir='ltr'><strong>uon</strong></span> <span class='ocrx_word' id='word_1_54' title='bbox 1576 700 1619 751; x_wconf 90' lang='lat' dir='ltr'><strong>est</strong></span> <span class='ocrx_word' id='word_1_55' title='bbox 1638 693 1801 760; x_wconf 84' lang='lat' dir='ltr'><strong>verisimile,</strong></span> <span class='ocrx_word' id='word_1_56' title='bbox 1823 691 1889 749; x_wconf 82' lang='lat' dir='ltr'><strong>aelle</strong></span> <span class='ocrx_word' id='word_1_57' title='bbox 1909 701 1995 750; x_wconf 89' lang='lat' dir='ltr'><strong>contra</strong></span> 
     </span>
     <span class='ocr_line' id='line_1_5' title="bbox 370 780 1997 857; baseline -0.001 -16"><span class='ocrx_word' id='word_1_58' title='bbox 370 801 424 841; x_wconf 89' lang='lat' dir='ltr'><strong>uus</strong></span> <span class='ocrx_word' id='word_1_59' title='bbox 446 785 533 841; x_wconf 90' lang='lat' dir='ltr'><strong>utitur</strong></span> <span class='ocrx_word' id='word_1_60' title='bbox 554 783 638 839; x_wconf 88' lang='lat' dir='ltr'><strong>verbo</strong></span> <span class='ocrx_word' id='word_1_61' title='bbox 663 780 832 854; x_wconf 87' lang='lat' dir='ltr'><strong>derogandi,</strong></span> <span class='ocrx_word' id='word_1_62' title='bbox 847 782 980 853; x_wconf 91' lang='lat' dir='ltr'><strong>quianon</strong></span> <span class='ocrx_word' id='word_1_63' title='bbox 995 780 1098 837; x_wconf 90' lang='lat' dir='ltr'><strong>dicitur</strong></span> <span class='ocrx_word' id='word_1_64' title='bbox 1113 794 1176 850; x_wconf 87' lang='lat' dir='ltr'><strong>pro·</strong></span> <span class='ocrx_word' id='word_1_65' title='bbox 1209 780 1281 839; x_wconf 89' lang='lat' dir='ltr'><strong>illam</strong></span> <span class='ocrx_word' id='word_1_66' title='bbox 1296 782 1414 857; x_wconf 86' lang='lat' dir='ltr'><strong>obligare</strong></span> <span class='ocrx_word' id='word_1_67' title='bbox 1429 799 1477 855; x_wconf 90' lang='lat' dir='ltr'><strong>per</strong></span> <span class='ocrx_word' id='word_1_68' title='bbox 1491 783 1578 856; x_wconf 89' lang='lat' dir='ltr'><strong>legem</strong></span> <span class='ocrx_word' id='word_1_69' title='bbox 1593 783 1752 856; x_wconf 89' lang='lat' dir='ltr'><strong>generaliter</strong></span> <span class='ocrx_word' id='word_1_70' title='bbox 1767 783 1860 852; x_wconf 86' lang='lat' dir='ltr'><strong>latam,</strong></span> <span class='ocrx_word' id='word_1_71' title='bbox 1872 799 1920 839; x_wconf 91' lang='lat' dir='ltr'><strong>seu</strong></span> <span class='ocrx_word' id='word_1_72' title='bbox 1934 783 1997 840; x_wconf 87' lang='lat' dir='ltr'><strong>aelle</strong></span> 
     </span>
     <span class='ocr_line' id='line_1_6' title="bbox 370 871 1996 946; baseline -0.001 -15"><span class='ocrx_word' id='word_1_73' title='bbox 370 875 429 946; x_wconf 91' lang='lat' dir='ltr'><strong>prie</strong></span> <span class='ocrx_word' id='word_1_74' title='bbox 442 873 588 946; x_wconf 88' lang='lat' dir='ltr'><strong>derogari,</strong></span> <span class='ocrx_word' id='word_1_75' title='bbox 604 874 656 929; x_wconf 92' lang='lat' dir='ltr'><strong>nisi</strong></span> <span class='ocrx_word' id='word_1_76' title='bbox 673 873 726 928; x_wconf 94' lang='lat' dir='ltr'><strong>iuri</strong></span> <span class='ocrx_word' id='word_1_77' title='bbox 740 871 926 944; x_wconf 88' lang='lat' dir='ltr'><strong>praecedenti.</strong></span> <span class='ocrx_word' id='word_1_78' title='bbox 943 873 976 927; x_wconf 84' lang='lat' dir='ltr'><strong>Et</strong></span> <span class='ocrx_word' id='word_1_79' title='bbox 994 887 1008 927; x_wconf 92' lang='lat' dir='ltr'><strong>e</strong></span> <span class='ocrx_word' id='word_1_80' title='bbox 1027 885 1173 941; x_wconf 87' lang='lat' dir='ltr'><strong>converso,</strong></span> <span class='ocrx_word' id='word_1_81' title='bbox 1209 871 1280 929; x_wconf 90' lang='lat' dir='ltr'><strong>illam</strong></span> <span class='ocrx_word' id='word_1_82' title='bbox 1301 872 1413 942; x_wconf 87' lang='lat' dir='ltr'><strong>tollere,</strong></span> <span class='ocrx_word' id='word_1_83' title='bbox 1429 871 1495 929; x_wconf 91' lang='lat' dir='ltr'><strong>dum</strong></span> <span class='ocrx_word' id='word_1_84' title='bbox 1515 873 1588 929; x_wconf 91' lang='lat' dir='ltr'><strong>illam</strong></span> <span class='ocrx_word' id='word_1_85' title='bbox 1608 874 1730 946; x_wconf 77' lang='lat' dir='ltr'><strong>ignorat,</strong></span> <span class='ocrx_word' id='word_1_86' title='bbox 1745 875 1798 931; x_wconf 88' lang='lat' dir='ltr'><strong>uisi</strong></span> <span class='ocrx_word' id='word_1_87' title='bbox 1812 874 1961 944; x_wconf 81' lang='lat' dir='ltr'><strong>expressius</strong></span> <span class='ocrx_word' id='word_1_88' title='bbox 1974 874 1996 930; x_wconf 92' lang='lat' dir='ltr'><strong>id</strong></span> 
     </span>
    </p>
   </div>
   <div class='ocr_carea' id='block_1_3' title="bbox 370 955 2112 1034">
    <p class='ocr_par' dir='ltr' id='par_1_3' title="bbox 370 955 2112 1034">
     <span class='ocr_line' id='line_1_7' title="bbox 370 955 2112 1034; baseline 0 -15"><span class='ocrx_word' id='word_1_89' title='bbox 370 963 433 1020; x_wconf 92' lang='lat' dir='ltr'><strong>ideo</strong></span> <span class='ocrx_word' id='word_1_90' title='bbox 447 961 622 1021; x_wconf 90' lang='lat' dir='ltr'><strong>consuetudo</strong></span> <span class='ocrx_word' id='word_1_91' title='bbox 634 960 759 1034; x_wconf 84' lang='lat' dir='ltr'><strong>specialis</strong></span> <span class='ocrx_word' id='word_1_92' title='bbox 774 959 909 1034; x_wconf 79' lang='lat' dir='ltr'>derogare</span> <span class='ocrx_word' id='word_1_93' title='bbox 920 966 1049 1017; x_wconf 89' lang='lat' dir='ltr'><strong>censetur</strong></span> <span class='ocrx_word' id='word_1_94' title='bbox 1063 960 1114 1016; x_wconf 89' lang='lat' dir='ltr'><strong>iuri</strong></span> <span class='ocrx_word' id='word_1_95' title='bbox 1128 974 1175 1032; x_wconf 90' lang='lat' dir='ltr'><strong>ge·</strong></span> <span class='ocrx_word' id='word_1_96' title='bbox 1209 960 1339 1018; x_wconf 83' lang='lat' dir='ltr'><strong>declaret.</strong></span> <span class='ocrx_word' id='word_1_97' title='bbox 1357 963 1423 1019; x_wconf 89' lang='lat' dir='ltr'><strong>Nam</strong></span> <span class='ocrx_word' id='word_1_98' title='bbox 1445 963 1471 1018; x_wconf 91' lang='lat' dir='ltr'><strong>iu</strong></span> <span class='ocrx_word' id='word_1_99' title='bbox 1494 961 1574 1020; x_wconf 89' lang='lat' dir='ltr'><strong>talem</strong></span> <span class='ocrx_word' id='word_1_100' title='bbox 1595 962 1823 1020; x_wconf 86' lang='lat' dir='ltr'><strong>cousuetudinem</strong></span> <span class='ocrx_word' id='word_1_101' title='bbox 1843 969 1871 1018; x_wconf 93' lang='lat' dir='ltr'><strong>et</strong></span> <span class='ocrx_word' id='word_1_102' title='bbox 1886 963 1964 1018; x_wconf 84' lang='lat' dir='ltr'><strong>verbs</strong></span> <span class='ocrx_word' id='word_1_103' title='bbox 1975 969 1999 1019; x_wconf 90' lang='grc' dir='ltr'><strong>ιι</strong></span> <span class='ocrx_word' id='word_1_104' title='bbox 2111 955 2112 960; x_wconf 67' lang='grc'>’</span> 
     </span>
    </p>
   </div>
   <div class='ocr_carea' id='block_1_4' title="bbox 370 1049 2002 1846">
    <p class='ocr_par' dir='ltr' id='par_1_4' title="bbox 370 1049 2002 1754">
     <span class='ocr_line' id='line_1_8' title="bbox 371 1049 1997 1126; baseline -0.001 -17"><span class='ocrx_word' id='word_1_105' title='bbox 371 1053 474 1121; x_wconf 88' lang='lat' dir='ltr'><strong>uerali,</strong></span> <span class='ocrx_word' id='word_1_106' title='bbox 490 1054 555 1126; x_wconf 92' lang='lat' dir='ltr'><strong>quia</strong></span> <span class='ocrx_word' id='word_1_107' title='bbox 576 1051 694 1125; x_wconf 89' lang='lat' dir='ltr'><strong>speciale</strong></span> <span class='ocrx_word' id='word_1_108' title='bbox 716 1051 758 1109; x_wconf 89' lang='lat' dir='ltr'><strong>ius</strong></span> <span class='ocrx_word' id='word_1_109' title='bbox 777 1049 896 1123; x_wconf 83' lang='lat' dir='ltr'><strong>derogat</strong></span> <span class='ocrx_word' id='word_1_110' title='bbox 916 1049 1052 1124; x_wconf 91' lang='lat' dir='ltr'><strong>generali,</strong></span> <span class='ocrx_word' id='word_1_111' title='bbox 1067 1049 1174 1106; x_wconf 86' lang='lat' dir='ltr'><strong>etiamsi</strong></span> <span class='ocrx_word' id='word_1_112' title='bbox 1209 1053 1280 1108; x_wconf 90' lang='lat' dir='ltr'><strong>ratio</strong></span> <span class='ocrx_word' id='word_1_113' title='bbox 1300 1051 1366 1108; x_wconf 91' lang='lat' dir='ltr'><strong>dicti</strong></span> <span class='ocrx_word' id='word_1_114' title='bbox 1387 1052 1483 1124; x_wconf 88' lang='lat' dir='ltr'><strong>capitis</strong></span> <span class='ocrx_word' id='word_1_115' title='bbox 1501 1055 1525 1111; x_wconf 90' lang='lat' dir='ltr'><strong>l.</strong></span> <span class='ocrx_word' id='word_1_116' title='bbox 1546 1051 1647 1124; x_wconf 92' lang='lat' dir='ltr'><strong>optime</strong></span> <span class='ocrx_word' id='word_1_117' title='bbox 1668 1051 1781 1108; x_wconf 88' lang='lat' dir='ltr'><strong>cadunt.</strong></span> <span class='ocrx_word' id='word_1_118' title='bbox 1804 1053 1871 1108; x_wconf 84' lang='lat' dir='ltr'><strong>Nem</strong></span> <span class='ocrx_word' id='word_1_119' title='bbox 1893 1051 1997 1108; x_wconf 82' lang='lat' dir='ltr'><strong>uerbum</strong></span> 
     </span>
     <span class='ocr_line' id='line_1_9' title="bbox 372 1138 1998 1223; baseline -0.002 -24"><span class='ocrx_word' id='word_1_120' title='bbox 372 1143 490 1215; x_wconf 89' lang='lat' dir='ltr'><strong>speciale</strong></span> <span class='ocrx_word' id='word_1_121' title='bbox 511 1142 677 1214; x_wconf 76' lang='lat' dir='ltr'><strong>praecedat,</strong></span> <span class='ocrx_word' id='word_1_122' title='bbox 695 1147 724 1197; x_wconf 90' lang='lat' dir='ltr'><strong>ut</strong></span> <span class='ocrx_word' id='word_1_123' title='bbox 739 1147 781 1196; x_wconf 91' lang='grc' dir='ltr'><strong>ιιι</strong></span> <span class='ocrx_word' id='word_1_124' title='bbox 796 1138 890 1212; x_wconf 88' lang='lat' dir='ltr'><strong>regula</strong></span> <span class='ocrx_word' id='word_1_125' title='bbox 904 1139 1029 1223; x_wconf 76' lang='lat' dir='ltr'><strong>iuris,et</strong></span> <span class='ocrx_word' id='word_1_126' title='bbox 1044 1139 1107 1211; x_wconf 91' lang='lat' dir='ltr'><strong>quia</strong></span> <span class='ocrx_word' id='word_1_127' title='bbox 1120 1153 1174 1194; x_wconf 91' lang='lat' dir='ltr'><strong>unu</strong></span> <span class='ocrx_word' id='word_1_128' title='bbox 1209 1139 1374 1214; x_wconf 77' lang='lat' dir='ltr'><strong>derogandi</strong></span> <span class='ocrx_word' id='word_1_129' title='bbox 1389 1147 1464 1198; x_wconf 89' lang='lat' dir='ltr'><strong>recte</strong></span> <span class='ocrx_word' id='word_1_130' title='bbox 1476 1142 1558 1199; x_wconf 90' lang='lat' dir='ltr'><strong>etiam</strong></span> <span class='ocrx_word' id='word_1_131' title='bbox 1572 1142 1605 1198; x_wconf 92' lang='lat' dir='ltr'><strong>de</strong></span> <span class='ocrx_word' id='word_1_132' title='bbox 1621 1141 1665 1198; x_wconf 89' lang='lat' dir='ltr'><strong>tali</strong></span> <span class='ocrx_word' id='word_1_133' title='bbox 1679 1140 1878 1198; x_wconf 90' lang='lat' dir='ltr'><strong>consuetudine</strong></span> <span class='ocrx_word' id='word_1_134' title='bbox 1893 1140 1998 1208; x_wconf 81' lang='lat' dir='ltr'><strong>dicitur,</strong></span> 
     </span>
     <span class='ocr_line' id='line_1_10' title="bbox 370 1226 1997 1306; baseline -0.001 -18"><span class='ocrx_word' id='word_1_135' title='bbox 370 1233 560 1306; x_wconf 83' lang='lat' dir='ltr'><strong>praesumitur</strong></span> <span class='ocrx_word' id='word_1_136' title='bbox 580 1233 707 1304; x_wconf 89' lang='lat' dir='ltr'><strong>princeps</strong></span> <span class='ocrx_word' id='word_1_137' title='bbox 729 1231 782 1287; x_wconf 93' lang='lat' dir='ltr'><strong>iuri</strong></span> <span class='ocrx_word' id='word_1_138' title='bbox 805 1228 915 1301; x_wconf 90' lang='lat' dir='ltr'><strong>speciali</strong></span> <span class='ocrx_word' id='word_1_139' title='bbox 930 1228 1080 1300; x_wconf 85' lang='lat' dir='ltr'><strong>derogare,</strong></span> <span class='ocrx_word' id='word_1_140' title='bbox 1100 1226 1173 1300; x_wconf 91' lang='lat' dir='ltr'><strong>quod</strong></span> <span class='ocrx_word' id='word_1_141' title='bbox 1210 1237 1269 1289; x_wconf 92' lang='lat' dir='ltr'><strong>tum</strong></span> <span class='ocrx_word' id='word_1_142' title='bbox 1288 1231 1352 1304; x_wconf 87' lang='lat' dir='ltr'><strong>quia</strong></span> <span class='ocrx_word' id='word_1_143' title='bbox 1371 1230 1426 1287; x_wconf 92' lang='lat' dir='ltr'><strong>dici</strong></span> <span class='ocrx_word' id='word_1_144' title='bbox 1440 1233 1526 1288; x_wconf 89' lang='lat' dir='ltr'><strong>etiam</strong></span> <span class='ocrx_word' id='word_1_145' title='bbox 1539 1231 1617 1302; x_wconf 35' lang='lat' dir='ltr'><strong>,solet</strong></span> <span class='ocrx_word' id='word_1_146' title='bbox 1634 1232 1667 1289; x_wconf 90' lang='lat' dir='ltr'><strong>de</strong></span> <span class='ocrx_word' id='word_1_147' title='bbox 1682 1231 1740 1288; x_wconf 87' lang='lat' dir='ltr'><strong>aliis</strong></span> <span class='ocrx_word' id='word_1_148' title='bbox 1756 1230 1861 1287; x_wconf 88' lang='lat' dir='ltr'><strong>iuribus</strong></span> <span class='ocrx_word' id='word_1_149' title='bbox 1876 1231 1997 1303; x_wconf 90' lang='lat' dir='ltr'><strong>iustitiae,</strong></span> 
     </span>
     <span class='ocr_line' id='line_1_11' title="bbox 371 1316 1998 1396; baseline -0.002 -18"><span class='ocrx_word' id='word_1_150' title='bbox 371 1323 494 1396; x_wconf 72' lang='lat' dir='ltr'><strong>ignorat,</strong></span> <span class='ocrx_word' id='word_1_151' title='bbox 507 1338 574 1395; x_wconf 89' lang='lat' dir='ltr'><strong>ergo</strong></span> <span class='ocrx_word' id='word_1_152' title='bbox 587 1320 749 1394; x_wconf 85' lang='lat' dir='ltr'><strong>supponitur</strong></span> <span class='ocrx_word' id='word_1_153' title='bbox 760 1316 936 1376; x_wconf 90' lang='lat' dir='ltr'><strong>consuetudo</strong></span> <span class='ocrx_word' id='word_1_154' title='bbox 947 1333 1008 1375; x_wconf 88' lang='lat' dir='ltr'><strong>esse</strong></span> <span class='ocrx_word' id='word_1_155' title='bbox 1019 1316 1092 1388; x_wconf 90' lang='lat' dir='ltr'><strong>telis,</strong></span> <span class='ocrx_word' id='word_1_156' title='bbox 1104 1331 1174 1390; x_wconf 88' lang='lat' dir='ltr'><strong>quae</strong></span> <span class='ocrx_word' id='word_1_157' title='bbox 1208 1336 1279 1393; x_wconf 89' lang='lat' dir='ltr'><strong>quae</strong></span> <span class='ocrx_word' id='word_1_158' title='bbox 1293 1336 1346 1377; x_wconf 90' lang='lat' dir='ltr'><strong>non</strong></span> <span class='ocrx_word' id='word_1_159' title='bbox 1360 1327 1425 1377; x_wconf 91' lang='lat' dir='ltr'><strong>suut</strong></span> <span class='ocrx_word' id='word_1_160' title='bbox 1438 1319 1527 1393; x_wconf 90' lang='lat' dir='ltr'><strong>leges,</strong></span> <span class='ocrx_word' id='word_1_161' title='bbox 1546 1328 1576 1376; x_wconf 92' lang='lat' dir='ltr'><strong>ut</strong></span> <span class='ocrx_word' id='word_1_162' title='bbox 1590 1321 1723 1392; x_wconf 91' lang='lat' dir='ltr'><strong>dicimus,</strong></span> <span class='ocrx_word' id='word_1_163' title='bbox 1741 1321 1891 1391; x_wconf 90' lang='lat' dir='ltr'><strong>principem</strong></span> <span class='ocrx_word' id='word_1_164' title='bbox 1906 1335 1998 1375; x_wconf 91' lang='lat' dir='ltr'><strong>couce-</strong></span> 
     </span>
     <span class='ocr_line' id='line_1_12' title="bbox 372 1408 1999 1483; baseline -0.001 -15"><span class='ocrx_word' id='word_1_165' title='bbox 372 1412 415 1468; x_wconf 91' lang='lat' dir='ltr'><strong>lus</strong></span> <span class='ocrx_word' id='word_1_166' title='bbox 427 1412 621 1469; x_wconf 87' lang='lat' dir='ltr'><strong>introduxerit.</strong></span> <span class='ocrx_word' id='word_1_167' title='bbox 634 1409 753 1468; x_wconf 90' lang='lat' dir='ltr'><strong>Tandem</strong></span> <span class='ocrx_word' id='word_1_168' title='bbox 764 1409 840 1482; x_wconf 91' lang='lat' dir='ltr'><strong>quia,</strong></span> <span class='ocrx_word' id='word_1_169' title='bbox 854 1409 904 1465; x_wconf 88' lang='lat' dir='ltr'><strong>nisi</strong></span> <span class='ocrx_word' id='word_1_170' title='bbox 919 1409 953 1465; x_wconf 89' lang='lat' dir='ltr'><strong>sit</strong></span> <span class='ocrx_word' id='word_1_171' title='bbox 964 1423 1053 1464; x_wconf 92' lang='lat' dir='ltr'><strong>sermo</strong></span> <span class='ocrx_word' id='word_1_172' title='bbox 1065 1408 1098 1465; x_wconf 91' lang='lat' dir='ltr'><strong>de</strong></span> <span class='ocrx_word' id='word_1_173' title='bbox 1109 1423 1175 1464; x_wconf 91' lang='lat' dir='ltr'><strong>con·</strong></span> <span class='ocrx_word' id='word_1_174' title='bbox 1208 1408 1296 1468; x_wconf 91' lang='lat' dir='ltr'><strong>dendo</strong></span> <span class='ocrx_word' id='word_1_175' title='bbox 1317 1409 1502 1482; x_wconf 83' lang='lat' dir='ltr'><strong>priuilegium,</strong></span> <span class='ocrx_word' id='word_1_176' title='bbox 1523 1409 1594 1466; x_wconf 88' lang='lat' dir='ltr'><strong>uelle</strong></span> <span class='ocrx_word' id='word_1_177' title='bbox 1616 1410 1748 1483; x_wconf 82' lang='lat' dir='ltr'><strong>derogare</strong></span> <span class='ocrx_word' id='word_1_178' title='bbox 1769 1411 1820 1465; x_wconf 90' lang='lat' dir='ltr'><strong>iuri</strong></span> <span class='ocrx_word' id='word_1_179' title='bbox 1841 1410 1929 1482; x_wconf 76' lang='lat' dir='ltr'><strong>tertii3</strong></span> <span class='ocrx_word' id='word_1_180' title='bbox 1946 1417 1999 1466; x_wconf 87' lang='lat' dir='ltr'><strong>tum</strong></span> 
     </span>
     <span class='ocr_line' id='line_1_13' title="bbox 373 1497 1999 1575; baseline -0.004 -15"><span class='ocrx_word' id='word_1_181' title='bbox 373 1502 518 1560; x_wconf 86' lang='lat' dir='ltr'><strong>suetudine</strong></span> <span class='ocrx_word' id='word_1_182' title='bbox 540 1503 728 1575; x_wconf 86' lang='lat' dir='ltr'><strong>praescripta,</strong></span> <span class='ocrx_word' id='word_1_183' title='bbox 744 1500 820 1556; x_wconf 88' lang='lat' dir='ltr'><strong>nulla</strong></span> <span class='ocrx_word' id='word_1_184' title='bbox 839 1501 891 1557; x_wconf 89' lang='lat' dir='ltr'><strong>alia</strong></span> <span class='ocrx_word' id='word_1_185' title='bbox 911 1497 1043 1572; x_wconf 88' lang='lat' dir='ltr'><strong>designari</strong></span> <span class='ocrx_word' id='word_1_186' title='bbox 1062 1498 1173 1570; x_wconf 89' lang='lat' dir='ltr'><strong>poterit,</strong></span> <span class='ocrx_word' id='word_1_187' title='bbox 1209 1501 1291 1556; x_wconf 92' lang='lat' dir='ltr'><strong>etiam</strong></span> <span class='ocrx_word' id='word_1_188' title='bbox 1312 1500 1377 1572; x_wconf 89' lang='lat' dir='ltr'><strong>quia</strong></span> <span class='ocrx_word' id='word_1_189' title='bbox 1395 1497 1438 1555; x_wconf 90' lang='lat' dir='ltr'><strong>illa</strong></span> <span class='ocrx_word' id='word_1_190' title='bbox 1453 1499 1625 1556; x_wconf 91' lang='lat' dir='ltr'><strong>cousuetudo</strong></span> <span class='ocrx_word' id='word_1_191' title='bbox 1639 1499 1672 1556; x_wconf 88' lang='lat' dir='ltr'><strong>de</strong></span> <span class='ocrx_word' id='word_1_192' title='bbox 1688 1514 1716 1555; x_wconf 89' lang='lat' dir='ltr'><strong>se</strong></span> <span class='ocrx_word' id='word_1_193' title='bbox 1730 1499 1872 1555; x_wconf 89' lang='lat' dir='ltr'><strong>sulliciens</strong></span> <span class='ocrx_word' id='word_1_194' title='bbox 1886 1506 1956 1554; x_wconf 87' lang='lat' dir='ltr'><strong>esset</strong></span> <span class='ocrx_word' id='word_1_195' title='bbox 1968 1499 1999 1554; x_wconf 90' lang='lat' dir='ltr'><strong>ad</strong></span> 
     </span>
     <span class='ocr_line' id='line_1_14' title="bbox 373 1587 1999 1666; baseline -0.003 -17"><span class='ocrx_word' id='word_1_196' title='bbox 373 1607 445 1666; x_wconf 89' lang='lat' dir='ltr'><strong>quae</strong></span> <span class='ocrx_word' id='word_1_197' title='bbox 467 1593 624 1648; x_wconf 89' lang='lat' dir='ltr'><strong>necessario</strong></span> <span class='ocrx_word' id='word_1_198' title='bbox 645 1591 722 1647; x_wconf 85' lang='lat' dir='ltr'><strong>firma</strong></span> <span class='ocrx_word' id='word_1_199' title='bbox 740 1604 899 1662; x_wconf 89' lang='lat' dir='ltr'><strong>permanere</strong></span> <span class='ocrx_word' id='word_1_200' title='bbox 917 1587 1032 1662; x_wconf 90' lang='lat' dir='ltr'><strong>debeat,</strong></span> <span class='ocrx_word' id='word_1_201' title='bbox 1052 1605 1105 1645; x_wconf 92' lang='lat' dir='ltr'><strong>uon</strong></span> <span class='ocrx_word' id='word_1_202' title='bbox 1126 1587 1175 1644; x_wconf 93' lang='lat' dir='ltr'><strong>ob·</strong></span> <span class='ocrx_word' id='word_1_203' title='bbox 1208 1587 1250 1646; x_wconf 92' lang='lat' dir='ltr'><strong>ius</strong></span> <span class='ocrx_word' id='word_1_204' title='bbox 1264 1587 1466 1656; x_wconf 89' lang='lat' dir='ltr'><strong>inducendum,</strong></span> <span class='ocrx_word' id='word_1_205' title='bbox 1483 1589 1533 1646; x_wconf 89' lang='lat' dir='ltr'><strong>uisi</strong></span> <span class='ocrx_word' id='word_1_206' title='bbox 1548 1590 1684 1646; x_wconf 85' lang='lat' dir='ltr'><strong>obstasset</strong></span> <span class='ocrx_word' id='word_1_207' title='bbox 1698 1589 1826 1660; x_wconf 88' lang='lat' dir='ltr'><strong>principis</strong></span> <span class='ocrx_word' id='word_1_208' title='bbox 1841 1589 1999 1660; x_wconf 73' lang='lat' dir='ltr'><strong>ignorantia,</strong></span> 
     </span>
     <span class='ocr_line' id='line_1_15' title="bbox 373 1675 2002 1754; baseline -0.004 -14"><span class='ocrx_word' id='word_1_209' title='bbox 373 1689 461 1740; x_wconf 86' lang='grc' dir='ltr'>ιιιιιιι</span> <span class='ocrx_word' id='word_1_210' title='bbox 476 1681 535 1754; x_wconf 90' lang='lat' dir='ltr'><strong>lege</strong></span> <span class='ocrx_word' id='word_1_211' title='bbox 550 1679 669 1754; x_wconf 90' lang='lat' dir='ltr'><strong>generali</strong></span> <span class='ocrx_word' id='word_1_212' title='bbox 683 1680 880 1752; x_wconf 88' lang='lat' dir='ltr'><strong>subsequente.</strong></span> <span class='ocrx_word' id='word_1_213' title='bbox 1208 1684 1269 1734; x_wconf 93' lang='lat' dir='ltr'><strong>tum</strong></span> <span class='ocrx_word' id='word_1_214' title='bbox 1290 1675 1407 1749; x_wconf 87' lang='lat' dir='ltr'><strong>denique</strong></span> <span class='ocrx_word' id='word_1_215' title='bbox 1428 1677 1492 1754; x_wconf 88' lang='lat' dir='ltr'><strong>quia</strong></span> <span class='ocrx_word' id='word_1_216' title='bbox 1513 1677 1630 1749; x_wconf 89' lang='lat' dir='ltr'><strong>populus</strong></span> <span class='ocrx_word' id='word_1_217' title='bbox 1652 1677 1732 1734; x_wconf 89' lang='lat' dir='ltr'><strong>habet</strong></span> <span class='ocrx_word' id='word_1_218' title='bbox 1746 1677 1885 1750; x_wconf 91' lang='lat' dir='ltr'><strong>quoddam</strong></span> <span class='ocrx_word' id='word_1_219' title='bbox 1901 1678 1958 1748; x_wconf 92' lang='lat' dir='ltr'><strong>ius,</strong></span> <span class='ocrx_word' id='word_1_220' title='bbox 1973 1685 2002 1734; x_wconf 88' lang='lat' dir='ltr'><strong>ut</strong></span> 
     </span>
    </p>

    <p class='ocr_par' dir='ltr' id='par_1_5' title="bbox 414 1758 2001 1846">
     <span class='ocr_line' id='line_1_16' title="bbox 414 1758 2001 1846; baseline -0.004 -18"><span class='ocrx_word' id='word_1_221' title='bbox 414 1774 456 1829; x_wconf 84' lang='lat' dir='ltr'><strong>to.</strong></span> <span class='ocrx_word' id='word_1_222' title='bbox 469 1771 650 1828; x_wconf 82' lang='lat' dir='ltr'><strong>Nihilominus</strong></span> <span class='ocrx_word' id='word_1_223' title='bbox 662 1768 784 1840; x_wconf 83' lang='lat' dir='ltr'><strong>expendo</strong></span> <span class='ocrx_word' id='word_1_224' title='bbox 798 1771 824 1824; x_wconf 92' lang='lat' dir='ltr'><strong>in</strong></span> <span class='ocrx_word' id='word_1_225' title='bbox 839 1767 914 1833; x_wconf 87' lang='lat' dir='ltr'><strong>dicto</strong></span> <span class='ocrx_word' id='word_1_226' title='bbox 929 1783 990 1840; x_wconf 89' lang='lat' dir='ltr'><strong>cap.</strong></span> <span class='ocrx_word' id='word_1_227' title='bbox 1012 1770 1036 1825; x_wconf 91' lang='lat' dir='ltr'><strong>i.</strong></span> <span class='ocrx_word' id='word_1_228' title='bbox 1054 1765 1172 1838; x_wconf 86' lang='lat' dir='ltr'><strong>dicente,</strong></span> <span class='ocrx_word' id='word_1_229' title='bbox 1208 1783 1261 1823; x_wconf 91' lang='lat' dir='ltr'><strong>unu</strong></span> <span class='ocrx_word' id='word_1_230' title='bbox 1277 1773 1395 1840; x_wconf 87' lang='lat' dir='ltr'><strong>cogatur</strong></span> <span class='ocrx_word' id='word_1_231' title='bbox 1415 1773 1523 1846; x_wconf 80' lang='lat' dir='ltr'><strong>marture</strong></span> <span class='ocrx_word' id='word_1_232' title='bbox 1537 1767 1617 1824; x_wconf 89' lang='lat' dir='ltr'><strong>talam</strong></span> <span class='ocrx_word' id='word_1_233' title='bbox 1632 1758 1878 1839; x_wconf 69' lang='lat' dir='ltr'><strong>cousuetudinem,</strong></span> <span class='ocrx_word' id='word_1_234' title='bbox 1894 1765 1939 1823; x_wconf 79' lang='lat' dir='ltr'><strong>cul</strong></span> <span class='ocrx_word' id='word_1_235' title='bbox 1953 1783 2001 1823; x_wconf 91' lang='lat' dir='ltr'><strong>uon</strong></span> 
     </span>
    </p>
   </div>
   <div class='ocr_carea' id='block_1_5' title="bbox 372 1855 2112 1932">
    <p class='ocr_par' dir='ltr' id='par_1_6' title="bbox 372 1855 2112 1932">
     <span class='ocr_line' id='line_1_17' title="bbox 372 1855 2112 1932; baseline -0.003 -15"><span class='ocrx_word' id='word_1_236' title='bbox 372 1860 590 1918; x_wconf 90' lang='lat' dir='ltr'><strong>eonsuetudines</strong></span> <span class='ocrx_word' id='word_1_237' title='bbox 605 1859 786 1932; x_wconf 86' lang='lat' dir='ltr'><strong>particulares</strong></span> <span class='ocrx_word' id='word_1_238' title='bbox 801 1873 855 1914; x_wconf 92' lang='lat' dir='ltr'><strong>nou</strong></span> <span class='ocrx_word' id='word_1_239' title='bbox 867 1858 993 1914; x_wconf 85' lang='lat' dir='ltr'><strong>revocari</strong></span> <span class='ocrx_word' id='word_1_240' title='bbox 1005 1872 1053 1929; x_wconf 92' lang='lat' dir='ltr'><strong>per</strong></span> <span class='ocrx_word' id='word_1_241' title='bbox 1064 1855 1174 1913; x_wconf 91' lang='lat' dir='ltr'><strong>absolu·</strong></span> <span class='ocrx_word' id='word_1_242' title='bbox 1208 1856 1366 1930; x_wconf 88' lang='lat' dir='ltr'><strong>intelligitur</strong></span> <span class='ocrx_word' id='word_1_243' title='bbox 1380 1855 1448 1914; x_wconf 83' lang='lat' dir='ltr'><strong>velle</strong></span> <span class='ocrx_word' id='word_1_244' title='bbox 1458 1857 1589 1929; x_wconf 87' lang='lat' dir='ltr'><strong>derogare</strong></span> <span class='ocrx_word' id='word_1_245' title='bbox 1601 1858 1745 1929; x_wconf 90' lang='lat' dir='ltr'><strong>princeps,</strong></span> <span class='ocrx_word' id='word_1_246' title='bbox 1760 1856 1810 1913; x_wconf 94' lang='lat' dir='ltr'><strong>nisi</strong></span> <span class='ocrx_word' id='word_1_247' title='bbox 1822 1856 1849 1913; x_wconf 94' lang='lat' dir='ltr'><strong>id</strong></span> <span class='ocrx_word' id='word_1_248' title='bbox 1864 1858 2000 1928; x_wconf 85' lang='lat' dir='ltr'><strong>exprimat.</strong></span> <span class='ocrx_word' id='word_1_249' title='bbox 2111 1877 2112 1922; x_wconf 83' lang='lat' dir='ltr'>j</span> 
     </span>
    </p>
   </div>
   <div class='ocr_carea' id='block_1_6' title="bbox 337 1945 2010 3633">
    <p class='ocr_par' dir='ltr' id='par_1_7' title="bbox 375 1945 1962 2023">
     <span class='ocr_line' id='line_1_18' title="bbox 375 1945 1962 2023; baseline -0.007 -14"><span class='ocrx_word' id='word_1_250' title='bbox 375 1957 431 2009; x_wconf 92' lang='lat' dir='ltr'><strong>tam</strong></span> <span class='ocrx_word' id='word_1_251' title='bbox 452 1950 540 2023; x_wconf 89' lang='lat' dir='ltr'><strong>legem</strong></span> <span class='ocrx_word' id='word_1_252' title='bbox 555 1949 724 2023; x_wconf 86' lang='lat' dir='ltr'><strong>generalem,</strong></span> <span class='ocrx_word' id='word_1_253' title='bbox 741 1948 831 2005; x_wconf 89' lang='lat' dir='ltr'><strong>solum</strong></span> <span class='ocrx_word' id='word_1_254' title='bbox 852 1946 929 2017; x_wconf 89' lang='lat' dir='ltr'><strong>addi,</strong></span> <span class='ocrx_word' id='word_1_255' title='bbox 947 1945 1108 2003; x_wconf 84' lang='lat' dir='ltr'><strong>dummodo</strong></span> <span class='ocrx_word' id='word_1_256' title='bbox 1123 1961 1173 2016; x_wconf 68' lang='grc' dir='ltr'><strong>ιιι</strong></span> <span class='ocrx_word' id='word_1_257' title='bbox 1209 1947 1247 2007; x_wconf 87' lang='lat' dir='ltr'><strong>Et</strong></span> <span class='ocrx_word' id='word_1_258' title='bbox 1259 1949 1297 2004; x_wconf 89' lang='grc' dir='ltr'><strong>ιιι</strong></span> <span class='ocrx_word' id='word_1_259' title='bbox 1311 1962 1475 2019; x_wconf 90' lang='lat' dir='ltr'><strong>responsum</strong></span> <span class='ocrx_word' id='word_1_260' title='bbox 1489 1954 1532 2003; x_wconf 90' lang='lat' dir='ltr'><strong>est</strong></span> <span class='ocrx_word' id='word_1_261' title='bbox 1545 1945 1579 2004; x_wconf 93' lang='lat' dir='ltr'><strong>ad</strong></span> <span class='ocrx_word' id='word_1_262' title='bbox 1593 1947 1726 2003; x_wconf 87' lang='lat' dir='ltr'><strong>rationem</strong></span> <span class='ocrx_word' id='word_1_263' title='bbox 1741 1946 1768 2003; x_wconf 93' lang='lat' dir='ltr'><strong>iu</strong></span> <span class='ocrx_word' id='word_1_264' title='bbox 1784 1948 1962 2003; x_wconf 89' lang='lat' dir='ltr'><strong>contrarium.</strong></span> 
     </span>
    </p>

    <p class='ocr_par' dir='ltr' id='par_1_8' title="bbox 337 2029 2010 3633">
     <span class='ocr_line' id='line_1_19' title="bbox 373 2029 2002 2108; baseline -0.004 -11"><span class='ocrx_word' id='word_1_265' title='bbox 373 2039 531 2098; x_wconf 78' lang='lat' dir='ltr'><strong>iterabiles</strong></span> <span class='ocrx_word' id='word_1_266' title='bbox 550 2043 624 2107; x_wconf 84' lang='lat' dir='ltr'><strong>siat,</strong></span> <span class='ocrx_word' id='word_1_267' title='bbox 643 2039 744 2096; x_wconf 90' lang='lat' dir='ltr'><strong>omissa</strong></span> <span class='ocrx_word' id='word_1_268' title='bbox 757 2038 809 2094; x_wconf 90' lang='lat' dir='ltr'><strong>alia</strong></span> <span class='ocrx_word' id='word_1_269' title='bbox 828 2037 999 2108; x_wconf 88' lang='lat' dir='ltr'><strong>conditione,</strong></span> <span class='ocrx_word' id='word_1_270' title='bbox 1014 2035 1173 2093; x_wconf 86' lang='lat' dir='ltr'><strong>dummodo</strong></span> <span class='ocrx_word' id='word_1_271' title='bbox 1250 2036 1337 2094; x_wconf 71' lang='lat' dir='ltr'><strong>taut</strong></span> <span class='ocrx_word' id='word_1_272' title='bbox 1351 2037 1383 2094; x_wconf 90' lang='lat' dir='ltr'><strong>ad</strong></span> <span class='ocrx_word' id='word_1_273' title='bbox 1400 2036 1523 2094; x_wconf 88' lang='lat' dir='ltr'><strong>ultimam</strong></span> <span class='ocrx_word' id='word_1_274' title='bbox 1538 2037 1771 2094; x_wconf 82' lang='lat' dir='ltr'><strong>confirmationem</strong></span> <span class='ocrx_word' id='word_1_275' title='bbox 1785 2029 1897 2107; x_wconf 76' lang='lat' dir='ltr'><strong>dicit&#39;ur,</strong></span> <span class='ocrx_word' id='word_1_276' title='bbox 1914 2049 2002 2090; x_wconf 86' lang='lat' dir='ltr'><strong>rerum</strong></span> 
     </span>
     <span class='ocr_line' id='line_1_20' title="bbox 373 2125 2006 2206; baseline -0.004 -19"><span class='ocrx_word' id='word_1_277' title='bbox 373 2133 580 2206; x_wconf 76' lang='lat' dir='ltr'><strong>praescriptae</strong></span> <span class='ocrx_word' id='word_1_278' title='bbox 601 2133 676 2187; x_wconf 85' lang='lat' dir='ltr'><strong>sini:</strong></span> <span class='ocrx_word' id='word_1_279' title='bbox 696 2144 761 2201; x_wconf 90' lang='lat' dir='ltr'><strong>ergo</strong></span> <span class='ocrx_word' id='word_1_280' title='bbox 780 2144 835 2183; x_wconf 92' lang='lat' dir='ltr'><strong>nou</strong></span> <span class='ocrx_word' id='word_1_281' title='bbox 856 2134 899 2184; x_wconf 87' lang='lat' dir='ltr'><strong>est</strong></span> <span class='ocrx_word' id='word_1_282' title='bbox 919 2127 1024 2184; x_wconf 90' lang='lat' dir='ltr'><strong>anobis</strong></span> <span class='ocrx_word' id='word_1_283' title='bbox 1039 2125 1171 2183; x_wconf 88' lang='lat' dir='ltr'><strong>addenda.</strong></span> <span class='ocrx_word' id='word_1_284' title='bbox 1209 2140 1343 2198; x_wconf 83' lang='lat' dir='ltr'><strong>esse,uon</strong></span> <span class='ocrx_word' id='word_1_285' title='bbox 1358 2142 1439 2197; x_wconf 89' lang='lat' dir='ltr'><strong>posse</strong></span> <span class='ocrx_word' id='word_1_286' title='bbox 1455 2143 1540 2183; x_wconf 92' lang='lat' dir='ltr'><strong>uuum</strong></span> <span class='ocrx_word' id='word_1_287' title='bbox 1555 2132 1582 2183; x_wconf 89' lang='lat' dir='ltr'><strong>et</strong></span> <span class='ocrx_word' id='word_1_288' title='bbox 1594 2125 1665 2183; x_wconf 91' lang='lat' dir='ltr'><strong>idem</strong></span> <span class='ocrx_word' id='word_1_289' title='bbox 1679 2134 1786 2199; x_wconf 90' lang='lat' dir='ltr'><strong>tempus</strong></span> <span class='ocrx_word' id='word_1_290' title='bbox 1797 2125 1882 2182; x_wconf 91' lang='lat' dir='ltr'><strong>huius</strong></span> <span class='ocrx_word' id='word_1_291' title='bbox 1894 2141 2006 2182; x_wconf 78' lang='lat' dir='ltr'><strong>constre-</strong></span> 
     </span>
     <span class='ocr_line' id='line_1_21' title="bbox 371 2214 2004 2290; baseline -0.002 -14"><span class='ocrx_word' id='word_1_292' title='bbox 371 2221 439 2277; x_wconf 88' lang='lat' dir='ltr'><strong>Nam</strong></span> <span class='ocrx_word' id='word_1_293' title='bbox 451 2221 495 2277; x_wconf 93' lang='lat' dir='ltr'><strong>ubi</strong></span> <span class='ocrx_word' id='word_1_294' title='bbox 507 2218 628 2278; x_wconf 83' lang='lat' dir='ltr'><strong>Pontilex</strong></span> <span class='ocrx_word' id='word_1_295' title='bbox 638 2218 735 2289; x_wconf 91' lang='lat' dir='ltr'><strong>voluit,</strong></span> <span class='ocrx_word' id='word_1_296' title='bbox 748 2218 821 2274; x_wconf 93' lang='lat' dir='ltr'><strong>illam</strong></span> <span class='ocrx_word' id='word_1_297' title='bbox 834 2232 894 2273; x_wconf 87' lang='lat' dir='ltr'><strong>esse</strong></span> <span class='ocrx_word' id='word_1_298' title='bbox 906 2217 1101 2284; x_wconf 86' lang='lat' dir='ltr'><strong>necessariam,</strong></span> <span class='ocrx_word' id='word_1_299' title='bbox 1114 2230 1174 2272; x_wconf 89' lang='lat' dir='ltr'><strong>eam</strong></span> <span class='ocrx_word' id='word_1_300' title='bbox 1211 2215 1314 2271; x_wconf 90' lang='lat' dir='ltr'><strong>tudinis</strong></span> <span class='ocrx_word' id='word_1_301' title='bbox 1328 2214 1473 2288; x_wconf 88' lang='lat' dir='ltr'><strong>designari,</strong></span> <span class='ocrx_word' id='word_1_302' title='bbox 1490 2217 1557 2272; x_wconf 88' lang='lat' dir='ltr'><strong>satis</strong></span> <span class='ocrx_word' id='word_1_303' title='bbox 1572 2231 1636 2272; x_wconf 84' lang='lat' dir='ltr'><strong>vcro</strong></span> <span class='ocrx_word' id='word_1_304' title='bbox 1651 2232 1721 2289; x_wconf 89' lang='lat' dir='ltr'><strong>esse,</strong></span> <span class='ocrx_word' id='word_1_305' title='bbox 1732 2217 1805 2290; x_wconf 94' lang='lat' dir='ltr'><strong>quod</strong></span> <span class='ocrx_word' id='word_1_306' title='bbox 1821 2218 1950 2287; x_wconf 89' lang='lat' dir='ltr'><strong>prudenti</strong></span> <span class='ocrx_word' id='word_1_307' title='bbox 1965 2233 2004 2272; x_wconf 92' lang='lat' dir='ltr'><strong>ar-</strong></span> 
     </span>
     <span class='ocr_line' id='line_1_22' title="bbox 371 2303 2005 2382; baseline -0.004 -16"><span class='ocrx_word' id='word_1_308' title='bbox 371 2325 426 2368; x_wconf 90' lang='lat' dir='ltr'><strong>uou</strong></span> <span class='ocrx_word' id='word_1_309' title='bbox 446 2311 555 2382; x_wconf 93' lang='lat' dir='ltr'><strong>omisit,</strong></span> <span class='ocrx_word' id='word_1_310' title='bbox 572 2317 605 2366; x_wconf 92' lang='lat' dir='ltr'><strong>ut</strong></span> <span class='ocrx_word' id='word_1_311' title='bbox 624 2315 698 2381; x_wconf 88' lang='lat' dir='ltr'><strong>patet</strong></span> <span class='ocrx_word' id='word_1_312' title='bbox 713 2324 746 2365; x_wconf 84' lang='lat' dir='ltr'><strong>ex</strong></span> <span class='ocrx_word' id='word_1_313' title='bbox 760 2307 836 2364; x_wconf 92' lang='lat' dir='ltr'><strong>dicto</strong></span> <span class='ocrx_word' id='word_1_314' title='bbox 850 2323 912 2380; x_wconf 90' lang='lat' dir='ltr'><strong>cap.</strong></span> <span class='ocrx_word' id='word_1_315' title='bbox 929 2305 981 2365; x_wconf 91' lang='lat' dir='ltr'><strong>ult.</strong></span> <span class='ocrx_word' id='word_1_316' title='bbox 996 2304 1030 2362; x_wconf 96' lang='lat' dir='ltr'><strong>de</strong></span> <span class='ocrx_word' id='word_1_317' title='bbox 1045 2313 1171 2362; x_wconf 88' lang='lat' dir='ltr'><strong>consuet.</strong></span> <span class='ocrx_word' id='word_1_318' title='bbox 1210 2305 1291 2362; x_wconf 88' lang='lat' dir='ltr'><strong>bitrio</strong></span> <span class='ocrx_word' id='word_1_319' title='bbox 1312 2303 1429 2361; x_wconf 88' lang='lat' dir='ltr'><strong>discerni</strong></span> <span class='ocrx_word' id='word_1_320' title='bbox 1450 2307 1553 2377; x_wconf 90' lang='lat' dir='ltr'><strong>possit,</strong></span> <span class='ocrx_word' id='word_1_321' title='bbox 1569 2306 1642 2363; x_wconf 91' lang='lat' dir='ltr'><strong>sicut</strong></span> <span class='ocrx_word' id='word_1_322' title='bbox 1656 2321 1740 2378; x_wconf 91' lang='lat' dir='ltr'><strong>supra</strong></span> <span class='ocrx_word' id='word_1_323' title='bbox 1755 2305 1929 2371; x_wconf 81' lang='lat' dir='ltr'><strong>dicebamus,</strong></span> <span class='ocrx_word' id='word_1_324' title='bbox 1943 2321 2005 2362; x_wconf 89' lang='lat' dir='ltr'><strong>cou-</strong></span> 
     </span>
     <span class='ocr_line' id='line_1_23' title="bbox 372 2394 2005 2472; baseline -0.004 -16"><span class='ocrx_word' id='word_1_325' title='bbox 372 2401 439 2456; x_wconf 91' lang='lat' dir='ltr'><strong>ltem</strong></span> <span class='ocrx_word' id='word_1_326' title='bbox 458 2401 493 2456; x_wconf 92' lang='lat' dir='ltr'><strong>ibi</strong></span> <span class='ocrx_word' id='word_1_327' title='bbox 513 2415 563 2472; x_wconf 92' lang='lat' dir='ltr'><strong>pro</strong></span> <span class='ocrx_word' id='word_1_328' title='bbox 581 2399 685 2457; x_wconf 89' lang='lat' dir='ltr'><strong>ratione</strong></span> <span class='ocrx_word' id='word_1_329' title='bbox 699 2396 839 2470; x_wconf 89' lang='lat' dir='ltr'><strong>redditur,</strong></span> <span class='ocrx_word' id='word_1_330' title='bbox 856 2395 931 2470; x_wconf 92' lang='lat' dir='ltr'><strong>quod</strong></span> <span class='ocrx_word' id='word_1_331' title='bbox 945 2394 1117 2453; x_wconf 88' lang='lat' dir='ltr'><strong>cousuetudo</strong></span> <span class='ocrx_word' id='word_1_332' title='bbox 1133 2403 1175 2451; x_wconf 89' lang='lat' dir='ltr'><strong>est</strong></span> <span class='ocrx_word' id='word_1_333' title='bbox 1210 2395 1383 2452; x_wconf 89' lang='lat' dir='ltr'><strong>suetudinem</strong></span> <span class='ocrx_word' id='word_1_334' title='bbox 1398 2411 1451 2452; x_wconf 91' lang='lat' dir='ltr'><strong>nou</strong></span> <span class='ocrx_word' id='word_1_335' title='bbox 1466 2396 1662 2468; x_wconf 89' lang='lat' dir='ltr'><strong>praescriptam</strong></span> <span class='ocrx_word' id='word_1_336' title='bbox 1678 2411 1758 2467; x_wconf 91' lang='lat' dir='ltr'><strong>posse</strong></span> <span class='ocrx_word' id='word_1_337' title='bbox 1774 2395 1906 2452; x_wconf 90' lang='lat' dir='ltr'><strong>iuducere</strong></span> <span class='ocrx_word' id='word_1_338' title='bbox 1920 2397 1972 2462; x_wconf 90' lang='lat' dir='ltr'><strong>ius,</strong></span> <span class='ocrx_word' id='word_1_339' title='bbox 1986 2396 2005 2450; x_wconf 89' lang='lat' dir='ltr'><strong>si</strong></span> 
     </span>
     <span class='ocr_line' id='line_1_24' title="bbox 373 2483 2006 2564; baseline -0.004 -18"><span class='ocrx_word' id='word_1_340' title='bbox 373 2488 439 2564; x_wconf 92' lang='lat' dir='ltr'><strong>quid</strong></span> <span class='ocrx_word' id='word_1_341' title='bbox 454 2489 536 2560; x_wconf 71' lang='lat' dir='ltr'><strong>lacti,</strong></span> <span class='ocrx_word' id='word_1_342' title='bbox 552 2505 619 2562; x_wconf 90' lang='lat' dir='ltr'><strong>ergo</strong></span> <span class='ocrx_word' id='word_1_343' title='bbox 639 2489 702 2545; x_wconf 91' lang='lat' dir='ltr'><strong>licet</strong></span> <span class='ocrx_word' id='word_1_344' title='bbox 715 2504 769 2546; x_wconf 89' lang='lat' dir='ltr'><strong>nou</strong></span> <span class='ocrx_word' id='word_1_345' title='bbox 784 2487 940 2560; x_wconf 88' lang='lat' dir='ltr'><strong>pervenerit</strong></span> <span class='ocrx_word' id='word_1_346' title='bbox 954 2486 986 2543; x_wconf 89' lang='lat' dir='ltr'><strong>ad</strong></span> <span class='ocrx_word' id='word_1_347' title='bbox 1002 2489 1174 2543; x_wconf 89' lang='lat' dir='ltr'><strong>constituen-</strong></span> <span class='ocrx_word' id='word_1_348' title='bbox 1210 2486 1338 2556; x_wconf 91' lang='lat' dir='ltr'><strong>princeps</strong></span> <span class='ocrx_word' id='word_1_349' title='bbox 1360 2483 1432 2540; x_wconf 91' lang='lat' dir='ltr'><strong>illam</strong></span> <span class='ocrx_word' id='word_1_350' title='bbox 1453 2485 1537 2541; x_wconf 89' lang='lat' dir='ltr'><strong>scint:</strong></span> <span class='ocrx_word' id='word_1_351' title='bbox 1560 2492 1667 2556; x_wconf 87' lang='lat' dir='ltr'><strong>tempus</strong></span> <span class='ocrx_word' id='word_1_352' title='bbox 1689 2492 1781 2542; x_wconf 91' lang='lat' dir='ltr'><strong>autem</strong></span> <span class='ocrx_word' id='word_1_353' title='bbox 1801 2487 1861 2542; x_wconf 90' lang='lat' dir='ltr'><strong>aius</strong></span> <span class='ocrx_word' id='word_1_354' title='bbox 1882 2501 1937 2541; x_wconf 90' lang='lat' dir='ltr'><strong>nou</strong></span> <span class='ocrx_word' id='word_1_355' title='bbox 1951 2500 2006 2542; x_wconf 91' lang='lat' dir='ltr'><strong>esse</strong></span> 
     </span>
     <span class='ocr_line' id='line_1_25' title="bbox 373 2572 2008 2649; baseline -0.004 -13"><span class='ocrx_word' id='word_1_356' title='bbox 373 2580 439 2637; x_wconf 91' lang='lat' dir='ltr'><strong>dum</strong></span> <span class='ocrx_word' id='word_1_357' title='bbox 456 2579 514 2647; x_wconf 86' lang='lat' dir='ltr'><strong>ius,</strong></span> <span class='ocrx_word' id='word_1_358' title='bbox 529 2578 611 2635; x_wconf 88' lang='lat' dir='ltr'><strong>babet</strong></span> <span class='ocrx_word' id='word_1_359' title='bbox 624 2579 649 2634; x_wconf 93' lang='lat' dir='ltr'><strong>iu</strong></span> <span class='ocrx_word' id='word_1_360' title='bbox 663 2578 707 2634; x_wconf 91' lang='lat' dir='ltr'><strong>illa</strong></span> <span class='ocrx_word' id='word_1_361' title='bbox 722 2579 814 2636; x_wconf 92' lang='lat' dir='ltr'><strong>locum</strong></span> <span class='ocrx_word' id='word_1_362' title='bbox 831 2578 900 2634; x_wconf 90' lang='lat' dir='ltr'><strong>ratio</strong></span> <span class='ocrx_word' id='word_1_363' title='bbox 915 2576 987 2633; x_wconf 92' lang='lat' dir='ltr'><strong>illius</strong></span> <span class='ocrx_word' id='word_1_364' title='bbox 1002 2576 1080 2649; x_wconf 84' lang='lat' dir='ltr'><strong>legia,</strong></span> <span class='ocrx_word' id='word_1_365' title='bbox 1099 2575 1174 2648; x_wconf 92' lang='lat' dir='ltr'><strong>quod</strong></span> <span class='ocrx_word' id='word_1_366' title='bbox 1212 2572 1354 2645; x_wconf 70' lang='lat' dir='ltr'><strong>idemuac</strong></span> <span class='ocrx_word' id='word_1_367' title='bbox 1368 2572 1507 2630; x_wconf 87' lang='lat' dir='ltr'><strong>delinitum</strong></span> <span class='ocrx_word' id='word_1_368' title='bbox 1523 2590 1573 2646; x_wconf 93' lang='lat' dir='ltr'><strong>pro</strong></span> <span class='ocrx_word' id='word_1_369' title='bbox 1588 2575 1726 2640; x_wconf 86' lang='lat' dir='ltr'><strong>omuibus,</strong></span> <span class='ocrx_word' id='word_1_370' title='bbox 1740 2573 1785 2630; x_wconf 91' lang='lat' dir='ltr'><strong>sed</strong></span> <span class='ocrx_word' id='word_1_371' title='bbox 1799 2575 1952 2646; x_wconf 87' lang='lat' dir='ltr'><strong>prudenter</strong></span> <span class='ocrx_word' id='word_1_372' title='bbox 1965 2574 2008 2630; x_wconf 92' lang='lat' dir='ltr'><strong>de·</strong></span> 
     </span>
     <span class='ocr_line' id='line_1_26' title="bbox 370 2663 2006 2742; baseline -0.003 -18"><span class='ocrx_word' id='word_1_373' title='bbox 370 2671 499 2742; x_wconf 89' lang='lat' dir='ltr'><strong>princeps</strong></span> <span class='ocrx_word' id='word_1_374' title='bbox 517 2667 592 2724; x_wconf 92' lang='lat' dir='ltr'><strong>illam</strong></span> <span class='ocrx_word' id='word_1_375' title='bbox 615 2669 737 2739; x_wconf 86' lang='lat' dir='ltr'><strong>ignorat,</strong></span> <span class='ocrx_word' id='word_1_376' title='bbox 752 2674 779 2723; x_wconf 87' lang='lat' dir='ltr'><strong>et</strong></span> <span class='ocrx_word' id='word_1_377' title='bbox 797 2667 858 2723; x_wconf 92' lang='lat' dir='ltr'><strong>ideo</strong></span> <span class='ocrx_word' id='word_1_378' title='bbox 874 2681 930 2723; x_wconf 88' lang='lat' dir='ltr'><strong>uon</strong></span> <span class='ocrx_word' id='word_1_379' title='bbox 945 2665 1128 2738; x_wconf 87' lang='lat' dir='ltr'><strong>praesumitur</strong></span> <span class='ocrx_word' id='word_1_380' title='bbox 1144 2665 1174 2721; x_wconf 91' lang='lat' dir='ltr'><strong>il·</strong></span> <span class='ocrx_word' id='word_1_381' title='bbox 1210 2663 1409 2720; x_wconf 88' lang='lat' dir='ltr'><strong>terminandum</strong></span> <span class='ocrx_word' id='word_1_382' title='bbox 1430 2679 1491 2720; x_wconf 91' lang='lat' dir='ltr'><strong>esse</strong></span> <span class='ocrx_word' id='word_1_383' title='bbox 1510 2666 1585 2721; x_wconf 82' lang='lat' dir='ltr'><strong>iurata</strong></span> <span class='ocrx_word' id='word_1_384' title='bbox 1604 2663 1811 2721; x_wconf 86' lang='lat' dir='ltr'><strong>consuetudinis</strong></span> <span class='ocrx_word' id='word_1_385' title='bbox 1827 2665 2006 2720; x_wconf 89' lang='lat' dir='ltr'><strong>circumstan·</strong></span> 
     </span>
     <span class='ocr_line' id='line_1_27' title="bbox 370 2752 2006 2834; baseline -0.004 -20"><span class='ocrx_word' id='word_1_386' title='bbox 370 2758 424 2814; x_wconf 92' lang='lat' dir='ltr'><strong>lam</strong></span> <span class='ocrx_word' id='word_1_387' title='bbox 448 2771 590 2814; x_wconf 84' lang='lat' dir='ltr'><strong>revocare.</strong></span> <span class='ocrx_word' id='word_1_388' title='bbox 612 2757 709 2828; x_wconf 83' lang='lat' dir='ltr'><strong>Dices,</strong></span> <span class='ocrx_word' id='word_1_389' title='bbox 728 2755 765 2812; x_wconf 91' lang='lat' dir='ltr'><strong>ibi</strong></span> <span class='ocrx_word' id='word_1_390' title='bbox 790 2755 1021 2812; x_wconf 89' lang='lat' dir='ltr'><strong>cousuetudinem</strong></span> <span class='ocrx_word' id='word_1_391' title='bbox 1043 2753 1173 2826; x_wconf 91' lang='lat' dir='ltr'><strong>appellari</strong></span> <span class='ocrx_word' id='word_1_392' title='bbox 1210 2753 1271 2808; x_wconf 91' lang='lat' dir='ltr'><strong>tias.</strong></span> <span class='ocrx_word' id='word_1_393' title='bbox 1288 2753 1361 2810; x_wconf 90' lang='lat' dir='ltr'><strong>idem</strong></span> <span class='ocrx_word' id='word_1_394' title='bbox 1380 2768 1445 2834; x_wconf 86' lang='lat' dir='ltr'><strong>ergo</strong></span> <span class='ocrx_word' id='word_1_395' title='bbox 1460 2758 1587 2834; x_wconf 70' lang='lat' dir='ltr'><strong>tempus,</strong></span> <span class='ocrx_word' id='word_1_396' title='bbox 1605 2752 1729 2826; x_wconf 86' lang='lat' dir='ltr'><strong>idemque</strong></span> <span class='ocrx_word' id='word_1_397' title='bbox 1744 2752 1879 2810; x_wconf 92' lang='lat' dir='ltr'><strong>iudicium</strong></span> <span class='ocrx_word' id='word_1_398' title='bbox 1894 2752 2006 2809; x_wconf 88' lang='lat' dir='ltr'><strong>dicimus</strong></span> 
     </span>
     <span class='ocr_line' id='line_1_28' title="bbox 363 2841 2005 2920; baseline -0.003 -17"><span class='ocrx_word' id='word_1_399' title='bbox 363 2844 461 2920; x_wconf 81' lang='lat' dir='ltr'><strong>facti,</strong></span> <span class='ocrx_word' id='word_1_400' title='bbox 480 2852 511 2902; x_wconf 94' lang='lat' dir='ltr'><strong>ut</strong></span> <span class='ocrx_word' id='word_1_401' title='bbox 531 2845 706 2916; x_wconf 89' lang='lat' dir='ltr'><strong>distinguitur</strong></span> <span class='ocrx_word' id='word_1_402' title='bbox 720 2860 736 2901; x_wconf 89' lang='lat' dir='ltr'><strong>a</strong></span> <span class='ocrx_word' id='word_1_403' title='bbox 753 2845 812 2902; x_wconf 89' lang='lat' dir='ltr'><strong>iure</strong></span> <span class='ocrx_word' id='word_1_404' title='bbox 826 2845 983 2914; x_wconf 91' lang='lat' dir='ltr'><strong>communi,</strong></span> <span class='ocrx_word' id='word_1_405' title='bbox 999 2846 1073 2901; x_wconf 91' lang='lat' dir='ltr'><strong>sicut</strong></span> <span class='ocrx_word' id='word_1_406' title='bbox 1086 2849 1173 2902; x_wconf 90' lang='lat' dir='ltr'><strong>statu·</strong></span> <span class='ocrx_word' id='word_1_407' title='bbox 1209 2841 1382 2913; x_wconf 88' lang='lat' dir='ltr'><strong>inpraesenti</strong></span> <span class='ocrx_word' id='word_1_408' title='bbox 1395 2841 1577 2900; x_wconf 85' lang='lat' dir='ltr'><strong>suiiicere.Et</strong></span> <span class='ocrx_word' id='word_1_409' title='bbox 1587 2843 1721 2900; x_wconf 86' lang='lat' dir='ltr'><strong>certeboc</strong></span> <span class='ocrx_word' id='word_1_410' title='bbox 1732 2851 1894 2916; x_wconf 90' lang='lat' dir='ltr'><strong>supponunt</strong></span> <span class='ocrx_word' id='word_1_411' title='bbox 1907 2859 2005 2914; x_wconf 88' lang='lat' dir='ltr'><strong>omues,</strong></span> 
     </span>
     <span class='ocr_line' id='line_1_29' title="bbox 370 2928 2007 3007; baseline -0.004 -15"><span class='ocrx_word' id='word_1_412' title='bbox 370 2942 430 2992; x_wconf 88' lang='lat' dir='ltr'><strong>tum</strong></span> <span class='ocrx_word' id='word_1_413' title='bbox 451 2934 554 2991; x_wconf 88' lang='lat' dir='ltr'><strong>dicitur</strong></span> <span class='ocrx_word' id='word_1_414' title='bbox 574 2949 635 2991; x_wconf 86' lang='lat' dir='ltr'><strong>esse</strong></span> <span class='ocrx_word' id='word_1_415' title='bbox 654 2934 736 3003; x_wconf 88' lang='lat' dir='ltr'><strong>iacti,</strong></span> <span class='ocrx_word' id='word_1_416' title='bbox 752 2950 806 2990; x_wconf 89' lang='lat' dir='ltr'><strong>uon</strong></span> <span class='ocrx_word' id='word_1_417' title='bbox 821 2935 884 3007; x_wconf 89' lang='lat' dir='ltr'><strong>quia</strong></span> <span class='ocrx_word' id='word_1_418' title='bbox 898 2928 951 2990; x_wconf 79' lang='lat' dir='ltr'><strong>uo&#39;u</strong></span> <span class='ocrx_word' id='word_1_419' title='bbox 967 2934 1003 2991; x_wconf 98' lang='grc' dir='ltr'><strong>ιιι</strong></span> <span class='ocrx_word' id='word_1_420' title='bbox 1017 2935 1061 2990; x_wconf 91' lang='lat' dir='ltr'><strong>ius</strong></span> <span class='ocrx_word' id='word_1_421' title='bbox 1075 2941 1103 2990; x_wconf 89' lang='lat' dir='ltr'><strong>et</strong></span> <span class='ocrx_word' id='word_1_422' title='bbox 1118 2935 1172 3005; x_wconf 87' lang='lat' dir='ltr'><strong>lex,</strong></span> <span class='ocrx_word' id='word_1_423' title='bbox 1209 2931 1256 3004; x_wconf 93' lang='lat' dir='ltr'><strong>qui</strong></span> <span class='ocrx_word' id='word_1_424' title='bbox 1280 2931 1401 3004; x_wconf 91' lang='lat' dir='ltr'><strong>docent,</strong></span> <span class='ocrx_word' id='word_1_425' title='bbox 1427 2932 1656 2990; x_wconf 89' lang='lat' dir='ltr'><strong>consuetudinem</strong></span> <span class='ocrx_word' id='word_1_426' title='bbox 1671 2948 1811 3006; x_wconf 89' lang='lat' dir='ltr'><strong>nunquam</strong></span> <span class='ocrx_word' id='word_1_427' title='bbox 1834 2932 2007 2990; x_wconf 89' lang='lat' dir='ltr'><strong>introducere</strong></span> 
     </span>
     <span class='ocr_line' id='line_1_30' title="bbox 372 3021 2006 3099; baseline -0.003 -18"><span class='ocrx_word' id='word_1_428' title='bbox 372 3024 420 3083; x_wconf 91' lang='lat' dir='ltr'><strong>sed</strong></span> <span class='ocrx_word' id='word_1_429' title='bbox 435 3025 499 3099; x_wconf 88' lang='lat' dir='ltr'><strong>quia</strong></span> <span class='ocrx_word' id='word_1_430' title='bbox 513 3040 562 3097; x_wconf 91' lang='lat' dir='ltr'><strong>per</strong></span> <span class='ocrx_word' id='word_1_431' title='bbox 577 3023 704 3097; x_wconf 88' lang='lat' dir='ltr'><strong>specialia</strong></span> <span class='ocrx_word' id='word_1_432' title='bbox 718 3023 790 3080; x_wconf 88' lang='lat' dir='ltr'><strong>iacta</strong></span> <span class='ocrx_word' id='word_1_433' title='bbox 804 3024 959 3094; x_wconf 72' lang='lat' dir='ltr'><strong>inducitur,</strong></span> <span class='ocrx_word' id='word_1_434' title='bbox 972 3029 1000 3079; x_wconf 89' lang='grc' dir='ltr'><strong>ιι</strong></span> <span class='ocrx_word' id='word_1_435' title='bbox 1013 3023 1050 3079; x_wconf 86' lang='grc' dir='ltr'><strong>ιιι</strong></span> <span class='ocrx_word' id='word_1_436' title='bbox 1063 3023 1100 3079; x_wconf 82' lang='grc' dir='ltr'><strong>ιιι</strong></span> <span class='ocrx_word' id='word_1_437' title='bbox 1113 3037 1173 3079; x_wconf 88' lang='grc' dir='ltr'>ιιιι</span> <span class='ocrx_word' id='word_1_438' title='bbox 1211 3022 1313 3094; x_wconf 89' lang='lat' dir='ltr'><strong>legem,</strong></span> <span class='ocrx_word' id='word_1_439' title='bbox 1335 3021 1385 3078; x_wconf 91' lang='lat' dir='ltr'><strong>uisi</strong></span> <span class='ocrx_word' id='word_1_440' title='bbox 1407 3023 1509 3079; x_wconf 88' lang='lat' dir='ltr'><strong>sciente</strong></span> <span class='ocrx_word' id='word_1_441' title='bbox 1529 3023 1668 3094; x_wconf 68' lang='lat' dir='ltr'><strong>principe,</strong></span> <span class='ocrx_word' id='word_1_442' title='bbox 1691 3021 1727 3078; x_wconf 92' lang='lat' dir='ltr'><strong>illi</strong></span> <span class='ocrx_word' id='word_1_443' title='bbox 1747 3023 1819 3080; x_wconf 93' lang='lat' dir='ltr'><strong>enim</strong></span> <span class='ocrx_word' id='word_1_444' title='bbox 1843 3037 1944 3095; x_wconf 90' lang='lat' dir='ltr'><strong>negare</strong></span> <span class='ocrx_word' id='word_1_445' title='bbox 1958 3037 2006 3078; x_wconf 90' lang='lat' dir='ltr'><strong>nou</strong></span> 
     </span>
     <span class='ocr_line' id='line_1_31' title="bbox 371 3110 2007 3186; baseline -0.004 -13"><span class='ocrx_word' id='word_1_446' title='bbox 371 3130 525 3174; x_wconf 87' lang='lat' dir='ltr'><strong>sermonem</strong></span> <span class='ocrx_word' id='word_1_447' title='bbox 546 3113 579 3170; x_wconf 92' lang='lat' dir='ltr'><strong>de</strong></span> <span class='ocrx_word' id='word_1_448' title='bbox 600 3113 799 3172; x_wconf 89' lang='lat' dir='ltr'><strong>consuetudine</strong></span> <span class='ocrx_word' id='word_1_449' title='bbox 820 3115 1008 3186; x_wconf 89' lang='lat' dir='ltr'><strong>praescripta,</strong></span> <span class='ocrx_word' id='word_1_450' title='bbox 1023 3113 1089 3185; x_wconf 92' lang='lat' dir='ltr'><strong>quia</strong></span> <span class='ocrx_word' id='word_1_451' title='bbox 1109 3112 1175 3168; x_wconf 93' lang='lat' dir='ltr'><strong>licet</strong></span> <span class='ocrx_word' id='word_1_452' title='bbox 1208 3118 1336 3182; x_wconf 89' lang='lat' dir='ltr'><strong>possunt,</strong></span> <span class='ocrx_word' id='word_1_453' title='bbox 1352 3111 1514 3167; x_wconf 88' lang='lat' dir='ltr'><strong>decisionem</strong></span> <span class='ocrx_word' id='word_1_454' title='bbox 1530 3110 1595 3168; x_wconf 90' lang='lat' dir='ltr'><strong>dieti</strong></span> <span class='ocrx_word' id='word_1_455' title='bbox 1609 3126 1672 3182; x_wconf 90' lang='lat' dir='ltr'><strong>cap.</strong></span> <span class='ocrx_word' id='word_1_456' title='bbox 1688 3115 1712 3170; x_wconf 89' lang='lat' dir='ltr'><strong>l.</strong></span> <span class='ocrx_word' id='word_1_457' title='bbox 1726 3112 1845 3184; x_wconf 89' lang='lat' dir='ltr'><strong>scilicet,</strong></span> <span class='ocrx_word' id='word_1_458' title='bbox 1860 3111 1951 3183; x_wconf 88' lang='lat' dir='ltr'><strong>legem</strong></span> <span class='ocrx_word' id='word_1_459' title='bbox 1966 3127 2007 3182; x_wconf 90' lang='lat' dir='ltr'><strong>ge·</strong></span> 
     </span>
     <span class='ocr_line' id='line_1_32' title="bbox 337 3199 2007 3277; baseline -0.004 -15"><span class='ocrx_word' id='word_1_460' title='bbox 337 3221 341 3228; x_wconf 92' lang='lat'><em>·</em></span> <span class='ocrx_word' id='word_1_461' title='bbox 370 3206 397 3262; x_wconf 94' lang='lat' dir='ltr'><strong>iu</strong></span> <span class='ocrx_word' id='word_1_462' title='bbox 413 3221 466 3261; x_wconf 92' lang='lat' dir='ltr'><strong>uon</strong></span> <span class='ocrx_word' id='word_1_463' title='bbox 482 3201 653 3277; x_wconf 81' lang='lat' dir='ltr'><strong>praescripta</strong></span> <span class='ocrx_word' id='word_1_464' title='bbox 665 3202 796 3276; x_wconf 87' lang='lat' dir='ltr'><strong>procedat</strong></span> <span class='ocrx_word' id='word_1_465' title='bbox 809 3203 909 3260; x_wconf 89' lang='lat' dir='ltr'><strong>eadem·</strong></span> <span class='ocrx_word' id='word_1_466' title='bbox 920 3202 987 3258; x_wconf 89' lang='lat' dir='ltr'><strong>ratio</strong></span> <span class='ocrx_word' id='word_1_467' title='bbox 1002 3200 1093 3275; x_wconf 89' lang='lat' dir='ltr'><strong>quoad</strong></span> <span class='ocrx_word' id='word_1_468' title='bbox 1108 3201 1171 3271; x_wconf 93' lang='lat' dir='ltr'><strong>boc,</strong></span> <span class='ocrx_word' id='word_1_469' title='bbox 1209 3201 1330 3257; x_wconf 87' lang='lat' dir='ltr'><strong>ueralem</strong></span> <span class='ocrx_word' id='word_1_470' title='bbox 1343 3216 1397 3256; x_wconf 93' lang='lat' dir='ltr'><strong>nou</strong></span> <span class='ocrx_word' id='word_1_471' title='bbox 1416 3200 1550 3273; x_wconf 90' lang='lat' dir='ltr'><strong>abrogare</strong></span> <span class='ocrx_word' id='word_1_472' title='bbox 1570 3199 1797 3258; x_wconf 88' lang='lat' dir='ltr'><strong>consuetudinem</strong></span> <span class='ocrx_word' id='word_1_473' title='bbox 1818 3199 2007 3273; x_wconf 90' lang='lat' dir='ltr'><strong>particularem</strong></span> 
     </span>
     <span class='ocr_line' id='line_1_33' title="bbox 371 3290 2007 3366; baseline -0.003 -15"><span class='ocrx_word' id='word_1_474' title='bbox 371 3301 402 3351; x_wconf 92' lang='lat' dir='ltr'><strong>ut</strong></span> <span class='ocrx_word' id='word_1_475' title='bbox 416 3293 534 3366; x_wconf 92' lang='lat' dir='ltr'><strong>ignorari</strong></span> <span class='ocrx_word' id='word_1_476' title='bbox 553 3293 654 3365; x_wconf 89' lang='lat' dir='ltr'><strong>possit,</strong></span> <span class='ocrx_word' id='word_1_477' title='bbox 671 3307 724 3350; x_wconf 92' lang='lat' dir='ltr'><strong>uon</strong></span> <span class='ocrx_word' id='word_1_478' title='bbox 743 3300 834 3349; x_wconf 89' lang='lat' dir='ltr'><strong>tamen</strong></span> <span class='ocrx_word' id='word_1_479' title='bbox 852 3290 943 3366; x_wconf 90' lang='lat' dir='ltr'><strong>quoad</strong></span> <span class='ocrx_word' id='word_1_480' title='bbox 962 3290 1033 3363; x_wconf 90' lang='lat' dir='ltr'><strong>boc,</strong></span> <span class='ocrx_word' id='word_1_481' title='bbox 1050 3298 1082 3347; x_wconf 90' lang='lat' dir='ltr'><strong>ut</strong></span> <span class='ocrx_word' id='word_1_482' title='bbox 1097 3305 1174 3362; x_wconf 92' lang='lat' dir='ltr'><strong>prae·</strong></span> <span class='ocrx_word' id='word_1_483' title='bbox 1196 3291 1361 3362; x_wconf 66' lang='lat' dir='ltr'><strong>&#39;ignoratam</strong></span> <span class='ocrx_word' id='word_1_484' title='bbox 1374 3301 1390 3347; x_wconf 89' lang='lat' dir='ltr'><strong>a</strong></span> <span class='ocrx_word' id='word_1_485' title='bbox 1404 3291 1545 3362; x_wconf 89' lang='lat' dir='ltr'><strong>principe,</strong></span> <span class='ocrx_word' id='word_1_486' title='bbox 1563 3291 1688 3363; x_wconf 80' lang='lat' dir='ltr'><strong>quumvis</strong></span> <span class='ocrx_word' id='word_1_487' title='bbox 1703 3305 1736 3346; x_wconf 84' lang='lat' dir='ltr'><strong>es</strong></span> <span class='ocrx_word' id='word_1_488' title='bbox 1752 3291 1886 3347; x_wconf 86' lang='lat' dir='ltr'><strong>sententia</strong></span> <span class='ocrx_word' id='word_1_489' title='bbox 1903 3290 2007 3348; x_wconf 89' lang='lat' dir='ltr'><strong>illorum</strong></span> 
     </span>
     <span class='ocr_line' id='line_1_34' title="bbox 370 3378 2009 3454; baseline -0.005 -12"><span class='ocrx_word' id='word_1_490' title='bbox 370 3389 496 3443; x_wconf 86' lang='lat' dir='ltr'><strong>sumatur</strong></span> <span class='ocrx_word' id='word_1_491' title='bbox 514 3383 642 3453; x_wconf 89' lang='lat' dir='ltr'><strong>princeps</strong></span> <span class='ocrx_word' id='word_1_492' title='bbox 661 3381 783 3440; x_wconf 89' lang='lat' dir='ltr'><strong>uoluisse</strong></span> <span class='ocrx_word' id='word_1_493' title='bbox 804 3397 854 3438; x_wconf 89' lang='lat' dir='ltr'><strong>sua</strong></span> <span class='ocrx_word' id='word_1_494' title='bbox 868 3379 928 3454; x_wconf 92' lang='lat' dir='ltr'><strong>lege</strong></span> <span class='ocrx_word' id='word_1_495' title='bbox 943 3380 1063 3454; x_wconf 90' lang='lat' dir='ltr'><strong>obligare</strong></span> <span class='ocrx_word' id='word_1_496' title='bbox 1078 3387 1174 3436; x_wconf 87' lang='lat' dir='ltr'><strong>contra</strong></span> <span class='ocrx_word' id='word_1_497' title='bbox 1209 3378 1330 3438; x_wconf 87' lang='lat' dir='ltr'><strong>nondum</strong></span> <span class='ocrx_word' id='word_1_498' title='bbox 1351 3378 1438 3452; x_wconf 87' lang='lat' dir='ltr'><strong>legem</strong></span> <span class='ocrx_word' id='word_1_499' title='bbox 1457 3379 1666 3436; x_wconf 82' lang='lat' dir='ltr'><strong>introduxisset.</strong></span> <span class='ocrx_word' id='word_1_500' title='bbox 1684 3379 1804 3452; x_wconf 77' lang='lat' dir='ltr'><strong>lienique</strong></span> <span class='ocrx_word' id='word_1_501' title='bbox 1825 3397 1878 3436; x_wconf 91' lang='lat' dir='ltr'><strong>usu</strong></span> <span class='ocrx_word' id='word_1_502' title='bbox 1904 3380 2009 3437; x_wconf 85' lang='lat' dir='ltr'><strong>videtur</strong></span> 
     </span>
     <span class='ocr_line' id='line_1_35' title="bbox 370 3468 2009 3543; baseline -0.001 -15"><span class='ocrx_word' id='word_1_503' title='bbox 370 3471 452 3528; x_wconf 90' lang='lat' dir='ltr'><strong>talem</strong></span> <span class='ocrx_word' id='word_1_504' title='bbox 467 3469 696 3528; x_wconf 87' lang='lat' dir='ltr'><strong>consuetudinem</strong></span> <span class='ocrx_word' id='word_1_505' title='bbox 716 3470 887 3541; x_wconf 86' lang='lat' dir='ltr'><strong>inchoatam,</strong></span> <span class='ocrx_word' id='word_1_506' title='bbox 903 3472 969 3543; x_wconf 93' lang='lat' dir='ltr'><strong>quia</strong></span> <span class='ocrx_word' id='word_1_507' title='bbox 983 3485 1048 3526; x_wconf 92' lang='lat' dir='ltr'><strong>cum</strong></span> <span class='ocrx_word' id='word_1_508' title='bbox 1064 3485 1118 3525; x_wconf 94' lang='lat' dir='ltr'><strong>uou</strong></span> <span class='ocrx_word' id='word_1_509' title='bbox 1134 3469 1174 3525; x_wconf 92' lang='lat' dir='ltr'><strong>in·</strong></span> <span class='ocrx_word' id='word_1_510' title='bbox 1207 3483 1268 3526; x_wconf 89' lang='lat' dir='ltr'><strong>esse</strong></span> <span class='ocrx_word' id='word_1_511' title='bbox 1282 3476 1436 3543; x_wconf 89' lang='lat' dir='ltr'><strong>receptum,</strong></span> <span class='ocrx_word' id='word_1_512' title='bbox 1447 3476 1479 3526; x_wconf 90' lang='lat' dir='ltr'><strong>ut</strong></span> <span class='ocrx_word' id='word_1_513' title='bbox 1492 3471 1517 3525; x_wconf 91' lang='lat' dir='ltr'><strong>iu</strong></span> <span class='ocrx_word' id='word_1_514' title='bbox 1531 3468 1700 3526; x_wconf 81' lang='lat' dir='ltr'><strong>defendenda</strong></span> <span class='ocrx_word' id='word_1_515' title='bbox 1713 3468 1878 3542; x_wconf 90' lang='lat' dir='ltr'><strong>particulari</strong></span> <span class='ocrx_word' id='word_1_516' title='bbox 1894 3485 2009 3526; x_wconf 87' lang='lat' dir='ltr'><strong>cousue-</strong></span> 
     </span>
     <span class='ocr_line' id='line_1_36' title="bbox 371 3557 2010 3633; baseline -0.003 -15"><span class='ocrx_word' id='word_1_517' title='bbox 371 3561 481 3619; x_wconf 84' lang='lat' dir='ltr'><strong>duserit</strong></span> <span class='ocrx_word' id='word_1_518' title='bbox 494 3563 553 3633; x_wconf 89' lang='lat' dir='ltr'><strong>ius,</strong></span> <span class='ocrx_word' id='word_1_519' title='bbox 566 3577 620 3617; x_wconf 90' lang='lat' dir='ltr'><strong>uon</strong></span> <span class='ocrx_word' id='word_1_520' title='bbox 635 3560 737 3633; x_wconf 91' lang='lat' dir='ltr'><strong>indiget</strong></span> <span class='ocrx_word' id='word_1_521' title='bbox 749 3559 940 3633; x_wconf 87' lang='lat' dir='ltr'><strong>derogatione,</strong></span> <span class='ocrx_word' id='word_1_522' title='bbox 957 3559 1030 3616; x_wconf 89' lang='lat' dir='ltr'><strong>sicut</strong></span> <span class='ocrx_word' id='word_1_523' title='bbox 1046 3558 1107 3616; x_wconf 88' lang='lat' dir='ltr'><strong>alia.</strong></span> <span class='ocrx_word' id='word_1_524' title='bbox 1119 3557 1174 3615; x_wconf 90' lang='lat' dir='ltr'><strong>Sed</strong></span> <span class='ocrx_word' id='word_1_525' title='bbox 1210 3557 1304 3615; x_wconf 86' lang='lat' dir='ltr'><strong>tudine</strong></span> <span class='ocrx_word' id='word_1_526' title='bbox 1324 3564 1422 3616; x_wconf 90' lang='lat' dir='ltr'><strong>contra</strong></span> <span class='ocrx_word' id='word_1_527' title='bbox 1443 3558 1595 3632; x_wconf 88' lang='lat' dir='ltr'><strong>generalem</strong></span> <span class='ocrx_word' id='word_1_528' title='bbox 1615 3557 1714 3630; x_wconf 89' lang='lat' dir='ltr'><strong>legem,</strong></span> <span class='ocrx_word' id='word_1_529' title='bbox 1731 3574 1785 3614; x_wconf 92' lang='lat' dir='ltr'><strong>nou</strong></span> <span class='ocrx_word' id='word_1_530' title='bbox 1807 3560 1934 3631; x_wconf 84' lang='lat' dir='ltr'><strong>rigorose</strong></span> <span class='ocrx_word' id='word_1_531' title='bbox 1954 3573 2010 3629; x_wconf 90' lang='lat' dir='ltr'><strong>spc-</strong></span> 
     </span>
    </p>
   </div>
   <div class='ocr_carea' id='block_1_7' title="bbox 301 3646 2114 3811">
    <p class='ocr_par' dir='ltr' id='par_1_9' title="bbox 301 3646 2114 3811">
     <span class='ocr_line' id='line_1_37' title="bbox 301 3646 2114 3726; baseline -0.001 -19"><span class='ocrx_word' id='word_1_532' title='bbox 301 3709 305 3715; x_wconf 73' lang='grc'><strong><em>,</em></strong></span> <span class='ocrx_word' id='word_1_533' title='bbox 371 3656 479 3719; x_wconf 90' lang='lat' dir='ltr'><strong>eontra,</strong></span> <span class='ocrx_word' id='word_1_534' title='bbox 495 3652 559 3722; x_wconf 89' lang='lat' dir='ltr'><strong>quia</strong></span> <span class='ocrx_word' id='word_1_535' title='bbox 573 3649 687 3726; x_wconf 88' lang='lat' dir='ltr'><strong>esto,iu</strong></span> <span class='ocrx_word' id='word_1_536' title='bbox 701 3649 755 3706; x_wconf 91' lang='lat' dir='ltr'><strong>boc</strong></span> <span class='ocrx_word' id='word_1_537' title='bbox 767 3651 802 3706; x_wconf 89' lang='lat' dir='ltr'><strong>sit</strong></span> <span class='ocrx_word' id='word_1_538' title='bbox 815 3647 1021 3717; x_wconf 83' lang='lat' dir='ltr'><strong>diversitas,ex</strong></span> <span class='ocrx_word' id='word_1_539' title='bbox 1033 3647 1083 3704; x_wconf 86' lang='lat' dir='ltr'><strong>alia</strong></span> <span class='ocrx_word' id='word_1_540' title='bbox 1098 3653 1174 3719; x_wconf 91' lang='lat' dir='ltr'><strong>parte</strong></span> <span class='ocrx_word' id='word_1_541' title='bbox 1208 3653 1312 3718; x_wconf 83' lang='lat' dir='ltr'><strong>cietur,</strong></span> <span class='ocrx_word' id='word_1_542' title='bbox 1326 3653 1374 3704; x_wconf 90' lang='lat' dir='ltr'><strong>aut</strong></span> <span class='ocrx_word' id='word_1_543' title='bbox 1386 3648 1520 3721; x_wconf 90' lang='lat' dir='ltr'><strong>allegetur</strong></span> <span class='ocrx_word' id='word_1_544' title='bbox 1534 3655 1642 3720; x_wconf 91' lang='lat' dir='ltr'><strong>tempus</strong></span> <span class='ocrx_word' id='word_1_545' title='bbox 1654 3647 1763 3720; x_wconf 89' lang='lat' dir='ltr'><strong>longum</strong></span> <span class='ocrx_word' id='word_1_546' title='bbox 1775 3649 1965 3706; x_wconf 87' lang='lat' dir='ltr'><strong>necessarium</strong></span> <span class='ocrx_word' id='word_1_547' title='bbox 1978 3646 2008 3703; x_wconf 90' lang='lat' dir='ltr'><strong>ad</strong></span> <span class='ocrx_word' id='word_1_548' title='bbox 2113 3669 2114 3706; x_wconf 67' lang='grc' dir='ltr'><strong>ι</strong></span> 
     </span>
     <span class='ocr_line' id='line_1_38' title="bbox 371 3731 2114 3811; baseline -0.002 -17"><span class='ocrx_word' id='word_1_549' title='bbox 371 3744 415 3794; x_wconf 90' lang='grc' dir='ltr'><strong>ιιι</strong></span> <span class='ocrx_word' id='word_1_550' title='bbox 429 3753 528 3810; x_wconf 89' lang='lat' dir='ltr'><strong>magua</strong></span> <span class='ocrx_word' id='word_1_551' title='bbox 541 3737 690 3794; x_wconf 91' lang='lat' dir='ltr'><strong>similitudo</strong></span> <span class='ocrx_word' id='word_1_552' title='bbox 704 3737 816 3793; x_wconf 89' lang='lat' dir='ltr'><strong>rationis</strong></span> <span class='ocrx_word' id='word_1_553' title='bbox 831 3737 856 3792; x_wconf 92' lang='lat' dir='ltr'><strong>ia</strong></span> <span class='ocrx_word' id='word_1_554' title='bbox 871 3736 935 3808; x_wconf 88' lang='lat' dir='ltr'><strong>boc,</strong></span> <span class='ocrx_word' id='word_1_555' title='bbox 951 3736 1025 3810; x_wconf 92' lang='lat' dir='ltr'><strong>qaod</strong></span> <span class='ocrx_word' id='word_1_556' title='bbox 1045 3739 1174 3809; x_wconf 90' lang='lat' dir='ltr'><strong>princeps</strong></span> <span class='ocrx_word' id='word_1_557' title='bbox 1208 3737 1519 3811; x_wconf 87' lang='lat' dir='ltr'><strong>praescriptionem,sed</strong></span> <span class='ocrx_word' id='word_1_558' title='bbox 1530 3743 1636 3794; x_wconf 91' lang='lat' dir='ltr'><strong>tanturn</strong></span> <span class='ocrx_word' id='word_1_559' title='bbox 1647 3737 1777 3794; x_wconf 88' lang='lat' dir='ltr'><strong>honestas</strong></span> <span class='ocrx_word' id='word_1_560' title='bbox 1790 3736 2006 3806; x_wconf 87' lang='lat' dir='ltr'><strong>consuetudinis,</strong></span> <span class='ocrx_word' id='word_1_561' title='bbox 2113 3731 2114 3738; x_wconf 75' lang='grc'>’</span> 
     </span>
    </p>
   </div>
   <div class='ocr_carea' id='block_1_8' title="bbox 371 3824 2013 5067">
    <p class='ocr_par' dir='ltr' id='par_1_10' title="bbox 371 3824 2013 5067">
     <span class='ocr_line' id='line_1_39' title="bbox 371 3824 1990 3900; baseline 0 -18"><span class='ocrx_word' id='word_1_562' title='bbox 371 3841 426 3882; x_wconf 93' lang='lat' dir='ltr'><strong>nou</strong></span> <span class='ocrx_word' id='word_1_563' title='bbox 438 3827 625 3898; x_wconf 85' lang='lat' dir='ltr'><strong>praesumitur</strong></span> <span class='ocrx_word' id='word_1_564' title='bbox 637 3825 704 3882; x_wconf 86' lang='lat' dir='ltr'><strong>aelle</strong></span> <span class='ocrx_word' id='word_1_565' title='bbox 715 3824 940 3896; x_wconf 87' lang='lat' dir='ltr'><strong>ierrelegenruou</strong></span> <span class='ocrx_word' id='word_1_566' title='bbox 953 3840 1103 3882; x_wconf 89' lang='lat' dir='ltr'><strong>consonam</strong></span> <span class='ocrx_word' id='word_1_567' title='bbox 1115 3841 1176 3882; x_wconf 87' lang='lat' dir='ltr'><strong>mo·</strong></span> <span class='ocrx_word' id='word_1_568' title='bbox 1208 3826 1323 3900; x_wconf 76' lang='lat' dir='ltr'><strong>etquod</strong></span> <span class='ocrx_word' id='word_1_569' title='bbox 1340 3825 1440 3883; x_wconf 91' lang='lat' dir='ltr'><strong>indicio</strong></span> <span class='ocrx_word' id='word_1_570' title='bbox 1454 3826 1623 3897; x_wconf 91' lang='lat' dir='ltr'><strong>prudentum</strong></span> <span class='ocrx_word' id='word_1_571' title='bbox 1637 3824 1806 3883; x_wconf 84' lang='lat' dir='ltr'><strong>sufficienter</strong></span> <span class='ocrx_word' id='word_1_572' title='bbox 1821 3827 1933 3885; x_wconf 85' lang='lat' dir='ltr'><strong>firmata</strong></span> <span class='ocrx_word' id='word_1_573' title='bbox 1948 3830 1990 3883; x_wconf 89' lang='grc' dir='ltr'>ιιι.</span> 
     </span>
     <span class='ocr_line' id='line_1_40' title="bbox 371 3914 2009 3988; baseline -0.001 -16"><span class='ocrx_word' id='word_1_574' title='bbox 371 3915 449 3972; x_wconf 84' lang='grc' dir='ltr'>ιιιιιιι</span> <span class='ocrx_word' id='word_1_575' title='bbox 469 3917 613 3971; x_wconf 84' lang='grc' dir='ltr'>ιιιιιιιιιιιι.</span> <span class='ocrx_word' id='word_1_576' title='bbox 629 3915 705 3981; x_wconf 85' lang='lat' dir='ltr'><strong>Quae</strong></span> <span class='ocrx_word' id='word_1_577' title='bbox 723 3915 793 3971; x_wconf 88' lang='lat' dir='ltr'><strong>ratio</strong></span> <span class='ocrx_word' id='word_1_578' title='bbox 812 3914 912 3970; x_wconf 89' lang='lat' dir='ltr'><strong>babere</strong></span> <span class='ocrx_word' id='word_1_579' title='bbox 931 3920 1023 3985; x_wconf 91' lang='lat' dir='ltr'><strong>potest</strong></span> <span class='ocrx_word' id='word_1_580' title='bbox 1040 3915 1134 3971; x_wconf 91' lang='lat' dir='ltr'><strong>locum</strong></span> <span class='ocrx_word' id='word_1_581' title='bbox 1147 3917 1174 3972; x_wconf 90' lang='lat' dir='ltr'><strong>iu</strong></span> <span class='ocrx_word' id='word_1_582' title='bbox 1250 3921 1294 3974; x_wconf 81' lang='grc' dir='ltr'><strong>ιι.</strong></span> <span class='ocrx_word' id='word_1_583' title='bbox 1310 3915 1434 3973; x_wconf 83' lang='lat' dir='ltr'><strong>Dubitari</strong></span> <span class='ocrx_word' id='word_1_584' title='bbox 1452 3918 1534 3973; x_wconf 89' lang='lat' dir='ltr'><strong>eliam</strong></span> <span class='ocrx_word' id='word_1_585' title='bbox 1548 3921 1640 3988; x_wconf 89' lang='lat' dir='ltr'><strong>potest</strong></span> <span class='ocrx_word' id='word_1_586' title='bbox 1653 3918 1728 3972; x_wconf 86' lang='lat' dir='ltr'><strong>circa</strong></span> <span class='ocrx_word' id='word_1_587' title='bbox 1743 3916 1957 3988; x_wconf 86' lang='lat' dir='ltr'><strong>praecedentem</strong></span> <span class='ocrx_word' id='word_1_588' title='bbox 1971 3931 2009 3972; x_wconf 89' lang='lat' dir='ltr'><strong>re·</strong></span> 
     </span>
     <span class='ocr_line' id='line_1_41' title="bbox 372 4001 2011 4084; baseline 0.001 -26"><span class='ocrx_word' id='word_1_589' title='bbox 372 4001 571 4059; x_wconf 88' lang='lat' dir='ltr'><strong>cousuetudine</strong></span> <span class='ocrx_word' id='word_1_590' title='bbox 590 4002 673 4084; x_wconf 27' lang='lat' dir='ltr'><strong>valde·</strong></span> <span class='ocrx_word' id='word_1_591' title='bbox 687 4002 823 4074; x_wconf 90' lang='lat' dir='ltr'><strong>radicata,</strong></span> <span class='ocrx_word' id='word_1_592' title='bbox 844 4009 871 4060; x_wconf 92' lang='lat' dir='ltr'><strong>et</strong></span> <span class='ocrx_word' id='word_1_593' title='bbox 892 4003 1054 4075; x_wconf 85' lang='lat' dir='ltr'><strong>observata,</strong></span> <span class='ocrx_word' id='word_1_594' title='bbox 1069 4004 1175 4061; x_wconf 90' lang='lat' dir='ltr'><strong>etiamsi</strong></span> <span class='ocrx_word' id='word_1_595' title='bbox 1208 4005 1318 4079; x_wconf 88' lang='lat' dir='ltr'><strong>galam,</strong></span> <span class='ocrx_word' id='word_1_596' title='bbox 1341 4011 1436 4062; x_wconf 89' lang='lat' dir='ltr'><strong>utrum</strong></span> <span class='ocrx_word' id='word_1_597' title='bbox 1457 4004 1614 4077; x_wconf 86' lang='lat' dir='ltr'><strong>perlegam</strong></span> <span class='ocrx_word' id='word_1_598' title='bbox 1635 4005 1829 4079; x_wconf 87' lang='lat' dir='ltr'><strong>particularem</strong></span> <span class='ocrx_word' id='word_1_599' title='bbox 1852 4006 2011 4079; x_wconf 88' lang='lat' dir='ltr'><strong>simpliciter</strong></span> 
     </span>
     <span class='ocr_line' id='line_1_42' title="bbox 372 4091 2007 4170; baseline 0.002 -23"><span class='ocrx_word' id='word_1_600' title='bbox 372 4091 494 4148; x_wconf 85' lang='lat' dir='ltr'><strong>noudum</strong></span> <span class='ocrx_word' id='word_1_601' title='bbox 517 4093 687 4164; x_wconf 88' lang='lat' dir='ltr'><strong>praescripta</strong></span> <span class='ocrx_word' id='word_1_602' title='bbox 707 4094 750 4149; x_wconf 89' lang='lat' dir='ltr'><strong>sit.</strong></span> <span class='ocrx_word' id='word_1_603' title='bbox 770 4093 805 4148; x_wconf 87' lang='lat' dir='ltr'><strong>Et</strong></span> <span class='ocrx_word' id='word_1_604' title='bbox 825 4093 1004 4150; x_wconf 83' lang='lat' dir='ltr'><strong>confirmatur</strong></span> <span class='ocrx_word' id='word_1_605' title='bbox 1024 4109 1057 4151; x_wconf 83' lang='lat' dir='ltr'><strong>es</strong></span> <span class='ocrx_word' id='word_1_606' title='bbox 1079 4095 1174 4166; x_wconf 87' lang='lat' dir='ltr'><strong>regula</strong></span> <span class='ocrx_word' id='word_1_607' title='bbox 1208 4097 1291 4154; x_wconf 91' lang='lat' dir='ltr'><strong>latam</strong></span> <span class='ocrx_word' id='word_1_608' title='bbox 1306 4111 1321 4153; x_wconf 98' lang='lat' dir='ltr'><strong>a</strong></span> <span class='ocrx_word' id='word_1_609' title='bbox 1336 4099 1423 4168; x_wconf 89' lang='lat' dir='ltr'><strong>Papa,</strong></span> <span class='ocrx_word' id='word_1_610' title='bbox 1439 4097 1482 4152; x_wconf 81' lang='lat' dir='ltr'><strong>ael</strong></span> <span class='ocrx_word' id='word_1_611' title='bbox 1497 4095 1530 4152; x_wconf 91' lang='lat' dir='ltr'><strong>ab</strong></span> <span class='ocrx_word' id='word_1_612' title='bbox 1544 4096 1597 4153; x_wconf 90' lang='lat' dir='ltr'><strong>alio</strong></span> <span class='ocrx_word' id='word_1_613' title='bbox 1617 4095 1695 4154; x_wconf 88' lang='lat' dir='ltr'><strong>simili</strong></span> <span class='ocrx_word' id='word_1_614' title='bbox 1709 4095 1856 4153; x_wconf 85' lang='lat' dir='ltr'><strong>universali</strong></span> <span class='ocrx_word' id='word_1_615' title='bbox 1875 4098 2007 4170; x_wconf 80' lang='lat' dir='ltr'><strong>principe,</strong></span> 
     </span>
     <span class='ocr_line' id='line_1_43' title="bbox 373 4180 2009 4259; baseline 0.004 -23"><span class='ocrx_word' id='word_1_616' title='bbox 373 4180 457 4250; x_wconf 90' lang='lat' dir='ltr'><strong>iuris,</strong></span> <span class='ocrx_word' id='word_1_617' title='bbox 479 4181 554 4254; x_wconf 92' lang='lat' dir='ltr'><strong>quod</strong></span> <span class='ocrx_word' id='word_1_618' title='bbox 574 4182 713 4252; x_wconf 89' lang='lat' dir='ltr'><strong>dispositio</strong></span> <span class='ocrx_word' id='word_1_619' title='bbox 734 4181 867 4254; x_wconf 88' lang='lat' dir='ltr'><strong>generalis</strong></span> <span class='ocrx_word' id='word_1_620' title='bbox 889 4199 941 4239; x_wconf 91' lang='lat' dir='ltr'><strong>uon</strong></span> <span class='ocrx_word' id='word_1_621' title='bbox 965 4183 1175 4254; x_wconf 88' lang='lat' dir='ltr'><strong>comprehendit</strong></span> <span class='ocrx_word' id='word_1_622' title='bbox 1209 4201 1260 4259; x_wconf 92' lang='lat' dir='ltr'><strong>pro</strong></span> <span class='ocrx_word' id='word_1_623' title='bbox 1276 4193 1355 4243; x_wconf 90' lang='lat' dir='ltr'><strong>certo</strong></span> <span class='ocrx_word' id='word_1_624' title='bbox 1371 4185 1443 4259; x_wconf 89' lang='lat' dir='ltr'><strong>loco,</strong></span> <span class='ocrx_word' id='word_1_625' title='bbox 1458 4185 1635 4257; x_wconf 87' lang='lat' dir='ltr'><strong>episcopatu,</strong></span> <span class='ocrx_word' id='word_1_626' title='bbox 1651 4193 1707 4243; x_wconf 89' lang='lat' dir='ltr'><strong>etc.</strong></span> <span class='ocrx_word' id='word_1_627' title='bbox 1723 4186 1874 4258; x_wconf 84' lang='lat' dir='ltr'><strong>derogetur</strong></span> <span class='ocrx_word' id='word_1_628' title='bbox 1891 4188 2009 4259; x_wconf 82' lang='lat' dir='ltr'><strong>partica·</strong></span> 
     </span>
     <span class='ocr_line' id='line_1_44' title="bbox 373 4269 2008 4346; baseline 0.001 -20"><span class='ocrx_word' id='word_1_629' title='bbox 373 4269 516 4345; x_wconf 87' lang='lat' dir='ltr'><strong>specialia,</strong></span> <span class='ocrx_word' id='word_1_630' title='bbox 533 4288 603 4344; x_wconf 88' lang='lat' dir='ltr'><strong>quae</strong></span> <span class='ocrx_word' id='word_1_631' title='bbox 625 4270 762 4346; x_wconf 91' lang='lat' dir='ltr'><strong>legislator</strong></span> <span class='ocrx_word' id='word_1_632' title='bbox 782 4273 966 4331; x_wconf 80' lang='lat' dir='ltr'><strong>verisimiliter</strong></span> <span class='ocrx_word' id='word_1_633' title='bbox 981 4289 1036 4330; x_wconf 91' lang='lat' dir='ltr'><strong>uon</strong></span> <span class='ocrx_word' id='word_1_634' title='bbox 1054 4273 1175 4331; x_wconf 89' lang='lat' dir='ltr'><strong>intende·</strong></span> <span class='ocrx_word' id='word_1_635' title='bbox 1209 4275 1259 4332; x_wconf 89' lang='lat' dir='ltr'><strong>lari</strong></span> <span class='ocrx_word' id='word_1_636' title='bbox 1281 4273 1474 4332; x_wconf 90' lang='lat' dir='ltr'><strong>consuetudini</strong></span> <span class='ocrx_word' id='word_1_637' title='bbox 1492 4276 1646 4331; x_wconf 88' lang='lat' dir='ltr'><strong>contrariae</strong></span> <span class='ocrx_word' id='word_1_638' title='bbox 1664 4274 1789 4332; x_wconf 84' lang='lat' dir='ltr'><strong>ciusdem</strong></span> <span class='ocrx_word' id='word_1_639' title='bbox 1808 4275 1872 4333; x_wconf 92' lang='lat' dir='ltr'><strong>loci.</strong></span> <span class='ocrx_word' id='word_1_640' title='bbox 1890 4277 1926 4333; x_wconf 88' lang='grc' dir='ltr'><strong>Ει</strong></span> <span class='ocrx_word' id='word_1_641' title='bbox 1944 4276 2008 4332; x_wconf 90' lang='lat' dir='ltr'><strong>ratio</strong></span> 
     </span>
     <span class='ocr_line' id='line_1_45' title="bbox 372 4361 2010 4439; baseline 0.001 -22"><span class='ocrx_word' id='word_1_642' title='bbox 372 4366 431 4433; x_wconf 87' lang='lat' dir='ltr'><strong>ret,</strong></span> <span class='ocrx_word' id='word_1_643' title='bbox 446 4361 468 4415; x_wconf 91' lang='lat' dir='ltr'><strong>si</strong></span> <span class='ocrx_word' id='word_1_644' title='bbox 482 4376 579 4417; x_wconf 86' lang='lat' dir='ltr'><strong>eorrrm</strong></span> <span class='ocrx_word' id='word_1_645' title='bbox 598 4363 719 4419; x_wconf 86' lang='lat' dir='ltr'><strong>notitiam</strong></span> <span class='ocrx_word' id='word_1_646' title='bbox 734 4362 861 4436; x_wconf 70' lang='lat' dir='ltr'><strong>haberet,</strong></span> <span class='ocrx_word' id='word_1_647' title='bbox 879 4363 924 4420; x_wconf 90' lang='lat' dir='ltr'><strong>sed</strong></span> <span class='ocrx_word' id='word_1_648' title='bbox 941 4363 1087 4436; x_wconf 87' lang='lat' dir='ltr'><strong>specialem</strong></span> <span class='ocrx_word' id='word_1_649' title='bbox 1103 4362 1173 4420; x_wconf 89' lang='lat' dir='ltr'><strong>diiii·</strong></span> <span class='ocrx_word' id='word_1_650' title='bbox 1208 4365 1351 4423; x_wconf 92' lang='lat' dir='ltr'><strong>dubitaudi</strong></span> <span class='ocrx_word' id='word_1_651' title='bbox 1364 4371 1418 4439; x_wconf 86' lang='lat' dir='ltr'><strong>est,</strong></span> <span class='ocrx_word' id='word_1_652' title='bbox 1431 4366 1495 4438; x_wconf 90' lang='lat' dir='ltr'><strong>quia</strong></span> <span class='ocrx_word' id='word_1_653' title='bbox 1511 4365 1554 4422; x_wconf 83' lang='lat' dir='ltr'><strong>lea</strong></span> <span class='ocrx_word' id='word_1_654' title='bbox 1568 4363 1683 4438; x_wconf 87' lang='lat' dir='ltr'><strong>derogat</strong></span> <span class='ocrx_word' id='word_1_655' title='bbox 1696 4363 1891 4422; x_wconf 90' lang='lat' dir='ltr'><strong>consuetudini</strong></span> <span class='ocrx_word' id='word_1_656' title='bbox 1904 4370 2010 4422; x_wconf 85' lang='lat' dir='ltr'><strong>eutece-</strong></span> 
     </span>
     <span class='ocr_line' id='line_1_46' title="bbox 373 4445 2009 4534; baseline 0.001 -27"><span class='ocrx_word' id='word_1_657' title='bbox 373 4445 506 4507; x_wconf 82' lang='lat' dir='ltr'><strong>cultat&#39;em</strong></span> <span class='ocrx_word' id='word_1_658' title='bbox 525 4450 724 4534; x_wconf 60' lang='lat' dir='ltr'><strong>babet‘eogere</strong></span> <span class='ocrx_word' id='word_1_659' title='bbox 739 4450 862 4508; x_wconf 90' lang='lat' dir='ltr'><strong>subditos</strong></span> <span class='ocrx_word' id='word_1_660' title='bbox 881 4450 916 4508; x_wconf 92' lang='lat' dir='ltr'><strong>ad</strong></span> <span class='ocrx_word' id='word_1_661' title='bbox 930 4451 1087 4509; x_wconf 87' lang='lat' dir='ltr'><strong>mutandam</strong></span> <span class='ocrx_word' id='word_1_662' title='bbox 1101 4453 1175 4508; x_wconf 84' lang='lat' dir='ltr'><strong>simi·</strong></span> <span class='ocrx_word' id='word_1_663' title='bbox 1209 4455 1295 4525; x_wconf 85' lang='lat' dir='ltr'><strong>denti,</strong></span> <span class='ocrx_word' id='word_1_664' title='bbox 1311 4455 1333 4512; x_wconf 90' lang='grc' dir='ltr'><strong>ιι</strong></span> <span class='ocrx_word' id='word_1_665' title='bbox 1347 4454 1516 4529; x_wconf 89' lang='lat' dir='ltr'><strong>adaequate,</strong></span> <span class='ocrx_word' id='word_1_666' title='bbox 1531 4461 1563 4511; x_wconf 89' lang='lat' dir='ltr'><strong>ut</strong></span> <span class='ocrx_word' id='word_1_667' title='bbox 1579 4454 1617 4511; x_wconf 89' lang='lat' dir='ltr'><strong>sic</strong></span> <span class='ocrx_word' id='word_1_668' title='bbox 1633 4455 1739 4528; x_wconf 89' lang='lat' dir='ltr'><strong>dicam,</strong></span> <span class='ocrx_word' id='word_1_669' title='bbox 1755 4462 1971 4527; x_wconf 86' lang='lat' dir='ltr'><strong>comparentur,</strong></span> <span class='ocrx_word' id='word_1_670' title='bbox 1984 4451 2009 4509; x_wconf 93' lang='lat' dir='ltr'><strong>id</strong></span> 
     </span>
     <span class='ocr_line' id='line_1_47' title="bbox 373 4539 2010 4618; baseline -0.001 -19"><span class='ocrx_word' id='word_1_671' title='bbox 373 4542 426 4599; x_wconf 93' lang='lat' dir='ltr'><strong>lem</strong></span> <span class='ocrx_word' id='word_1_672' title='bbox 445 4541 686 4614; x_wconf 89' lang='lat' dir='ltr'><strong>cousuetudinem,</strong></span> <span class='ocrx_word' id='word_1_673' title='bbox 706 4557 776 4615; x_wconf 89' lang='lat' dir='ltr'><strong>quaa</strong></span> <span class='ocrx_word' id='word_1_674' title='bbox 795 4539 913 4599; x_wconf 89' lang='lat' dir='ltr'><strong>multum</strong></span> <span class='ocrx_word' id='word_1_675' title='bbox 928 4543 1058 4599; x_wconf 73' lang='lat' dir='ltr'><strong>movisset</strong></span> <span class='ocrx_word' id='word_1_676' title='bbox 1074 4543 1173 4614; x_wconf 91' lang='lat' dir='ltr'><strong>princi·</strong></span> <span class='ocrx_word' id='word_1_677' title='bbox 1207 4552 1251 4604; x_wconf 92' lang='lat' dir='ltr'><strong>est</strong></span> <span class='ocrx_word' id='word_1_678' title='bbox 1268 4543 1311 4602; x_wconf 82' lang='lat' dir='ltr'><strong>lea</strong></span> <span class='ocrx_word' id='word_1_679' title='bbox 1331 4545 1466 4618; x_wconf 86' lang='lat' dir='ltr'><strong>generalis</strong></span> <span class='ocrx_word' id='word_1_680' title='bbox 1488 4541 1520 4602; x_wconf 91' lang='lat' dir='ltr'><strong>ad</strong></span> <span class='ocrx_word' id='word_1_681' title='bbox 1541 4543 1766 4602; x_wconf 89' lang='lat' dir='ltr'><strong>cousuetudinem</strong></span> <span class='ocrx_word' id='word_1_682' title='bbox 1788 4545 1963 4618; x_wconf 87' lang='lat' dir='ltr'><strong>generalem,</strong></span> <span class='ocrx_word' id='word_1_683' title='bbox 1984 4549 2010 4600; x_wconf 92' lang='grc' dir='ltr'><strong>ιι</strong></span> 
     </span>
     <span class='ocr_line' id='line_1_48' title="bbox 372 4631 2011 4708; baseline 0.001 -20"><span class='ocrx_word' id='word_1_684' title='bbox 372 4647 451 4705; x_wconf 90' lang='lat' dir='ltr'><strong>pem,</strong></span> <span class='ocrx_word' id='word_1_685' title='bbox 467 4631 488 4688; x_wconf 91' lang='lat' dir='ltr'><strong>si</strong></span> <span class='ocrx_word' id='word_1_686' title='bbox 504 4631 575 4688; x_wconf 91' lang='lat' dir='ltr'><strong>illam</strong></span> <span class='ocrx_word' id='word_1_687' title='bbox 589 4633 728 4700; x_wconf 72' lang='lat' dir='ltr'><strong>scivisset,</strong></span> <span class='ocrx_word' id='word_1_688' title='bbox 743 4647 809 4705; x_wconf 89' lang='lat' dir='ltr'><strong>erga</strong></span> <span class='ocrx_word' id='word_1_689' title='bbox 823 4649 878 4688; x_wconf 93' lang='lat' dir='ltr'><strong>nou</strong></span> <span class='ocrx_word' id='word_1_690' title='bbox 893 4639 935 4688; x_wconf 90' lang='grc' dir='ltr'><strong>ιιι</strong></span> <span class='ocrx_word' id='word_1_691' title='bbox 948 4632 1109 4706; x_wconf 87' lang='lat' dir='ltr'><strong>verisimile,</strong></span> <span class='ocrx_word' id='word_1_692' title='bbox 1125 4648 1173 4689; x_wconf 81' lang='lat' dir='ltr'><strong>ro·</strong></span> <span class='ocrx_word' id='word_1_693' title='bbox 1208 4633 1384 4708; x_wconf 89' lang='lat' dir='ltr'><strong>particularis</strong></span> <span class='ocrx_word' id='word_1_694' title='bbox 1398 4634 1432 4691; x_wconf 91' lang='lat' dir='ltr'><strong>ad</strong></span> <span class='ocrx_word' id='word_1_695' title='bbox 1453 4634 1669 4707; x_wconf 77' lang='lat' dir='ltr'><strong>particularem3</strong></span> <span class='ocrx_word' id='word_1_696' title='bbox 1685 4641 1715 4692; x_wconf 88' lang='lat' dir='ltr'><strong>ut</strong></span> <span class='ocrx_word' id='word_1_697' title='bbox 1728 4635 1761 4692; x_wconf 91' lang='lat' dir='ltr'><strong>de</strong></span> <span class='ocrx_word' id='word_1_698' title='bbox 1782 4636 1867 4708; x_wconf 91' lang='lat' dir='ltr'><strong>priori</strong></span> <span class='ocrx_word' id='word_1_699' title='bbox 1885 4641 1961 4708; x_wconf 88' lang='lat' dir='ltr'><strong>parte</strong></span> <span class='ocrx_word' id='word_1_700' title='bbox 1975 4633 2011 4690; x_wconf 83' lang='lat' dir='ltr'><strong>di·</strong></span> 
     </span>
     <span class='ocr_line' id='line_1_49' title="bbox 373 4721 2011 4796; baseline -0.001 -17"><span class='ocrx_word' id='word_1_701' title='bbox 373 4721 457 4779; x_wconf 91' lang='lat' dir='ltr'><strong>luisse</strong></span> <span class='ocrx_word' id='word_1_702' title='bbox 472 4721 592 4794; x_wconf 88' lang='lat' dir='ltr'><strong>obligare</strong></span> <span class='ocrx_word' id='word_1_703' title='bbox 606 4731 702 4780; x_wconf 90' lang='lat' dir='ltr'><strong>contra</strong></span> <span class='ocrx_word' id='word_1_704' title='bbox 715 4722 797 4779; x_wconf 90' lang='lat' dir='ltr'><strong>talem</strong></span> <span class='ocrx_word' id='word_1_705' title='bbox 811 4721 1062 4779; x_wconf 65' lang='lat' dir='ltr'><strong>cousuetudinem:</strong></span> <span class='ocrx_word' id='word_1_706' title='bbox 1210 4727 1300 4783; x_wconf 82' lang='lat' dir='ltr'><strong>rimus</strong></span> <span class='ocrx_word' id='word_1_707' title='bbox 1312 4725 1338 4781; x_wconf 92' lang='lat' dir='ltr'><strong>iu</strong></span> <span class='ocrx_word' id='word_1_708' title='bbox 1352 4723 1434 4796; x_wconf 89' lang='lat' dir='ltr'><strong>priori</strong></span> <span class='ocrx_word' id='word_1_709' title='bbox 1449 4722 1555 4796; x_wconf 89' lang='lat' dir='ltr'><strong>regula,</strong></span> <span class='ocrx_word' id='word_1_710' title='bbox 1568 4730 1597 4779; x_wconf 90' lang='lat' dir='ltr'><strong>et</strong></span> <span class='ocrx_word' id='word_1_711' title='bbox 1611 4723 1643 4778; x_wconf 95' lang='lat' dir='ltr'><strong>de</strong></span> <span class='ocrx_word' id='word_1_712' title='bbox 1655 4724 1796 4794; x_wconf 88' lang='lat' dir='ltr'><strong>posteriori</strong></span> <span class='ocrx_word' id='word_1_713' title='bbox 1807 4729 1887 4794; x_wconf 89' lang='lat' dir='ltr'><strong>parte</strong></span> <span class='ocrx_word' id='word_1_714' title='bbox 1904 4723 2011 4779; x_wconf 80' lang='lat' dir='ltr'><strong>ridetur</strong></span> 
     </span>
     <span class='ocr_line' id='line_1_50' title="bbox 417 4807 2013 4885; baseline -0.002 -16"><span class='ocrx_word' id='word_1_715' title='bbox 417 4817 461 4870; x_wconf 89' lang='grc' dir='ltr'><strong>ιι.</strong></span> <span class='ocrx_word' id='word_1_716' title='bbox 478 4812 659 4878; x_wconf 82' lang='lat' dir='ltr'><strong>Quamobrem</strong></span> <span class='ocrx_word' id='word_1_717' title='bbox 674 4807 848 4885; x_wconf 83' lang='lat' dir='ltr'><strong>probabiliter</strong></span> <span class='ocrx_word' id='word_1_718' title='bbox 861 4827 1039 4883; x_wconf 68' lang='lat' dir='ltr'><strong>consequen</strong></span> <span class='ocrx_word' id='word_1_719' title='bbox 1053 4827 1114 4870; x_wconf 86' lang='lat' dir='ltr'><strong>esse</strong></span> <span class='ocrx_word' id='word_1_720' title='bbox 1129 4826 1172 4869; x_wconf 89' lang='lat' dir='ltr'><strong>re·</strong></span> <span class='ocrx_word' id='word_1_721' title='bbox 1208 4829 1269 4871; x_wconf 90' lang='lat' dir='ltr'><strong>esse</strong></span> <span class='ocrx_word' id='word_1_722' title='bbox 1282 4815 1377 4871; x_wconf 89' lang='lat' dir='ltr'><strong>eadem</strong></span> <span class='ocrx_word' id='word_1_723' title='bbox 1392 4813 1471 4871; x_wconf 88' lang='lat' dir='ltr'><strong>ratio.</strong></span> <span class='ocrx_word' id='word_1_724' title='bbox 1482 4810 1558 4870; x_wconf 88' lang='lat' dir='ltr'><strong>Unde</strong></span> <span class='ocrx_word' id='word_1_725' title='bbox 1572 4810 1653 4868; x_wconf 91' lang='lat' dir='ltr'><strong>etiam</strong></span> <span class='ocrx_word' id='word_1_726' title='bbox 1668 4811 1703 4867; x_wconf 92' lang='lat' dir='ltr'><strong>ibi</strong></span> <span class='ocrx_word' id='word_1_727' title='bbox 1718 4811 1848 4883; x_wconf 81' lang='lat' dir='ltr'><strong>diximus,</strong></span> <span class='ocrx_word' id='word_1_728' title='bbox 1864 4829 1915 4885; x_wconf 91' lang='lat' dir='ltr'><strong>per</strong></span> <span class='ocrx_word' id='word_1_729' title='bbox 1930 4817 2013 4868; x_wconf 90' lang='lat' dir='ltr'><strong>statu-</strong></span> 
     </span>
     <span class='ocr_line' id='line_1_51' title="bbox 373 4896 2011 4980; baseline 0 -24"><span class='ocrx_word' id='word_1_730' title='bbox 373 4896 558 4974; x_wconf 80' lang='lat' dir='ltr'><strong>string&#39;eudam</strong></span> <span class='ocrx_word' id='word_1_731' title='bbox 577 4902 699 4974; x_wconf 90' lang='lat' dir='ltr'><strong>regulam</strong></span> <span class='ocrx_word' id='word_1_732' title='bbox 711 4902 784 4959; x_wconf 91' lang='lat' dir='ltr'><strong>illius</strong></span> <span class='ocrx_word' id='word_1_733' title='bbox 796 4908 888 4980; x_wconf 80' lang='lat' dir='ltr'><strong>textus</strong></span> <span class='ocrx_word' id='word_1_734' title='bbox 900 4901 932 4958; x_wconf 95' lang='lat' dir='ltr'><strong>ad</strong></span> <span class='ocrx_word' id='word_1_735' title='bbox 946 4901 1171 4958; x_wconf 88' lang='lat' dir='ltr'><strong>cousuetudinem</strong></span> <span class='ocrx_word' id='word_1_736' title='bbox 1209 4910 1269 4961; x_wconf 91' lang='lat' dir='ltr'><strong>tum</strong></span> <span class='ocrx_word' id='word_1_737' title='bbox 1284 4902 1337 4960; x_wconf 92' lang='lat' dir='ltr'><strong>loci</strong></span> <span class='ocrx_word' id='word_1_738' title='bbox 1352 4902 1438 4960; x_wconf 89' lang='lat' dir='ltr'><strong>latum</strong></span> <span class='ocrx_word' id='word_1_739' title='bbox 1454 4918 1470 4958; x_wconf 90' lang='lat' dir='ltr'><strong>a</strong></span> <span class='ocrx_word' id='word_1_740' title='bbox 1484 4901 1680 4958; x_wconf 88' lang='lat' dir='ltr'><strong>communitate</strong></span> <span class='ocrx_word' id='word_1_741' title='bbox 1694 4901 1817 4958; x_wconf 90' lang='lat' dir='ltr'><strong>eiusdem</strong></span> <span class='ocrx_word' id='word_1_742' title='bbox 1829 4901 1883 4958; x_wconf 92' lang='lat' dir='ltr'><strong>loci</strong></span> <span class='ocrx_word' id='word_1_743' title='bbox 1899 4902 2011 4959; x_wconf 86' lang='lat' dir='ltr'><strong>habente</strong></span> 
     </span>
     <span class='ocr_line' id='line_1_52' title="bbox 372 4988 2013 5067; baseline 0.001 -20"><span class='ocrx_word' id='word_1_744' title='bbox 372 4993 584 5065; x_wconf 88' lang='lat' dir='ltr'><strong>praescriptam,</strong></span> <span class='ocrx_word' id='word_1_745' title='bbox 609 4990 656 5047; x_wconf 88' lang='lat' dir='ltr'><strong>sed</strong></span> <span class='ocrx_word' id='word_1_746' title='bbox 678 4991 878 5066; x_wconf 89' lang='lat' dir='ltr'><strong>intelligendam</strong></span> <span class='ocrx_word' id='word_1_747' title='bbox 900 4989 1008 5048; x_wconf 85' lang='lat' dir='ltr'><strong>esseda</strong></span> <span class='ocrx_word' id='word_1_748' title='bbox 1023 4999 1171 5048; x_wconf 79' lang='lat' dir='ltr'><strong>conseretu·</strong></span> <span class='ocrx_word' id='word_1_749' title='bbox 1208 4998 1372 5067; x_wconf 89' lang='lat' dir='ltr'><strong>potestatem</strong></span> <span class='ocrx_word' id='word_1_750' title='bbox 1393 4988 1548 5063; x_wconf 88' lang='lat' dir='ltr'><strong>statuendi,</strong></span> <span class='ocrx_word' id='word_1_751' title='bbox 1566 4990 1690 5047; x_wconf 83' lang='lat' dir='ltr'><strong>revocari</strong></span> <span class='ocrx_word' id='word_1_752' title='bbox 1706 4991 1840 5062; x_wconf 86' lang='lat' dir='ltr'><strong>privatam</strong></span> <span class='ocrx_word' id='word_1_753' title='bbox 1861 5000 2013 5048; x_wconf 90' lang='lat' dir='ltr'><strong>consuetu·</strong></span> 
     </span>
    </p>
   </div>
   <div class='ocr_carea' id='block_1_9' title="bbox 372 5075 2114 5252">
    <p class='ocr_par' dir='ltr' id='par_1_11' title="bbox 372 5075 2114 5252">
     <span class='ocr_line' id='line_1_53' title="bbox 373 5075 2114 5154; baseline -0.002 -16"><span class='ocrx_word' id='word_1_754' title='bbox 373 5081 435 5138; x_wconf 89' lang='lat' dir='ltr'><strong>diue</strong></span> <span class='ocrx_word' id='word_1_755' title='bbox 458 5081 624 5153; x_wconf 89' lang='lat' dir='ltr'><strong>rationabili,</strong></span> <span class='ocrx_word' id='word_1_756' title='bbox 639 5087 668 5138; x_wconf 88' lang='grc' dir='ltr'><strong>ιι</strong></span> <span class='ocrx_word' id='word_1_757' title='bbox 687 5080 816 5154; x_wconf 87' lang='lat' dir='ltr'><strong>honesta,</strong></span> <span class='ocrx_word' id='word_1_758' title='bbox 839 5087 868 5136; x_wconf 91' lang='lat' dir='ltr'><strong>et</strong></span> <span class='ocrx_word' id='word_1_759' title='bbox 882 5087 937 5137; x_wconf 89' lang='lat' dir='ltr'><strong>tam</strong></span> <span class='ocrx_word' id='word_1_760' title='bbox 953 5081 1064 5153; x_wconf 89' lang='lat' dir='ltr'><strong>publico</strong></span> <span class='ocrx_word' id='word_1_761' title='bbox 1078 5098 1132 5138; x_wconf 90' lang='lat' dir='ltr'><strong>usu</strong></span> <span class='ocrx_word' id='word_1_762' title='bbox 1146 5087 1173 5138; x_wconf 88' lang='grc' dir='ltr'><strong>ιι</strong></span> <span class='ocrx_word' id='word_1_763' title='bbox 1208 5083 1314 5154; x_wconf 87' lang='lat' dir='ltr'><strong>diuam,</strong></span> <span class='ocrx_word' id='word_1_764' title='bbox 1331 5083 1396 5140; x_wconf 90' lang='lat' dir='ltr'><strong>licet</strong></span> <span class='ocrx_word' id='word_1_765' title='bbox 1413 5083 1484 5139; x_wconf 91' lang='lat' dir='ltr'><strong>illius</strong></span> <span class='ocrx_word' id='word_1_766' title='bbox 1504 5095 1559 5137; x_wconf 93' lang='lat' dir='ltr'><strong>uou</strong></span> <span class='ocrx_word' id='word_1_767' title='bbox 1580 5079 1625 5136; x_wconf 86' lang='lat' dir='ltr'><strong>liat</strong></span> <span class='ocrx_word' id='word_1_768' title='bbox 1643 5080 1758 5151; x_wconf 85' lang='lat' dir='ltr'><strong>meutio;</strong></span> <span class='ocrx_word' id='word_1_769' title='bbox 1781 5094 1847 5153; x_wconf 88' lang='lat' dir='ltr'><strong>ergo</strong></span> <span class='ocrx_word' id='word_1_770' title='bbox 1869 5095 1886 5136; x_wconf 94' lang='lat' dir='ltr'><strong>a</strong></span> <span class='ocrx_word' id='word_1_771' title='bbox 1907 5080 2013 5138; x_wconf 80' lang='lat' dir='ltr'><strong>fortiori</strong></span> <span class='ocrx_word' id='word_1_772' title='bbox 2113 5075 2114 5152; x_wconf 75' lang='lat' dir='ltr'><strong>l</strong></span> 
     </span>
     <span class='ocr_line' id='line_1_54' title="bbox 372 5168 2114 5252; baseline -0.001 -24"><span class='ocrx_word' id='word_1_773' title='bbox 372 5177 446 5252; x_wconf 25' lang='lat' dir='ltr'><strong>tan-to</strong></span> <span class='ocrx_word' id='word_1_774' title='bbox 461 5175 582 5244; x_wconf 89' lang='lat' dir='ltr'><strong>tempora</strong></span> <span class='ocrx_word' id='word_1_775' title='bbox 595 5169 719 5242; x_wconf 84' lang='lat' dir='ltr'><strong>firmata,</strong></span> <span class='ocrx_word' id='word_1_776' title='bbox 735 5168 812 5244; x_wconf 92' lang='lat' dir='ltr'><strong>quod</strong></span> <span class='ocrx_word' id='word_1_777' title='bbox 826 5169 967 5227; x_wconf 85' lang='lat' dir='ltr'><strong>sufficeret</strong></span> <span class='ocrx_word' id='word_1_778' title='bbox 981 5170 1014 5227; x_wconf 94' lang='lat' dir='ltr'><strong>ad</strong></span> <span class='ocrx_word' id='word_1_779' title='bbox 1029 5170 1114 5244; x_wconf 88' lang='lat' dir='ltr'><strong>legem</strong></span> <span class='ocrx_word' id='word_1_780' title='bbox 1131 5173 1170 5227; x_wconf 94' lang='lat' dir='ltr'><strong>iu·</strong></span> <span class='ocrx_word' id='word_1_781' title='bbox 1209 5171 1280 5230; x_wconf 90' lang='lat' dir='ltr'><strong>idern</strong></span> <span class='ocrx_word' id='word_1_782' title='bbox 1292 5170 1438 5229; x_wconf 88' lang='lat' dir='ltr'><strong>dicendum</strong></span> <span class='ocrx_word' id='word_1_783' title='bbox 1452 5177 1506 5242; x_wconf 90' lang='lat' dir='ltr'><strong>cst,</strong></span> <span class='ocrx_word' id='word_1_784' title='bbox 1517 5169 1539 5227; x_wconf 91' lang='lat' dir='ltr'><strong>si</strong></span> <span class='ocrx_word' id='word_1_785' title='bbox 1555 5175 1690 5226; x_wconf 86' lang='lat' dir='ltr'><strong>statutum</strong></span> <span class='ocrx_word' id='word_1_786' title='bbox 1704 5171 1776 5227; x_wconf 84' lang='lat' dir='ltr'><strong>tiata</strong></span> <span class='ocrx_word' id='word_1_787' title='bbox 1789 5169 1920 5242; x_wconf 89' lang='lat' dir='ltr'><strong>principe</strong></span> <span class='ocrx_word' id='word_1_788' title='bbox 1935 5187 2014 5242; x_wconf 87' lang='lat' dir='ltr'><strong>supe·</strong></span> <span class='ocrx_word' id='word_1_789' title='bbox 2113 5181 2114 5190; x_wconf 64' lang='lat'><em>²</em></span> 
     </span>
    </p>
   </div>
   <div class='ocr_carea' id='block_1_10' title="bbox 373 5259 1748 5335">
    <p class='ocr_par' dir='ltr' id='par_1_12' title="bbox 373 5259 1748 5335">
     <span class='ocr_line' id='line_1_55' title="bbox 373 5259 1748 5335; baseline -0.001 -19"><span class='ocrx_word' id='word_1_790' title='bbox 373 5260 586 5333; x_wconf 86' lang='lat' dir='ltr'><strong>traducendam,</strong></span> <span class='ocrx_word' id='word_1_791' title='bbox 601 5262 622 5317; x_wconf 90' lang='lat' dir='ltr'><strong>si</strong></span> <span class='ocrx_word' id='word_1_792' title='bbox 635 5261 762 5334; x_wconf 87' lang='lat' dir='ltr'><strong>princeps</strong></span> <span class='ocrx_word' id='word_1_793' title='bbox 777 5259 849 5318; x_wconf 87' lang='lat' dir='ltr'><strong>illam</strong></span> <span class='ocrx_word' id='word_1_794' title='bbox 864 5261 961 5331; x_wconf 89' lang='lat' dir='ltr'><strong>sciret,</strong></span> <span class='ocrx_word' id='word_1_795' title='bbox 974 5275 1006 5318; x_wconf 92' lang='lat' dir='ltr'><strong>eo</strong></span> <span class='ocrx_word' id='word_1_796' title='bbox 1019 5261 1093 5334; x_wconf 91' lang='lat' dir='ltr'><strong>quod</strong></span> <span class='ocrx_word' id='word_1_797' title='bbox 1104 5277 1170 5334; x_wconf 90' lang='lat' dir='ltr'><strong>pru·</strong></span> <span class='ocrx_word' id='word_1_798' title='bbox 1212 5264 1296 5335; x_wconf 89' lang='lat' dir='ltr'><strong>riore,</strong></span> <span class='ocrx_word' id='word_1_799' title='bbox 1314 5277 1380 5319; x_wconf 87' lang='lat' dir='ltr'><strong>cum</strong></span> <span class='ocrx_word' id='word_1_800' title='bbox 1394 5261 1481 5318; x_wconf 91' lang='lat' dir='ltr'><strong>maior</strong></span> <span class='ocrx_word' id='word_1_801' title='bbox 1495 5259 1531 5315; x_wconf 89' lang='lat' dir='ltr'><strong>sit</strong></span> <span class='ocrx_word' id='word_1_802' title='bbox 1543 5259 1602 5317; x_wconf 86' lang='lat' dir='ltr'><strong>eius</strong></span> <span class='ocrx_word' id='word_1_803' title='bbox 1618 5266 1748 5332; x_wconf 88' lang='lat' dir='ltr'><strong>potestas.</strong></span> 
     </span>
    </p>
   </div>
   <div class='ocr_carea' id='block_1_11' title="bbox 0 0 2158 6228">
    <p class='ocr_par' dir='ltr' id='par_1_13' title="bbox 0 0 2158 6228">
     <span class='ocr_line' id='line_1_56' title="bbox 0 0 2158 6228; baseline 0 0"><span class='ocrx_word' id='word_1_804' title='bbox 0 0 2158 6228; x_wconf 95' lang='lat' dir='ltr'><strong> </strong></span> 
     </span>
    </p>
   </div>
  </div>
 </body>
</html>
