4278 6242
1076 369 1239 430 xnmnvu

635 505 775 576 CAPUT
792 474 835 574 ΙΙΙ,
1160 505 1297 578 dicemus,
1307 521 1357 563 neo
1369 506 1442 562 tiltra
1455 505 1547 564 dictos
1561 504 1657 562 modos
1670 508 1839 563 extensionis
1860 506 1971 565 videtur

1161 595 1232 652 alius
1246 596 1381 667 possibilis
1396 611 1446 668 per
1460 598 1694 668 comparationem
1711 595 1743 652 ad
1762 597 1856 669 verba,
1868 598 1911 655 vel
1926 614 1971 654 ra·

1094 714 1125 768 q,
1161 686 1261 742 tionem
1275 686 1341 758 legis
1355 728 1363 758 ,
1379 701 1450 758 quae
1464 693 1507 742 εει
1520 686 1602 742 veluti
1619 686 1752 742 terminus
1768 701 1783 742 a
1797 702 1853 760 quo
1871 703 1971 758 prooe-

329 717 459 791 Quaado
479 721 506 772 et
525 715 669 789 quomodo
690 716 800 775 lrabeat
820 715 918 773 iocum
937 717 1072 772 extensio
1700 779 1705 788 ι

1161 777 1202 833 dit
1222 778 1355 833 extensio.
1373 778 1467 833 Potest
1487 784 1580 834 autem
1601 784 1724 832 extensio
1743 777 1797 832 fieri
1817 778 1851 833 ad
1876 793 1971 848 perso·

348 804 462 880 lepidus
475 807 620 864 laumaois
632 822 687 880 per
700 822 806 864 eurum
820 809 1105 882 interpretationem.

1162 882 1227 936 nas,
1242 866 1276 923 ad
1297 883 1355 938 res,
1372 883 1422 924 seu
1436 882 1530 938 casus,
1547 866 1579 922 ad
1595 866 1667 938 loce,
1682 866 1724 923 vel
1739 865 1772 923 ad
1788 871 1922 938 tempora,
1943 876 1970 922 et

1051 981 1058 996 ·
1163 958 1200 1013 ita
1219 972 1253 1013 ex
1275 963 1349 1028 parte
1362 951 1476 1013 ‘termini
1497 957 1531 1012 nd
1552 973 1646 1028 quem,
1670 963 1700 1012 ut
1718 956 1755 1012 ita
1774 955 1877 1027 dicam,
1907 973 1971 1029 pos·

1162 1055 1227 1104 sunt
1240 1047 1323 1106 etiarn
1338 1049 1509 1104 extensiones
1524 1045 1709 1118 multiplicari.

327 1187 352 1237 l.
366 1185 516 1236 Declaratur
534 1186 718 1250 interpretatio
735 1186 809 1249 legis.
822 1213 857 1223 —
870 1185 896 1236 2.
910 1185 1072 1249 thadruplex
1085 1197 1129 1237 ει·Ι
1203 1141 1229 1193 3¹
1247 1137 1312 1192 ΜΟ
1332 1151 1398 1210 “3⁰
1424 1138 1527 1208 primm
1554 1136 1648 1193 ΟΜ,
1669 1136 1710 1192 ¹⁰⁸
1727 1152 1781 1240 ⁰,⁰⁰
1799 1135 1904 1204 ⁰di⁰⁵⁰’
1922 1152 1971 1208 per

363 1257 445 1306 mus„
462 1256 537 1317 legis.
548 1283 583 1292 ,,
596 1257 622 1306 3.
637 1258 773 1320 Qxxousque
786 1257 820 1306 s„
833 1255 992 1306 effidem,
1006 1257 1045 1304 q„
1058 1254 1128 1305 odio
1163 1240 1192 1280 se
1211 1223 1364 1298 loquendo,
1385 1225 1554 1282 extendenda
1568 1232 1610 1282 est
1623 1225 1656 1282 ad
1673 1241 1780 1297 omnia,
1797 1241 1868 1298 quae
1887 1227 1972 1283 verba

359 1337 440 1376 sa-
452 1327 479 1376 l.
494 1327 544 1376 Lex
557 1325 706 1377 invocabitis
718 1327 749 1376 ad
763 1339 861 1376 omnem
875 1326 1057 1389 proprietatem
1071 1337 1128 1373 ver·
1163 1315 1188 1369 io
1206 1315 1403 1386 significatione
1419 1317 1527 1388 propria
1540 1331 1572 1372 ao
1584 1314 1702 1372 naturali
1715 1315 1968 1386 comprehendunt,

359 1396 450 1445 b⁰i¹¹l¹¹
468 1395 637 1446 extendenda.
651 1423 682 1432 -
692 1396 718 1446 5·
733 1397 855 1447 Extensio
873 1401 913 1444 0⁵1
931 1393 1088 1444 ³d¹1liii⁰sst¹³
1101 1395 1128 1442 1¹¹
1163 1419 1217 1460 non
1232 1420 1297 1460 vero
1312 1405 1385 1460 ultra
1400 1405 1455 1474 illa,
1472 1406 1521 1460 nisi
1536 1404 1589 1461 alin
1603 1404 1729 1476 specialis
1744 1407 1814 1461 ratio
1829 1405 1855 1461 id
1878 1407 1970 1477 requi·

358 1465 629 1598 ffigffefffiffl'r'
644 1464 1129 1601 ἓιῖῗζξξὲἐῐῖθῖξἰὲῗῐῖ·γ“θῖ,ξόῃιῖἓέιιζ
1164 1501 1214 1550 rat.
1231 1495 1360 1566 Exempla
1380 1501 1462 1566 sunt,
1480 1495 1502 1549 si
1517 1494 1558 1550 lex
1573 1492 1703 1567 loquatur
1716 1492 1749 1550 tle
1764 1495 1834 1562 filiis,
1852 1501 1883 1550 ut
1903 1492 1970 1550 filias

358 1605 520 1667 naturalem,
534 1617 611 1670 quam
622 1605 736 1656 civilem.
1162 1584 1244 1640 etiam
1268 1583 1498 1655 comprehendat,
1519 1585 1583 1657 quia
1597 1582 1642 1639 illa
1656 1597 1708 1640 rox
1723 1584 1748 1639 io
1774 1585 1970 1656 significatione

1163 1673 1272 1744 propria
1293 1675 1449 1730 communis
1469 1679 1526 1744 est,
1550 1689 1602 1728 non
1626 1688 1688 1729 tero
1710 1674 1747 1729 ita
1763 1672 1972 1745 comprehendit

371 1766 395 1821 l.
411 1765 490 1837 Legis
510 1765 714 1834 interpretatio,
741 1765 764 1819 si
788 1761 910 1835 praecise
926 1778 958 1818 ac
973 1761 1127 1820 seeundum
1162 1769 1275 1835 nepotes
1300 1779 1333 1820 ex
1357 1763 1381 1818 vi
1405 1763 1623 1836 significationis,
1651 1763 1702 1819 nisi
1717 1763 1768 1820 alia
1783 1766 1851 1820 ratio
1875 1770 1969 1835 cegat.

324 1856 403 1914 vocis
426 1856 544 1929 rigorem
559 1861 703 1925 sumatur,
718 1854 808 1910 solum
822 1854 947 1911 constitit
960 1854 986 1910 in
1004 1853 1128 1910 declara·
1162 1853 1198 1908 Et
1217 1851 1278 1910 ideo
1298 1852 1351 1910 dixi
1368 1869 1425 1927 per
1449 1869 1479 1909 sa
1502 1850 1663 1924 loquendus
1689 1867 1751 1909 nam
1772 1868 1806 1910 ex
1836 1852 1971 1909 accidenti

325 1947 398 2004 tione
415 1951 442 2002 et
455 1943 629 2016 intelligentia
643 1945 746 2016 proprii
760 1950 803 2016 et,
819 1951 851 2000 ut
865 1947 905 2001 sie
919 1943 1020 2011 dicam,
1034 1945 1129 2000 imme·
1163 1949 1279 2014 possunt
1297 1943 1379 1999 verba
1398 1945 1469 1999 intra
1484 1942 1555 1998 illem
1571 1941 1795 2014 significationem
1820 1942 1969 2010 coarctari,

324 2035 390 2094 disti
412 2051 510 2094 sensus
525 2034 609 2106 ipsius
625 2034 710 2108 legis,
725 2034 847 2092 sistendo
863 2041 969 2091 tantum
985 2033 1010 2090 in
1028 2035 1127 2091 usitata
1163 2039 1194 2089 ut
1208 2033 1230 2089 si
1246 2048 1279 2089 ex
1294 2034 1383 2105 ampla
1405 2033 1595 2106 intelligentia,
1610 2032 1692 2089 etiam
1708 2031 1904 2104 propriissime,
1927 2047 1970 2087 se·

324 2132 354 2181 et
369 2125 482 2197 propria
495 2123 690 2197 significatione
704 2122 862 2193 verborum,
878 2130 907 2179 et
919 2123 943 2178 in
960 2138 1042 2178 sensu
1059 2122 1126 2195 legis
1162 2130 1264 2196 quatur
1278 2122 1388 2195 aliquod
1403 2121 1570 2193 absurdum,
1586 2121 1628 2177 rel
1643 2121 1782 2178 eorrectio
1797 2121 1908 2177 alterius
1931 2120 1971 2176 le-

324 2214 425 2271 exiliis
442 2216 481 2269 sie
496 2213 641 2270 intellectis
655 2213 822 2286 resultante,
835 2220 864 2270 et
877 2213 948 2269 liano
965 2214 1126 2283 interpreta-
1161 2213 1201 2285 gis
1216 2255 1223 2284 ,
1249 2212 1292 2269 sel
1311 2213 1412 2285 aliquid
1426 2212 1528 2284 simile,
1550 2217 1581 2269 ut
1595 2213 1621 2268 in
1635 2214 1724 2284 eapite
1738 2210 1862 2283 sequenti
1883 2211 1972 2281 expli·

323 2308 426 2362 tionem
446 2304 555 2361 ridetur
574 2319 688 2360 vocasse
708 2303 902 2364 declarativam
916 2303 1043 2359 Bartolus
1064 2304 1089 2358 in
1106 2303 1123 2358 Ι.
1161 2304 1297 2359 cabimus.
1314 2303 1358 2358 Sic
1378 2318 1445 2374 ergo
1466 2301 1601 2373 explicato
1620 2303 1735 2357 assertio
1750 2301 1903 2357 communis
1928 2305 1972 2355 est

324 2411 425 2451 omues
435 2391 548 2468 populi,
567 2393 594 2449 d.
611 2393 645 2450 de
660 2393 745 2450 instit.
760 2400 789 2449 et
800 2395 871 2463 iure,
884 2411 912 2466 q.
928 2397 954 2472 ti.
973 2393 1125 2464 principali,
1160 2395 1187 2449 in
1202 2408 1264 2464 cap.
1284 2399 1307 2450 l.
1324 2392 1357 2448 de
1371 2392 1482 2448 constit.
1499 2391 1545 2448 ubi
1559 2391 1626 2447 bene
1641 2390 1739 2447 [lacius
1752 2390 1816 2445 lect.
1833 2393 1858 2460 l,
1872 2405 1900 2444 n.
1918 2392 1969 2461 23,

256 2483 257 2488 ’
323 2491 353 2541 ει
371 2485 406 2542 de
426 2483 471 2539 illa
491 2489 592 2540 tractat
610 2483 636 2538 in
652 2483 825 2555 quaestione.
844 2487 871 2555 33
887 2481 964 2538 nobis
983 2498 1047 2538 vero
1063 2482 1127 2537 nihil
1160 2489 1189 2539 et
1203 2482 1355 2558 sequentib.
1373 2480 1522 2536 Panormil.
1539 2497 1567 2535 n.
1584 2483 1629 2550 ll,
1643 2486 1671 2535 et
1685 2480 1805 2534 sumitur
1822 2493 1855 2533 ex
1873 2476 1970 2534 Glossa

324 2575 358 2632 de
382 2574 426 2631 illa
449 2573 596 2630 dicendum
618 2580 761 2645 superest,
784 2578 895 2646 praeter
907 2572 979 2628 dicta
994 2573 1020 2628 in
1037 2573 1127 2642 capita
1161 2572 1189 2627 in
1205 2572 1222 2627 l.
1236 2588 1296 2627 nou
1309 2570 1480 2644 possumill.
1493 2569 1802 2641 delegib.ini1ne.Prior
1815 2582 1883 2639 ergo
1901 2581 1970 2636 pars

324 2665 509 2738 praecedenti.
527 2663 584 2720 illio
604 2677 671 2736 ergo
693 2663 774 2719 modo
795 2663 912 2720 sumitur
927 2663 1125 2733 interpretatio,
1162 2661 1304 2719 aiiirmans
1318 2661 1476 2733 patet,quia
1488 2659 1563 2716 nulla
1579 2661 1644 2716 tuine
1658 2665 1701 2714 est
1716 2659 1784 2714 ratio
1805 2651 1969 2713 extendendi

324 2761 408 2827 prout
422 2752 524 2826 aliquid
538 2752 692 2824 specialiter
707 2759 838 2824 operatur
853 2754 930 2809 eirca
945 2753 1044 2825 legem,
1055 2767 1126 2824 quae
1161 2753 1251 2825 legem
1264 2750 1337 2806 ultra
1351 2750 1504 2806 naturalem
1517 2749 1711 2820 proprietatem
1723 2746 1882 2816 verborum
1901 2759 1968 2816 ergo

324 2843 466 2914 multiplex
485 2849 529 2898 est
548 2841 704 2899 seeundum
730 2843 819 2898 varios
844 2842 970 2899 effeetus.
987 2842 1063 2898 Unus
1084 2846 1127 2896 est
1162 2858 1217 2898 non
1231 2840 1313 2897 debet
1327 2839 1397 2911 iteri,
1412 2841 1477 2911 quin
1492 2839 1655 2912 regulariter
1670 2837 1792 2894 homines
1813 2835 1969 2907 loquuntur

325 2934 474 3005 eorrectio,
491 2932 532 2988 rel
546 2932 689 3002 abrogatio
703 2929 890 3004 legis,dequa
903 2931 974 2987 inira
989 2929 1126 2999 dicemus,
1163 2931 1316 2988 seeundum
1338 2930 1533 3002 proprietatem
1553 2929 1720 3000 verborum3
1742 2933 1771 2984 et
1796 2928 1818 2983 sl
1840 2924 1968 2982 absolute

324 3023 388 3094 quia
407 3020 561 3092 specialiter
582 3023 612 3076 it
629 3035 678 3091 per
693 3035 776 3076 unarn
790 3021 877 3092 legem
893 3022 969 3076 circa
983 3019 1067 3084 alias,
1084 3018 1126 3075 val
1163 3026 1189 3077 et
1209 3020 1344 3077 indefinite
1364 3019 1537 3093 loquuntur,
1562 3017 1673 3074 dstote
1693 3017 1845 3089 significato
1872 3015 1969 3071 verbo·

324 3126 375 3184 per
394 3110 560 3182 posteriores
584 3111 661 3166 eirca
682 3109 892 3182 praecedentes,
910 3110 955 3168 alii
968 3126 1034 3166 sero
1049 3115 1125 3181 seint,
1162 3125 1225 3168 rum
1245 3105 1321 3184 loqui
1343 3109 1544 3182 intelliguntur.
1560 3109 1596 3164 Et
1614 3107 1665 3163 boc
1688 3106 1804 3162 maxime
1823 3103 1906 3160 habet
1928 3103 1969 3160 lo·

325 3200 372 3272 qui
392 3201 417 3254 iu
440 3213 605 3271 unaquaque
626 3199 685 3271 lege
706 3198 862 3256 seeundum
881 3215 910 3256 se
929 3199 1049 3272 spectari
1063 3215 1126 3272 pos·
1163 3217 1229 3257 oum
1250 3200 1276 3255 in
1297 3199 1418 3272 legibus,
1440 3201 1467 3255 in
1482 3197 1581 3271 quibus
1595 3197 1750 3254 indefinitus
1765 3210 1855 3251 sermo
1875 3193 1968 3265 nequi·

614 998 841 1064 summarium

326 3295 401 3359 sunt,
417 3296 450 3345 ut
463 3293 529 3344 suot
541 3289 673 3360 extensio,
688 3291 844 3360 restrictio,
859 3291 1002 3361 exceptio,
1023 3289 1065 3344 vel
1080 3305 1126 3346 ex·
1163 3291 1236 3346 valet
1251 3289 1408 3363 universali,
1424 3289 1489 3362 quia
1503 3293 1567 3344 sunt
1582 3286 1692 3360 regulae
1708 3285 1861 3360 generales,
1874 3292 1902 3342 et
1917 3282 1969 3339 do·

324 3379 447 3450 ousatio,
468 3392 518 3434 seu
537 3379 654 3434 cessatio
670 3378 842 3451 obligationis
857 3378 937 3452 legis,
953 3377 996 3435 rel
1012 3378 1127 3434 aliorum
1163 3380 1307 3436 elrinelem
1329 3394 1484 3436 sermonem
1505 3380 1665 3446 continent,
1688 3383 1719 3433 ut
1737 3377 1838 3448 optime
1857 3373 1969 3447 probari

324 3469 473 3525 effectuum
488 3469 559 3538 eius,
573 3466 647 3524 etde
662 3466 775 3540 singulis
791 3467 891 3540 aliquid
908 3466 1057 3524 dicendum
1071 3473 1124 3538 est,
1164 3475 1254 3541 potest
1273 3484 1306 3526 ex
1333 3468 1390 3540 lege
1412 3470 1577 3541 prosperii,
1596 3468 1623 3523 ii.
1639 3468 1704 3539 qui,
1719 3471 1747 3521 et
1767 3481 1782 3520 a
1804 3463 1925 3537 quibus,
1939 3468 1969 3519 et

324 3564 356 3614 ut
369 3557 509 3630 generales
524 3556 635 3630 regulae
651 3557 802 3612 habeantur
816 3555 850 3613 ad
864 3556 1029 3614 decidendos
1043 3573 1128 3614 cesus
1165 3558 1275 3616 tradidit
1288 3561 1362 3615 Bari.
1376 3560 1400 3613 in
1418 3558 1435 3613 l.
1454 3555 1565 3630 miscui
1578 3563 1605 3614 et
1619 3560 1655 3622 si,
1670 3556 1697 3612 ti.
1711 3555 1744 3613 de
1760 3560 1850 3611 venir.
1863 3554 1889 3608 in
1903 3569 1967 3624 pos·

324 3664 357 3704 ex
373 3648 464 3721 legum
479 3647 653 3719 intelligentia
667 3647 827 3717 pendentes.
1164 3665 1233 3706 sess.
1251 3649 1356 3705 mitten.
1373 3664 1402 3703 n.
1420 3652 1447 3719 ³,
1466 3647 1511 3703 ubi
1527 3648 1552 3703 in
1568 3647 1678 3704 scholiis
1692 3645 1779 3702 multa
1797 3644 1955 3701 referuntur

365 3743 392 3795 2.
416 3739 504 3792 Primo
529 3736 612 3810 igitur
632 3737 707 3793 eirca
722 3737 906 3794 extensionem
921 3737 1045 3806 adverto,
1062 3751 1129 3809 qoe-
1163 3741 1198 3796 Et
1211 3740 1408 3808 confirmatur,
1424 3739 1489 3810 quin
1504 3736 1557 3805 lex,
1573 3753 1644 3809 quae
1659 3753 1713 3792 non
1728 3737 1855 3792 eontinet
1873 3733 1967 3790 odium

325 3823 478 3896 d'ruplicem
499 3827 685 3883 extensionem
706 3827 733 3880 in
754 3826 812 3898 lege
828 3841 909 3898 posse
924 3827 1053 3898 eogitari.
1071 3827 1129 3883 Una
1164 3835 1213 3886 aut
1227 3828 1343 3901 speciale
1356 3829 1592 3901 gravamen,ioter
1604 3827 1711 3882 lusores
1723 3819 1852 3898 reputari
1862 3830 1967 3896 potest,

215 3915 219 3920 '
325 3921 369 3970 est
388 3914 459 3970 intra
474 3913 620 3970 uerborum
634 3915 830 3984 proprietatem
847 3916 1001 3971 secundum
1017 3921 1129 3971 natura·
1164 3926 1193 3974 ut
1213 3918 1239 3974 in
1264 3917 1398 3990 principio
1418 3915 1478 3973 libri
1500 3916 1688 3988 praecedentis
1710 3914 1781 3978 dixir
1804 3929 1871 3988 ergo
1894 3916 1968 3970 intra

325 4003 380 4060 lem
394 4003 637 4076 significationem:
660 4002 767 4059 aliaest
781 4003 853 4059 ultra
868 4005 1064 4076 proprietatem
1081 4021 1129 4061 ua·
1163 4006 1320 4079 praedictos
1335 4007 1431 4063 saltem
1446 4006 1545 4063 limites
1558 4004 1727 4063 extendenda
1741 4011 1793 4062 est.

214 4133 216 4136 -
325 4092 491 4163 turalem,et
504 4095 577 4148 intra
593 4093 784 4164 proprietatem
796 4093 978 4163 uirilem,sive
989 4110 1038 4165 per
1051 4110 1129 4152 com·
1202 4099 1294 4155 altere
1316 4113 1379 4153 vero
1401 4112 1465 4168 pars
1487 4095 1612 4168 negativa
1632 4111 1697 4152 eum
1713 4110 1764 4151 sun
1778 4092 1967 4154 moderatione

326 4183 418 4239 munis
433 4184 501 4239 iurls
517 4197 614 4253 usum,
632 4182 687 4236 sive
700 4196 747 4251 per
761 4180 880 4254 aliquam
896 4184 964 4239 iuris
979 4185 1126 4257 fictionem3
1163 4187 1409 4260 exceptiva,ctiam
1423 4192 1467 4242 est
1480 4185 1567 4255 clare,
1583 4186 1647 4257 quia
1661 4200 1710 4256 per
1724 4201 1753 4240 sc
1770 4182 1920 4256 loquendo,
1934 4197 1968 4238 ao

325 4273 405 4329 tertia
424 4287 485 4328 esse
505 4276 594 4343 potest
614 4271 687 4326 oltra
707 4276 852 4344 utramque
866 4272 1061 4343 proprietatem
1080 4288 1128 4343 per
1162 4277 1337 4352 regulariter,
1349 4277 1473 4332 honiines
1489 4281 1608 4332 utuntur
1622 4275 1713 4332 verbis
1727 4276 1754 4330 in
1770 4275 1967 4347 significatione

327 4360 447 4435 aliquem
461 4360 772 4433 improprietatem,sive
788 4361 814 4416 in
829 4362 1023 4434 significatione
1038 4361 1128 4420 aliou-
1163 4369 1277 4426 maxime
1292 4368 1418 4439 propria,
1435 4365 1521 4423 multo
1536 4381 1603 4439 ergo
1619 4365 1704 4438 magis
1718 4363 1746 4420 id
1763 4369 1806 4420 est
1817 4363 1967 4420 observan-

326 4451 370 4507 ins
384 4451 459 4508 verbi
473 4457 521 4507 eut
534 4450 661 4521 nominis,
674 4451 731 4505 sive
743 4450 769 4506 in
783 4453 950 4509 connexione
966 4453 1126 4528 uerborum,
1162 4459 1229 4516 dem
1249 4458 1275 4514 in
1297 4457 1413 4530 legibus.
1431 4457 1465 4512 Et
1485 4456 1537 4513 hoo
1557 4458 1638 4512 etiarn
1652 4453 1815 4512 oontirmant
1829 4453 1915 4510 multa
1931 4469 1965 4510 ex

326 4544 383 4599 sive
406 4543 433 4596 in
454 4537 699 4612 subintelligenda,
715 4538 755 4595 vel
771 4541 923 4612 supplenda
937 4543 1027 4616 alique
1042 4543 1128 4622 parti·
1162 4547 1213 4617 his,
1225 4561 1297 4620 quae
1311 4548 1336 4602 in
1353 4547 1486 4617 superiori
1502 4547 1591 4618 eapite
1606 4545 1818 4616 adduximus,et
1834 4541 1967 4600 nonnulla

327 4631 390 4688 eulx
404 4646 458 4687 non
472 4631 641 4702 expressam
657 4630 725 4703 lege.
735 4631 768 4687 lit
781 4633 820 4687 ita
834 4632 859 4686 in
876 4633 928 4689 hoe
943 4634 1022 4691 tertio
1041 4652 1127 4695 mern·
1161 4639 1229 4694 inris
1245 4636 1387 4708 principia,
1402 4641 1433 4692 ut
1447 4635 1522 4710 quod
1537 4635 1587 4692 sebi
1601 4634 1649 4691 lex
1660 4651 1720 4690 nou
1731 4631 1896 4706 distinguit,
1912 4647 1966 4688 saec

325 4717 377 4776 bro
397 4725 486 4792 potest
505 4735 565 4774 esse
587 4719 689 4774 infinita
708 4719 824 4776 uarietas
838 4728 865 4777 ct
880 4721 1059 4794 inaequalitas
1077 4743 1125 4799 per
1161 4743 1213 4784 uos
1228 4725 1408 4800 distinguere
1421 4722 1568 4792 mistros,
1584 4724 1657 4798 quod
1674 4725 1794 4780 sumitur
1806 4737 1841 4780 ex
1854 4721 1929 4778 dicta
1945 4721 1963 4776 l.

326 4811 457 4865 maiorem
472 4806 514 4864 vel
530 4809 662 4864 minorem
677 4809 1127 4886 improprietatemttmrtopotest
1158 4819 1320 4893 prospexit,
1339 4822 1367 4872 ει
1380 4815 1397 4870 l.
1418 4818 1442 4885 t,
1459 4817 1487 4870 tl.
1502 4815 1536 4872 de
1555 4815 1637 4889 legat.
1654 4821 1756 4888 praest.
1773 4815 1822 4870 (lixi
1838 4812 1964 4885 aequiva-

326 4900 442 4972 eogitnri
455 4898 578 4955 extensio
591 4896 662 4954 ultra
677 4913 784 4955 omnem
795 4901 1017 4972 significationem
1029 4906 1126 4962 verbo·
1162 4907 1221 4964 lens
1238 4913 1298 4978 est,
1320 4913 1350 4962 ut
1368 4904 1446 4978 quod
1464 4903 1596 4963 absolute
1610 4906 1734 4971 dicitur,
1752 4901 1925 4978 siropiiciter
1937 4905 1965 4958 et

324 5005 387 5045 rum
407 4991 489 5044 etiam
511 4987 700 5061 impropriam,
723 4987 812 5045 solum
827 4996 939 5061 propter
953 5007 1047 5050 rerum
1061 5037 1068 5067 ,
1085 4995 1128 5052 vel
1162 4997 1226 5052 siae
1239 4992 1432 5051 diminutione
1442 4996 1622 5069 accipiatur,
1636 4994 1654 5050 l.
1667 4992 1702 5050 de
1712 4995 1818 5069 pretio,
1828 4991 1898 5048 tide
1911 4993 1965 5048 Pu·

326 5093 443 5133 casuum
459 5075 677 5149 similitudinem,
699 5083 746 5134 aut
759 5077 929 5135 identitatem
943 5080 1085 5138 formalem
1101 5085 1127 5139 in
1163 5084 1289 5155 blioiana,
1303 5089 1358 5140 etc.
1374 5082 1420 5140 eui
1437 5091 1570 5140 consonat
1583 5081 1602 5140 l.
1617 5099 1685 5140 cunt
1698 5085 1828 5156 praetor,
1852 5071 1917 5152 titi,
1932 5079 1962 5136 ff.

326 5167 432 5223 rntione
446 5166 523 5240 legis.
533 5165 632 5233 Quinto
648 5166 710 5222 addi
726 5173 816 5238 potest
826 5169 948 5225 extensio
966 5170 1039 5226 ultra
1052 5186 1128 5229 men·
1163 5173 1197 5230 de
1212 5173 1300 5245 regul.
1314 5173 1366 5230 iun.
1380 5174 1456 5230 iuvat
1468 5173 1550 5230 etiam
1566 5171 1641 5245 quod
1655 5169 1837 5245 simplicibus
1852 5168 1964 5242 iegibus

326 5261 381 5316 tem
400 5254 576 5330 legislatoris.
594 5256 648 5317 Sed
662 5256 733 5315 hono
748 5273 803 5316 non
817 5255 997 5334 admittimus,
1013 5266 1045 5317 ut
1057 5261 1129 5318 inire
1164 5265 1384 5327 artemisiam
1405 5261 1505 5322 dieitur
1528 5261 1555 5320 iu
1568 5261 1581 5330 i
1595 5266 1735 5329 courum,
1749 5261 1835 5320 instit.
1850 5258 1884 5316 de
1900 5257 1965 5331 legi·
2032 5327 2044 5346 ο
