4294 6238
442 397 504 460 264
1134 407 1236 455 elasa
1252 409 1312 458 vlt.

401 552 472 610 quae
487 536 640 608 frequentia
655 535 757 594 dicitur
771 551 840 592 mus.
855 535 891 592 Et
906 535 941 591 ita
955 535 1037 591 etiam
1050 534 1078 588 in
1093 547 1122 589 re
1136 529 1197 588 nul·
1232 529 1278 589 bet
1291 535 1346 590 vim
1362 533 1443 607 legis,
1457 541 1485 592 at
1502 531 1561 592 ideo
1576 543 1652 592 recte
1665 522 1763 594 dicitur
1777 551 1830 594 aon
1853 552 1914 594 csse
1931 539 1977 595 ius
1991 537 2048 595 dis·

400 625 457 682 lunr
472 626 689 682 committeretur
703 626 816 694 vitium,
830 625 852 679 si
869 625 911 680 ius
925 621 1131 681 consuetudinis
1147 635 1196 691 pet
1231 636 1349 694 ponens,
1365 625 1429 695 quia
1443 640 1495 680 non
1511 625 1662 696 praecipit,
1674 639 1724 682 nec
1739 624 1862 696 ordinat,
1884 627 1936 683 sed
1952 630 2048 700 potius

400 715 505 773 lactum
527 715 650 771 eiusdem
674 713 879 772 consuetudinis
898 713 1072 780 deliniretur,
1093 708 1195 766 utendo
1230 725 1291 766 esse
1305 713 1347 767 ius
1361 711 1538 784 dispositum,
1551 716 1617 786 quie
1631 714 1954 786 acquiritursecundum
1975 719 2047 776 iuris

400 805 523 862 terminis
539 806 565 858 in
578 803 685 860 diversa
699 804 904 875 significatione.
916 799 994 868 Quod
1005 807 1097 856 autem
1110 797 1194 854 lsido·
1230 798 1447 870 dispositionem.
1464 803 1641 859 Consuetudo
1655 810 1766 874 autem,
1781 805 1814 860 de
1830 820 1886 878 qua
1900 805 1990 864 modo
2004 808 2043 862 lo-

398 911 447 952 rus
469 895 522 960 ait,
543 909 656 949 morem
675 907 736 949 esse
755 889 997 948 consuetudinem
1018 893 1137 945 tentum
1159 883 1195 942 de
1230 891 1358 960 quimus,
1373 908 1427 948 nou
1442 892 1494 948 boc
1509 895 1568 962 ius,
1585 892 1632 948 sed
1647 892 1798 964 legaleests
1811 902 1840 950 et
1854 893 1916 950 ideo
1940 895 2047 952 dicitur

397 981 530 1039 moribus
545 985 693 1048 tractam,
713 983 846 1052 optimum
862 979 943 1035 babet
954 993 1066 1034 sensum
1079 1019 1086 1046 ,
1098 982 1126 1032 et
1138 976 1195 1030 siue
1229 993 1291 1035 esse
1311 980 1369 1052 ius,
1391 980 1466 1054 quod
1487 980 1609 1055 prolege
1628 983 1795 1054 suscipitur,
1810 991 1839 1039 et
1855 983 1889 1040 ad
1906 983 1980 1040 illud
2003 1001 2046 1040 re-

396 1071 452 1127 ullo
478 1071 560 1141 vitio,
574 1070 756 1143 advertendo,
777 1085 867 1125 mores
889 1066 1025 1124 interdum
1046 1064 1100 1121 dici
1114 1065 1192 1137 quasi
1230 1067 1300 1140 quiri
1314 1069 1551 1140 consuetudinem,
1567 1085 1638 1142 quae
1653 1071 1775 1128 moribus
1791 1073 1943 1148 utentium,
1961 1073 2046 1132 idest

396 1159 522 1230 divisive,
538 1177 588 1217 seu
605 1159 795 1231 distributive,
806 1158 841 1215 do
855 1157 968 1230 singuiis
983 1154 1090 1212 actibus
1103 1169 1193 1210 more·
1230 1159 1437 1214 communitatis
1452 1158 1567 1215 alicuius
1583 1159 1740 1216 inducatur.

395 1249 476 1307 libus.
500 1250 603 1307 liorem
625 1255 733 1318 autem,
755 1256 786 1305 ut
806 1248 941 1322 significat
954 1243 1191 1316 consuetudinem,
1270 1251 1296 1302 5.
1314 1245 1387 1303 Unde
1403 1247 1489 1304 obiter
1503 1247 1641 1305 declarata
1654 1257 1698 1306 est
1715 1249 1863 1307 differentia
1882 1251 1958 1308 inter
1974 1267 2043 1308 eon-

395 1340 473 1412 quasi
493 1339 636 1397 collective
657 1337 809 1410 significare
829 1337 1019 1393 collectionem
1040 1333 1129 1400 illam,
1144 1347 1193 1389 seu
1229 1336 1420 1406 suetudinem,
1436 1337 1469 1393 de
1489 1354 1545 1411 qua
1563 1338 1721 1411 loquimur,
1735 1347 1762 1396 et
1778 1342 2040 1414 praescriptionemq

395 1428 575 1501 frequentiam
596 1436 724 1501 actuum,
741 1427 780 1484 sio
801 1441 867 1497 ergo
881 1425 981 1482 dicitur
995 1439 1054 1480 noos
1076 1422 1146 1480 trabi
1160 1437 1195 1479 ex
1230 1440 1310 1496 saepe
1330 1427 1402 1482 enim
1423 1426 1483 1484 illae
1503 1427 1573 1484 duae
1592 1444 1675 1484 voces
1689 1430 1897 1487 consuetudinis
1912 1439 1943 1487 et
1961 1447 2041 1502 prae·

394 1518 534 1588 moribus,
549 1517 575 1574 id
589 1525 632 1574 est
644 1533 677 1574 ea
698 1517 805 1573 actibus
821 1516 910 1572 liberis
929 1521 956 1571 ct
971 1512 1130 1570 moralibus.
1145 1512 1194 1569 Vel
1229 1516 1386 1587 scriptionis
1406 1518 1547 1587 reciproce
1565 1524 1594 1573 et
1613 1520 1692 1590 quasi
1707 1535 1756 1591 pro
1771 1515 1867 1576 eade'm
1884 1521 1979 1592 accipi
1995 1538 2039 1578 so-

394 1609 474 1664 etiam
491 1606 658 1665 considerari
671 1613 777 1678 potest,
791 1622 845 1662 non
855 1618 1058 1677 quemcumque
1074 1618 1191 1672 morem,
1229 1602 1284 1660 lent
1298 1611 1411 1678 propter
1424 1605 1528 1677 aliquas
1542 1607 1758 1679 convenientias,
1774 1623 1844 1680 quas
1860 1607 1977 1664 habent.
1994 1610 2040 1666 Ni·

394 1697 443 1754 sed
463 1712 639 1755 communem
655 1705 682 1754 et
697 1696 837 1767 publicum
853 1695 971 1750 alicuius
987 1691 1192 1749 communitatis
1228 1692 1372 1752 nilominus
1381 1703 1471 1751 tamen
1479 1695 1633 1752 seeundum
1644 1699 1766 1770 proprias
1776 1700 2036 1769 rationessumptae

393 1801 454 1842 esse
471 1786 653 1844 sufficientem
668 1784 703 1841 ad
715 1782 899 1841 inducendum
910 1783 952 1838 ius
967 1781 1188 1850 consuetudinis,
1228 1785 1347 1840 multum
1358 1784 1497 1854 differunt,
1507 1791 1539 1842 ut
1548 1786 1674 1843 Bartolus
1687 1786 1761 1844 dieta
1774 1795 1881 1859 quaest.
1900 1793 1926 1846 ι.
1941 1789 1969 1843 in
1985 1789 2037 1845 line

393 1873 426 1932 de
447 1890 502 1948 quo
527 1883 695 1944 tractemus,
711 1873 738 1930 id
758 1879 817 1944 cst,
832 1872 907 1946 quod
921 1870 1110 1944 obligationem
1126 1871 1191 1943 legis
1227 1872 1324 1942 docet,
1339 1881 1366 1930 et
1380 1873 1422 1929 alii
1436 1875 1622 1946 antiquiores,
1639 1891 1710 1948 quos
1726 1877 1822 1948 relert,
1835 1883 1863 1934 et
1877 1876 1922 1933 alii
1942 1887 2035 1949 poste·

392 1967 479 2036 possit
496 1964 644 2035 inducere3
660 1980 723 2020 narn
738 1965 860 2035 privatus
875 1978 934 2018 mos
950 1963 1031 2017 unius
1047 1975 1190 2031 personae,
1226 1962 1331 2033 riores,
1348 1969 1380 2019 ut
1393 1964 1620 2037 Panormitanus,
1635 1970 1663 2021 et
1675 1966 1787 2023 Rocbus
1801 1969 1880 2024 Cart.
1898 1967 1926 2023 in
1944 1970 2035 2039 capite

391 2053 434 2110 vel
448 2053 562 2110 familiae
580 2069 634 2110 noo
652 2053 758 2110 inducit
772 2054 815 2110 ius
828 2052 909 2126 legis,
925 2058 956 2108 ut
971 2051 1040 2107 inira
1054 2049 1187 2106 dicemus.
1227 2051 1316 2108 ultim.
1333 2053 1366 2109 de
1379 2054 1525 2112 constitut.
1541 2071 1606 2112 cum
1620 2055 1717 2114 Glossa
1730 2057 1764 2113 ibi
1779 2055 1862 2114 verbo
1882 2055 2028 2130 legitimo,

391 2145 497 2201 bicitur
509 2160 575 2217 ergo
591 2142 658 2200 haec
672 2141 845 2200 consuetudo
856 2183 864 2215 ,
876 2157 947 2214 quae
961 2140 995 2198 ed
1006 2139 1191 2197 inducendum
1204 2145 1212 2160 ·
1226 2147 1254 2196 et
1267 2141 1354 2198 llaim.
1370 2144 1478 2199 Cravct.
1494 2141 1529 2200 de
1542 2147 1670 2217 antiquit.
1687 2153 1802 2218 tempor.
1819 2149 1846 2204 l.
1860 2163 1889 2218 p.
1914 2147 1943 2202 in
1959 2148 2033 2217 prin·

391 2234 436 2289 ius
450 2233 567 2305 scilicit,
586 2233 684 2290 debere
701 2233 816 2290 trablas
830 2232 970 2302 moribus,
985 2231 1010 2288 id
1026 2229 1190 2300 cst,dcbere
1226 2229 1280 2299 cip.
1297 2230 1371 2287 Balb.
1392 2232 1427 2289 de
1441 2233 1605 2305 praescript.
1626 2241 1649 2292 t.
1667 2251 1694 2306 p.
1716 2243 1824 2308 quaest.
1845 2242 1897 2304 ιθ,
1916 2237 2031 2294 Rochus

391 2337 451 2379 esse
465 2337 569 2378 morem
590 2323 627 2378 ita
646 2337 836 2390 communem,
855 2329 885 2378 ut
905 2337 938 2377 ex
960 2321 1084 2378 moribus
1107 2321 1191 2377 totius
1225 2319 1304 2375 Curt.
1321 2320 1345 2374 in
1361 2335 1423 2392 cap.
1440 2321 1491 2379 ult.
1507 2321 1541 2378 de
1555 2323 1747 2380 consuetudin.
1765 2331 1834 2382 sect.
1852 2331 1882 2396 5,
1904 2341 1987 2382 num.
2002 2329 2029 2396 6,

391 2411 612 2484 communitatis,
635 2417 663 2467 et
678 2412 797 2468 omnium
811 2410 852 2466 vel
867 2410 985 2482 plurium
1000 2411 1118 2481 partium
1130 2413 1190 2466 eius
1224 2414 1253 2464 et
1265 2411 1378 2466 covarr.
1397 2411 1421 2466 in
1438 2413 1532 2483 regule
1545 2427 1713 2486 possessor,
1731 2419 1758 2471 2.
1776 2431 1803 2486 p.
1819 2411 1831 2480 i
1846 2419 1880 2486 3,
1902 2431 1983 2470 num.
1999 2421 2026 2484 2,

390 2507 549 2572 consurgat.
562 2499 643 2557 Addit
652 2501 769 2573 denique
785 2499 907 2556 isidorus
918 2499 1082 2571 particulam
1095 2501 1191 2556 eaelu-
1224 2499 1347 2555 battenz.
1366 2498 1412 2554 lib.
1430 2507 1456 2557 5.
1473 2501 1588 2573 recopil.
1607 2502 1677 2558 titul.
1692 2506 1718 2572 i,
1731 2503 1750 2559 l.
1768 2509 1793 2575 1,
1806 2503 1897 2560 Gloss.
1912 2508 1942 2574 6,
1957 2521 1985 2559 n.
1998 2509 2025 2573 3,

391 2589 477 2646 rivam
488 2593 606 2646 matum
618 2589 652 2646 ad
663 2588 859 2659 denotandum,
872 2588 946 2645 illum
961 2603 1066 2645 morem
1079 2587 1112 2645 ad
1124 2603 1190 2644 con·
1223 2593 1251 2643 et
1264 2587 1354 2644 biclin.
1371 2588 1418 2644 lib.
1434 2593 1457 2645 t.
1470 2587 1503 2645 do
1515 2591 1687 2663 primogenit.
1701 2607 1764 2663 cap.
1779 2595 1807 2661 6,
1821 2607 1901 2650 num.
1922 2597 1967 2659 1⁰3
1981 2593 2026 2664 qui

390 2680 563 2736 suetudinem
580 2680 645 2735 iuris
660 2680 876 2748 constitutivam,
893 2685 926 2734 ut
941 2663 1096 2747 sic'dtcsm,
1112 2678 1189 2734 suill-
1223 2677 1316 2748 plures
1331 2677 1496 2736 differentias
1511 2679 1664 2753 assignant,
1684 2681 1787 2753 quibus
1805 2683 1932 2752 omissis,
1951 2681 2023 2737 radin

390 2769 521 2841 cere,qui
532 2769 591 2825 solo
604 2767 823 2824 usuetmoribus
835 2765 1010 2824 introductus
1022 2769 1068 2837 sit,
1081 2765 1186 2838 absque
1221 2767 1386 2825 diversitatis
1406 2784 1439 2824 ex
1459 2767 1537 2824 dietis
1558 2768 1660 2825 clarius
1674 2770 1824 2842 colligitur.
1838 2773 1910 2838 Quia
1927 2779 1984 2827 tarn
1998 2771 2023 2824 in

390 2857 449 2932 lege
462 2863 492 2915 et
507 2859 566 2916 iure
581 2859 694 2930 scripto,
711 2857 785 2931 qnod
798 2857 873 2914 illurn
885 2856 1038 2928 induxerit,
1052 2873 1113 2914 nem
1128 2873 1187 2914 mos
1223 2858 1457 2928 praescriptione,
1473 2874 1556 2931 quam
1569 2860 1595 2914 ln
1612 2859 1670 2932 lege
1685 2875 1740 2916 non
1754 2863 1858 2932 scripta
1876 2860 2022 2917 intervenit

386 2947 432 3004 ille
452 2963 517 3005 eum
539 2949 574 3004 sit
594 2963 628 3005 ex
641 2949 718 3018 iure,
734 2955 765 3004 ut
782 2948 822 3003 sie
838 2989 845 3017 ,
861 2963 914 3002 non
930 2945 1035 3003 inducit
1048 2947 1108 3014 ius,
1123 2947 1188 3004 licet
1221 2944 1324 3017 aliquid
1340 2946 1403 3002 iacti
1416 2953 1444 3004 et
1458 2947 1538 3018 iuris,
1552 2947 1627 3019 quod
1638 2963 1685 3018 per
1698 2950 1802 3006 iactum
1819 2949 2018 3016 introducitur,

388 3034 493 3092 firmare
512 3037 599 3108 possit
613 3036 695 3108 illud,
713 3043 743 3092 ut
755 3036 824 3092 inira
838 3033 973 3092 dicemus.
1220 3035 1294 3092 unde
1311 3043 1339 3092 et
1354 3037 1531 3107 praescriptio
1547 3037 1776 3094 consuetudinem
1792 3037 1914 3110 aliquem
1930 3037 2020 3109 requi·

427 3123 469 3182 Ad
484 3126 590 3182 tertiam
602 3124 795 3182 difficultatem
808 3127 860 3180 iam
875 3124 1049 3196 dictumest,
1064 3125 1129 3182 licet
1142 3125 1185 3182 ius
1219 3125 1273 3191 rit,
1287 3131 1315 3180 et
1335 3123 1377 3180 les
1398 3140 1452 3180 non
1467 3126 1570 3195 scripta
1583 3125 1720 3182 interdum
1736 3127 1851 3199 requirit
1869 3133 2019 3184 consuetu·

385 3214 592 3272 consuetudinis
607 3215 640 3271 sit
652 3214 765 3272 ollactus
779 3213 985 3282 consuetudinis
999 3213 1077 3286 iacti,
1090 3213 1185 3270 nibilo-
1220 3209 1310 3269 dinem
1325 3212 1417 3286 aliquo
1432 3213 1513 3271 modo
1527 3217 1742 3289 praescriptam,
1758 3231 1808 3272 seu
1823 3221 1971 3274 certamet
1981 3215 2017 3270 le·

385 3305 476 3360 minus
492 3302 535 3360 bic
549 3319 603 3360 non
622 3303 726 3360 deliniri
746 3302 972 3360 consuetudinem
987 3301 1065 3372 lacti,
1081 3303 1129 3360 sed
1144 3305 1184 3361 iu·
1217 3303 1350 3375 gititnem.

384 3395 437 3466 ιιι,
453 3400 480 3450 ιι
492 3393 554 3450 ideo
568 3408 633 3449 cum
647 3392 754 3450 additur
766 3391 844 3466 qood
856 3409 912 3466 pro
925 3391 987 3464 lege
1006 3395 1178 3467 suscipitur,
1257 3395 1284 3467 6,
1301 3391 1434 3450 billerunt
1443 3399 1535 3450 autem
1550 3395 1696 3465 inprimis,
1709 3395 1903 3466 aopraecipue
1916 3394 1946 3450 io
1959 3393 2014 3464 ipso
2109 3429 2110 3439 .

385 3499 439 3540 nun
455 3485 517 3554 poni
537 3481 665 3539 ellectum
679 3477 885 3539 consuetudinis
898 3481 1039 3554 delinitae,
1054 3481 1102 3539 sed
1116 3482 1182 3539 sub·
1218 3481 1297 3552 iure,
1312 3481 1377 3552 quia
1391 3484 1568 3555 praescriptio
1587 3483 1681 3539 stricte
1695 3491 1805 3554 sumpta
1820 3495 1876 3539 non
1891 3480 2013 3539 introdu-

383 3575 511 3632 staotiam
526 3573 585 3628 eius
600 3573 742 3630 declarari.
755 3571 860 3629 Dicitur
872 3578 964 3628 autem
979 3587 1029 3643 pro
1045 3571 1104 3645 lege
1120 3589 1181 3630 sus·
1217 3572 1257 3628 eit
1270 3570 1313 3628 ius
1328 3571 1431 3643 legale,
1447 3587 1495 3628 seu
1510 3571 1655 3644 disponens
1666 3580 1798 3645 tanquam
1809 3572 1853 3629 lex
1864 3613 1872 3644 ,
1885 3570 1933 3628 sed
1950 3585 2011 3626 oon·
2107 3599 2108 3621 t

383 3662 453 3734 cipi,
473 3664 605 3734 nunquia
624 3677 678 3719 non
698 3663 734 3719 sit
754 3677 818 3717 vera
836 3661 897 3734 len,
918 3661 966 3718 sed
981 3663 1044 3734 quia
1059 3661 1180 3721 isidorus
1216 3659 1270 3716 lert
1288 3661 1333 3716 ius
1354 3659 1482 3732 dominii,
1503 3669 1553 3718 aut
1572 3659 1645 3719 aliud
1666 3660 1752 3718 sirnile
1772 3663 1815 3719 ius
1835 3660 1951 3732 utendi,
1973 3655 2010 3715 vel
2106 3689 2107 3713 r

383 3766 482 3809 nomen
497 3750 564 3823 legis
576 3751 769 3808 accommodat
779 3750 813 3806 ad
828 3750 915 3823 legem
926 3751 1068 3826 scriptam,
1079 3758 1107 3808 et
1119 3751 1180 3809 ideo
1214 3748 1337 3818 fruendi,
1352 3757 1402 3806 rut
1421 3765 1450 3807 ra
1471 3751 1623 3823 corporali,
1638 3757 1670 3807 ut
1689 3749 1788 3824 domo,
1803 3757 1895 3824 veste,
1913 3758 1962 3809 aut
1973 3753 2012 3806 in·

381 3840 464 3910 dicit,
488 3841 533 3898 ius
546 3839 756 3898 consuetudinis
771 3840 833 3896 loco
848 3837 921 3896 illius
935 3841 1053 3911 suscipi.
1070 3839 1115 3896 ubi
1136 3841 1181 3898 illa
1214 3837 1366 3910 corporali,
1382 3845 1414 3895 ut
1427 3837 1630 3912 iurisdictione,
1643 3840 1785 3912 suffragio.
1800 3841 1836 3897 Et
1850 3840 1914 3899 binc
1931 3841 2009 3897 etiam
2104 3847 2105 3897 l

380 3929 470 3988 deest.
492 3928 617 3988 Advertit
637 3936 729 3987 eutem
748 3929 821 3985 Bart.
845 3927 872 3983 in
892 3927 968 3985 dieta
981 3929 1088 4000 repetit.
1104 3946 1132 3986 n.
1149 3935 1177 4002 6,
1213 3924 1342 3984 dillernot
1355 3930 1381 3983 in
1396 3927 1596 3986 consuetudine
1610 3928 1690 4000 iacti,
1703 3945 1751 4000 per
1764 3943 1847 4002 quem
1868 3945 1954 3990 unum
1968 3924 2008 3984 vel

380 4035 431 4093 per
442 4019 511 4076 banc
529 4019 690 4090 particulam
701 4018 830 4090 distingui
841 4017 1068 4077 consuetudinem
1079 4035 1095 4074 a
1106 4021 1177 4094 iure,
1214 4017 1287 4074 aliud
1304 4017 1347 4073 ius
1361 4017 1561 4089 introducitur3
1576 4033 1637 4074 uem
1654 4018 1718 4074 alias
1732 4017 1905 4076 conditiones
1922 4014 2008 4090 requi·

381 4109 455 4184 quod
476 4108 617 4166 descendit
641 4125 675 4166 ιιι
696 4123 750 4165 usu
770 4108 914 4180 singularis
936 4123 1083 4180 personae,
1105 4107 1179 4182 quod
1214 4108 1252 4162 rit
1266 4106 1439 4164 consuetudo
1454 4107 1688 4180 praescriptionis,
1704 4123 1788 4180 quam
1802 4108 1880 4182 legis.
1898 4109 1963 4164 Nam
1976 4103 2006 4161 ad

380 4215 435 4257 non
449 4199 601 4269 svvsclpitur
616 4213 665 4269 pro
679 4197 754 4270 lege,
770 4211 821 4253 nec
835 4196 933 4254 estius
946 4195 1091 4267 disponens
1107 4239 1114 4266 ,
1130 4196 1177 4253 sed
1213 4197 1258 4251 ius
1271 4195 1338 4268 legis
1354 4197 1508 4257 necessaria
1522 4204 1565 4254 est
1578 4197 1750 4254 consuetudo
1762 4198 1871 4268 populi,
1884 4198 1918 4255 ad
1933 4210 2006 4268 prae·

379 4290 471 4363 potius
486 4289 648 4361 dispositum
661 4304 710 4360 per
725 4287 822 4360 legero.
834 4285 876 4344 Ad
887 4286 963 4360 quod
975 4285 1178 4360 intelligendum
1214 4286 1390 4357 scriptionem
1408 4284 1513 4342 sufficit
1527 4301 1595 4343 usus
1610 4287 1730 4358 privatae
1742 4301 1874 4359 personae
1885 4329 1892 4357 ,
1904 4286 1953 4342 nisi
1963 4297 2004 4339 res
2099 4287 2100 4307 ³

380 4377 493 4437 adverto
509 4376 600 4452 (quod
613 4379 640 4434 in
653 4377 783 4450 principio
798 4375 879 4433 huius
900 4382 1035 4434 tractatus
1054 4377 1177 4452 notavit,
1212 4373 1423 4446 praescribenda
1445 4375 1636 4432 communitati
1657 4375 1692 4432 sit
1718 4375 1895 4449 acquirenda.
1920 4371 2003 4445 Aliqui

378 4470 423 4526 lus
436 4467 583 4541 dupliciter
597 4467 663 4524 dici:
678 4482 733 4524 nno
747 4465 828 4523 rnodc
842 4465 877 4523 de
890 4465 953 4536 illo,
964 4465 1039 4538 quod
1054 4467 1179 4525 consistit
1213 4479 1278 4522 vero
1291 4479 1325 4522 en
1340 4463 1444 4521 insistis
1457 4465 1548 4522 citatis
1562 4465 1791 4522 consuetudinem
1807 4453 1923 4536 vocant,
1938 4477 2002 4535 quc·

378 4558 406 4614 in
425 4556 554 4614 laenitate
574 4555 684 4629 utendi,
705 4554 780 4629 quod
798 4561 842 4612 est
859 4554 1025 4622 dominium,
1041 4555 1083 4612 vei
1098 4557 1177 4628 quasi
1213 4554 1261 4610 tice
1281 4555 1467 4611 eornmunitas
1487 4561 1544 4627 est,
1566 4569 1637 4626 quae
1656 4553 1833 4626 praescribit,
1852 4555 1896 4612 vel
1909 4557 2000 4610 eontra

378 4645 543 4715 dominiumq
557 4660 619 4701 nam
633 4651 724 4718 potest
739 4641 879 4700 includere
890 4643 931 4699 ius
945 4645 971 4699 in
983 4659 1012 4701 ra
1022 4652 1051 4701 et
1061 4643 1094 4700 ad
1107 4661 1176 4716 rem,
1212 4641 1435 4702 communitatem
1455 4644 1660 4716 praescribitur.
1683 4645 1736 4702 Sed
1756 4660 1810 4702 non
1830 4651 1922 4714 reete,
1941 4641 2000 4712 quia
2095 4635 2096 4638 ’

377 4743 404 4793 ιι
418 4735 582 4810 generaliter
595 4735 649 4791 dici
668 4738 760 4806 potest
779 4733 822 4789 ius
836 4731 963 4802 dominii,
980 4732 1021 4789 vel
1036 4734 1115 4806 quasi
1128 4732 1179 4791 do·
1213 4735 1256 4791 ius
1269 4735 1432 4807 acquisitum
1446 4750 1501 4790 non
1514 4739 1557 4790 est
1567 4733 1625 4806 lex,
1638 4733 1685 4790 sed
1699 4733 1867 4806 dominium,
1883 4731 1920 4789 vel
1932 4722 1997 4785 aliud

377 4826 464 4898 minii,
483 4827 561 4882 etita
574 4825 601 4880 in
615 4824 702 4897 rigore
717 4829 823 4895 spectat
837 4819 870 4878 ad
888 4822 1011 4880 iactum:
1028 4822 1079 4880 alio
1095 4821 1177 4879 modo
1211 4823 1253 4880 ius
1267 4823 1376 4895 utendi3
1389 4840 1450 4880 nam
1466 4830 1532 4880 tuac
1546 4825 1730 4881 communitas
1741 4840 1770 4881 se
1780 4823 1862 4880 babet
1878 4830 1996 4892 tanquan

375 4913 479 4975 dieitur
493 4917 537 4971 ius
551 4913 584 4970 dc
599 4913 658 4986 illo,
673 4911 748 4986 quod
763 4914 816 4968 vim
831 4911 912 4968 babet
924 4911 1072 4986 obligandi,
1083 4919 1111 4969 et
1127 4914 1177 4969 im·
1211 4927 1284 4970 unus
1299 4913 1422 4984 privatus
1436 4927 1580 4984 possessor
1595 4927 1627 4968 ao
1641 4911 1783 4986 dominum
1798 4923 1827 4970 et
1844 4908 1993 4974 differentia,

375 5004 503 5080 perandi,
518 5009 546 5062 et
558 5002 612 5060 dici
632 5010 723 5075 potest
734 5003 778 5060 ius
792 5002 858 5074 legis
872 5017 921 5058 seu
936 5000 1032 5074 legale.
1049 5002 1175 5060 Privatus
1210 5002 1285 5075 quod
1302 5017 1417 5072 persona
1433 5001 1638 5075 praescribens,
1654 5002 1696 5058 vel
1711 5009 1810 5059 contra
1828 5017 1907 5075 quam
1925 5009 1994 5069 prae·
2091 5053 2092 5089 1

375 5111 442 5170 ergo
459 5109 528 5152 usus
547 5094 630 5150 unius
644 5107 775 5163 personae
790 5098 882 5162 potest
895 5091 1021 5148 conterre
1034 5091 1078 5148 ius
1092 5084 1119 5147 in
1133 5107 1174 5164 re,
1210 5090 1355 5164 scribitur,
1369 5089 1404 5147 sit
1414 5105 1479 5147 vera
1494 5090 1535 5147 vel
1547 5091 1622 5161 licta,
1635 5089 1712 5148 valde
1724 5091 1868 5148 materialis
1881 5094 1928 5146 est.
1940 5085 1992 5142 llott

374 5187 418 5244 rel
438 5183 586 5242 dominium
607 5182 662 5252 rei,
685 5188 732 5238 aut
747 5181 789 5237 ius
803 5181 958 5250 servitutis,
973 5187 1002 5236 ct
1015 5180 1129 5251 similia,
1145 5189 1176 5238 ut
1212 5186 1322 5253 oportet
1338 5186 1430 5236 autem
1443 5179 1478 5238 de
1492 5180 1649 5237 nominibus
1663 5179 1839 5237 contendere.

375 5278 401 5336 in
415 5273 629 5352 praescriptione
644 5271 796 5345 contingit:
813 5268 880 5328 illud
894 5276 986 5330 tameo
1001 5270 1043 5332 ius
1057 5285 1112 5329 aun
1126 5269 1174 5329 bs·
1249 5273 1276 5329 t.
1290 5268 1348 5329 elia
1358 5269 1508 5330 differentis
1518 5276 1571 5344 est,
1583 5271 1648 5345 quia
1658 5267 1691 5326 ed
1703 5268 1923 5329 consuetudinem
1934 5275 1989 5338 ert·
