4260 6222
837 386 945 437 casua
958 389 1068 440 xxxv.
1655 375 1718 438 493

288 511 299 526 “
317 503 388 566 sicut
401 510 462 568 talis
483 527 600 586 persona
614 513 672 584 ipso
694 513 752 571 iure
771 519 814 570 cst
832 515 918 586 impo-
956 520 1048 571 tameo
1061 514 1127 588 ipsis
1142 515 1253 588 privatis
1266 516 1395 589 personis,
1404 515 1600 588 praeiudicare,
1613 518 1693 574 ebant
1708 532 1757 590 per

320 599 472 658 *natandum
494 603 649 678 privilegio,
670 606 706 660 ila
724 603 852 661 etiamad
873 604 919 661 de·
954 604 1068 662 modum
1087 607 1309 679 renunciationis,
1324 611 1389 680 quia
1404 608 1480 665 iavor
1494 607 1605 665 illorum
1620 610 1757 681 separabi-

346 688 385 761 d,
401 693 442 749 rel
457 692 490 750 ad
508 692 697 766 expoliendum
712 693 808 751 illude
828 710 856 750 se
871 708 919 766 per
954 692 986 748 lis
1006 700 1048 750 est
1069 694 1103 750 ab
1124 695 1188 767 ipsis
1209 697 1269 752 sinc
1288 696 1456 769 praeiudicio
1478 698 1695 756 communitatis.
1716 703 1757 756 dn

374 797 395 834 s.
416 784 529 841 buobus
557 789 647 842 autem
668 783 755 840 modis
770 786 917 858 contingit,
954 799 1019 840 vero
1041 783 1110 842 baec
1131 787 1302 844 renunciatio
1323 794 1391 844 tunc
1413 788 1448 844 sit
1468 788 1501 844 de
1521 793 1581 844 toto
1602 789 1754 861 privilegio,

395 871 542 928 'conantis
560 879 655 930 contra
674 873 846 946 privilegium
858 889 918 930 esse
953 874 1034 930 etiam
1052 889 1102 946 pro
1123 875 1224 932 tuturis
1245 877 1426 949 temporibus,
1443 877 1484 933 vel
1505 876 1596 934 solum
1621 893 1670 949 pro
1691 877 1756 935 solis

423 961 507 1019 udum
522 962 599 1020 illud.
617 965 708 1020 Primo
726 965 790 1036 quia
811 964 919 1036 privile·
953 963 1060 1019 actibus
1074 965 1275 1036 praesentibus,
1287 967 1334 1039 qui
1348 974 1445 1023 contra
1456 966 1625 1040 privilegium
1639 967 1716 1040 liunt,
1731 967 1756 1023 in

447 1051 601 1120 publicum,
619 1057 647 1109 et
659 1065 816 1124 commune,
832 1059 860 1110 et
873 1068 916 1109 ra·
953 1054 1133 1126 sequentibus
1148 1053 1309 1112 videbimus.

479 1140 640 1198 conceditur
659 1140 772 1214 singulis
786 1139 819 1198 de
840 1157 916 1198 cam·
994 1144 1159 1201 6.Secundo
1175 1145 1366 1216 exponendum
1380 1151 1436 1216 est,
1453 1146 1592 1218 quomodo
1607 1147 1645 1202 sit
1660 1145 1757 1204 intelli·

513 1231 674 1304 privilegio,
697 1230 745 1286 sed
765 1231 846 1288 etiam
867 1234 917 1289 im·
953 1232 1041 1304 ganda
1057 1233 1124 1290 baec
1141 1235 1249 1291 amissio
1265 1235 1396 1308 privilegii
1411 1250 1459 1306 per
1474 1235 1646 1291 contrarium
1661 1251 1754 1291 usum.

529 1321 572 1377 uia
593 1321 706 1394 quilibet
722 1337 789 1378 usus
808 1328 919 1379 contra·
952 1321 1066 1378 Duobus
1079 1323 1149 1379 enirn
1164 1323 1250 1379 modis
1265 1327 1456 1396 suprapositis
1469 1323 1691 1398 potestintelligi,
1703 1326 1757 1380 sci-

493 1407 500 1418 '
553 1408 670 1467 daretiu
687 1410 815 1468 damnum
832 1413 916 1469 totius
952 1411 1016 1467 licet
1035 1427 1083 1482 per
1104 1413 1336 1471 renunciationem
1358 1416 1486 1478 tacitam,
1510 1413 1551 1470 vel
1573 1427 1622 1486 per
1644 1413 1756 1471 modum

582 1501 735 1556 contrarius
758 1517 812 1556 οοο
827 1500 916 1558 solum
952 1499 1068 1556 alicuius
1087 1505 1322 1575 praescriptionis.
1338 1505 1442 1572 Quibus
1457 1502 1518 1558 addi
1540 1508 1634 1575 posset
1656 1505 1755 1561 tertius
1822 1521 1827 1546 ¹

595 1605 603 1634 a
620 1595 706 1646 totum
722 1589 861 1662 privilegio
878 1596 918 1647 et·
951 1589 1062 1662 modus,
1079 1591 1207 1650 videlicet
1221 1609 1270 1666 per
1284 1593 1396 1650 modum
1411 1607 1513 1664 poenae
1528 1593 1553 1649 in
1567 1594 1628 1648 iure
1645 1594 1757 1664 imposi-

620 1679 751 1752 ·iuturis,
768 1695 863 1736 rerum
877 1687 917 1736 et·
952 1683 1004 1750 tae3
1021 1679 1069 1736 sed
1084 1681 1158 1738 bunc
1175 1684 1341 1755 omittimus,
1357 1690 1416 1740 tum
1432 1683 1496 1754 quia
1510 1695 1560 1738 nec
1575 1684 1603 1737 in
1619 1684 1681 1740 iure
1695 1683 1757 1740 iun·

658 1769 683 1824 in
705 1770 840 1840 praesenti
864 1785 913 1841 pro
951 1767 1211 1842 damentumlrabet‚
1222 1772 1318 1829 nullibi
1333 1773 1404 1830 enim
1415 1773 1513 1845 legitur
1530 1772 1583 1828 late
1594 1772 1662 1828 baec
1675 1774 1755 1830 amis-

676 1861 776 1934 ttnqit,
799 1858 832 1916 de
855 1876 917 1916 sen·
952 1859 990 1916 sio
1011 1859 1141 1933 privilegii
1155 1863 1181 1916 iu
1204 1861 1256 1918 boc
1271 1877 1339 1919 casu
1356 1876 1405 1934 per
1426 1861 1538 1918 modum
1552 1875 1671 1933 pceuae;
1694 1868 1754 1919 tum

696 1949 841 2004 *nuncians
867 1949 916 2005 im·
943 1952 1032 2007 *etiam
1047 1951 1112 2024 quia
1127 1952 1202 2009 sicut
1216 1951 1249 2009 de
1271 1968 1324 2010 nou
1340 1969 1394 2010 usu
1409 1951 1474 2023 diri,
1490 1953 1525 2008 ita
1545 1951 1626 2008 etlam
1641 1954 1666 2008 in
1689 1968 1755 2011 ccu-

719 2053 799 2092 aoeos
815 2038 916 2095 violeu·
952 2039 1035 2095 trario
1050 2055 1105 2096 usu
1121 2055 1218 2098 rerum
1232 2049 1286 2114 est,
1299 2042 1403 2099 auitam
1416 2027 1551 2099 rationem
1568 2057 1670 2113 poenae
1685 2043 1710 2098 iu
1723 2061 1756 2100 eo

745 2128 835 2199 agium
849 2131 914 2185 reli·
949 2129 1071 2202 reperiri,
1086 2131 1151 2202 quia
1165 2131 1236 2188 licite
1252 2137 1344 2204 potest
1357 2132 1419 2205 quis
1436 2145 1514 2203 agero
1529 2134 1627 2187 contra
1644 2132 1752 2203 privile·

771 2219 872 2274 uticus
885 2217 916 2274 ii·
950 2219 1024 2289 pum
1038 2233 1131 2288 suum3
1145 2235 1198 2276 non
1212 2226 1254 2278 est
1266 2235 1332 2292 ergo
1344 2220 1378 2278 ob
1393 2237 1452 2277 eam
1464 2234 1521 2276 rem
1534 2218 1634 2292 dignus
1652 2237 1749 2292 poena.

801 2310 913 2365 canonis
950 2308 1007 2363 imo
1020 2307 1129 2379 quando
1144 2309 1241 2383 aliquis
1255 2310 1390 2385 delinquit
1403 2310 1510 2384 agendo
1525 2317 1622 2366 contra
1645 2311 1752 2382 privile·

748 2405 841 2469 scepta
854 2413 916 2454 sen·
951 2396 1026 2469 glum
1041 2413 1136 2470 suum,
1148 2400 1195 2456 cui
1210 2401 1371 2458 renunciare
1386 2416 1439 2456 nou
1455 2404 1555 2470 potest,
1567 2414 1624 2455 οοο
1640 2401 1753 2472 punitur

566 2547 576 2559 ν
601 2495 655 2560 stt,
669 2489 702 2543 de
716 2486 777 2544 toro
792 2496 912 2560 compet.
951 2485 1086 2560 privilegii
1098 2489 1258 2562 privatione,
1272 2490 1320 2548 sed
1334 2488 1393 2546 aliis
1407 2489 1517 2561 poeuis,
1535 2493 1566 2544 ut
1579 2495 1655 2559 patet
1667 2505 1699 2546 as
1714 2490 1755 2546 di·

434 2615 451 2633 ..
465 2583 529 2634 iicet
546 2577 665 2634 clericus
680 2575 834 2650 permittat,
856 2593 885 2634 se
900 2594 916 2635 a
950 2583 996 2632 cto
1010 2591 1036 2632 c.
1048 2579 1208 2651 Continpit,
1225 2584 1254 2636 et
1268 2592 1330 2650 cap.
1342 2578 1615 2653 stationaliter
1629 2578 1689 2635 illos
1703 2595 1752 2637 au·

231 2708 251 2725 ..
263 2681 353 2725 rasurae
363 2667 539 2723 criminaliter
554 2666 679 2738 iudicari,
692 2681 745 2721 non
760 2666 850 2723 solurn
860 2684 915 2724 non
951 2673 1006 2722 tem
1020 2665 1090 2722 duos
1105 2669 1207 2739 priores
1223 2667 1319 2725 modos
1333 2676 1375 2725 est
1387 2669 1551 2740 difficultas,
1567 2669 1631 2741 quia
1646 2669 1671 2722 iu
1694 2667 1753 2724 iure

111 2764 214 2821 arnittit
228 2757 437 2828 exemptionem,
454 2771 550 2812 rerum
564 2757 645 2812 etiam
660 2754 712 2812 tale
729 2755 860 2813 iudicium
874 2757 915 2812 ni·
951 2763 1068 2829 uterque
1078 2757 1243 2831 insinuatum
1260 2775 1321 2815 nam
1336 2759 1362 2815 in
1376 2776 1403 2816 c.
1414 2762 1452 2816 st
1464 2759 1499 2816 de
1513 2763 1606 2826 terra,
1619 2764 1648 2814 et
1662 2766 1754 2815 cAc·

112 2855 146 2911 bii
162 2852 251 2920 valet,
266 2854 295 2904 et
308 2848 345 2904 ita
358 2860 446 2918 neque
461 2862 510 2917 pro
525 2845 569 2900 illo
584 2850 647 2901 actu
663 2845 834 2918 privilegium
849 2862 864 2903 a
886 2863 915 2904 se
950 2843 1129 2908 cedentibus,
1143 2845 1176 2903 de
1191 2848 1351 2921 privilegiis,
1369 2849 1517 2921 requiritur
1534 2855 1641 2920 tempus
1656 2850 1753 2919 trigin-

112 2944 223 3000 aulerre
238 2938 335 3011 potuit.
346 2937 476 3010 idemque
491 2943 534 2993 est
548 2937 574 2992 iu
589 2936 733 2993 similibus.
950 2939 994 3005 ta,
1016 2933 1058 2990 vel
1079 2936 1260 3009 quadraginta
1280 2953 1436 3012 annorum,
1459 2943 1490 2994 ut
1509 2952 1558 3010 per
1583 2937 1754 2994 contrarium

151 3039 179 3090 5.
196 3029 257 3086 Alio
279 3026 359 3084 modo
380 3029 515 3100 confingit
535 3025 602 3082 baec
623 3025 784 3098 prohibitio,
805 3025 915 3099 quando
953 3039 1035 3080 usum
1063 3025 1233 3098 privilegium
1260 3027 1412 3084 amittatur.
1433 3029 1462 3083 ln
1489 3043 1544 3099 quo
1576 3025 1754 3101 significatur,

112 3120 286 3194 privilegium
301 3133 355 3174 οοο
374 3122 418 3174 est
432 3132 480 3187 per
494 3131 523 3172 se
542 3116 630 3188 primo
645 3129 778 3187 personae
794 3116 913 3186 privatae
950 3113 1025 3170 bunc
1035 3114 1165 3172 ellectum
1178 3119 1256 3188 sequi
1267 3133 1300 3174 ex
1312 3116 1400 3190 aliqua
1411 3116 1676 3190 praescriptionem
1688 3132 1755 3173 cou-

111 3224 297 3280 concessum,
312 3209 360 3264 scd
374 3208 565 3264 communitati
579 3203 670 3262 alicui.
684 3205 763 3274 Quod
777 3205 914 3278 contingit
951 3205 1068 3261 trarium
1086 3221 1150 3262 vcro
1164 3213 1218 3278 est,
1234 3209 1300 3280 quia
1314 3207 1341 3263 in
1353 3205 1456 3264 eisdem
1471 3207 1576 3263 iuribus
1590 3206 1753 3264 luridamen·
1841 3215 1847 3229 ·

111 3301 221 3358 duobus
240 3297 339 3354 modis.
355 3297 458 3366 Primo,
478 3303 508 3353 ut
526 3293 699 3368 privilegium
715 3294 752 3350 ita
772 3293 854 3351 detur
867 3310 915 3366 pro
951 3301 1010 3351 tum
1025 3294 1106 3351 barius
1121 3296 1273 3352 amissionis
1287 3295 1388 3353 dicitur
1401 3311 1462 3352 esse
1478 3296 1560 3352 tacita
1571 3297 1752 3368 renunciatio,

112 3388 325 3459 communitate,
343 3393 373 3442 ut
386 3387 423 3441 sit
437 3384 470 3442 ad
486 3386 702 3456 praerogativam
716 3384 792 3454 eius,
810 3390 840 3439 ut
855 3383 915 3439 talis
951 3389 981 3440 ut
993 3390 1070 3455 patet
1083 3401 1116 3441 ex
1130 3384 1180 3440 illie
1194 3387 1284 3442 verbis
1299 3388 1408 3456 capuit
1420 3382 1456 3440 de
1470 3389 1563 3441 terra:
1576 3387 1621 3440 De
1631 3383 1753 3456 privile·

111 3479 298 3536 communitas
312 3481 369 3546 est3
388 3475 525 3532 ueletiam
540 3473 574 3530 ad
596 3489 678 3530 usum
694 3475 778 3530 tonus
792 3473 915 3544 corporis
949 3475 997 3545 pic
1010 3476 1111 3529 tanren
1123 3472 1240 3530 indulto
1254 3475 1339 3531 tanto
1353 3479 1482 3548 tempore
1496 3473 1578 3530 cobis
1597 3471 1754 3532 detrahere

110 3567 329 3638 communitatis,
344 3573 374 3621 ut
384 3571 427 3622 est
439 3581 490 3620 οοο
504 3579 622 3637 persona
632 3564 747 3620 uetant
758 3573 824 3620 trane
836 3569 916 3620 actus
949 3559 1092 3626 voluistis,
1110 3577 1179 3619 cuna
1192 3561 1320 3619 liberum
1335 3567 1373 3620 sit
1385 3565 1546 3634 unicnique
1565 3565 1629 3618 turi
1641 3579 1694 3620 sac
1708 3580 1753 3620 re-

110 3662 137 3714 in
160 3659 331 3714 contrarium
351 3655 415 3712 iacti
436 3670 451 3710 a
465 3653 581 3726 siugulis
595 3653 628 3709 de
642 3655 837 3710 communitate
852 3652 916 3708 nibil
951 3654 1107 3708 nunciare.
1118 3652 1152 3707 Et
1165 3667 1198 3708 ex
1214 3651 1263 3708 illis
1279 3651 1571 3725 capAccedenlibus:
1586 3655 1663 3710 Cam
1676 3656 1755 3710 enirn

111 3748 246 3802 aulerunt
259 3745 292 3801 de
308 3743 548 3817 privilegialtatio
558 3751 601 3799 est
615 3741 690 3800 clara
700 3758 733 3798 ex
747 3742 840 3814 dictis,
852 3743 917 3815 quia
951 3745 1035 3798 tanta
1049 3746 1179 3816 tempere
1192 3747 1302 3798 contra
1314 3740 1433 3798 indulta
1441 3739 1604 3814 privileqia
1621 3740 1754 3799 decimas

114 3844 184 3892 tunc
201 3835 248 3908 qui
267 3841 385 3891 conatur
399 3841 497 3889 contra
512 3833 698 3905 privilegium,
714 3847 766 3888 οοο
788 3839 831 3889 est
844 3834 916 3904 ipse·
951 3828 1099 3898 soluerint,
1120 3833 1160 3888 eis
1174 3834 1370 3888 renunciasse
1379 3831 1706 3904 praetemptandum
1720 3847 1753 3887 ex

114 3931 173 3980 niet
187 3923 401 3996 privilegiarius3
419 3938 480 3979 nana
494 3922 567 3978 aliud
582 3928 625 3978 est
638 3937 740 3992 corpus
756 3921 914 3997 mysticum,
951 3936 1012 3991 cap.
1022 3926 1071 3979 Ea
1084 3937 1149 3988 cre,
1167 3919 1200 3976 de
1219 3921 1267 3992 iis,
1283 3936 1352 3993 quae
1368 3921 1467 3976 bunia
1486 3919 1548 3975 mai.
1561 3925 1616 3976 etc.
1629 3921 1677 3976 ibi:
1694 3923 1753 3977 Per

113 4015 162 4070 cui
186 4013 281 4070 datum
305 4020 349 4069 est
374 4012 564 4084 privilegium,
589 4011 663 4067 aliud
687 4009 808 4067 membra
832 4010 914 4083 illius,
950 4010 1014 4072 boc,
1027 4008 1106 4082 qnod
1115 4008 1195 4066 dicto
1206 4015 1244 4066 Ν.
1254 4013 1451 4068 reverentiam
1462 4009 1603 4077 cscbibnit,
1618 4026 1695 4083 qnae
1705 4009 1755 4066 de·

114 4120 166 4160 seu
182 4102 302 4174 ungulae
316 4103 375 4158 eius
386 4116 544 4173 personae,
559 4100 660 4173 quibus
681 4099 732 4156 talc
746 4098 915 4172 privilegium
952 4099 1036 4156 betur
1047 4104 1232 4176 praeposito,
1246 4103 1308 4158 iuri
1321 4117 1374 4157 sno
1388 4104 1581 4158 renunciasse
1593 4099 1721 4157 oidetm.

113 4208 170 4249 non
188 4191 279 4247 datur.
292 4191 377 4263 igitur
396 4189 461 4246 iicet
482 4188 581 4264 singuli
595 4189 629 4244 de
643 4191 837 4246 communitate
850 4205 916 4246 οοο·
992 4193 1017 4248 7.
1034 4191 1064 4246 lu
1085 4190 1138 4247 hoc
1153 4196 1257 4261 puncto
1273 4192 1428 4248 communis
1447 4191 1538 4264 opin'p
1556 4189 1752 4262 videturesse,

114 4289 161 4338 tra
181 4280 352 4354 privilegium
372 4284 469 4352 agant,
496 4278 560 4335 nibil
584 4278 622 4334 illi
643 4279 853 4336 nocantsaltem
868 4296 916 4353 per
950 4279 1121 4354 privilegium
1136 4279 1162 4336 iu
1182 4279 1235 4337 boc
1249 4295 1317 4337 casu
1339 4281 1423 4338 amitti
1445 4287 1557 4354 propter
1577 4283 1689 4339 tacitam
1710 4298 1755 4338 re·

113 4369 227 4426 modum
249 4369 466 4426 renunciationis
479 4387 487 4439 3
513 4383 546 4424 an
567 4383 632 4425 vero
647 4383 696 4440 per
712 4367 823 4424 modurn
837 4384 915 4440 prae·
951 4371 1165 4426 cunctationem.
1177 4355 1353 4426 lia'sentiunt
1366 4370 1475 4443 glossae
1489 4377 1517 4428 et
1530 4370 1660 4429 doctores
1675 4373 1753 4428 circa

114 4459 270 4530 scriptionis
294 4459 380 4530 possit
406 4473 524 4530 nocere,
553 4458 643 4514 statim
668 4457 829 4514 ridebimus.
856 4459 915 4515 dlio
950 4458 1115 4532 dictatura3
1130 4461 1298 4516 etPanorm.
1312 4459 1427 4516 indicto
1441 4475 1502 4532 cap.
1519 4462 1598 4518 Cana
1612 4465 1754 4518 accessis-

114 4546 279 4605 veremudo
300 4548 455 4621 contingit,
475 4546 646 4622 privilegium
660 4547 776 4604 concedi
791 4563 917 4604 commu·
951 4554 1023 4618 sent,
1042 4549 1076 4605 de
1089 4550 1202 4606 constit.
1217 4565 1294 4605 num.
1305 4553 1333 4622 8,
1348 4551 1436 4624 magis
1451 4565 1508 4606 rem
1522 4550 1659 4622 explicans
1674 4548 1752 4622 dicit,

114 4639 193 4694 nitati
213 4653 261 4710 per
276 4652 305 4692 se
325 4637 426 4709 prima,
442 4636 476 4693 ad
498 4653 580 4694 usum
595 4653 660 4694 vero
682 4637 865 4712 singularum,
879 4639 916 4694 ita
951 4654 999 4710 per
1013 4637 1265 4695 contraventionem
1277 4638 1364 4694 amitti
1379 4637 1551 4711 privilegium
1564 4654 1598 4694 ex
1613 4638 1697 4696 tacita
1711 4654 1753 4695 re·

116 4736 148 4785 ut
165 4728 203 4783 eis
224 4727 305 4784 detur
319 4726 436 4782 facultas
451 4767 458 4798 ,
480 4742 535 4783 non
549 4733 639 4784 tamen
652 4726 807 4799 imponatur
821 4742 916 4783 neces·
951 4728 1138 4800 nunciatione,
1151 4729 1261 4801 quoties
1272 4729 1462 4786 contraventic
1473 4727 1502 4782 iit
1514 4742 1529 4782 a
1539 4743 1667 4799 persona,
1681 4743 1752 4799 quae

115 4820 181 4875 sitas
204 4817 298 4874 utendi
320 4816 365 4873 tali
387 4817 547 4890 privilegio,
574 4817 640 4889 quia
663 4817 820 4874 contrarius
845 4831 914 4874 risus
951 4825 1042 4890 potest
1050 4817 1212 4874 renunciare
1223 4815 1372 4889 privilegia:
1387 4832 1447 4872 nana
1460 4817 1482 4873 si
1496 4831 1614 4888 persona
1624 4816 1684 4872 talis
1698 4832 1753 4874 non

116 4921 171 4963 non
187 4906 262 4963 cedit
275 4907 301 4962 iu
316 4906 513 4976 iniuriam,·ral
527 4904 721 4964 detrimentum
735 4908 915 4964 communita·
952 4909 996 4979 sit,
1015 4914 1093 4980 tunc,
1108 4907 1147 4964 ait
1159 4907 1377 4978 panormitanus,
1394 4921 1455 4963 esse
1479 4906 1661 4962 necessariam
1675 4921 1754 4976 prae-

117 4999 165 5068 tis3
188 5003 216 5052 et
235 4996 298 5052 talia
311 5003 376 5054 suut
391 4996 477 5053 multa
497 4996 635 5068 privilegia
653 4997 862 5070 religiosorum,
885 5002 918 5053 ut
951 4999 1138 5071 scriptionem3
1153 5005 1181 5054 et
1194 4996 1266 5054 idem
1281 4997 1361 5053 sentit
1373 4995 1461 5052 Feiin.
1481 4994 1514 5051 ibi
1529 5011 1555 5050 ο.
1566 4999 1613 5059 28,
1626 4994 1712 5068 regul.
1724 4999 1752 5067 3,

113 5092 237 5144 constat.
245 5085 408 5144 Huiusmodi
421 5101 487 5160 ergo
500 5103 567 5143 usus
577 5087 733 5144 contrarius
745 5085 915 5158 singularum
950 5095 979 5144 et
992 5103 1067 5144 num.
1080 5090 1128 5155 29,
1144 5087 1251 5143 limitat.
1267 5091 1294 5158 3,
1310 5084 1344 5142 ad
1364 5085 1416 5141 boc
1432 5083 1587 5156 ponderans
1603 5087 1708 5140 textum
1723 5083 1754 5140 ii·
1858 5116 1861 5124 ·

114 5191 296 5250 personarum
310 5193 451 5250 nunquam
464 5177 563 5247 poterit
577 5176 684 5234 auterre
698 5175 867 5249 privilegium
881 5177 916 5234 ab
952 5178 1020 5250 lum,
1035 5183 1063 5234 et
1078 5176 1097 5232 l.
1108 5181 1139 5248 2,
1155 5177 1185 5232 C.
1203 5175 1236 5232 de
1250 5175 1303 5233 iur.
1317 5175 1432 5246 dotium,
1449 5189 1480 5230 ac
1494 5172 1612 5246 denique
1626 5173 1699 5228 varia
1712 5170 1754 5227 di·

114 5269 178 5340 ipsa
191 5269 385 5328 communitate
400 5275 512 5342 propter
526 5265 649 5325 eamdem
660 5269 804 5341 radonem3
816 5268 917 5339 poterit
951 5273 1008 5340 cta,
1023 5273 1051 5324 et
1065 5266 1203 5324 doctrinas
1217 5265 1362 5325 doctorum
1377 5263 1513 5339 congerit,
1529 5261 1629 5339 quibua
1646 5277 1753 5336 semper
