4232 6220
382 339 447 404 uto
1087 351 1255 407 aranu.

337 479 514 558 praedicate
532 479 718 555 eoaopettom
741 483 823 538 omni
847 484 1016 538 creaturae.
1037 478 1072 537 Et
1090 477 1142 536 boc
1218 487 1245 537 3.
1262 480 1308 538 llis
1321 497 1388 556 ergo
1403 483 1515 556 positis,
1530 483 1679 544 difficultas
1691 491 1745 558 ost,
1761 486 1874 560 quando
1895 485 1991 558 coepit

340 574 431 643 ipsum
446 570 617 644 praedictum
631 572 721 629 iuerat
736 587 785 644 per
799 569 926 628 Davidem
941 570 1008 642 psal.
1025 575 1058 628 2:
1078 573 1142 642 Epo
1177 568 1247 626 lraec
1261 570 1302 626 lex
1317 570 1442 629 homines
1457 573 1632 647 obligarallt
1644 569 1776 648 quoniam
1791 574 1857 631 mihi
1876 581 1989 632 certum

341 666 442 719 autem
465 665 641 719 cortslitatus
665 677 732 718 snos
754 664 819 720 lice
844 660 883 718 ab
909 675 942 716 eo
964 674 1052 734 super
1072 661 1142 716 ὁιοιι
1177 667 1231 731 εει,
1248 661 1636 734 incepisseaiudasis,iusta
1650 663 1716 721 illud
1728 664 1805 721 Pauli
1819 667 1917 721 Actor.
1941 668 1987 725 ts:

339 757 469 808 montem
483 755 623 806 sanctam
637 753 712 818 eius·
726 756 755 807 ει
769 751 847 807 inira:
863 747 989 808 Postula
1002 765 1023 806 a
1037 765 1092 818 me,
1114 751 1143 804 ει
1182 750 1268 807 Vobis
1286 751 1440 826 oportebat
1453 757 1590 827 primam
1608 753 1688 828 loqui
1701 753 1822 812 verbam
1836 757 1902 820 Dei,
1927 762 1988 811 etc.

337 837 414 898 dabo
427 841 480 898 tibi
492 845 593 913 psalm
606 839 822 898 haereditatem
836 845 935 906 taam,·
947 845 975 895 et
993 837 1140 894 iniraalie·
1177 838 1238 895 ideo
1257 841 1333 912 prius
1353 840 1386 898 de
1407 840 1458 897 illis
1479 843 1620 914 dicemus,
1640 849 1670 900 ει
1683 831 1825 915 postea'de
1843 841 1989 915 gentibus.

337 947 388 1006 ges
406 946 454 988 eos
474 934 505 987 in
522 934 611 1003 oirqa
622 928 742 1000 ferrea,
761 929 786 985 id
801 937 844 985 εει
858 929 996 986 inflexibili
1010 936 1038 986 et
1054 929 1139 984 iusta.
1177 929 1227 985 Est
1244 930 1328 1001 igitur
1346 930 1499 987 multorum
1514 932 1621 1003 opinio,
1638 932 1725 1005 legem
1741 947 1839 988 noram
1860 931 1991 1003 coepisse

337 1023 372 1078 Et
390 1027 525 1079 consonat
543 1020 609 1077 illud
624 1020 686 1077 lsai.
702 1025 730 1079 2:
748 1018 920 1078 Eieoabitar
933 1033 1022 1092 saper
1040 1016 1136 1084 colles,
1179 1016 1317 1090 obligare,
1337 1020 1497 1093 priusquam
1511 1021 1646 1091 coepisset
1664 1021 1697 1077 ab
1712 1021 1843 1098 apostolis
1861 1021 1993 1092 promul·

337 1117 365 1169 ει
382 1109 484 1185 fluent
502 1108 545 1168 ad
564 1125 632 1166 eam
651 1125 750 1166 omnes
773 1114 880 1183 pentes,
901 1112 928 1165 ει
938 1108 1020 1164 ibant
1036 1103 1142 1181 papali
1180 1106 1239 1178 gari
1258 1107 1284 1162 in
1309 1105 1353 1163 dic
1371 1109 1559 1166 Pentecosten.
1575 1107 1670 1166 Modus
1684 1116 1774 1166 eutem
1796 1109 1841 1165 hio
1860 1107 1993 1180 opinandi

288 1249 291 1254 .
337 1200 438 1262 malti,
456 1205 484 1257 ει
497 1198 609 1257 diceret:
624 1199 736 1265 Venite,
751 1205 779 1256 ει
792 1195 1143 1256 ascendamasadmoa-
1177 1197 1332 1268 tripartitus
1345 1200 1474 1256 estNam
1488 1199 1601 1273 quidam
1612 1199 1853 1273 dicun‚t,ooepissa
1866 1198 1994 1273 obligare

337 1297 395 1348 tem
409 1293 540 1357 Domini,
554 1294 582 1347 et
595 1288 637 1346 ad
650 1288 773 1346 domam
788 1291 842 1346 Dei
855 1287 963 1352 lacob,·
982 1291 1010 1343 et
1030 1284 1143 1342 docebit
1178 1291 1241 1342 ante
1262 1293 1377 1344 mortem
1397 1287 1514 1359 Christi,
1536 1289 1633 1346 saitem
1653 1286 1745 1363 quoad
1758 1304 1807 1359 ea,
1831 1303 1906 1362 quac
1922 1297 1993 1346 tuno

337 1395 389 1437 nos
404 1384 469 1437 uias
483 1395 570 1442 suas,
599 1384 628 1436 ct
650 1375 873 1435 ambulabimus
887 1381 918 1434 in
932 1378 1047 1433 semitis
1063 1378 1136 1442 ειειε,
1181 1374 1306 1432 Christus
1320 1377 1493 1447 instituerat,
1510 1394 1537 1433 r.
1549 1393 1577 1451 g.
1594 1377 1686 1450 quoad
1699 1378 1884 1449 baptismum,
1904 1393 1992 1450 quera

335 1473 409 1542 qaia
421 1468 457 1525 de
470 1472 542 1528 Sion
552 1468 645 1526 exibit
655 1467 714 1534 lea,
727 1473 755 1524 ει
764 1467 883 1524 verbam
894 1468 1015 1522 Domini
1025 1463 1061 1522 de
1075 1467 1142 1521 Hie·
1180 1471 1213 1522 ut
1226 1467 1412 1522 necessarium
1427 1469 1479 1522 iam
1494 1473 1693 1538 proposuerat,
1708 1466 1820 1525 dicens:
1837 1470 1907 1523 Nisi
1923 1457 1992 1541 q'ais

335 1556 478 1616 ruralem.
494 1560 530 1616 Et
553 1558 587 1614 ad
613 1558 666 1613 hoc
691 1559 781 1629 ipsum
806 1555 1026 1614 confirmandum
1053 1553 1144 1612 valent
1179 1554 1414 1625 renatassaerii
1433 1572 1472 1614 ea
1492 1573 1591 1630 aqua,
1609 1563 1636 1613 ει
1650 1558 1768 1631 Spiritu
1780 1560 1897 1613 casalo.
1920 1558 1991 1614 Nam

336 1649 426 1706 omnia
440 1643 594 1705 testiinonia
607 1649 777 1719 Scripturas,
790 1662 860 1719 quae
876 1652 941 1702 suni
952 1645 986 1703 de
999 1644 1142 1701 vocatione
1180 1648 1353 1718 Augustinus
1369 1646 1415 1702 lib.
1436 1651 1461 1704 t.
1475 1646 1507 1704 de
1522 1646 1632 1720 Origine
1645 1645 1760 1718 animae,
1775 1662 1838 1718 cap.
1857 1651 1886 1719 a,
1910 1645 1990 1704 dicit:

335 1737 467 1812 gentium,
480 1737 577 1808 psalm.
598 1739 661 1808 106,
678 1737 739 1793 lsai.
757 1740 805 1806 ib,
822 1741 851 1792 et
868 1734 975 1804 similis,
988 1733 1051 1790 item
1066 1747 1142 1789 rere·
1177 1741 1293 1810 Ecqua
1308 1735 1416 1793 iliada
1429 1737 1548 1794 Christo
1561 1735 1738 1804 dictumest,
1749 1735 1882 1810 aemofii
1899 1751 1994 1793 oseae

335 1827 399 1884 latio
420 1826 490 1884 iacta
506 1829 586 1884 Petro
601 1829 697 1883 Actor.
717 1829 760 1897 to,
775 1824 936 1906 ot-definnitio
951 1822 1059 1880 concilii
1078 1837 1143 1893 apo·
1178 1826 1264 1883 hant
1278 1827 1393 1885 Christi
1404 1829 1468 1883 siae
1479 1827 1625 1900 baptismo
1636 1825 1797 1900 aquaead
1814 1827 1989 1899 sauguinis.

336 1915 426 1973 stolioi
450 1919 545 1972 Actor.
567 1917 610 1974 15.
634 1915 779 1989 inquibus
799 1915 867 1972 locis
887 1920 1017 1985 tunquam
1032 1911 1142 1968 manile·
1179 1917 1253 1972 llaec
1269 1931 1334 1974 raro
1349 1917 1440 1989 opinio
1455 1914 1601 1987 probabilis
1616 1931 1669 1972 non
1684 1914 1822 1974 est.Uude
1836 1915 1862 1970 in
1880 1913 1938 1971 hoc
1952 1913 1994 1970 di·

336 2013 410 2064 stum
425 2003 679 2078 supponitur,hanc
695 2005 782 2077 legem
795 2020 845 2075 pro
856 2003 959 2059 iudaeis
972 2002 1054 2060 latam
1065 2017 1138 2072 esse,
1178 2005 1377 2078 stinguendum
1395 2013 1438 2062 est
1456 2007 1530 2062 inter
1548 2005 1705 2062 doctrinam
1722 2003 1783 2062 fidei
1799 2011 1829 2062 ει
1844 2005 1948 2077 legem,
1963 2009 1994 2060 ει

334 2096 453 2153 etetiam
469 2093 821 2168 gentescompreheodere.
1178 2096 1251 2152 inter
1277 2096 1466 2168 obligationem
1492 2094 1622 2151 credendi
1646 2101 1674 2153 et
1699 2094 1990 2167 observandilegem.

373 2191 401 2245 l.
414 2185 481 2254 Quin
497 2185 590 2258 potius
605 2185 681 2242 multi
696 2183 785 2242 iudaei
796 2191 863 2241 tunc
878 2181 1072 2244 eredebant.et
1093 2180 1141 2238 do·
1177 2190 1247 2242 hate
1262 2193 1378 2242 mortem
1388 2185 1460 2241 enim
1470 2184 1571 2240 Christi
1584 2199 1617 2240 ex
1627 2185 1688 2240 eius
1698 2182 1826 2241 doctrina
1845 2183 1992 2240 sufficien-

335 2277 444 2346 cebant,
463 2290 519 2331 non
531 2275 615 2332 inisse
630 2272 845 2346 praedicandum
860 2271 1034 2345 evangelium
1051 2271 1141 2344 genti·
1177 2282 1219 2332 ter
1239 2274 1330 2332 audita
1350 2281 1378 2331 ει
1399 2281 1563 2346 praecepta,
1581 2275 1641 2330 eius
1660 2275 1857 2329 contestatione
1874 2289 1924 2344 per
1939 2276 1991 2330 mi-

335 2359 489 2437 libus,quia
502 2365 697 2436 promissiones
712 2363 799 2420 iactas
814 2363 937 2419 Abrahae
952 2361 1016 2418 solis
1036 2360 1140 2417 iudaeis
1176 2364 1283 2434 recula,
1299 2362 1341 2418 rel
1356 2379 1405 2435 per
1420 2362 1470 2419 alia
1485 2363 1577 2444 signa,
1593 2363 1686 2418 statim
1700 2361 1841 2417 oriebatur
1854 2361 1990 2434 obligatio

334 2471 394 2512 esso
413 2455 499 2511 lactas
520 2453 730 2510 contendebant.
747 2454 832 2521 Quem
851 2466 976 2508 errorem
990 2450 1065 2506 brevi
1084 2465 1141 2506 ser·
1177 2451 1324 2522 credendi,
1339 2454 1405 2524 quia
1421 2458 1600 2523 praeceptum
1615 2449 1686 2522 fidei,
1702 2456 1831 2522 utsupra
1848 2449 1988 2522 dicebam,

335 2561 414 2603 mone
435 2543 536 2617 repulit
549 2546 647 2601 Petrus
661 2551 757 2600 Actor.
778 2545 822 2614 ιι,
839 2542 969 2599 latissime
984 2547 1077 2597 eutem
1097 2555 1143 2596 re·
1177 2540 1268 2614 quoad
1292 2541 1344 2597 hoc
1358 2557 1413 2597 non
1427 2547 1470 2596 est
1484 2541 1647 2611 positivum,
1663 2537 1711 2594 sed
1726 2537 1865 2610 naturale,
1882 2555 1989 2612 suppo-

335 2635 404 2692 iutat
417 2634 519 2692 Paulus
534 2635 560 2692 in
574 2635 653 2705 epist.
667 2633 701 2689 od
716 2631 963 2690 Romamradicem
977 2631 1035 2686 eius
1048 2636 1141 2686 osten·
1177 2631 1229 2687 sita
1252 2631 1433 2700 revelatione,
1457 2627 1482 2684 id
1502 2635 1545 2686 est
1559 2628 1738 2684 connaturale
1753 2626 1799 2684 illi.
1815 2629 1851 2685 Et
1865 2631 1908 2685 ita
1921 2629 1988 2685 obli-

333 2724 412 2782 dens.
428 2723 502 2792 Quae
514 2723 657 2795 erat,quia
672 2723 760 2778 iudaei
773 2720 806 2777 de
821 2723 879 2776 suis
891 2720 1020 2792 operibus
1038 2734 1141 2775 secun·
1176 2721 1233 2791 gati
1253 2717 1368 2776 luerunt
1389 2718 1496 2790 iudaei,
1513 2719 1594 2774 etiam
1608 2718 1711 2775 vivente
1724 2717 1847 2790 Christo,
1872 2717 1909 2775 ad
1926 2733 1988 2776 cre·
2006 2743 2013 2754 ·

333 2813 400 2870 dum
417 2813 505 2886 legem
520 2812 599 2868 iactis
613 2812 842 2882 praesumebant,
857 2816 885 2866 et
899 2816 1011 2881 propter
1028 2807 1075 2864 illa
1090 2824 1140 2879 pu·
1175 2808 1296 2868 dandam
1313 2851 1319 2879 ,
1341 2809 1416 2864 illum
1430 2823 1491 2865 esso
1505 2809 1642 2878 llessiam3
1658 2814 1686 2863 et
1699 2811 1905 2879 consequenter
1919 2807 1990 2864 obli·

335 2902 449 2971 tahant,
471 2901 535 2972 ipsis
557 2899 736 2956 satisdatum
756 2916 815 2954 esse
830 2899 986 2968 Christum,
1007 2904 1036 2953 et
1051 2899 1140 2954 omnia
1175 2901 1236 2970 gari
1262 2904 1415 2971 potuerunt
1440 2897 1475 2953 ad
1499 2895 1651 2967 parendum
1670 2895 1727 2968 ilii,
1747 2896 1844 2954 saltem
1858 2897 1888 2952 in
1902 2896 1987 2954 animi

334 2993 393 3050 eius
411 2991 493 3058 bona,
509 2996 537 3047 ει
550 2970 754 3061 cousequenter
767 2989 848 3044 etiam
863 2989 962 3061 legem.
974 2986 1077 3044 Paulus
1092 3003 1140 3044 au·
1176 2990 1393 3062 praeparatione,
1408 2986 1435 3043 id
1451 2992 1494 3043 est
1507 2987 1534 3042 in
1549 2986 1688 3059 proposito
1703 2985 1859 3056 obediendi,
1878 2988 1902 3042 si
1918 2987 1987 3060 quid

336 3089 389 3138 tem
412 3079 548 3149 ostendit,
563 3081 681 3154 gratiam
696 3078 796 3135 Christi
811 3082 896 3153 gratis
910 3077 981 3149 dari,
996 3085 1024 3135 et
1039 3077 1098 3135 ideo
1112 3080 1139 3134 in
1175 3079 1357 3150 praeciperet.
1373 3078 1440 3146 Quia
1460 3076 1493 3133 de
1507 3077 1604 3134 llessia
1619 3075 1788 3148 praediolum
1803 3083 1866 3135 erat
1883 3067 1988 3136 beute-

333 3170 441 3228 Christo
455 3185 511 3225 non
529 3183 591 3225 esse
606 3167 807 3225 distinctionem
822 3169 910 3225 iudaei
924 3173 952 3223 et
965 3169 1070 3240 graeci;
1087 3183 1138 3223 nec
1174 3184 1236 3224 ron.
1254 3173 1302 3224 18:
1318 3167 1500 3242 Prophetiam
1514 3165 1550 3223 de
1563 3171 1647 3240 qente
1662 3171 1716 3223 tua
1734 3171 1763 3224 ei
1779 3164 1816 3222 dc
1826 3165 1988 3239 fratribus

333 3259 574 3316 circumcisionem
596 3263 644 3314 aut
658 3259 833 3330 praeputium
848 3257 951 3331 aliquid
967 3258 1075 3327 valere,
1092 3257 1138 3315 sed
1175 3261 1235 3314 tuis
1249 3259 1326 3314 sicut
1338 3273 1393 3324 ote,
1408 3255 1562 3313 suscitabit
1577 3255 1632 3312 tibi
1643 3258 1789 3313 Dominus
1806 3260 1987 3320 Dorostorus:

332 3348 412 3406 iidem
427 3364 476 3420 per
497 3349 639 3404 caritatem
655 3353 829 3418 operantem,
845 3363 927 3419 quae,
944 3355 1082 3421 quantum
1097 3353 1140 3404 est
1174 3351 1273 3421 ipsam
1285 3343 1400 3404 audies.
1414 3346 1542 3402 Similiter
1552 3347 1650 3403 Petrus
1660 3345 1798 3402 arcadem
1818 3346 1986 3420 obligatione

331 3455 365 3495 ει
383 3444 460 3508 parte
483 3436 600 3506 Christi,
621 3436 749 3494 omnihus
764 3437 819 3492 sine
834 3436 993 3492 discrimine
1014 3453 1139 3493 commu·
1175 3435 1300 3506 credidit,
1316 3435 1454 3492 Christum
1468 3449 1528 3490 εεεε
1540 3435 1638 3491 Filium
1650 3435 1696 3492 bei
1709 3435 1775 3505 riri,
1788 3437 1854 3507 quia
1867 3436 1920 3492 iam
1933 3437 1984 3492 hoc

332 3529 453 3584 nicatur.
469 3527 510 3582 Ex
534 3542 590 3598 quo
616 3527 750 3597 principio
772 3524 909 3598 colligitur
930 3525 1031 3582 ratioa
1055 3527 1138 3597 priori
1175 3526 1255 3582 Pater
1279 3525 1304 3580 ei
1333 3523 1501 3592 sufficienter
1526 3523 1714 3595 revelaberat,
1741 3523 1831 3581 media
1857 3525 1984 3582 eiusdem

332 3615 501 3686 assertionis,
515 3617 578 3688 quia
593 3615 719 3671 Christus
733 3620 775 3670 est
788 3613 955 3685 Redemptor
976 3614 1138 3671 universalis
1174 3613 1276 3672 Christi
1294 3614 1508 3686 praedicatione.
1524 3614 1619 3685 Neque
1641 3613 1676 3669 sd
1698 3613 1768 3671 banc
1789 3612 1984 3686 obligationem

332 3705 454 3762 omnium
468 3703 621 3778 hominum,
631 3720 696 3776 ergo
710 3704 792 3760 etiam
804 3709 847 3759 est
859 3703 998 3778 legislator
1013 3706 1137 3762 omnium
1173 3693 1234 3762 er'at
1254 3705 1410 3764 necessaria
1424 3703 1516 3776 aliqua
1531 3718 1619 3772 mora,
1631 3702 1674 3759 rel
1690 3703 1776 3759 maior
1795 3705 1984 3776 promulgatio

332 3795 438 3852 divorso
461 3801 552 3851 tamen
572 3793 664 3850 modo.
676 3781 743 3850 Nau'i
763 3793 816 3851 init
829 3792 996 3865 Redemptor
1017 3793 1137 3850 omnium
1173 3794 1290 3866 publica.
1301 3794 1381 3864 Quia,
1395 3801 1426 3850 ut
1440 3791 1505 3864 diri,
1517 3792 1570 3849 hoo
1586 3799 1764 3865 praeceptum
1789 3792 1917 3852 naturaie
1931 3800 1984 3866 est,

331 3884 484 3953 hominum,
500 3885 580 3939 etiam
594 3883 719 3952 illorum,
736 3884 783 3954 qui
797 3880 934 3938 Christum
951 3887 982 3938 ut
1000 3881 1137 3938 hominem
1173 3885 1313 3956 supposita
1332 3881 1479 3939 sufficienti
1498 3883 1683 3955 propositione
1701 3880 1856 3952 doctrinae,
1879 3890 1909 3940 et
1924 3883 1985 3940 ideo

331 3977 558 4046 praecesserunt,
584 3977 612 4028 ει
636 3973 682 4044 qui
707 3987 722 4027 a
747 3971 879 4042 principio
895 3969 990 4026 muudi
1011 3970 1134 4043 luerunt,
1173 3988 1226 4029 non
1241 3971 1356 4044 requirit
1369 3970 1449 4027 aliam
1461 3971 1706 4044 promulgationem
1717 3978 1824 4042 praeter
1840 3970 1985 4029 sufficien-

331 4064 395 4137 quia
414 4076 465 4132 pro
484 4059 534 4116 illis
556 4059 703 4130 satisfecit,
717 4067 744 4117 et
758 4075 807 4132 per
821 4061 916 4116 merita
929 4059 989 4115 eius
1011 4061 1136 4130 praevisa
1173 4069 1227 4120 tem
1242 4062 1385 4119 doctrinae
1400 4061 1625 4132 propositionem.
1639 4060 1717 4118 Unde
1729 4061 1752 4116 si
1768 4061 1897 4131 privatim
1911 4062 1984 4118 lacta

330 4149 469 4208 iustificati
480 4148 738 4221 sunt.Legislatoris
749 4155 842 4205 autem
853 4149 1042 4205 munuscirca
1058 4164 1137 4221 prae·
1171 4152 1254 4208 luerit
1275 4150 1320 4206 uui
1341 4148 1382 4205 rel
1397 4149 1485 4219 alteri,
1502 4149 1561 4205 illos
1575 4149 1719 4222 obligabit,
1736 4149 1758 4205 si
1774 4165 1841 4206 vero
1856 4151 1981 4221 publice,

332 4237 461 4296 cedentes
485 4252 614 4294 exercere
640 4253 692 4292 non
712 4237 818 4308 potuit,
839 4238 904 4308 quia
921 4236 972 4292 iam
987 4251 1042 4292 uon
1058 4244 1137 4294 erant
1171 4240 1301 4313 obligabit
1316 4237 1474 4309 audientem
1491 4239 1517 4294 in
1532 4237 1646 4310 reliquis
1660 4253 1725 4294 vero
1740 4237 1815 4295 nulla
1829 4238 1896 4295 inde
1909 4241 1981 4296 orie-

331 4329 465 4398 viatores,
487 4341 537 4397 pro
558 4327 659 4398 quibus
678 4325 743 4382 solis
761 4324 845 4382 datur
865 4325 916 4381 len.
940 4325 1019 4381 Circa
1040 4341 1134 4383 omnes
1171 4337 1216 4387 tur
1231 4330 1371 4401 obligatio,
1387 4329 1463 4385 iuxta
1477 4328 1592 4384 verbum
1605 4328 1704 4384 Christi
1718 4329 1793 4385 loan.
1805 4332 1850 4386 15:
1867 4329 1905 4386 Si
1921 4347 1981 4386 aaa

332 4421 442 4486 autem,
463 4417 510 4489 qui
533 4421 655 4486 tempore
673 4414 807 4471 adrentus
820 4415 920 4470 Christi
936 4414 1076 4486 virebant,
1094 4416 1134 4474 rel
1170 4423 1329 4485 venissem,
1351 4423 1379 4474 ei
1397 4417 1514 4475 locatas
1520 4416 1652 4489 fuissem
1665 4420 1719 4485 eis,
1736 4423 1902 4492 peccatam
1917 4436 1981 4476 aon

293 4547 297 4552 ·
331 4505 1014 4580 posteatutarierant,exeroerepotuitChristns
1032 4520 1134 4562 munus
1169 4509 1324 4566 baberent:
1345 4523 1426 4563 anae
1439 4512 1542 4564 uatem
1555 4509 1780 4564 cremationem
1793 4508 1981 4566 manmena

334 4595 516 4668 legislatoris3
532 4601 559 4650 ει
573 4593 632 4650 ideo
648 4595 722 4650 sicut
735 4609 831 4649 omnes
845 4593 969 4664 redemit,
985 4593 1023 4650 ita
1040 4610 1135 4651 ornnes
1169 4595 1205 4656 de
1217 4601 1338 4672 peccato
1353 4613 1416 4654 saro.

332 4699 382 4741 sua
395 4685 454 4755 lege
470 4683 608 4755 obligarit,
624 4685 689 4756 quia
703 4697 751 4754 per
765 4683 983 4740 observationem
1000 4683 1083 4742 huius
1097 4685 1135 4742 le·
1206 4691 1233 4746 t.
1249 4689 1278 4743 ln
1294 4687 1429 4760 praesenti
1442 4701 1509 4760 ergo
1524 4701 1579 4744 non
1592 4691 1747 4743 tractamus
1758 4684 1792 4742 de
1803 4685 1856 4742 hac
1874 4687 1979 4762 obliga·

331 4775 374 4847 gis
386 4773 503 4828 salutem
519 4771 836 4843 etredemptionemeius
847 4773 1034 4844 participaturi
1045 4780 1131 4831 erant.
1167 4777 1240 4834 tione
1258 4775 1401 4843 credendi,
1418 4791 1469 4832 nee
1483 4775 1517 4832 de
1532 4782 1680 4850 praecepto
1695 4775 1775 4848 quasi
1791 4775 1932 4850 naturali,
1946 4793 1979 4834 ea

331 4863 451 4934 lienique
472 4861 524 4917 hae
545 4862 647 4918 ratione
668 4861 796 4920 Ecclesia
808 4860 907 4918 Christi
926 4878 981 4919 non
996 4869 1038 4920 ost
1052 4865 1134 4936 parti·
1167 4865 1277 4939 quoilla
1288 4865 1421 4936 nascitur3
1434 4863 1482 4921 sed
1493 4865 1634 4939 loquimur
1645 4864 1679 4922 de
1692 4865 1749 4937 lege
1769 4865 1881 4937 Christi,
1895 4873 1980 4938 prout

331 4950 450 5018 calaris,
471 4951 544 5006 sieut
563 4951 674 5022 antiqua
689 4966 843 5026 synagoge,
866 4950 971 5008 sedeat
986 4953 1132 5027 catholica,
1166 4961 1211 5012 est
1223 4955 1336 5026 positiva
1349 4952 1452 5010 diviua.
1468 4956 1497 5010 ln
1512 4970 1568 5026 qua
1581 4954 1633 5011 tria
1643 4953 1689 5010 illa
1698 4953 1832 5028 distingui
1842 4963 1977 5030 possunt,

333 5046 364 5096 ut
377 5037 493 5095 hahetur
507 5038 534 5094 in
547 5037 688 5114 simbolo,
706 5037 785 5096 idest
799 5040 960 5096 universalis
971 5042 1062 5113 quoad
1073 5041 1135 5100 loca
1168 5059 1239 5116 quae
1257 5058 1340 5115 supra
1353 5045 1379 5099 in
1394 5043 1452 5115 lege
1468 5044 1552 5100 reteri
1566 5042 1760 5114 distinximus,
1776 5043 1889 5102 seilicet
1902 5047 1979 5102 insti-

332 5136 359 5187 et
372 5144 502 5200 personas
520 5135 548 5186 ει
568 5135 692 5201 tempora
706 5127 739 5186 ab
752 5130 924 5188 institutione
937 5130 1050 5204 Christi,
1067 5147 1133 5206 ergo
1168 5136 1249 5205 tutio,
1266 5133 1382 5203 utilitas,
1398 5140 1426 5190 ει
1439 5133 1579 5208 obligatio.
1596 5135 1634 5191 lic
1647 5133 1821 5190 institutione
1836 5134 1923 5208 igitur
1937 5141 1980 5192 et·

332 5224 361 5274 et
373 5216 415 5274 lex
430 5216 591 5276 universalis
605 5223 657 5275 est.
1167 5223 1219 5282 iam
1231 5238 1286 5280 non
1299 5229 1464 5295 tractamus,
1477 5239 1544 5282 cnm
1555 5228 1672 5297 constet,
1684 5223 1777 5298 quoad
1789 5223 1886 5299 aliqua
1897 5225 1977 5282 huius
