4232 6220
384 364 446 432 620
1089 382 1261 435 cassata.

340 507 448 568 liciendi
462 523 515 567 non
530 507 620 566 solum
634 507 750 582 iudaeis,
766 506 814 567 sed
828 509 910 567 edam
925 507 1061 584 gentibus.
1071 507 1140 564 llam
1178 509 1268 580 potuit
1278 507 1380 568 Paulus
1393 507 1484 568 dicere
1495 511 1586 569 Petro:
1604 509 1668 568 Cur
1678 511 1757 584 copis
1767 514 1870 584 gemes
1884 503 1983 567 iudei·

340 607 503 672 apparenter
529 599 696 674 segregando
717 615 764 672 se,
787 597 940 656 intendebat
964 599 1141 655 occasionem
1175 599 1271 658 aare?
1290 601 1353 673 quia
1372 595 1551 658 hic'ellectus
1564 583 1626 657 rere
1641 601 1825 673 sequebatur,
1845 599 1890 656 rel
1905 601 1986 672 sequi

339 691 470 765 praebere
483 707 535 747 non
547 689 697 762 deceptioni
709 692 842 762 gentium,
855 689 901 747 sed
911 690 1082 746 instructioni
1092 705 1142 760 po·
1177 696 1286 762 potarat
1300 689 1391 748 exilia
1405 692 1496 762 specie
1510 691 1586 758 lacti,
1603 690 1668 747 licet
1681 689 1808 747 simulate
1822 691 1911 746 lieret.
1930 691 1983 745 lix·

341 781 395 838 tius
410 780 588 850 iudaeorum,
604 780 692 837 media
706 779 782 836 Pauli
795 779 989 837 admonitione.
1004 776 1080 835 Unde
1095 775 1142 834 ad·
1174 781 1325 837 cusabatur
1336 787 1428 836 autern
1439 796 1454 836 a
1465 779 1632 852 culpa,quia
1642 781 1783 852 supposita
1794 779 1981 837 conventione

340 870 396 933 uit.
417 871 498 927 etiam
513 870 627 928 Paulum
643 887 696 927 non
710 885 774 927 rere
792 877 821 926 et
842 885 876 926 ea
890 869 978 926 animo
993 869 1142 940 reprehen·
1178 870 1253 927 lacta
1265 871 1339 926 inter
1354 876 1506 942 utrumque
1521 871 1689 942 apostolum,
1705 869 1810 927 nullum
1830 883 1985 926 nocumen-

340 961 414 1018 disse
429 962 558 1032 Petrum,
575 959 623 1017 sed
637 960 727 1017 solum
741 957 1042 1028 secund-unisociem,
1062 959 1143 1014 idest
1176 965 1235 1015 tum
1256 959 1333 1031 seqiri
1352 965 1459 1030 poterat
1471 975 1504 1016 ex
1518 957 1565 1014 illa
1579 961 1720 1031 apparenti
1735 959 1899 1027 coactione,
1919 959 1984 1029 quia

338 1052 477 1120 euterius,
492 1059 521 1108 et
535 1052 561 1105 in
576 1051 748 1121 apparentia,
764 1055 792 1104 et
804 1064 836 1104 ea
851 1048 1004 1118 composito
1018 1061 1083 1104 cum
1097 1062 1142 1103 eo·
1176 1049 1268 1106 statim
1279 1054 1338 1104 erat
1348 1047 1500 1104 adhibenda
1511 1048 1645 1104 medicina
1656 1064 1705 1120 per
1719 1047 1905 1104 resistentiam
1914 1049 1986 1104 Pau·

338 1139 400 1196 dem
413 1142 504 1198 Petro.
513 1141 587 1208 Quae
599 1133 732 1196 sententia
745 1139 796 1194 luit
805 1139 994 1210 aadquorum,
1005 1152 1075 1208 quos
1085 1135 1143 1207 ipse
1176 1138 1209 1210 ll,
1226 1145 1309 1211 atque
1323 1139 1360 1194 ita
1374 1139 1477 1195 vitatur
1491 1153 1574 1194 omne
1587 1139 1763 1194 mendacium
1777 1133 1807 1194 ia'
1819 1139 1981 1208 Scriptura.

339 1229 435 1301 relert,
447 1238 475 1287 st
489 1231 649 1302 praesertim
661 1230 861 1304 Chrysostomi,
874 1243 944 1300 quos
953 1225 996 1283 alii
1007 1241 1089 1297 supra
1103 1225 1142 1281 ci·
1175 1227 1330 1285 Videndum
1344 1243 1410 1286 vero
1425 1233 1564 1300 superest,
1579 1243 1613 1284 aa
1627 1228 1760 1302 expositio
1774 1229 1811 1284 sit
1824 1241 1986 1284 accommo-

338 1319 387 1375 tati
402 1321 491 1376 secuti
506 1327 580 1376 sunt.
596 1319 660 1376 lloti
674 1324 765 1376 autem
780 1323 859 1387 suut,
877 1323 935 1373 tum
950 1315 1014 1388 quia
1027 1331 1080 1370 non
1099 1319 1143 1370 est
1176 1318 1275 1376 danda.

339 1409 497 1479 verisimile,
512 1409 553 1466 vel
568 1411 678 1466 Petrum
694 1422 825 1478 peccasse
839 1405 864 1460 in
879 1405 996 1460 materia
1010 1403 1077 1460 adeo
1092 1403 1143 1459 sibi
1218 1413 1262 1467 18.
1277 1406 1371 1476 Quoad
1386 1407 1457 1464 hanc
1472 1423 1540 1482 ergo
1555 1415 1661 1481 partem
1675 1406 1790 1462 maxima
1806 1404 1872 1461 maha
1886 1405 1986 1476 praba.

339 1505 417 1568 nota,
434 1499 475 1554 vel
491 1499 605 1555 Paulum
620 1495 865 1569 reprehendissem
886 1497 979 1564 Petro,
996 1494 1070 1564 quod
1087 1491 1142 1564 ipse
1177 1504 1224 1556 tur
1237 1501 1371 1556 sententia
1385 1499 1529 1570 Augustini
1543 1497 1678 1566 docentis,
1694 1503 1782 1552 totum
1796 1495 1862 1552 illud
1880 1495 1985 1551 lactum

339 1589 448 1659 saepius
464 1588 538 1656 lecit,
554 1594 611 1645 tum
633 1588 713 1644 ctiam
730 1587 794 1659 quia
815 1584 898 1642 rerba
914 1589 1006 1640 textus
1027 1588 1145 1655 possunt
1178 1587 1340 1658 simpliciter
1353 1603 1415 1644 esse
1431 1585 1844 1662 intelligendum,proutlittera
1858 1587 1919 1655 ipsa
1934 1585 1985 1638 sin·

341 1676 420 1734 lacilc
435 1676 469 1734 ad
483 1677 556 1734 bunc
571 1693 682 1734 sensum
696 1674 911 1734 accommodari.
1177 1693 1241 1733 ecre
1252 1685 1362 1748 sumpta
1374 1679 1627 1749 praesefertQuam
1639 1678 1802 1735 seutentiam
1813 1677 1906 1734 secuti
1919 1682 1984 1732 sunt

381 1771 425 1824 lli.
438 1759 569 1824 dic‘rero
583 1767 698 1822 manime
713 1771 795 1838 urget
807 1765 978 1836 Augustinus
994 1777 1143 1835 argumen·
1177 1768 1260 1822 etiam
1275 1767 1421 1822 anselmus
1435 1765 1633 1837 d.Thomas,et
1645 1767 1702 1824 lere
1716 1766 1759 1824 alii
1773 1768 1945 1824 recentiores
1959 1767 1985 1822 in

341 1863 399 1914 tum
414 1871 494 1914 suum
508 1857 542 1912 de
558 1854 711 1928 mendacio,
721 1857 784 1928 quia
798 1853 862 1932 hinc
877 1868 930 1908 non
946 1850 1035 1908 solnm
1051 1852 1143 1923 sequi·
1177 1854 1347 1912 Paulum.Et
1362 1873 1411 1926 pro
1426 1856 1522 1913 eadem
1537 1859 1606 1913 citat
1620 1859 1792 1930 augustinus
1807 1856 1984 1912 Ambrosium

341 1955 402 2017 tur,
423 1948 450 2002 in
469 1947 542 2003 lacto
562 1944 692 2002 simulato
709 1946 780 2001 Petri
799 1944 939 2000 inventum
954 1957 1016 1998 esse
1034 1939 1146 1996 menda·
1178 1953 1205 2001 et
1217 1945 1399 2020 cyprianum:
1423 1953 1450 2002 et
1468 1947 1501 2003 de
1516 1947 1662 2003 Ambrosio
1677 1946 1703 2002 id
1718 1952 1829 2002 constat
1842 1945 1987 2001 manifeste

340 2039 428 2108 cium,
440 2034 488 2092 sed
501 2035 582 2092 etiem
592 2037 619 2090 in
633 2034 725 2090 verbis
738 2034 821 2105 ipsius
832 2030 907 2089 Pauli
921 2038 950 2087 et
965 2030 990 2085 in
1002 2029 1145 2100 Scriptura
1178 2048 1211 2089 cx
1226 2035 1285 2090 eius
1299 2037 1497 2091 commentario
1512 2035 1546 2092 ad
1560 2035 1647 2092 Galat.
1659 2041 1686 2092 2.
1697 2037 1765 2091 Nam
1779 2037 1858 2090 circa
1872 2034 1917 2090 illa
1929 2051 1987 2088 rer-

341 2128 477 2183 canonica
487 2125 660 2183 mendacium
676 2126 801 2196 reperiri,
814 2121 887 2195 quod
901 2121 960 2176 siae
975 2118 1057 2177 dubio
1071 2124 1146 2174 esset
1180 2123 1227 2178 ba:
1244 2125 1322 2182 Cum
1336 2129 1438 2182 autem
1451 2129 1576 2182 uenhsel
1589 2128 1707 2192 Petrus,
1724 2131 1780 2182 etc.
1799 2125 1900 2196 inquit:
1917 2125 1987 2180 Post

341 2232 474 2290 inagnum
489 2214 650 2272 absurdum.
664 2214 784 2285 ideoque
799 2209 1097 2282 conaturhugustinus
1111 2205 1144 2262 ad
1179 2212 1372 2270 concord-iam
1393 2217 1559 2276 societatis,
1586 2221 1614 2270 et
1639 2213 1903 2286 honorificentiam
1925 2215 1988 2287 pri·

340 2306 408 2363 illud
422 2303 559 2362 deducere
573 2304 743 2375 praedictam
758 2300 932 2358 sententiam.
944 2300 1001 2356 Non
1015 2297 1079 2368 quia
1091 2296 1146 2354 exi·
1179 2305 1290 2367 matus,
1311 2318 1404 2374 quoni
1418 2302 1474 2359 sibi
1486 2305 1614 2360 invicem
1623 2319 1678 2379 per
1691 2307 1827 2377 gratiam
1837 2305 1896 2360 Dei
1907 2301 1988 2357 detu-

342 2398 479 2465 stimaret,
495 2394 562 2451 illud
575 2393 683 2451 admitti
697 2408 712 2448 a
726 2393 910 2466 Hieronymo,
926 2394 956 2444 nt
969 2385 1079 2460 quidam
1095 2401 1146 2456 pu·
1183 2388 1296 2457 terrent,
1320 2407 1401 2448 cunc
1419 2395 1631 2450 intereenienle
1655 2409 1752 2450 euusc
1774 2391 1984 2464 negligentius.

342 2490 410 2554 tant,
423 2482 471 2540 sed
485 2485 587 2554 potius,
598 2482 661 2554 quia
676 2481 789 2551 sciebat,
807 2496 861 2537 non
876 2493 937 2534 esse
951 2491 966 2532 a
980 2475 1146 2548 Hieronymo
1180 2477 1226 2536 uel
1246 2483 1367 2546 erroris,
1384 2479 1531 2538 dissidere
1549 2485 1627 2538 inter
1647 2498 1677 2538 se
1696 2481 1836 2538 videntur
1857 2479 1988 2555 apostoli

343 2572 571 2642 concedendum,
592 2579 621 2629 et
639 2574 677 2628 ita
696 2577 808 2644 propter
822 2569 889 2626 illud
909 2564 1051 2623 vitandum
1066 2581 1081 2622 a
1096 2579 1146 2621 sua
1180 2587 1240 2626 non
1253 2573 1286 2626 in
1297 2573 1426 2645 propria
1439 2587 1545 2638 eausa,
1560 2570 1657 2627 sedin
1671 2568 1872 2628 sollicitudine
1887 2569 1987 2628 Eccle-

343 2664 479 2720 sententia
494 2661 648 2720 recederet.
664 2661 846 2718 Nihilominus
860 2665 951 2714 tamen
965 2657 1146 2730 llieronymus
1180 2662 1314 2716 sempr
1332 2677 1402 2734 quae
1418 2661 1581 2718 septasalis
1596 2660 1842 2730 d000t‚prssjdium
1854 2660 1923 2716 titud
1935 2677 1987 2716 120„

343 2756 425 2810 tacite
441 2750 605 2824 respondet,
621 2739 747 2824 neg'ando
761 2747 912 2821 sequelam.
927 2747 996 2802 Nam
1010 2742 1043 2800 dc
1063 2744 1147 2798 simu·
1180 2763 1213 2804 er
1232 2751 1431 2821 compositione
1451 2752 1529 2822 licta,
1546 2751 1594 2808 scd
1609 2767 1641 2808 ea
1658 2749 1845 2808 sollicitudine
1859 2767 1929 2808 cum
1943 2750 1988 2806 ali·

343 2843 444 2899 latione
459 2842 525 2897 lacti
540 2842 592 2896 iarn
608 2856 692 2912 supra
707 2844 846 2896 ostensum
862 2843 921 2906 est,
942 2835 1067 2905 potuisse
1086 2848 1147 2894 esse
1181 2854 1236 2912 qua
1251 2839 1414 2913 negligentia
1425 2842 1577 2897 coniuncta
1588 2847 1677 2897 ortam
1688 2840 1782 2896 luisse.
1792 2841 1919 2911 ideoque
1931 2855 1989 2895 ver·

344 2930 524 3000 materialem,
542 2936 572 2986 et
584 2945 637 2984 non
653 2928 805 2998 formalem,
816 2927 844 2984 in
858 2924 949 2981 serbis
964 2929 1054 2980 etitem
1071 2921 1147 2978 Pauli
1182 2929 1247 2986 bum
1266 2933 1297 2985 tn
1307 2927 1395 3000 fracte
1411 2930 1568 3002 simpliciter
1581 2928 1713 3001 explicat,
1727 2928 1799 2986 idest
1812 2931 1841 2984 in
1857 2945 1990 2999 praesen·

344 3037 397 3098 non
413 3021 550 3091 reperitur
564 3017 747 3074 mendacium:
764 3031 826 3070 nam
840 3014 897 3084 ipse
912 3011 1054 3068 relerendo
1070 3025 1148 3082 prae·
1182 3019 1228 3085 tia,
1238 3023 1266 3073 et
1279 3017 1345 3074 licet
1357 3017 1522 3092 leget,puiu
1535 3019 1731 3092 reprehensus
1744 3022 1821 3085 erut,
1834 3019 1932 3074 statim
1944 3018 1989 3074 ad·

345 3111 456 3168 teritum
470 3109 576 3165 lactum
590 3121 731 3180 nunqnam
745 3104 828 3174 dixit,
843 3103 890 3159 illa
904 3103 1011 3172 omnia,
1027 3100 1146 3174 quesibi
1180 3104 1236 3178 dit,
1262 3123 1282 3164 a
1306 3111 1431 3164 ueritate
1448 3107 1638 3181 coangelico:
1662 3109 1709 3180 qui
1728 3116 1823 3164 autem
1843 3123 1859 3164 a
1874 3109 1990 3166 veritate

343 3203 558 3271 intervenerunt,
568 3198 653 3254 luisse
667 3213 700 3254 ex
712 3195 800 3252 animo
813 3201 841 3250 et
857 3193 961 3265 absque
972 3191 1147 3248 simulatione
1180 3194 1341 3268 evangelica
1355 3196 1579 3268 reprehenditur,
1598 3215 1650 3253 non
1665 3197 1737 3268 ficte,
1752 3197 1799 3254 sed
1816 3213 1884 3254 rere
1899 3215 1989 3270 repre·

343 3293 427 3362 lacta,
444 3286 491 3346 sed
511 3287 671 3360 simpliciter
685 3284 789 3354 retulit,
812 3281 887 3357 quod
901 3281 1020 3338 exterius
1041 3281 1147 3336 lactarus
1181 3283 1320 3341 hensibilis
1340 3293 1393 3342 est.
1410 3287 1485 3344 Unde
1509 3289 1665 3359 subiungit,
1688 3286 1803 3343 Paulum
1826 3296 1991 3344 constanter

342 3389 394 3440 est.
407 3383 464 3438 lmo
480 3393 544 3436 cum
558 3377 636 3448 diait,
648 3392 677 3433 se
691 3375 826 3431 restitisse
839 3375 928 3442 Petro,
941 3369 1078 3439 indicarit,
1092 3385 1146 3426 non
1182 3374 1363 3445 improbasse,
1372 3374 1445 3446 qarod
1460 3379 1557 3434 Petrus
1570 3377 1625 3432 sine
1639 3375 1754 3433 consilio
1766 3375 1884 3440 lecerat,
1897 3385 1926 3433 et
1938 3377 1989 3432 boc

342 3467 487 3540 excorde,
503 3466 550 3523 sed
562 3463 686 3538 insuete
701 3471 820 3534 tantum,
833 3467 861 3517 et
873 3463 900 3517 in
915 3460 1043 3516 exteriori
1056 3457 1147 3530 specie
1182 3462 1266 3520 modo
1281 3462 1388 3537 reliqua
1405 3467 1594 3537 prosequitur,
1607 3472 1638 3521 ut
1651 3473 1745 3538 postea
1759 3464 1929 3522 videbimus.
1940 3469 1988 3522 ho·

343 3557 487 3628 restitisse,
508 3556 582 3612 sicut
596 3559 623 3612 2.
641 3553 673 3609 ad
689 3551 809 3609 Corinth.
826 3555 851 3608 5.
864 3549 941 3622 dicit,
956 3547 1073 3622 cliparos
1087 3546 1147 3620 plo·
1183 3568 1249 3608 cnm
1270 3568 1334 3610 rerc
1348 3554 1476 3628 Cypriani
1498 3571 1551 3610 non
1569 3553 1695 3628 designat
1708 3555 1898 3626 Augustinus,
1914 3555 1988 3612 vide·

342 3649 420 3704 riori
434 3643 574 3717 infecte,
592 3648 621 3699 et
634 3659 694 3698 non
707 3645 739 3698 in
754 3639 855 3705 eorde,
875 3638 901 3696 id
915 3646 958 3695 est
971 3639 997 3693 in
1012 3652 1146 3709 apparea·
1183 3647 1238 3724 tur·
1250 3647 1341 3698 tamen
1362 3642 1415 3698 hoe
1435 3643 1588 3715 significare
1603 3645 1629 3698 in
1644 3643 1723 3714 epist.
1744 3647 1790 3701 it.
1806 3644 1840 3700 ad
1854 3645 1987 3711 Quintum
2098 3681 2099 3706 ,

343 3736 380 3792 tia
394 3750 524 3806 operum,
541 3749 594 3788 non
611 3733 635 3788 in
651 3731 772 3788 veritate.
793 3731 828 3786 Et
841 3735 1060 3800 consequenter,
1075 3725 1147 3799 quod
1181 3729 1307 3801 tratrem,
1322 3729 1367 3786 nbi
1381 3729 1474 3787 locum
1488 3731 1567 3788 illum
1581 3732 1728 3806 attingens,
1739 3733 1920 3790 commendat
1931 3749 1988 3789 mo·

344 3825 378 3880 de
394 3827 474 3880 Petro
489 3824 537 3892 ait,
551 3824 623 3894 quic
634 3817 873 3896 reprehensibilis
887 3821 962 3880 erut.
978 3822 1070 3887 potest
1083 3829 1146 3870 cum
1182 3816 1296 3874 destiam
1310 3819 1380 3876 Petri
1386 3822 1448 3893 ,qui
1460 3835 1515 3876 non
1529 3820 1677 3877 insolenter
1688 3822 1830 3893 respondit
1843 3821 1988 3896 allegando

343 3913 438 3969 eadem
453 3911 590 3968 additione
604 3910 725 3982 intelligi,
734 3908 843 3982 scilicet
854 3904 989 3978 insacia,
1002 3920 1051 3960 seu
1063 3905 1088 3960 in
1099 3919 1147 3975 ap·
1181 3907 1339 3978 primatum.
1348 3913 1409 3966 Nec
1422 3907 1558 3982 despecte
1572 3907 1715 3977 Paulum,
1731 3909 1779 3981 ait,
1791 3908 1873 3981 pared
1887 3909 1988 3968 Eccle-

313 3991 317 3998 ’
344 4000 477 4074 parentia.
497 4001 536 4056 Eo
549 3999 592 4055 rel
606 3995 814 4071 maalme,qucd
829 3997 909 4052 lectio
923 4009 1023 4068 graeca
1038 4010 1091 4050 non
1106 3994 1147 4051 di·
1180 3999 1244 4053 sice
1255 4000 1343 4070 prius
1357 3995 1654 4071 persecutorsuisset,
1669 3995 1720 4055 sed
1733 3997 1897 4054 consilium
1911 4003 1989 4055 oeri-

344 4093 383 4148 cit
403 4105 463 4146 esse
483 4087 738 4160 reprehensibilem,
760 4086 807 4142 sed
822 4084 1034 4158 reprehensum,
1051 4085 1147 4158 titique
1180 4089 1250 4142 tntis
1265 4085 1396 4146 odnaisit,
1413 4093 1441 4143 et
1454 4090 1566 4143 rationi
1579 4086 1739 4161 legitimae,
1757 4104 1851 4161 quom
1866 4089 1988 4146 Paulus

344 4181 378 4236 ab
393 4179 450 4235 aliis
465 4177 653 4251 ignorantibus
669 4175 882 4245 simulationem,
895 4173 942 4246 qui
956 4180 1101 4244 propterea
1115 4173 1146 4230 il·
1179 4173 1362 4242 vindicabat,
1369 4173 1465 4248 scotie
1479 4180 1634 4244 consensit,
1651 4175 1862 4234 document-um
1874 4177 1990 4236 sedicet

344 4269 400 4326 lum
417 4265 657 4338 reprehensibilem
673 4264 870 4321 existimabant.
1178 4265 1260 4322 nobis
1280 4262 1456 4322 concordiae
1475 4269 1503 4321 et
1519 4268 1688 4340 patientioe
1702 4266 1843 4323 tribuens.
1861 4267 1922 4323 lloc
1938 4285 1989 4324 aa·

387 4361 431 4415 tl.
455 4355 577 4427 Denique
598 4353 672 4426 quod
693 4352 795 4409 Paulus
815 4353 870 4409 ait:
896 4354 974 4408 Cum
994 4349 1141 4418 vidissem,
1180 4361 1234 4411 tem
1254 4348 1428 4427 exemplum,
1448 4362 1476 4411 et
1495 4353 1563 4411 haec
1578 4356 1639 4411 laus
1654 4357 1725 4412 Petri
1740 4355 1816 4412 nulla
1831 4355 1950 4427 luisset,
1966 4357 1988 4413 si

344 4447 420 4520 quod
441 4461 500 4501 non
520 4448 597 4500 recte
617 4442 810 4500 ambularent
830 4441 873 4500 ud
886 4445 1043 4498 ueritatem
1057 4458 1146 4498 evoro
1178 4461 1211 4500 ea
1226 4444 1382 4516 composito
1404 4450 1433 4500 et
1451 4459 1505 4500 uon
1525 4459 1588 4501 vere
1603 4447 1702 4502 Petrus
1721 4445 1822 4502 luisset
1835 4445 1989 4517 reprehen-

342 4534 423 4607 pelit
441 4533 508 4590 dicei
526 4533 649 4603 Cepheo,
664 4547 767 4588 corone
780 4529 926 4596 omnibus,
942 4535 997 4587 etc.
1013 4547 1067 4587 non
1082 4546 1144 4601 pro·
1178 4549 1237 4589 sus.
1249 4534 1385 4590 Potuisset
1399 4531 1481 4588 etiam
1494 4535 1665 4604 Augustinus
1676 4534 1773 4591 afferre
1782 4533 1986 4592 Tertullianum

343 4633 404 4697 pter
415 4626 539 4690 Petrum,
552 4620 598 4677 sed
614 4629 728 4692 propter
743 4619 809 4676 alios
824 4626 917 4692 potest
931 4618 1050 4691 intelligi,
1061 4620 1144 4677 irrisae
1177 4618 1224 4678 lib.
1239 4621 1272 4677 de
1287 4621 1441 4692 Praescrip.
1458 4636 1521 4693 cap.
1538 4626 1588 4692 23,
1603 4630 1632 4678 et
1646 4622 1693 4679 lib.
1710 4628 1738 4681 t.
1755 4632 1854 4681 contra
1868 4625 1987 4682 biarcio-

256 4743 258 4748 ·
344 4714 484 4770 verissime
503 4711 626 4786 dietum,
647 4726 709 4766 nam
729 4708 804 4783 quod
818 4708 850 4765 de
865 4709 955 4781 aliqua
970 4707 1145 4765 multitudine
1179 4727 1251 4780 nem,
1268 4727 1330 4782 cap.
1349 4715 1376 4781 3,
1394 4709 1439 4766 ubi
1452 4710 1524 4766 inter
1538 4711 1589 4767 alia
1604 4713 1652 4767 ait:
1669 4715 1704 4769 Si
1717 4713 1987 4787 reprebeusussuit

343 4803 462 4862 dicitur,
486 4816 539 4855 nou
558 4807 601 4855 est
619 4814 754 4869 necesse,
778 4806 809 4854 ut
832 4797 946 4870 singulis
966 4797 1142 4854 attribuatur.
1178 4802 1299 4866 Petrus,
1324 4803 1425 4871 utique
1449 4803 1685 4858 eonoersotionis
1700 4799 1766 4875 suit
1784 4805 1909 4869 uitium,
1927 4821 1987 4860 non

344 4892 469 4948 Locutus
487 4894 530 4944 est
543 4895 635 4945 autern
650 4887 750 4944 Paulus
769 4904 833 4944 cum
848 4889 928 4945 Petro
944 4889 1045 4958 potius,
1060 4903 1144 4960 quam
1179 4887 1345 4944 doctrinae.
1362 4889 1430 4956 Quia
1452 4904 1517 4944 vero
1534 4890 1719 4947 Tertullianus
1732 4889 1828 4947 ecdem
1845 4892 1928 4949 titulo
1944 4909 1987 4950 re·

343 4996 409 5036 curn
424 4979 498 5048 aliis,
515 4993 568 5032 non
583 4979 646 5050 quia
661 4983 785 5047 putaret,
802 4975 877 5031 illuin
891 4991 944 5031 non
959 4974 1099 5031 ambulare
1111 4974 1144 5032 ad
1178 4977 1239 5050 pelli
1255 4984 1372 5049 poterat,
1385 4992 1442 5050 quo
1457 4979 1631 5050 Augustinus
1646 4979 1769 5037 excludit
1781 4979 1880 5052 plures
1897 4997 1932 5038 er
1948 4983 1988 5039 al·
2098 5029 2099 5032 ,

344 5067 485 5124 veritatem
507 5064 657 5138 evangelii,
673 5064 719 5120 sed
735 5063 799 5136 quia
816 5064 851 5119 ita
864 5066 934 5119 inter
948 5078 995 5118 eos
1009 5079 1145 5122 convene·
1179 5066 1275 5140 legatis
1291 5082 1305 5122 a
1319 5068 1502 5143 Hieronymo,
1518 5067 1578 5124 ideo
1592 5067 1668 5126 illurn
1683 5069 1864 5143 omisit,quia
1878 5073 1906 5127 in
1923 5073 1986 5128 bae·

343 5163 400 5220 rat,
422 5163 451 5212 et
470 5156 531 5228 quia
552 5155 589 5210 ita
606 5153 765 5223 expediebat
779 5151 813 5209 ad
828 5151 1014 5209 efficaciorem
1028 5152 1144 5210 aliorum
1179 5156 1260 5213 resim
1281 5156 1373 5228 lapsus
1387 5162 1447 5226 est,
1463 5157 1504 5213 vel
1521 5164 1598 5214 certe
1612 5160 1676 5232 quia
1690 5161 1717 5214 in
1731 5174 1764 5214 ea
1779 5161 1920 5217 sententia
1932 5177 1986 5218 noa

343 5244 550 5302 instructionem
570 5248 599 5300 st
611 5244 825 5340 correctionem.
845 5242 967 5318 lienique
983 5257 1045 5300 rere
1059 5244 1142 5302 etiem
1177 5252 1220 5303 est
1244 5244 1309 5304 satis
1333 5252 1486 5333 constans,
1510 5245 1556 5304 sed
1572 5247 1644 5306 varie
1665 5247 1801 5324 loquitur.
1818 5251 1875 5309 Pro
1888 5249 1985 5310 eaden
