4190 6234
420 360 462 424 32
1119 345 1221 424 amna
1236 377 1269 424 v.

379 507 454 576 sunt,
470 517 538 576 quas
550 503 579 560 in
597 509 654 561 tres
668 503 771 563 classes
787 503 936 578 distinguo.
953 505 982 560 ln
998 504 1085 576 prium
1099 519 1170 576 pono
1206 503 1247 560 vel
1263 518 1311 577 per
1326 471 1498 576 seutentiam,
1512 503 1555 564 vel
1570 505 1627 576 ipso
1645 504 1714 562 iure.
1728 502 1795 561 lnde
1811 503 1882 560 enirn
1897 500 2008 574 colligi·

378 607 521 649 censuras.
545 595 574 651 ln
601 595 723 653 secunda
743 595 907 667 privationes
927 588 1076 668 quasdam,
1099 609 1169 668 quae
1208 609 1284 667 mus,
1304 595 1541 669 particulnmr'pso
1555 599 1619 652 lore
1637 609 1743 667 semper
1762 593 1872 652 ellicere
1886 593 2009 666 aliquid,

378 696 432 738 non
464 690 672 758 consequuntur
704 701 786 742 suurn
814 687 924 758 plenum
953 686 1082 744 ellectum
1115 686 1172 741 sine
1207 687 1232 742 in
1248 701 1304 759 quo
1318 702 1372 742 non
1387 692 1548 760 expectetur
1563 687 1698 743 sententia
1711 685 1833 742 lerenda.
1845 683 1926 742 Unde
1940 683 2012 740 ratio
2071 697 2072 726 t

379 771 491 830 actione
504 772 630 846 bominis,
646 779 678 832 ut
695 783 761 831 sunt
774 775 886 848 privatio
900 775 1022 832 beneticli
1036 774 1171 848 acquisiti,
1206 777 1317 851 regulae
1336 783 1396 849 est,
1418 778 1481 852 quia
1495 777 1578 834 verba
1591 778 1618 832 in
1632 776 1691 850 lege
1704 791 1758 832 non
1773 782 1838 833 sunt
1850 773 2010 848 superflua,
2071 791 2072 846 ξ

378 863 421 921 vel
435 864 609 936 propriorum
627 863 772 924 bonorum.
788 867 818 922 ln
839 867 920 923 tertia
933 867 1074 924 constituo
1091 879 1173 937 quas·
1206 883 1257 924 nec
1271 867 1348 940 salsa,
1362 883 1415 925 non
1430 875 1546 941 possunt
1558 873 1649 925 autem
1661 883 1721 923 esse
1735 881 1799 924 vera
1812 872 1841 924 et
1854 865 1945 932 utilia,
1959 865 2012 920 nisi
2071 873 2072 928 3

379 951 442 1011 dam
453 953 626 1028 privationes,
637 969 708 1029 quae
719 972 767 1029 per
778 954 868 1030 legem
879 956 965 1014 solam
976 957 1078 1030 integre
1092 957 1171 1027 liunt,
1207 957 1308 1031 aliquid
1325 964 1473 1030 operentur
1486 965 1549 1017 ante
1562 957 1737 1030 sententiam
1753 973 1820 1030 ergo
1835 955 1962 1029 aliquem
1975 956 2015 1012 el·
2071 997 2072 1012 .

379 1050 408 1102 et
421 1059 476 1100 non
489 1045 634 1118 requirunt
646 1061 694 1118 per
708 1061 737 1102 se
756 1046 872 1120 aliquam
887 1049 1024 1105 actionem
1042 1046 1170 1120 bominis,
1207 1048 1310 1106 lectum
1322 1048 1403 1106 babet
1413 1048 1490 1106 lesui
1501 1048 1624 1106 vitalium
1635 1047 1782 1106 verborum
1793 1047 1868 1104 circa
1878 1061 2014 1119 poenam,
2071 1083 2072 1086 κ

379 1151 431 1192 nec
446 1134 479 1192 ad
493 1134 565 1193 illam
578 1134 707 1210 obligant,
720 1137 769 1194 sed
783 1138 872 1195 solum
883 1139 917 1197 sd
932 1137 1124 1196 abstinendum
1138 1136 1172 1194 ab
1207 1154 1289 1214 quam
1303 1125 1426 1210 imponit.
1442 1139 1537 1210 ilices,
1553 1141 1616 1211 poni
1631 1139 1665 1196 ad
1679 1143 1824 1211 terrorem,
1840 1136 1882 1194 vel
1898 1134 1938 1193 ad
1954 1153 2015 1192 mo·
2071 1167 2072 1170 =

379 1225 471 1299 eliqua
492 1227 646 1299 receptione
660 1227 702 1284 vel
723 1227 756 1284 ab
777 1229 902 1299 actione,
926 1235 960 1286 ut
972 1227 1124 1285 inhabilitas
1140 1225 1174 1284 ad
1209 1228 1327 1286 rendum
1342 1227 1474 1302 iudicem,
1488 1237 1519 1287 ut
1532 1244 1597 1286 cum
1611 1230 1703 1302 rigore
1716 1243 1829 1301 poenam
1839 1232 2011 1302 exequatur.
2071 1269 2072 1272 η

378 1316 593 1390 matrimonium,
609 1316 643 1374 ad
664 1317 837 1392 beneficium,
856 1318 890 1376 ad
910 1317 1054 1376 serendum
1074 1317 1172 1376 eudra-
1209 1320 1263 1378 Sed
1278 1327 1387 1390 contra,
1398 1321 1464 1395 quia
1477 1320 1530 1378 boc
1544 1319 1627 1378 modo
1639 1321 1761 1377 enervari
1775 1325 1898 1391 possent,
1910 1324 1944 1375 et
1956 1317 2015 1375 iru-

378 1408 464 1481 gium,
477 1414 504 1464 ct
519 1408 625 1465 similia.
640 1408 675 1464 Et
689 1409 715 1464 in
729 1407 781 1465 boc
792 1411 873 1467 tertio
885 1408 981 1468 ordine
991 1416 1085 1483 posset
1098 1424 1174 1468 com·
1208 1411 1290 1468 strari
1306 1426 1402 1468 omnes
1422 1412 1496 1484 leges
1510 1409 1649 1482 poenales,
1664 1424 1728 1466 nam
1748 1424 1857 1482 semper
1870 1406 1926 1464 dici
1950 1424 2015 1479 pos-
2071 1469 2072 1472 Ἴ

377 1497 508 1571 prehendi
528 1498 732 1572 irregularitas,
750 1498 823 1556 illam
843 1514 908 1557 vero
927 1503 1035 1575 omitto,
1051 1501 1125 1574 quia,
1142 1507 1173 1558 ut
1209 1509 1261 1575 set,
1280 1501 1361 1559 verba
1382 1503 1446 1574 poni
1460 1503 1493 1559 ad
1513 1507 1657 1558 terrorem.
1673 1500 1802 1573 Eslergo
1824 1498 1949 1556 absurda
1963 1497 2011 1555 illa

379 1605 463 1662 supra
473 1575 730 1663 disl,irregularita‘s
742 1590 804 1648 talis
816 1606 917 1665 poenae
927 1599 980 1664 est,
990 1599 1021 1649 ut
1034 1607 1174 1666 nunquam
1209 1591 1391 1664 interpretatio
1412 1597 1442 1648 et
1454 1597 1550 1649 contre
1561 1603 1737 1647 communem
1752 1605 1832 1646 usum
1842 1588 2009 1656 verborum,

379 1681 431 1738 nisi
445 1681 503 1753 ipso
524 1681 596 1738 lucto
609 1680 781 1753 incurratur3
796 1686 824 1738 et
842 1681 902 1739 ideo
916 1681 1174 1756 quomodocumque
1210 1696 1280 1756 qrree
1295 1697 1447 1758 synonyma
1467 1697 1522 1738 non
1542 1685 1619 1752 sunt,
1642 1684 1671 1736 et
1691 1682 1784 1753 potius
1797 1686 1839 1736 est
1858 1678 2016 1736 verborum

379 1770 494 1845 leretur,
509 1773 569 1845 ipso
588 1771 648 1829 iure
668 1771 770 1844 imponi
791 1777 930 1845 censetur,
944 1777 973 1830 et
992 1772 1093 1830 incurri
1113 1779 1176 1830 ante
1210 1773 1363 1845 corruptio.
1383 1772 1596 1840 Quamvisenim
1610 1770 1747 1846 legislator
1760 1767 1896 1846 interdum
1917 1769 2016 1827 multi·

380 1861 541 1920 sententiam
556 1860 778 1935 decursionem,
795 1862 846 1918 nisi
860 1861 1015 1920 necessaria
1028 1862 1076 1936 sit,
1091 1867 1124 1920 ut
1135 1864 1178 1919 in·
1210 1861 1290 1935 plicet
1312 1845 1463 1940 synonyme
1481 1861 1575 1937 verba,
1591 1865 1656 1936 quia
1670 1879 1720 1921 nec
1740 1866 1878 1936 repugnat
1896 1861 2012 1918 veritati

381 1953 462 2010 lamia
483 1950 670 2026 compleatur,
687 1957 717 2009 ut
737 1952 889 2025 inproprie
909 1955 1021 2010 materia
1040 1953 1119 2010 latius
1136 1951 1178 2008 di·
1210 1959 1239 2010 et
1255 1951 1396 2011 efficaciae
1416 1953 1496 2027 legis,
1511 1952 1638 2011 eumdem
1657 1955 1784 2012 ellectum
1805 1950 1899 2010 multis
1921 1951 2014 2009 modis

381 2049 460 2103 ctum
473 2049 524 2101 est.
541 2044 579 2100 be
598 2042 723 2100 censuris
735 2042 817 2102 etiam
831 2044 859 2101 in
878 2043 1039 2116 particulari
1053 2043 1172 2102 diximus
1210 2043 1371 2117 significare,
1395 2058 1446 2100 nec
1461 2049 1503 2100 est
1521 2044 1631 2101 omnino
1646 2045 1829 2117 superfluum,
1843 2044 1910 2116 quia
1923 2043 1956 2098 lit
1977 2040 2012 2098 ad

268 2169 274 2176 -
301 2181 303 2186 .
382 2140 450 2192 tom.
469 2139 497 2206 5,
510 2135 538 2190 irr
552 2137 580 2192 a.
596 2149 624 2206 p.
639 2131 710 2206 disp.
727 2136 755 2205 3,
771 2139 840 2190 sect.
858 2137 886 2205 3,
903 2133 950 2191 ubi
963 2133 1123 2208 generaliter
1136 2131 1177 2190 di·
1210 2132 1383 2191 indicandum
1399 2133 1530 2208 rigorem,
1541 2141 1569 2192 et
1582 2133 1617 2192 ad
1631 2134 1761 2192 maiorem
1774 2131 1973 2192 certitudinem
1986 2137 2013 2188 et

382 2219 483 2296 ximus,
494 2224 566 2282 inter
581 2239 674 2280 omnes
686 2238 787 2296 poenas
799 2224 945 2297 privativas
956 2241 1089 2283 censuras
1103 2240 1175 2298 esse,
1209 2224 1382 2282 claritatem:
1408 2223 1581 2282 nihilominus
1600 2223 1710 2298 quando
1737 2223 1849 2282 verbum
1871 2223 2014 2296 propriam

383 2330 454 2390 quae
478 2315 582 2372 certius
596 2321 625 2372 et
648 2314 757 2372 lucilius
781 2315 964 2374 incurrantur
988 2322 1121 2390 quantum
1142 2315 1177 2373 ed
1211 2320 1266 2375 vim
1280 2322 1308 2375 et
1329 2316 1552 2392 significationem
1568 2316 1660 2384 babet,
1675 2317 1779 2376 etiamsi
1798 2331 1885 2374 unum
1899 2321 2013 2372 tanturn

383 2405 577 2464 conscientiam
593 2406 681 2478 ipsius
699 2403 880 2478 delinquentis
893 2406 952 2478 ipso
972 2404 1057 2480 lacto,
1071 2413 1099 2463 et
1113 2411 1177 2464 unte
1211 2408 1317 2483 signum
1335 2413 1453 2481 ponatur
1467 2405 1500 2464 de
1519 2423 1548 2465 se
1563 2406 1705 2465 sufficiens
1717 2406 1752 2465 ad
1770 2403 1948 2464 indicandam
1963 2420 2013 2462 vo·

384 2513 493 2556 omnem
510 2498 671 2570 sententiam
686 2493 894 2554 declaratoriam
914 2497 1047 2570 criminis,
1062 2495 1177 2570 ideoque
1211 2497 1344 2555 luntstem
1368 2496 1547 2570 legislatoris,
1569 2497 1634 2554 satis
1654 2498 1706 2555 erit
1726 2495 1759 2555 ad
1778 2496 1908 2553 ellectum
1929 2493 2012 2567 legis,

384 2588 491 2662 quoties
518 2589 547 2644 in
567 2602 672 2645 canone
694 2601 840 2645 censuram
860 2586 963 2644 terente
985 2587 1093 2645 additur
1113 2589 1177 2663 ipso
1211 2591 1277 2664 quia
1287 2605 1342 2646 non
1350 2595 1416 2646 sunt
1426 2585 1542 2663 cogendi
1552 2585 1760 2662 legislatoresnd
1770 2586 2013 2659 exaggerationem

311 2711 316 2719 ·
384 2680 459 2742 ture.
476 2677 518 2736 vel
531 2674 698 2754 ipsoscclo,
715 2683 764 2734 aut
776 2675 841 2750 quid
855 2675 951 2751 simile,
968 2692 1029 2734 esse
1042 2692 1176 2735 cononem
1212 2681 1357 2738 verborum
1376 2693 1483 2754 semper
1503 2676 1720 2752 adiungendam,
1741 2676 1794 2735 boo
1814 2675 1887 2734 enim
1908 2679 2012 2732 contra

385 2768 454 2827 latae
475 2769 634 2827 sententiae.
649 2769 723 2836 Quae
743 2772 786 2824 est
805 2767 959 2824 communis
979 2765 1102 2824 doctrina
1121 2765 1178 2825 lere
1211 2770 1342 2828 rationem
1366 2774 1419 2840 est,
1441 2774 1469 2826 et
1492 2768 1650 2842 frequenter
1668 2784 1722 2825 non
1746 2765 1862 2840 expedit.
1878 2767 1921 2823 Sit
1943 2779 2013 2838 ergo

386 2861 443 2918 sine
454 2857 657 2930 controversia,
669 2865 698 2916 et
708 2873 758 2932 pro
770 2856 875 2916 ratione
886 2857 1001 2930 sullicit,
1011 2857 1086 2931 quod
1097 2857 1179 2914 verbe
1212 2866 1331 2934 certum,
1347 2859 1505 2918 huiusmodi
1520 2858 1592 2932 leges
1611 2874 1719 2931 semper
1732 2855 1839 2930 operari
1853 2853 1956 2930 aliquid
1970 2870 2012 2912 ra·

385 2949 430 3009 illa
440 2952 467 3007 in
478 2951 568 3025 rigore
580 2947 763 3008 sufficiuntad
773 2946 827 3006 boo
839 2946 1092 3022 significandum,et
1102 2946 1177 3022 quod
1211 2952 1285 3019 bone
1305 2949 1400 3009 talium
1419 2951 1583 3023 verborum,
1606 2947 1672 3023 quid
1691 2961 1756 3006 vero
1775 2945 1841 3004 illud
1861 2947 1898 3003 sit
1919 2945 1948 3003 in
1969 2944 2013 3001 bis
2071 2961 2072 2966 ¹

385 3039 539 3099 communis
559 3046 638 3110 usus,
657 3046 687 3097 et
706 3053 815 3111 sensus,
836 3053 869 3096 ae
890 3038 1063 3096 observantie
1083 3040 1177 3098 talium
1212 3042 1306 3113 poenis
1319 3039 1467 3114 privativis,
1485 3039 1678 3112 explicandum
1692 3043 1828 3112 superest.

386 3128 477 3204 legum
492 3127 621 3203 ostendit,
635 3131 663 3185 in
677 3127 730 3187 boc
745 3143 828 3186 sensu
843 3129 980 3202 usurpari,
992 3140 1081 3204 neque
1095 3131 1124 3186 in
1134 3128 1177 3187 bis
1251 3135 1279 3190 3.
1296 3131 1337 3190 su
1350 3147 1415 3206 ergo
1431 3122 1553 3190 s‘ecunda
1568 3131 1677 3205 reguis:
1692 3130 1804 3199 Quoties
1819 3127 1861 3186 lex
1875 3126 1930 3184 lert
1944 3139 2012 3200 poe·

383 3218 533 3279 canonibus
543 3226 725 3293 temperatum
734 3233 795 3277 esse
808 3218 901 3294 aliquo
913 3218 993 3277 modo
1004 3221 1123 3294 rigorem
1136 3228 1177 3278 ta·
1212 3237 1275 3280 nam
1289 3223 1449 3296 privationis
1463 3223 1504 3280 rei
1519 3224 1658 3295 propriae,
1674 3227 1702 3278 et
1713 3221 1766 3278 iam
1780 3219 1920 3292 obtentae,
1935 3229 2011 3290 quae

384 3308 450 3367 lium
469 3325 579 3368 vocum.
595 3311 680 3368 Cuius
693 3309 763 3368 ratio
783 3324 845 3366 esse
864 3311 965 3382 potuit,
979 3310 1022 3368 vel
1041 3310 1106 3385 quia
1125 3310 1176 3369 bae
1213 3313 1271 3370 sine
1282 3313 1389 3371 actione
1401 3311 1518 3371 bominis
1530 3307 2012 3384 nonpotestplenemandariexccu·

383 3415 486 3474 poenae
502 3408 568 3459 sunt
580 3401 746 3474 spirituales,
762 3407 791 3459 et
805 3399 992 3474 medicinales,
1007 3407 1036 3458 et
1049 3401 1107 3459 ideo
1120 3403 1177 3460 atri·
1211 3404 1368 3476 tioni,tunc
1378 3403 1442 3462 talis
1454 3403 1581 3476 lex,licet
1593 3400 1712 3476 aliquem
1724 3400 1854 3459 ellectum
1865 3395 2013 3471 poenalem

382 3508 457 3551 mam
478 3492 572 3550 statim
587 3489 672 3567 ligare
690 3499 851 3565 censentur,
865 3498 894 3550 et
914 3508 980 3550 cum
994 3490 1045 3549 bno
1065 3508 1178 3551 renero·
1212 3506 1307 3566 perse
1326 3491 1423 3565 iaciat,
1442 3509 1500 3550 non
1519 3499 1609 3550 umen
1622 3490 1729 3549 inducit
1744 3489 1838 3547 statim
1850 3485 2010 3545 absolutam

384 3583 456 3640 tione
471 3587 499 3640 et
522 3583 620 3640 timore
633 3597 740 3656 semper
751 3589 899 3655 susceptae
913 3589 989 3651 sunt,
1001 3581 1044 3641 rel
1056 3582 1120 3657 quia
1130 3599 1180 3656 per
1212 3582 1458 3656 privationem,uec
1472 3583 1576 3658 obligat
1589 3583 1615 3638 in
1629 3579 1798 3638 conscientia
1807 3576 1841 3635 sd
1855 3575 1931 3635 illam
1946 3592 2013 3634 cxc·

383 3687 515 3730 censuras
529 3673 747 3746 separatur'quis
758 3687 774 3730 a
787 3673 981 3732 communibus
991 3670 1069 3730 bouis
1084 3673 1179 3732 Eccle·
1213 3673 1366 3748 quendam,
1381 3689 1452 3747 quse
1467 3689 1501 3731 ea
1514 3672 1622 3731 actione
1636 3672 1676 3730 rei
1691 3669 1801 3744 pendet,
1815 3675 1879 3726 ante
1894 3673 2009 3724 senten-

383 3763 437 3821 siae
456 3770 587 3837 tanquam
613 3761 749 3838 indignus,
765 3769 794 3821 et
814 3762 874 3821 ideo
890 3763 984 3821 statim
1001 3761 1138 3837 obligatur
1153 3763 1179 3821 in
1214 3764 1277 3823 tiam
1297 3761 1508 3823 declaratoriam
1528 3763 1667 3835 criminis,
1682 3762 1733 3818 nisi
1746 3760 1850 3819 exaliis
1864 3758 1956 3817 verbis
1971 3758 2012 3816 le·

383 3854 561 3926 conscientia,
587 3859 620 3912 ut
643 3869 673 3911 se
698 3859 820 3929 separet,
845 3861 875 3913 et
896 3855 1040 3913 abstineat.
1060 3855 1181 3914 Pertinet
1212 3853 1314 3931 gis3vel
1328 3870 1361 3913 err
1375 3856 1558 3928 materia,aut
1567 3852 1766 3912 consuetudine
1777 3849 1877 3924 aliquid
1887 3849 2011 3924 amplius

383 3945 456 4003 enim
466 3941 501 4002 ed
516 3951 654 4018 pastorem
664 3943 805 4003 Ecclesiae
817 3960 944 4019 separare
956 3945 1088 4020 indignos,
1103 3954 1133 4005 et
1146 3947 1179 4005 il·
1213 3945 1369 4020 colligatur.
1384 3946 1457 4003 Haec
1470 3937 1566 4019 iegula
1580 3950 1690 4016 sumpta
1703 3949 1748 4001 cst
1761 3957 1795 4000 ex
1807 3939 1935 3998 doctrina
1948 3956 2010 3998 ma·

384 4033 417 4091 lis
435 4034 602 4110 praecipere,
618 4042 651 4094 ut
670 4050 700 4093 sc
716 4042 854 4112 separent,
869 4033 942 4111 quod
961 4041 1139 4110 praeceptum
1153 4038 1179 4094 in
1212 4039 1254 4115 gis
1272 4043 1384 4110 recepta
1398 4035 1579 4094 scribentium
1592 4035 1619 4091 in
1633 4034 1685 4091 bac
1701 4033 1823 4090 materia.
1840 4031 1931 4089 Prima
1944 4047 2012 4106 ergo

384 4125 443 4199 ipsa
456 4141 574 4184 censura
587 4125 746 4185 includitur.
843 4176 849 4192 .
1211 4143 1274 4201 pars
1293 4128 1450 4200 affirmans,
1470 4126 1543 4184 illam
1557 4125 1644 4200 legem
1663 4121 1764 4198 aliquid
1778 4138 1825 4196 per
1838 4138 1868 4180 se
1883 4124 2011 4195 operari,

422 4223 451 4276 2.
467 4217 581 4274 Omissis
601 4233 668 4293 ergo
686 4217 827 4287 censuris,
848 4233 880 4274 ao
900 4216 1124 4290 irregularitate,
1144 4216 1179 4276 de
1212 4219 1342 4293 probatur
1360 4217 1529 4278 sufficienter
1548 4231 1581 4274 cs
1599 4215 1723 4288 proxima
1737 4210 2011 4288 praecedentiregu·

384 4305 444 4364 aliis
463 4306 679 4381 privationibus,
703 4315 732 4365 et
755 4306 1010 4366 inhabilitationibus
1036 4308 1073 4365 sit
1092 4307 1179 4380 primo
1212 4309 1253 4383 la;
1274 4307 1434 4367 ostendetur
1454 4314 1547 4366 eutem
1560 4306 1663 4364 clarius
1677 4303 1843 4362 declarando
1856 4301 1925 4378 quid
1939 4319 2011 4377 ope·

383 4396 520 4470 generalis
541 4398 645 4472 regula:
660 4399 771 4467 Quoties
785 4402 813 4456 in
833 4398 902 4473 lege,
919 4412 967 4472 per
986 4413 1068 4472 quam
1082 4395 1179 4456 huius·
1213 4407 1301 4457 retur.
1316 4400 1386 4456 Nam
1404 4399 1491 4472 primo
1506 4415 1539 4456 ex
1553 4399 1580 4455 vi
1594 4395 1666 4455 illius
1680 4395 1748 4470 legis
1763 4393 1797 4453 ad
1811 4393 2010 4454 incurrendam

383 4486 456 4546 modi
470 4503 556 4560 poena
567 4489 731 4563 imponitur,
743 4487 833 4564 aliqua
845 4505 878 4547 ex
891 4487 933 4546 bis
947 4489 1090 4562 particulis
1110 4491 1177 4564 lpso
1211 4487 1292 4548 talem
1306 4504 1433 4564 poenam,
1448 4495 1477 4547 et
1489 4486 1683 4564 obligationem
1695 4487 1766 4559 eius,
1781 4491 1892 4543 nonest
1905 4500 2006 4542 ncces·

374 4576 474 4651 sacto,
488 4579 553 4651 ipso
565 4580 642 4649 lure,
657 4593 695 4636 cc
708 4594 800 4643 nunc,
816 4594 849 4636 eo
866 4581 940 4654 lpso,
958 4578 1000 4636 vel
1020 4577 1072 4636 alia
1085 4581 1178 4652 aequi·
1211 4580 1283 4637 seria
1301 4579 1436 4638 sententia
1448 4578 1688 4649 condemnatoris,
1704 4575 1752 4635 sed
1767 4576 1869 4635 sullicit
1880 4575 2009 4634 declnra-

383 4667 477 4725 valens
491 4667 612 4742 ponitur,
630 4685 714 4742 poena
727 4669 756 4726 lit
775 4668 866 4744 aliquo
881 4669 962 4728 modo
976 4685 1025 4742 per
1041 4671 1128 4742 ipsam
1140 4669 1178 4726 le·
1209 4673 1297 4744 toria,
1318 4685 1381 4729 uam
1397 4669 1623 4728 condemnatoris
1637 4667 1785 4742 perlegens
1800 4669 1887 4743 ipsam
1901 4668 2008 4724 lertur.

382 4775 457 4832 gem,
475 4765 504 4816 et
524 4759 576 4818 boo
596 4759 718 4818 continet
736 4761 894 4818 sententiam
914 4760 999 4818 latam
1018 4759 1109 4834 quoad
1130 4760 1178 4818 sli-
1210 4762 1277 4831 Quia
1294 4777 1328 4820 ex
1345 4763 1371 4820 vi
1384 4761 1524 4819 dictorum
1538 4759 1687 4817 verborum
1700 4756 1791 4833 aliqua
1804 4757 1940 4815 sententia
1952 4757 2007 4814 ler-

382 4849 463 4926 quld,
476 4856 504 4908 et
513 4849 605 4924 quoad
617 4848 683 4907 illud
694 4851 747 4908 rim
756 4848 839 4909 babet
850 4848 986 4924 obligandi
996 4850 1023 4907 in
1033 4851 1178 4909 conscien·
1210 4858 1273 4925 tur,
1296 4859 1326 4910 et
1342 4868 1397 4909 non
1415 4850 1597 4909 declaratoria
1611 4849 1749 4922 criminis,
1766 4855 1798 4906 ut
1810 4863 1858 4921 per
1873 4863 1902 4904 se
1916 4854 2005 4922 putet,

373 4943 420 5000 ¹tia
431 4940 465 4998 ad
475 4955 600 5015 poenam.
608 4941 682 4998 liano
694 4941 818 5015 regulam
831 4957 911 4998 sumo
922 4957 955 5001 ex
967 4942 1105 4999 cornmunl
1116 4957 1177 5000 sen·
1209 4937 1867 5016 ergocondemnatorisprotolitempore,velsub
1877 4939 2004 4996 talicun-

381 5032 466 5090 tentia
478 5030 713 5105 doctorum,quos
727 5029 839 5105 allegari
852 5031 878 5090 in
891 5031 955 5107 el,
963 5038 991 5090 et
999 5031 1084 5091 refert
1094 5035 1175 5093 ctiam
1210 5031 1323 5107 ditione,
1335 5031 1357 5088 si
1370 5031 1403 5090 de
1414 5030 1513 5090 delicto
1523 5029 1638 5089 iuridice
1648 5029 1933 5092 constetconlirmari
1948 5028 2003 5086 boc

382 5120 554 5198 Tiraquellus
572 5120 646 5180 dicto
663 5120 746 5179 verbo
767 5125 943 5190 revertatur,
961 5137 988 5180 n.
1006 5127 1075 5198 259,
1087 5130 1115 5183 et
1128 5137 1176 5198 po·
1208 5131 1300 5199 potest
1317 5139 1351 5181 ex
1364 5121 1384 5180 l.
1400 5123 1472 5191 eires
1493 5118 1835 5196 redamaremus
1855 5121 1910 5179 iur.
1931 5121 2004 5191 tisci,

382 5219 437 5273 test
446 5213 518 5271 sumi
528 5229 562 5270 or
576 5228 639 5285 cap.
648 5211 743 5270 ult.de
755 5213 918 5286 praescript.
926 5213 952 5270 in
964 5217 992 5288 ll,
1004 5213 1051 5272 ubi
1064 5212 1174 5272 duobus
1209 5215 1255 5272 ubi
1267 5216 1340 5272 Bart.
1356 5213 1383 5272 id
1397 5211 1528 5288 advertit,
1543 5218 1572 5271 et
1585 5211 1639 5271 late
1652 5211 1762 5271 Felinus
1774 5213 1895 5270 reterens
1909 5211 2003 5284 plures

382 5303 470 5366 modis
482 5303 586 5365 dicitur
595 5304 658 5383 quis
671 5305 772 5384 privari
785 5304 862 5363 bouis
877 5304 905 5362 in
923 5318 1034 5378 poenum
1044 5346 1052 5380 ,
1063 5302 1174 5366 scilicet
1207 5304 1234 5364 iu
1248 5320 1275 5364 c.
1289 5305 1339 5364 ult.
1355 5305 1390 5365 de
1403 5304 1520 5378 rescrip.
1537 5321 1565 5364 u.
1582 5305 1628 5366 37.
1644 5302 1774 5364 Secundo
1788 5301 1850 5363 binc
1864 5303 1907 5378 tit,
1919 5308 1950 5360 ut
1963 5308 2004 5361 ta·
