<?xml version="1.0" encoding="UTF-8"?>
<!DOCTYPE html PUBLIC "-//W3C//DTD XHTML 1.0 Transitional//EN"
    "http://www.w3.org/TR/xhtml1/DTD/xhtml1-transitional.dtd">
<html xmlns="http://www.w3.org/1999/xhtml" xml:lang="en" lang="en">
 <head>
  <title>
</title>
<meta http-equiv="Content-Type" content="text/html;charset=utf-8" />
  <meta name='ocr-system' content='tesseract 3.04.00' />
  <meta name='ocr-capabilities' content='ocr_page ocr_carea ocr_par ocr_line ocrx_word'/>
</head>
<body>
  <div class='ocr_page' id='page_1' title='image "./tractatusdelegi00sugoog_0637.png"; bbox 0 0 4232 6220; ppageno 0'>
   <div class='ocr_carea' id='block_1_1' title="bbox 366 293 1232 358">
    <p class='ocr_par' dir='ltr' id='par_1_1' title="bbox 366 293 1232 358">
     <span class='ocr_line' id='line_1_1' title="bbox 366 293 1232 358; baseline -0.002 -2"><span class='ocrx_word' id='word_1_1' title='bbox 366 293 428 358; x_wconf 86' lang='lat' dir='ltr'><strong>eru</strong></span> <span class='ocrx_word' id='word_1_2' title='bbox 1064 303 1232 355; x_wconf 83' lang='lat' dir='ltr'><strong>nrnmrx.</strong></span> 
     </span>
    </p>
   </div>
   <div class='ocr_carea' id='block_1_2' title="bbox 246 431 2057 4974">
    <p class='ocr_par' dir='ltr' id='par_1_2' title="bbox 246 431 2057 4974">
     <span class='ocr_line' id='line_1_2' title="bbox 326 431 1972 508; baseline 0.002 -16"><span class='ocrx_word' id='word_1_3' title='bbox 326 435 424 492; x_wconf 89' lang='lat' dir='ltr'><strong>etesiae</strong></span> <span class='ocrx_word' id='word_1_4' title='bbox 438 443 614 508; x_wconf 78' lang='lat' dir='ltr'><strong>congregata,</strong></span> <span class='ocrx_word' id='word_1_5' title='bbox 631 437 725 491; x_wconf 80' lang='lat' dir='ltr'><strong>detor.</strong></span> <span class='ocrx_word' id='word_1_6' title='bbox 747 436 779 492; x_wconf 78' lang='lat' dir='ltr'><strong>tt</strong></span> <span class='ocrx_word' id='word_1_7' title='bbox 792 475 800 502; x_wconf 91' lang='lat'><strong>‚</strong></span> <span class='ocrx_word' id='word_1_8' title='bbox 814 431 981 506; x_wconf 81' lang='lat' dir='ltr'>diciturque,</span> <span class='ocrx_word' id='word_1_9' title='bbox 998 431 1025 487; x_wconf 90' lang='lat' dir='ltr'><strong>in</strong></span> <span class='ocrx_word' id='word_1_10' title='bbox 1038 447 1071 488; x_wconf 88' lang='lat' dir='ltr'><strong>ea</strong></span> <span class='ocrx_word' id='word_1_11' title='bbox 1085 431 1133 487; x_wconf 88' lang='lat' dir='ltr'><strong>de·</strong></span> <span class='ocrx_word' id='word_1_12' title='bbox 1167 432 1277 489; x_wconf 87' lang='lat' dir='ltr'><strong>cisionis</strong></span> <span class='ocrx_word' id='word_1_13' title='bbox 1299 431 1450 505; x_wconf 73' lang='lat' dir='ltr'><strong>derogabat</strong></span> <span class='ocrx_word' id='word_1_14' title='bbox 1469 431 1587 492; x_wconf 92' lang='lat' dir='ltr'><strong>multum</strong></span> <span class='ocrx_word' id='word_1_15' title='bbox 1605 434 1730 508; x_wconf 73' lang='lat' dir='ltr'><strong>dignitati</strong></span> <span class='ocrx_word' id='word_1_16' title='bbox 1743 444 1772 494; x_wconf 90' lang='lat' dir='ltr'><strong>et</strong></span> <span class='ocrx_word' id='word_1_17' title='bbox 1792 437 1972 496; x_wconf 82' lang='lat' dir='ltr'><strong>sufficientiae</strong></span> 
     </span>
     <span class='ocr_line' id='line_1_3' title="bbox 330 520 1974 599; baseline 0.002 -18"><span class='ocrx_word' id='word_1_18' title='bbox 330 525 466 582; x_wconf 88' lang='lat' dir='ltr'><strong>claretum</strong></span> <span class='ocrx_word' id='word_1_19' title='bbox 480 523 581 595; x_wconf 89' lang='lat' dir='ltr'><strong>luisse,</strong></span> <span class='ocrx_word' id='word_1_20' title='bbox 596 523 681 580; x_wconf 93' lang='lat' dir='ltr'><strong>initio</strong></span> <span class='ocrx_word' id='word_1_21' title='bbox 698 525 786 596; x_wconf 92' lang='lat' dir='ltr'><strong>primo</strong></span> <span class='ocrx_word' id='word_1_22' title='bbox 803 530 926 595; x_wconf 91' lang='lat' dir='ltr'><strong>tempore</strong></span> <span class='ocrx_word' id='word_1_23' title='bbox 942 527 1002 580; x_wconf 89' lang='lat' dir='ltr'><strong>ante</strong></span> <span class='ocrx_word' id='word_1_24' title='bbox 1014 523 1132 578; x_wconf 87' lang='lat' dir='ltr'><strong>eversio·</strong></span> <span class='ocrx_word' id='word_1_25' title='bbox 1166 520 1292 592; x_wconf 81' lang='lat' dir='ltr'><strong>baptismi</strong></span> <span class='ocrx_word' id='word_1_26' title='bbox 1305 522 1357 579; x_wconf 90' lang='lat' dir='ltr'><strong>ism</strong></span> <span class='ocrx_word' id='word_1_27' title='bbox 1369 521 1539 580; x_wconf 80' lang='lat' dir='ltr'><strong>ssrldcienter</strong></span> <span class='ocrx_word' id='word_1_28' title='bbox 1551 525 1733 598; x_wconf 72' lang='lat' dir='ltr'><strong>promulgati,</strong></span> <span class='ocrx_word' id='word_1_29' title='bbox 1746 533 1775 584; x_wconf 92' lang='grc' dir='ltr'><strong>ιι</strong></span> <span class='ocrx_word' id='word_1_30' title='bbox 1790 527 1854 584; x_wconf 91' lang='lat' dir='ltr'><strong>ideo</strong></span> <span class='ocrx_word' id='word_1_31' title='bbox 1870 543 1974 599; x_wconf 77' lang='lat' dir='ltr'>semper</span> 
     </span>
     <span class='ocr_line' id='line_1_4' title="bbox 327 608 1973 689; baseline 0.002 -19"><span class='ocrx_word' id='word_1_32' title='bbox 327 629 390 670; x_wconf 90' lang='lat' dir='ltr'><strong>nem</strong></span> <span class='ocrx_word' id='word_1_33' title='bbox 406 611 498 685; x_wconf 90' lang='lat' dir='ltr'><strong>templi</strong></span> <span class='ocrx_word' id='word_1_34' title='bbox 513 613 744 689; x_wconf 71' lang='lat' dir='ltr'><strong>hierosolymitani</strong></span> <span class='ocrx_word' id='word_1_35' title='bbox 756 613 865 670; x_wconf 86' lang='lat' dir='ltr'><strong>licuisse</strong></span> <span class='ocrx_word' id='word_1_36' title='bbox 876 612 1017 670; x_wconf 85' lang='lat' dir='ltr'><strong>conversis</strong></span> <span class='ocrx_word' id='word_1_37' title='bbox 1028 611 1132 669; x_wconf 89' lang='lat' dir='ltr'><strong>iudaeis</strong></span> <span class='ocrx_word' id='word_1_38' title='bbox 1166 608 1217 665; x_wconf 92' lang='lat' dir='ltr'><strong>luit</strong></span> <span class='ocrx_word' id='word_1_39' title='bbox 1227 610 1342 681; x_wconf 90' lang='lat' dir='ltr'><strong>malum,</strong></span> <span class='ocrx_word' id='word_1_40' title='bbox 1354 626 1463 668; x_wconf 90' lang='lat' dir='ltr'><strong>sumere</strong></span> <span class='ocrx_word' id='word_1_41' title='bbox 1472 612 1713 670; x_wconf 87' lang='lat' dir='ltr'><strong>circumcisionem</strong></span> <span class='ocrx_word' id='word_1_42' title='bbox 1729 623 1761 672; x_wconf 91' lang='lat' dir='ltr'><strong>ut</strong></span> <span class='ocrx_word' id='word_1_43' title='bbox 1778 619 1973 686; x_wconf 86' lang='lat' dir='ltr'><strong>necessariam,</strong></span> 
     </span>
     <span class='ocr_line' id='line_1_5' title="bbox 327 697 1975 778; baseline 0.003 -18"><span class='ocrx_word' id='word_1_44' title='bbox 327 706 368 760; x_wconf 93' lang='lat' dir='ltr'><strong>uti</strong></span> <span class='ocrx_word' id='word_1_45' title='bbox 388 703 569 760; x_wconf 88' lang='lat' dir='ltr'><strong>caeremoniis</strong></span> <span class='ocrx_word' id='word_1_46' title='bbox 590 697 671 775; x_wconf 84' lang='lat' dir='ltr'><strong>legis,</strong></span> <span class='ocrx_word' id='word_1_47' title='bbox 688 703 837 761; x_wconf 89' lang='lat' dir='ltr'><strong>dummodo</strong></span> <span class='ocrx_word' id='word_1_48' title='bbox 858 719 934 775; x_wconf 85' lang='lat' dir='ltr'><strong>spem</strong></span> <span class='ocrx_word' id='word_1_49' title='bbox 955 701 1052 759; x_wconf 89' lang='lat' dir='ltr'><strong>salutis</strong></span> <span class='ocrx_word' id='word_1_50' title='bbox 1066 715 1131 757; x_wconf 89' lang='lat' dir='ltr'><strong>suae</strong></span> <span class='ocrx_word' id='word_1_51' title='bbox 1165 714 1198 756; x_wconf 84' lang='lat' dir='ltr'><strong>ex</strong></span> <span class='ocrx_word' id='word_1_52' title='bbox 1214 716 1270 772; x_wconf 91' lang='lat' dir='ltr'><strong>quo</strong></span> <span class='ocrx_word' id='word_1_53' title='bbox 1290 700 1441 773; x_wconf 88' lang='lat' dir='ltr'><strong>baptismus</strong></span> <span class='ocrx_word' id='word_1_54' title='bbox 1460 703 1631 760; x_wconf 89' lang='lat' dir='ltr'><strong>necessarius</strong></span> <span class='ocrx_word' id='word_1_55' title='bbox 1649 720 1709 761; x_wconf 90' lang='lat' dir='ltr'><strong>esse</strong></span> <span class='ocrx_word' id='word_1_56' title='bbox 1729 709 1834 778; x_wconf 90' lang='lat' dir='ltr'><strong>coepit.</strong></span> <span class='ocrx_word' id='word_1_57' title='bbox 1854 709 1975 764; x_wconf 81' lang='lat' dir='ltr'><strong>cessarit</strong></span> 
     </span>
     <span class='ocr_line' id='line_1_6' title="bbox 327 793 1975 868; baseline 0.002 -20"><span class='ocrx_word' id='word_1_58' title='bbox 327 793 352 850; x_wconf 93' lang='lat' dir='ltr'><strong>in</strong></span> <span class='ocrx_word' id='word_1_59' title='bbox 368 794 420 850; x_wconf 88' lang='lat' dir='ltr'><strong>illis</strong></span> <span class='ocrx_word' id='word_1_60' title='bbox 433 810 487 850; x_wconf 92' lang='lat' dir='ltr'><strong>non</strong></span> <span class='ocrx_word' id='word_1_61' title='bbox 502 793 685 850; x_wconf 79' lang='lat' dir='ltr'><strong>collocarent:</strong></span> <span class='ocrx_word' id='word_1_62' title='bbox 701 801 729 850; x_wconf 90' lang='lat' dir='ltr'><strong>et</strong></span> <span class='ocrx_word' id='word_1_63' title='bbox 742 796 768 850; x_wconf 87' lang='lat' dir='ltr'><strong>in</strong></span> <span class='ocrx_word' id='word_1_64' title='bbox 784 794 855 850; x_wconf 93' lang='lat' dir='ltr'><strong>banc</strong></span> <span class='ocrx_word' id='word_1_65' title='bbox 869 795 1029 849; x_wconf 86' lang='lat' dir='ltr'><strong>sententiam</strong></span> <span class='ocrx_word' id='word_1_66' title='bbox 1044 795 1131 847; x_wconf 92' lang='lat' dir='ltr'><strong>citan·</strong></span> <span class='ocrx_word' id='word_1_67' title='bbox 1164 805 1230 862; x_wconf 90' lang='lat' dir='ltr'><strong>ergo</strong></span> <span class='ocrx_word' id='word_1_68' title='bbox 1243 797 1423 862; x_wconf 73' lang='lat' dir='ltr'><strong>praeceptum</strong></span> <span class='ocrx_word' id='word_1_69' title='bbox 1434 793 1653 849; x_wconf 75' lang='lat' dir='ltr'><strong>circumcisionis</strong></span> <span class='ocrx_word' id='word_1_70' title='bbox 1663 811 1696 851; x_wconf 89' lang='lat' dir='ltr'><strong>eo</strong></span> <span class='ocrx_word' id='word_1_71' title='bbox 1708 797 1784 868; x_wconf 90' lang='lat' dir='ltr'><strong>ipso,</strong></span> <span class='ocrx_word' id='word_1_72' title='bbox 1798 796 1876 868; x_wconf 94' lang='lat' dir='ltr'><strong>quod</strong></span> <span class='ocrx_word' id='word_1_73' title='bbox 1890 801 1975 868; x_wconf 90' lang='lat' dir='ltr'><strong>coepit</strong></span> 
     </span>
     <span class='ocr_line' id='line_1_7' title="bbox 325 877 1975 958; baseline 0.002 -19"><span class='ocrx_word' id='word_1_74' title='bbox 325 891 372 939; x_wconf 91' lang='lat' dir='ltr'><strong>tur</strong></span> <span class='ocrx_word' id='word_1_75' title='bbox 392 885 474 940; x_wconf 92' lang='lat' dir='ltr'><strong>eliam</strong></span> <span class='ocrx_word' id='word_1_76' title='bbox 489 899 550 938; x_wconf 90' lang='lat' dir='ltr'><strong>ven.</strong></span> <span class='ocrx_word' id='word_1_77' title='bbox 567 882 638 940; x_wconf 89' lang='lat' dir='ltr'><strong>Beda</strong></span> <span class='ocrx_word' id='word_1_78' title='bbox 659 889 687 940; x_wconf 94' lang='lat' dir='ltr'><strong>et</strong></span> <span class='ocrx_word' id='word_1_79' title='bbox 704 884 913 942; x_wconf 80' lang='lat' dir='ltr'><strong>carthusianus.</strong></span> <span class='ocrx_word' id='word_1_80' title='bbox 935 885 1130 941; x_wconf 78' lang='lat' dir='ltr'><strong>Verumtamen</strong></span> <span class='ocrx_word' id='word_1_81' title='bbox 1164 877 1284 950; x_wconf 89' lang='lat' dir='ltr'><strong>obligare</strong></span> <span class='ocrx_word' id='word_1_82' title='bbox 1308 885 1485 950; x_wconf 90' lang='lat' dir='ltr'><strong>praeceptum</strong></span> <span class='ocrx_word' id='word_1_83' title='bbox 1509 880 1646 952; x_wconf 89' lang='lat' dir='ltr'><strong>baptismi.</strong></span> <span class='ocrx_word' id='word_1_84' title='bbox 1670 885 1743 956; x_wconf 82' lang='lat' dir='ltr'><strong>Ergo</strong></span> <span class='ocrx_word' id='word_1_85' title='bbox 1772 894 1975 958; x_wconf 83' lang='lat' dir='ltr'><strong>consequenter</strong></span> 
     </span>
     <span class='ocr_line' id='line_1_8' title="bbox 246 969 2057 1048; baseline -0.002 -19"><span class='ocrx_word' id='word_1_86' title='bbox 246 1009 249 1018; x_wconf 54' lang='grc' dir='ltr'>ι</span> <span class='ocrx_word' id='word_1_87' title='bbox 326 976 423 1030; x_wconf 78' lang='lat' dir='ltr'><strong>Actor.</strong></span> <span class='ocrx_word' id='word_1_88' title='bbox 443 971 581 1030; x_wconf 72' lang='lat' dir='ltr'><strong>ttnulla</strong></span> <span class='ocrx_word' id='word_1_89' title='bbox 602 973 720 1030; x_wconf 91' lang='lat' dir='ltr'><strong>relertur</strong></span> <span class='ocrx_word' id='word_1_90' title='bbox 740 972 1131 1048; x_wconf 85' lang='lat' dir='ltr'><strong>lactasynodallecongregs·</strong></span> <span class='ocrx_word' id='word_1_91' title='bbox 1164 969 1974 1045; x_wconf 85' lang='lat' dir='ltr'><strong>eliamcessavittotalexquoadcbligstionemsuam.Pro·</strong></span> <span class='ocrx_word' id='word_1_92' title='bbox 2056 1008 2057 1026; x_wconf 55' lang='lat' dir='ltr'><strong>r</strong></span> 
     </span>
     <span class='ocr_line' id='line_1_9' title="bbox 327 1057 1974 1135; baseline 0.002 -17"><span class='ocrx_word' id='word_1_93' title='bbox 327 1065 382 1131; x_wconf 88' lang='lat' dir='ltr'><strong>tio,</strong></span> <span class='ocrx_word' id='word_1_94' title='bbox 399 1077 487 1134; x_wconf 88' lang='lat' dir='ltr'><strong>neque</strong></span> <span class='ocrx_word' id='word_1_95' title='bbox 501 1079 571 1119; x_wconf 88' lang='lat' dir='ltr'><strong>nova</strong></span> <span class='ocrx_word' id='word_1_96' title='bbox 581 1062 699 1120; x_wconf 88' lang='lat' dir='ltr'><strong>delinitio</strong></span> <span class='ocrx_word' id='word_1_97' title='bbox 712 1069 760 1121; x_wconf 89' lang='lat' dir='ltr'><strong>aut</strong></span> <span class='ocrx_word' id='word_1_98' title='bbox 770 1061 918 1120; x_wconf 77' lang='lat' dir='ltr'><strong>declaratio</strong></span> <span class='ocrx_word' id='word_1_99' title='bbox 931 1062 990 1118; x_wconf 84' lang='lat' dir='ltr'><strong>fidei</strong></span> <span class='ocrx_word' id='word_1_100' title='bbox 1004 1061 1040 1118; x_wconf 93' lang='lat' dir='ltr'><strong>ibi</strong></span> <span class='ocrx_word' id='word_1_101' title='bbox 1059 1061 1130 1116; x_wconf 89' lang='lat' dir='ltr'><strong>lacta</strong></span> <span class='ocrx_word' id='word_1_102' title='bbox 1165 1057 1246 1114; x_wconf 91' lang='lat' dir='ltr'><strong>batur</strong></span> <span class='ocrx_word' id='word_1_103' title='bbox 1257 1061 1462 1131; x_wconf 88' lang='lat' dir='ltr'><strong>consequentis,</strong></span> <span class='ocrx_word' id='word_1_104' title='bbox 1475 1065 1534 1116; x_wconf 92' lang='lat' dir='ltr'><strong>tum</strong></span> <span class='ocrx_word' id='word_1_105' title='bbox 1546 1077 1562 1117; x_wconf 93' lang='lat' dir='ltr'><strong>a</strong></span> <span class='ocrx_word' id='word_1_106' title='bbox 1576 1063 1690 1132; x_wconf 91' lang='lat' dir='ltr'><strong>paritate</strong></span> <span class='ocrx_word' id='word_1_107' title='bbox 1701 1065 1828 1135; x_wconf 88' lang='lat' dir='ltr'><strong>rationis,</strong></span> <span class='ocrx_word' id='word_1_108' title='bbox 1843 1074 1904 1122; x_wconf 92' lang='lat' dir='ltr'><strong>tum</strong></span> <span class='ocrx_word' id='word_1_109' title='bbox 1922 1082 1974 1122; x_wconf 85' lang='grc' dir='ltr'>ιιι·</span> 
     </span>
     <span class='ocr_line' id='line_1_10' title="bbox 325 1147 1974 1226; baseline 0.002 -18"><span class='ocrx_word' id='word_1_110' title='bbox 325 1159 380 1225; x_wconf 72' lang='lat' dir='ltr'><strong>est,</strong></span> <span class='ocrx_word' id='word_1_111' title='bbox 397 1151 443 1209; x_wconf 88' lang='lat' dir='ltr'><strong>sed</strong></span> <span class='ocrx_word' id='word_1_112' title='bbox 458 1152 548 1210; x_wconf 90' lang='lat' dir='ltr'><strong>solum</strong></span> <span class='ocrx_word' id='word_1_113' title='bbox 564 1153 662 1226; x_wconf 89' lang='lat' dir='ltr'><strong>legitur</strong></span> <span class='ocrx_word' id='word_1_114' title='bbox 674 1153 722 1225; x_wconf 91' lang='lat' dir='ltr'><strong>ibi,</strong></span> <span class='ocrx_word' id='word_1_115' title='bbox 739 1153 887 1210; x_wconf 85' lang='lat' dir='ltr'><strong>concilium</strong></span> <span class='ocrx_word' id='word_1_116' title='bbox 902 1153 998 1210; x_wconf 84' lang='lat' dir='ltr'><strong>datum</strong></span> <span class='ocrx_word' id='word_1_117' title='bbox 1015 1150 1130 1208; x_wconf 87' lang='lat' dir='ltr'><strong>Paulas</strong></span> <span class='ocrx_word' id='word_1_118' title='bbox 1164 1147 1235 1204; x_wconf 83' lang='lat' dir='ltr'><strong>alme</strong></span> <span class='ocrx_word' id='word_1_119' title='bbox 1246 1147 1309 1220; x_wconf 90' lang='lat' dir='ltr'><strong>qula</strong></span> <span class='ocrx_word' id='word_1_120' title='bbox 1320 1149 1876 1224; x_wconf 88' lang='lat' dir='ltr'><strong>circumcisioeratquasilundamentum</strong></span> <span class='ocrx_word' id='word_1_121' title='bbox 1892 1160 1974 1212; x_wconf 87' lang='lat' dir='ltr'><strong>totius</strong></span> 
     </span>
     <span class='ocr_line' id='line_1_11' title="bbox 326 1237 1973 1317; baseline 0.001 -19"><span class='ocrx_word' id='word_1_122' title='bbox 326 1243 437 1314; x_wconf 89' lang='lat' dir='ltr'><strong>locabo,</strong></span> <span class='ocrx_word' id='word_1_123' title='bbox 453 1249 481 1299; x_wconf 93' lang='lat' dir='ltr'><strong>et</strong></span> <span class='ocrx_word' id='word_1_124' title='bbox 496 1243 647 1299; x_wconf 91' lang='lat' dir='ltr'><strong>senioribus</strong></span> <span class='ocrx_word' id='word_1_125' title='bbox 662 1244 695 1300; x_wconf 92' lang='lat' dir='ltr'><strong>de</strong></span> <span class='ocrx_word' id='word_1_126' title='bbox 711 1259 763 1300; x_wconf 95' lang='lat' dir='ltr'><strong>usu</strong></span> <span class='ocrx_word' id='word_1_127' title='bbox 779 1243 934 1316; x_wconf 90' lang='lat' dir='ltr'><strong>aliquorum</strong></span> <span class='ocrx_word' id='word_1_128' title='bbox 950 1241 1087 1314; x_wconf 89' lang='lat' dir='ltr'><strong>legalium,</strong></span> <span class='ocrx_word' id='word_1_129' title='bbox 1104 1240 1129 1296; x_wconf 93' lang='lat' dir='ltr'><strong>in</strong></span> <span class='ocrx_word' id='word_1_130' title='bbox 1164 1237 1241 1309; x_wconf 88' lang='lat' dir='ltr'><strong>legis,</strong></span> <span class='ocrx_word' id='word_1_131' title='bbox 1254 1239 1318 1308; x_wconf 91' lang='lat' dir='ltr'><strong>quia</strong></span> <span class='ocrx_word' id='word_1_132' title='bbox 1330 1253 1382 1294; x_wconf 91' lang='lat' dir='ltr'><strong>non</strong></span> <span class='ocrx_word' id='word_1_133' title='bbox 1395 1237 1548 1311; x_wconf 88' lang='lat' dir='ltr'><strong>obligabat,</strong></span> <span class='ocrx_word' id='word_1_134' title='bbox 1559 1242 1608 1296; x_wconf 93' lang='lat' dir='ltr'><strong>nisi</strong></span> <span class='ocrx_word' id='word_1_135' title='bbox 1620 1244 1820 1314; x_wconf 72' lang='lat' dir='ltr'><strong>circumcisos,</strong></span> <span class='ocrx_word' id='word_1_136' title='bbox 1832 1259 1903 1317; x_wconf 84' lang='lat' dir='ltr'><strong>crgo</strong></span> <span class='ocrx_word' id='word_1_137' title='bbox 1917 1260 1973 1300; x_wconf 86' lang='lat' dir='ltr'><strong>ces·</strong></span> 
     </span>
     <span class='ocr_line' id='line_1_12' title="bbox 327 1327 1974 1405; baseline 0.002 -20"><span class='ocrx_word' id='word_1_138' title='bbox 327 1344 383 1402; x_wconf 93' lang='lat' dir='ltr'><strong>quo</strong></span> <span class='ocrx_word' id='word_1_139' title='bbox 397 1333 561 1402; x_wconf 79' lang='lat' dir='ltr'><strong>supponitur</strong></span> <span class='ocrx_word' id='word_1_140' title='bbox 575 1331 704 1405; x_wconf 93' lang='lat' dir='ltr'><strong>quidem,</strong></span> <span class='ocrx_word' id='word_1_141' title='bbox 719 1347 767 1388; x_wconf 90' lang='lat' dir='ltr'><strong>eos</strong></span> <span class='ocrx_word' id='word_1_142' title='bbox 781 1330 942 1402; x_wconf 81' lang='lat' dir='ltr'><strong>credidisse,</strong></span> <span class='ocrx_word' id='word_1_143' title='bbox 955 1329 1031 1386; x_wconf 93' lang='lat' dir='ltr'><strong>illum</strong></span> <span class='ocrx_word' id='word_1_144' title='bbox 1047 1345 1128 1386; x_wconf 88' lang='lat' dir='ltr'><strong>usum</strong></span> <span class='ocrx_word' id='word_1_145' title='bbox 1168 1333 1243 1382; x_wconf 89' lang='lat' dir='ltr'><strong>sante</strong></span> <span class='ocrx_word' id='word_1_146' title='bbox 1257 1327 1421 1400; x_wconf 76' lang='lat' dir='ltr'><strong>generaliter</strong></span> <span class='ocrx_word' id='word_1_147' title='bbox 1441 1331 1605 1386; x_wconf 88' lang='lat' dir='ltr'><strong>necessitate</strong></span> <span class='ocrx_word' id='word_1_148' title='bbox 1618 1331 1858 1396; x_wconf 76' lang='lat' dir='ltr'><strong>circumcisionis,</strong></span> <span class='ocrx_word' id='word_1_149' title='bbox 1878 1348 1974 1390; x_wconf 87' lang='lat' dir='ltr'><strong>conse·</strong></span> 
     </span>
     <span class='ocr_line' id='line_1_13' title="bbox 327 1415 1973 1495; baseline 0.001 -21"><span class='ocrx_word' id='word_1_150' title='bbox 327 1419 412 1476; x_wconf 89' lang='lat' dir='ltr'><strong>luisse</strong></span> <span class='ocrx_word' id='word_1_151' title='bbox 431 1419 555 1491; x_wconf 88' lang='lat' dir='ltr'><strong>licitum,</strong></span> <span class='ocrx_word' id='word_1_152' title='bbox 574 1421 598 1476; x_wconf 91' lang='lat' dir='ltr'><strong>ia</strong></span> <span class='ocrx_word' id='word_1_153' title='bbox 614 1437 670 1495; x_wconf 93' lang='lat' dir='ltr'><strong>quo</strong></span> <span class='ocrx_word' id='word_1_154' title='bbox 684 1420 925 1488; x_wconf 84' lang='lat' dir='ltr'><strong>eredendum&#39;est,</strong></span> <span class='ocrx_word' id='word_1_155' title='bbox 940 1435 994 1476; x_wconf 92' lang='grc' dir='ltr'><strong>ιιι</strong></span> <span class='ocrx_word' id='word_1_156' title='bbox 1009 1433 1127 1487; x_wconf 85' lang='lat' dir='ltr'><strong>errasse;</strong></span> <span class='ocrx_word' id='word_1_157' title='bbox 1164 1431 1251 1487; x_wconf 89' lang='lat' dir='ltr'><strong>quens</strong></span> <span class='ocrx_word' id='word_1_158' title='bbox 1265 1415 1330 1486; x_wconf 90' lang='lat' dir='ltr'><strong>luit,</strong></span> <span class='ocrx_word' id='word_1_159' title='bbox 1349 1419 1419 1473; x_wconf 89' lang='lat' dir='ltr'><strong>utin</strong></span> <span class='ocrx_word' id='word_1_160' title='bbox 1442 1423 1499 1472; x_wconf 92' lang='lat' dir='ltr'><strong>tota</strong></span> <span class='ocrx_word' id='word_1_161' title='bbox 1513 1418 1571 1490; x_wconf 90' lang='lat' dir='ltr'><strong>lege</strong></span> <span class='ocrx_word' id='word_1_162' title='bbox 1586 1426 1720 1476; x_wconf 87' lang='lat' dir='ltr'><strong>cessaret.</strong></span> <span class='ocrx_word' id='word_1_163' title='bbox 1736 1421 1812 1487; x_wconf 90' lang='lat' dir='ltr'><strong>Quae</strong></span> <span class='ocrx_word' id='word_1_164' title='bbox 1834 1420 1919 1476; x_wconf 85' lang='lat' dir='ltr'><strong>illatis</strong></span> <span class='ocrx_word' id='word_1_165' title='bbox 1934 1431 1973 1476; x_wconf 86' lang='lat' dir='ltr'><strong>est</strong></span> 
     </span>
     <span class='ocr_line' id='line_1_14' title="bbox 326 1505 1973 1584; baseline 0.002 -20"><span class='ocrx_word' id='word_1_166' title='bbox 326 1524 382 1564; x_wconf 92' lang='lat' dir='ltr'><strong>non</strong></span> <span class='ocrx_word' id='word_1_167' title='bbox 398 1517 487 1566; x_wconf 86' lang='lat' dir='ltr'><strong>tamen</strong></span> <span class='ocrx_word' id='word_1_168' title='bbox 498 1509 692 1582; x_wconf 89' lang='lat' dir='ltr'><strong>declararunt,</strong></span> <span class='ocrx_word' id='word_1_169' title='bbox 706 1511 795 1584; x_wconf 90' lang='lat' dir='ltr'><strong>qualis</strong></span> <span class='ocrx_word' id='word_1_170' title='bbox 808 1517 881 1566; x_wconf 88' lang='lat' dir='ltr'><strong>esset</strong></span> <span class='ocrx_word' id='word_1_171' title='bbox 894 1508 936 1565; x_wconf 92' lang='lat' dir='ltr'><strong>ille</strong></span> <span class='ocrx_word' id='word_1_172' title='bbox 948 1525 1028 1576; x_wconf 87' lang='lat' dir='ltr'><strong>usus,</strong></span> <span class='ocrx_word' id='word_1_173' title='bbox 1042 1523 1129 1580; x_wconf 90' lang='lat' dir='ltr'><strong>neque</strong></span> <span class='ocrx_word' id='word_1_174' title='bbox 1164 1505 1305 1562; x_wconf 78' lang='lat' dir='ltr'><strong>manifesta</strong></span> <span class='ocrx_word' id='word_1_175' title='bbox 1319 1506 1409 1578; x_wconf 93' lang='lat' dir='ltr'><strong>quoad</strong></span> <span class='ocrx_word' id='word_1_176' title='bbox 1424 1522 1535 1576; x_wconf 89' lang='lat' dir='ltr'><strong>omnes,</strong></span> <span class='ocrx_word' id='word_1_177' title='bbox 1551 1509 1598 1580; x_wconf 94' lang='lat' dir='ltr'><strong>qui</strong></span> <span class='ocrx_word' id='word_1_178' title='bbox 1614 1508 1736 1566; x_wconf 91' lang='lat' dir='ltr'><strong>nondum</strong></span> <span class='ocrx_word' id='word_1_179' title='bbox 1751 1517 1832 1567; x_wconf 89' lang='lat' dir='ltr'><strong>erant</strong></span> <span class='ocrx_word' id='word_1_180' title='bbox 1853 1513 1973 1567; x_wconf 92' lang='lat' dir='ltr'><strong>circum·</strong></span> 
     </span>
     <span class='ocr_line' id='line_1_15' title="bbox 328 1594 1972 1672; baseline 0.001 -18"><span class='ocrx_word' id='word_1_181' title='bbox 328 1613 362 1654; x_wconf 88' lang='lat' dir='ltr'><strong>an</strong></span> <span class='ocrx_word' id='word_1_182' title='bbox 384 1606 450 1655; x_wconf 91' lang='lat' dir='ltr'><strong>tunc</strong></span> <span class='ocrx_word' id='word_1_183' title='bbox 471 1607 544 1655; x_wconf 88' lang='lat' dir='ltr'><strong>esset</strong></span> <span class='ocrx_word' id='word_1_184' title='bbox 564 1599 615 1655; x_wconf 90' lang='lat' dir='ltr'><strong>sub</strong></span> <span class='ocrx_word' id='word_1_185' title='bbox 634 1599 843 1672; x_wconf 76' lang='lat' dir='ltr'><strong>obligationem,</strong></span> <span class='ocrx_word' id='word_1_186' title='bbox 860 1613 910 1654; x_wconf 90' lang='lat' dir='ltr'><strong>nec</strong></span> <span class='ocrx_word' id='word_1_187' title='bbox 925 1614 969 1654; x_wconf 89' lang='lat' dir='ltr'><strong>ne.</strong></span> <span class='ocrx_word' id='word_1_188' title='bbox 986 1597 1049 1654; x_wconf 91' lang='lat' dir='ltr'><strong>inde</strong></span> <span class='ocrx_word' id='word_1_189' title='bbox 1063 1613 1129 1669; x_wconf 92' lang='lat' dir='ltr'><strong>ergo</strong></span> <span class='ocrx_word' id='word_1_190' title='bbox 1163 1594 1339 1668; x_wconf 90' lang='lat' dir='ltr'><strong>cisi,quandc</strong></span> <span class='ocrx_word' id='word_1_191' title='bbox 1349 1599 1498 1652; x_wconf 89' lang='lat' dir='ltr'><strong>necessitas</strong></span> <span class='ocrx_word' id='word_1_192' title='bbox 1510 1598 1729 1656; x_wconf 86' lang='lat' dir='ltr'><strong>circumcisionis</strong></span> <span class='ocrx_word' id='word_1_193' title='bbox 1741 1603 1875 1670; x_wconf 70' lang='lat' dir='ltr'><strong>cessarit,</strong></span> <span class='ocrx_word' id='word_1_194' title='bbox 1885 1601 1972 1672; x_wconf 90' lang='lat' dir='ltr'><strong>quoad</strong></span> 
     </span>
     <span class='ocr_line' id='line_1_16' title="bbox 327 1683 1971 1762; baseline 0.003 -19"><span class='ocrx_word' id='word_1_195' title='bbox 327 1687 394 1744; x_wconf 90' lang='lat' dir='ltr'><strong>nibil</strong></span> <span class='ocrx_word' id='word_1_196' title='bbox 416 1695 523 1746; x_wconf 90' lang='lat' dir='ltr'><strong>certum</strong></span> <span class='ocrx_word' id='word_1_197' title='bbox 545 1683 635 1761; x_wconf 77' lang='lat' dir='ltr'><strong>colligi</strong></span> <span class='ocrx_word' id='word_1_198' title='bbox 649 1696 740 1760; x_wconf 88' lang='lat' dir='ltr'><strong>petest</strong></span> <span class='ocrx_word' id='word_1_199' title='bbox 752 1686 843 1762; x_wconf 89' lang='lat' dir='ltr'><strong>quoad</strong></span> <span class='ocrx_word' id='word_1_200' title='bbox 859 1689 929 1744; x_wconf 90' lang='lat' dir='ltr'><strong>banc</strong></span> <span class='ocrx_word' id='word_1_201' title='bbox 946 1695 1063 1757; x_wconf 90' lang='lat' dir='ltr'><strong>partem.</strong></span> <span class='ocrx_word' id='word_1_202' title='bbox 1080 1687 1130 1744; x_wconf 83' lang='lat' dir='ltr'><strong>alit</strong></span> <span class='ocrx_word' id='word_1_203' title='bbox 1164 1683 1231 1740; x_wconf 91' lang='lat' dir='ltr'><strong>allos</strong></span> <span class='ocrx_word' id='word_1_204' title='bbox 1245 1699 1310 1741; x_wconf 89' lang='lat' dir='ltr'><strong>reru</strong></span> <span class='ocrx_word' id='word_1_205' title='bbox 1326 1687 1379 1741; x_wconf 89' lang='lat' dir='ltr'><strong>inm</strong></span> <span class='ocrx_word' id='word_1_206' title='bbox 1394 1688 1575 1742; x_wconf 87' lang='lat' dir='ltr'><strong>circumcisos</strong></span> <span class='ocrx_word' id='word_1_207' title='bbox 1596 1694 1687 1759; x_wconf 90' lang='lat' dir='ltr'><strong>potest</strong></span> <span class='ocrx_word' id='word_1_208' title='bbox 1705 1705 1771 1746; x_wconf 92' lang='lat' dir='ltr'><strong>cum</strong></span> <span class='ocrx_word' id='word_1_209' title='bbox 1792 1693 1971 1762; x_wconf 89' lang='lat' dir='ltr'><strong>proportione</strong></span> 
     </span>
     <span class='ocr_line' id='line_1_17' title="bbox 324 1773 1973 1850; baseline 0.002 -18"><span class='ocrx_word' id='word_1_210' title='bbox 324 1792 392 1834; x_wconf 81' lang='lat' dir='ltr'><strong>asro</strong></span> <span class='ocrx_word' id='word_1_211' title='bbox 408 1783 520 1849; x_wconf 91' lang='lat' dir='ltr'><strong>putant,</strong></span> <span class='ocrx_word' id='word_1_212' title='bbox 536 1775 590 1834; x_wconf 91' lang='lat' dir='ltr'><strong>boc</strong></span> <span class='ocrx_word' id='word_1_213' title='bbox 605 1777 688 1834; x_wconf 88' lang='lat' dir='ltr'><strong>luisse</strong></span> <span class='ocrx_word' id='word_1_214' title='bbox 703 1778 845 1834; x_wconf 88' lang='lat' dir='ltr'><strong>delinitum</strong></span> <span class='ocrx_word' id='word_1_215' title='bbox 859 1777 893 1833; x_wconf 92' lang='lat' dir='ltr'><strong>ab</strong></span> <span class='ocrx_word' id='word_1_216' title='bbox 907 1778 1032 1850; x_wconf 84' lang='lat' dir='ltr'><strong>Eugenio</strong></span> <span class='ocrx_word' id='word_1_217' title='bbox 1044 1777 1088 1832; x_wconf 87' lang='lat' dir='ltr'><strong>iv.</strong></span> <span class='ocrx_word' id='word_1_218' title='bbox 1102 1777 1128 1832; x_wconf 91' lang='lat' dir='ltr'><strong>in</strong></span> <span class='ocrx_word' id='word_1_219' title='bbox 1164 1773 1312 1846; x_wconf 89' lang='lat' dir='ltr'><strong>applicari:</strong></span> <span class='ocrx_word' id='word_1_220' title='bbox 1330 1791 1392 1831; x_wconf 92' lang='lat' dir='ltr'><strong>nam</strong></span> <span class='ocrx_word' id='word_1_221' title='bbox 1412 1775 1477 1832; x_wconf 92' lang='lat' dir='ltr'><strong>licet</strong></span> <span class='ocrx_word' id='word_1_222' title='bbox 1494 1775 1532 1832; x_wconf 94' lang='lat' dir='ltr'><strong>illi</strong></span> <span class='ocrx_word' id='word_1_223' title='bbox 1552 1781 1707 1835; x_wconf 90' lang='lat' dir='ltr'><strong>necessario</strong></span> <span class='ocrx_word' id='word_1_224' title='bbox 1725 1780 1908 1836; x_wconf 89' lang='lat' dir='ltr'><strong>subiacerent</strong></span> <span class='ocrx_word' id='word_1_225' title='bbox 1924 1782 1973 1836; x_wconf 89' lang='lat' dir='ltr'><strong>cir-</strong></span> 
     </span>
     <span class='ocr_line' id='line_1_18' title="bbox 328 1863 1972 1943; baseline 0.002 -19"><span class='ocrx_word' id='word_1_226' title='bbox 328 1868 451 1943; x_wconf 88' lang='lat' dir='ltr'><strong>concilio</strong></span> <span class='ocrx_word' id='word_1_227' title='bbox 466 1867 624 1936; x_wconf 83' lang='lat' dir='ltr'><strong>florentino,</strong></span> <span class='ocrx_word' id='word_1_228' title='bbox 640 1883 673 1925; x_wconf 84' lang='lat' dir='ltr'><strong>ex</strong></span> <span class='ocrx_word' id='word_1_229' title='bbox 693 1883 748 1940; x_wconf 93' lang='lat' dir='ltr'><strong>quo</strong></span> <span class='ocrx_word' id='word_1_230' title='bbox 767 1869 930 1933; x_wconf 78' lang='lat' dir='ltr'><strong>caietanus,</strong></span> <span class='ocrx_word' id='word_1_231' title='bbox 946 1869 1028 1937; x_wconf 91' lang='lat' dir='ltr'><strong>Sotc,</strong></span> <span class='ocrx_word' id='word_1_232' title='bbox 1045 1873 1072 1923; x_wconf 91' lang='lat' dir='ltr'><strong>et</strong></span> <span class='ocrx_word' id='word_1_233' title='bbox 1086 1866 1130 1921; x_wconf 89' lang='lat' dir='ltr'><strong>alii</strong></span> <span class='ocrx_word' id='word_1_234' title='bbox 1164 1865 1342 1924; x_wconf 88' lang='lat' dir='ltr'><strong>cumcisioni.</strong></span> <span class='ocrx_word' id='word_1_235' title='bbox 1359 1863 1404 1920; x_wconf 91' lang='lat' dir='ltr'><strong>illa</strong></span> <span class='ocrx_word' id='word_1_236' title='bbox 1420 1881 1473 1920; x_wconf 89' lang='lat' dir='ltr'><strong>non</strong></span> <span class='ocrx_word' id='word_1_237' title='bbox 1487 1873 1545 1923; x_wconf 90' lang='lat' dir='ltr'><strong>erat</strong></span> <span class='ocrx_word' id='word_1_238' title='bbox 1558 1869 1707 1925; x_wconf 87' lang='lat' dir='ltr'><strong>necessitas</strong></span> <span class='ocrx_word' id='word_1_239' title='bbox 1722 1870 1834 1927; x_wconf 89' lang='lat' dir='ltr'><strong>moralis</strong></span> <span class='ocrx_word' id='word_1_240' title='bbox 1849 1877 1880 1928; x_wconf 89' lang='lat' dir='ltr'><strong>ct</strong></span> <span class='ocrx_word' id='word_1_241' title='bbox 1898 1887 1972 1942; x_wconf 91' lang='lat' dir='ltr'><strong>prae-</strong></span> 
     </span>
     <span class='ocr_line' id='line_1_19' title="bbox 328 1953 1970 2030; baseline 0.002 -18"><span class='ocrx_word' id='word_1_242' title='bbox 328 1956 514 2013; x_wconf 88' lang='lat' dir='ltr'><strong>moderniores</strong></span> <span class='ocrx_word' id='word_1_243' title='bbox 529 1957 728 2014; x_wconf 90' lang='lat' dir='ltr'><strong>bnecrelerunt</strong></span> <span class='ocrx_word' id='word_1_244' title='bbox 739 1958 836 2013; x_wconf 86' lang='lat' dir='ltr'><strong>verba:</strong></span> <span class='ocrx_word' id='word_1_245' title='bbox 853 1961 918 2013; x_wconf 85' lang='lat' dir='ltr'><strong>Nera</strong></span> <span class='ocrx_word' id='word_1_246' title='bbox 929 1959 1131 2029; x_wconf 80' lang='lat' dir='ltr'><strong>tumeunepct</strong></span> <span class='ocrx_word' id='word_1_247' title='bbox 1164 1953 1247 2025; x_wconf 83' lang='lat' dir='ltr'><strong>cepti,</strong></span> <span class='ocrx_word' id='word_1_248' title='bbox 1260 1953 1306 2009; x_wconf 86' lang='lat' dir='ltr'><strong>sed</strong></span> <span class='ocrx_word' id='word_1_249' title='bbox 1322 1953 1434 2030; x_wconf 81' lang='lat' dir='ltr'><strong>physica</strong></span> <span class='ocrx_word' id='word_1_250' title='bbox 1449 1970 1481 2012; x_wconf 89' lang='lat' dir='ltr'><strong>er</strong></span> <span class='ocrx_word' id='word_1_251' title='bbox 1496 1959 1750 2030; x_wconf 84' lang='lat' dir='ltr'><strong>praesuppositione</strong></span> <span class='ocrx_word' id='word_1_252' title='bbox 1766 1959 1827 2016; x_wconf 86' lang='lat' dir='ltr'><strong>telis</strong></span> <span class='ocrx_word' id='word_1_253' title='bbox 1846 1961 1970 2022; x_wconf 71' lang='lat' dir='ltr'><strong>ellectum</strong></span> 
     </span>
     <span class='ocr_line' id='line_1_20' title="bbox 328 2042 1972 2122; baseline 0.002 -19"><span class='ocrx_word' id='word_1_254' title='bbox 328 2045 593 2122; x_wconf 79' lang='lat' dir='ltr'><strong>sanctasynodus,</strong></span> <span class='ocrx_word' id='word_1_255' title='bbox 608 2045 730 2104; x_wconf 82' lang='lat' dir='ltr'><strong>licuisse</strong></span> <span class='ocrx_word' id='word_1_256' title='bbox 743 2046 802 2104; x_wconf 86' lang='lat' dir='ltr'><strong>illo</strong></span> <span class='ocrx_word' id='word_1_257' title='bbox 816 2047 971 2103; x_wconf 85' lang='lat' dir='ltr'><strong>observare</strong></span> <span class='ocrx_word' id='word_1_258' title='bbox 986 2051 1057 2103; x_wconf 87' lang='lat' dir='ltr'><strong>cute</strong></span> <span class='ocrx_word' id='word_1_259' title='bbox 1068 2043 1131 2118; x_wconf 85' lang='lat' dir='ltr'><strong>sus-</strong></span> <span class='ocrx_word' id='word_1_260' title='bbox 1165 2058 1219 2114; x_wconf 93' lang='lat' dir='ltr'><strong>qua</strong></span> <span class='ocrx_word' id='word_1_261' title='bbox 1231 2059 1284 2098; x_wconf 90' lang='lat' dir='ltr'><strong>non</strong></span> <span class='ocrx_word' id='word_1_262' title='bbox 1296 2042 1612 2118; x_wconf 87' lang='lat' dir='ltr'><strong>obstante,consequens</strong></span> <span class='ocrx_word' id='word_1_263' title='bbox 1624 2047 1686 2118; x_wconf 90' lang='lat' dir='ltr'><strong>luit,</strong></span> <span class='ocrx_word' id='word_1_264' title='bbox 1697 2056 1729 2105; x_wconf 92' lang='lat' dir='ltr'><strong>ut</strong></span> <span class='ocrx_word' id='word_1_265' title='bbox 1738 2053 1893 2106; x_wconf 87' lang='lat' dir='ltr'><strong>necessitas</strong></span> <span class='ocrx_word' id='word_1_266' title='bbox 1909 2051 1972 2106; x_wconf 91' lang='lat' dir='ltr'><strong>obli·</strong></span> 
     </span>
     <span class='ocr_line' id='line_1_21' title="bbox 321 2132 1971 2210; baseline 0.001 -18"><span class='ocrx_word' id='word_1_267' title='bbox 321 2135 478 2208; x_wconf 80' lang='lat' dir='ltr'><strong>ficienterrs</strong></span> <span class='ocrx_word' id='word_1_268' title='bbox 498 2136 645 2210; x_wconf 74' lang='lat' dir='ltr'><strong>euangelii</strong></span> <span class='ocrx_word' id='word_1_269' title='bbox 663 2135 950 2210; x_wconf 84' lang='lat' dir='ltr'><strong>prontulputiorsem,</strong></span> <span class='ocrx_word' id='word_1_270' title='bbox 978 2133 1065 2191; x_wconf 85' lang='lat' dir='ltr'><strong>medo</strong></span> <span class='ocrx_word' id='word_1_271' title='bbox 1089 2133 1132 2191; x_wconf 82' lang='lat' dir='ltr'><strong>ecl</strong></span> <span class='ocrx_word' id='word_1_272' title='bbox 1165 2133 1281 2204; x_wconf 89' lang='lat' dir='ltr'><strong>gationis</strong></span> <span class='ocrx_word' id='word_1_273' title='bbox 1292 2132 1382 2206; x_wconf 88' lang='lat' dir='ltr'><strong>quoad</strong></span> <span class='ocrx_word' id='word_1_274' title='bbox 1398 2140 1482 2194; x_wconf 89' lang='lat' dir='ltr'><strong>totam</strong></span> <span class='ocrx_word' id='word_1_275' title='bbox 1495 2135 1580 2208; x_wconf 89' lang='lat' dir='ltr'><strong>legem</strong></span> <span class='ocrx_word' id='word_1_276' title='bbox 1592 2137 1616 2192; x_wconf 93' lang='lat' dir='ltr'><strong>in</strong></span> <span class='ocrx_word' id='word_1_277' title='bbox 1629 2135 1680 2193; x_wconf 88' lang='lat' dir='ltr'><strong>illis</strong></span> <span class='ocrx_word' id='word_1_278' title='bbox 1691 2138 1771 2194; x_wconf 90' lang='lat' dir='ltr'><strong>etiam</strong></span> <span class='ocrx_word' id='word_1_279' title='bbox 1785 2148 1923 2196; x_wconf 86' lang='lat' dir='ltr'><strong>cessaret.</strong></span> <span class='ocrx_word' id='word_1_280' title='bbox 1936 2141 1971 2196; x_wconf 84' lang='lat' dir='ltr'><strong>si-</strong></span> 
     </span>
     <span class='ocr_line' id='line_1_22' title="bbox 328 2221 1973 2298; baseline -0.001 -14"><span class='ocrx_word' id='word_1_281' title='bbox 328 2227 455 2285; x_wconf 86' lang='lat' dir='ltr'><strong>sulutem</strong></span> <span class='ocrx_word' id='word_1_282' title='bbox 470 2239 531 2283; x_wconf 89' lang='lat' dir='ltr'><strong>esse</strong></span> <span class='ocrx_word' id='word_1_283' title='bbox 543 2231 716 2284; x_wconf 80' lang='lat' dir='ltr'><strong>necessario</strong></span> <span class='ocrx_word' id='word_1_284' title='bbox 728 2243 789 2283; x_wconf 86' lang='grc' dir='ltr'><strong>ιιι</strong></span> <span class='ocrx_word' id='word_1_285' title='bbox 803 2223 1003 2282; x_wconf 84' lang='lat' dir='ltr'><strong>crederentur.</strong></span> <span class='ocrx_word' id='word_1_286' title='bbox 1017 2226 1131 2280; x_wconf 85' lang='lat' dir='ltr'><strong>Verum·</strong></span> <span class='ocrx_word' id='word_1_287' title='bbox 1165 2221 1229 2278; x_wconf 91' lang='lat' dir='ltr'><strong>mile</strong></span> <span class='ocrx_word' id='word_1_288' title='bbox 1243 2231 1439 2295; x_wconf 86' lang='lat' dir='ltr'><strong>argumentum</strong></span> <span class='ocrx_word' id='word_1_289' title='bbox 1454 2225 1509 2280; x_wconf 87' lang='lat' dir='ltr'><strong>lieri</strong></span> <span class='ocrx_word' id='word_1_290' title='bbox 1524 2234 1615 2296; x_wconf 84' lang='lat' dir='ltr'><strong>potest</strong></span> <span class='ocrx_word' id='word_1_291' title='bbox 1629 2225 1662 2282; x_wconf 92' lang='lat' dir='ltr'><strong>de</strong></span> <span class='ocrx_word' id='word_1_292' title='bbox 1677 2229 1836 2298; x_wconf 74' lang='lat' dir='ltr'><strong>sacrificiis,</strong></span> <span class='ocrx_word' id='word_1_293' title='bbox 1852 2245 1918 2286; x_wconf 91' lang='lat' dir='ltr'><strong>nam</strong></span> <span class='ocrx_word' id='word_1_294' title='bbox 1937 2233 1973 2284; x_wconf 89' lang='lat' dir='ltr'><strong>in·</strong></span> 
     </span>
     <span class='ocr_line' id='line_1_23' title="bbox 329 2310 1972 2389; baseline 0 -15"><span class='ocrx_word' id='word_1_295' title='bbox 329 2326 419 2374; x_wconf 89' lang='lat' dir='ltr'><strong>tamen</strong></span> <span class='ocrx_word' id='word_1_296' title='bbox 440 2317 508 2372; x_wconf 91' lang='lat' dir='ltr'><strong>baec</strong></span> <span class='ocrx_word' id='word_1_297' title='bbox 530 2317 613 2372; x_wconf 87' lang='lat' dir='ltr'><strong>rerba</strong></span> <span class='ocrx_word' id='word_1_298' title='bbox 630 2330 680 2389; x_wconf 90' lang='lat' dir='ltr'><strong>ego</strong></span> <span class='ocrx_word' id='word_1_299' title='bbox 702 2331 755 2372; x_wconf 92' lang='lat' dir='ltr'><strong>non</strong></span> <span class='ocrx_word' id='word_1_300' title='bbox 775 2315 883 2371; x_wconf 82' lang='lat' dir='ltr'><strong>invenio</strong></span> <span class='ocrx_word' id='word_1_301' title='bbox 904 2315 928 2370; x_wconf 92' lang='lat' dir='ltr'><strong>in</strong></span> <span class='ocrx_word' id='word_1_302' title='bbox 943 2313 989 2370; x_wconf 91' lang='lat' dir='ltr'><strong>illo</strong></span> <span class='ocrx_word' id='word_1_303' title='bbox 1003 2314 1129 2384; x_wconf 72' lang='lat' dir='ltr'><strong>concilim</strong></span> <span class='ocrx_word' id='word_1_304' title='bbox 1166 2310 1299 2369; x_wconf 92' lang='lat' dir='ltr'><strong>troducto</strong></span> <span class='ocrx_word' id='word_1_305' title='bbox 1315 2313 1397 2370; x_wconf 90' lang='lat' dir='ltr'><strong>unico</strong></span> <span class='ocrx_word' id='word_1_306' title='bbox 1409 2327 1441 2369; x_wconf 89' lang='lat' dir='ltr'><strong>nc</strong></span> <span class='ocrx_word' id='word_1_307' title='bbox 1456 2313 1547 2370; x_wconf 80' lang='lat' dir='ltr'><strong>divino</strong></span> <span class='ocrx_word' id='word_1_308' title='bbox 1558 2313 1626 2386; x_wconf 88' lang='lat' dir='ltr'><strong>legis</strong></span> <span class='ocrx_word' id='word_1_309' title='bbox 1640 2331 1726 2372; x_wconf 84' lang='lat' dir='ltr'><strong>novae</strong></span> <span class='ocrx_word' id='word_1_310' title='bbox 1737 2317 1891 2388; x_wconf 82' lang='lat' dir='ltr'><strong>sacrificio,</strong></span> <span class='ocrx_word' id='word_1_311' title='bbox 1903 2319 1972 2374; x_wconf 85' lang='lat' dir='ltr'><strong>eius-</strong></span> 
     </span>
     <span class='ocr_line' id='line_1_24' title="bbox 328 2402 1974 2480; baseline 0 -18"><span class='ocrx_word' id='word_1_312' title='bbox 328 2405 402 2479; x_wconf 94' lang='lat' dir='ltr'><strong>quod</strong></span> <span class='ocrx_word' id='word_1_313' title='bbox 426 2407 507 2462; x_wconf 90' lang='lat' dir='ltr'><strong>etiam</strong></span> <span class='ocrx_word' id='word_1_314' title='bbox 528 2413 659 2461; x_wconf 88' lang='lat' dir='ltr'><strong>notarunt</strong></span> <span class='ocrx_word' id='word_1_315' title='bbox 672 2403 776 2462; x_wconf 82' lang='lat' dir='ltr'><strong>Valent.</strong></span> <span class='ocrx_word' id='word_1_316' title='bbox 794 2412 822 2460; x_wconf 91' lang='lat' dir='ltr'><strong>et</strong></span> <span class='ocrx_word' id='word_1_317' title='bbox 836 2406 919 2476; x_wconf 86' lang='lat' dir='ltr'><strong>Vasq.</strong></span> <span class='ocrx_word' id='word_1_318' title='bbox 935 2405 1131 2475; x_wconf 83' lang='lat' dir='ltr'><strong>Praeterquam</strong></span> <span class='ocrx_word' id='word_1_319' title='bbox 1165 2414 1219 2470; x_wconf 90' lang='lat' dir='ltr'><strong>que</strong></span> <span class='ocrx_word' id='word_1_320' title='bbox 1234 2402 1397 2458; x_wconf 85' lang='lat' dir='ltr'><strong>necessitate</strong></span> <span class='ocrx_word' id='word_1_321' title='bbox 1411 2404 1465 2457; x_wconf 92' lang='lat' dir='ltr'><strong>iam</strong></span> <span class='ocrx_word' id='word_1_322' title='bbox 1479 2409 1577 2473; x_wconf 90' lang='lat' dir='ltr'><strong>coepta</strong></span> <span class='ocrx_word' id='word_1_323' title='bbox 1592 2405 1778 2476; x_wconf 91' lang='lat' dir='ltr'><strong>promulgari,</strong></span> <span class='ocrx_word' id='word_1_324' title='bbox 1797 2421 1974 2480; x_wconf 85' lang='lat' dir='ltr'><strong>consequens</strong></span> 
     </span>
     <span class='ocr_line' id='line_1_25' title="bbox 328 2485 1973 2568; baseline 0.002 -19"><span class='ocrx_word' id='word_1_325' title='bbox 328 2494 404 2568; x_wconf 90' lang='lat' dir='ltr'><strong>quod</strong></span> <span class='ocrx_word' id='word_1_326' title='bbox 418 2495 444 2550; x_wconf 91' lang='lat' dir='ltr'><strong>ln</strong></span> <span class='ocrx_word' id='word_1_327' title='bbox 458 2495 496 2550; x_wconf 92' lang='lat' dir='ltr'><strong>eis</strong></span> <span class='ocrx_word' id='word_1_328' title='bbox 510 2510 565 2551; x_wconf 92' lang='lat' dir='ltr'><strong>non</strong></span> <span class='ocrx_word' id='word_1_329' title='bbox 580 2492 692 2562; x_wconf 85' lang='lat' dir='ltr'><strong>dieitur,</strong></span> <span class='ocrx_word' id='word_1_330' title='bbox 708 2493 857 2550; x_wconf 91' lang='lat' dir='ltr'><strong>concilium</strong></span> <span class='ocrx_word' id='word_1_331' title='bbox 871 2492 993 2563; x_wconf 88' lang='lat' dir='ltr'><strong>delinire,</strong></span> <span class='ocrx_word' id='word_1_332' title='bbox 1010 2492 1056 2548; x_wconf 88' lang='lat' dir='ltr'><strong>scd</strong></span> <span class='ocrx_word' id='word_1_333' title='bbox 1072 2499 1131 2548; x_wconf 92' lang='lat' dir='ltr'><strong>tan·</strong></span> <span class='ocrx_word' id='word_1_334' title='bbox 1166 2488 1237 2560; x_wconf 86' lang='lat' dir='ltr'><strong>luit,</strong></span> <span class='ocrx_word' id='word_1_335' title='bbox 1254 2497 1287 2546; x_wconf 89' lang='lat' dir='ltr'><strong>ut</strong></span> <span class='ocrx_word' id='word_1_336' title='bbox 1301 2493 1450 2548; x_wconf 85' lang='lat' dir='ltr'><strong>necessitas</strong></span> <span class='ocrx_word' id='word_1_337' title='bbox 1464 2485 1643 2565; x_wconf 81' lang='lat' dir='ltr'><strong>antiquorum</strong></span> <span class='ocrx_word' id='word_1_338' title='bbox 1658 2495 1865 2552; x_wconf 88' lang='lat' dir='ltr'><strong>sacrificiorum</strong></span> <span class='ocrx_word' id='word_1_339' title='bbox 1885 2513 1935 2568; x_wconf 89' lang='lat' dir='ltr'><strong>per</strong></span> <span class='ocrx_word' id='word_1_340' title='bbox 1948 2513 1973 2552; x_wconf 87' lang='lat' dir='ltr'><strong>sc</strong></span> 
     </span>
     <span class='ocr_line' id='line_1_26' title="bbox 329 2579 1972 2658; baseline -0.001 -16"><span class='ocrx_word' id='word_1_341' title='bbox 329 2593 389 2642; x_wconf 94' lang='lat' dir='ltr'><strong>tum</strong></span> <span class='ocrx_word' id='word_1_342' title='bbox 404 2601 458 2641; x_wconf 92' lang='lat' dir='ltr'><strong>non</strong></span> <span class='ocrx_word' id='word_1_343' title='bbox 471 2599 583 2658; x_wconf 90' lang='lat' dir='ltr'><strong>negare.</strong></span> <span class='ocrx_word' id='word_1_344' title='bbox 599 2586 657 2640; x_wconf 90' lang='lat' dir='ltr'><strong>Non</strong></span> <span class='ocrx_word' id='word_1_345' title='bbox 672 2582 782 2640; x_wconf 83' lang='lat' dir='ltr'><strong>videtur</strong></span> <span class='ocrx_word' id='word_1_346' title='bbox 792 2599 858 2656; x_wconf 87' lang='lat' dir='ltr'><strong>ergo</strong></span> <span class='ocrx_word' id='word_1_347' title='bbox 874 2583 941 2639; x_wconf 90' lang='lat' dir='ltr'><strong>baec</strong></span> <span class='ocrx_word' id='word_1_348' title='bbox 955 2597 998 2638; x_wconf 89' lang='lat' dir='ltr'><strong>res</strong></span> <span class='ocrx_word' id='word_1_349' title='bbox 1009 2581 1129 2652; x_wconf 83' lang='lat' dir='ltr'><strong>delinita,</strong></span> <span class='ocrx_word' id='word_1_350' title='bbox 1167 2586 1305 2650; x_wconf 64' lang='lat' dir='ltr'><strong>cessarem</strong></span> <span class='ocrx_word' id='word_1_351' title='bbox 1322 2579 1573 2653; x_wconf 87' lang='lat' dir='ltr'><strong>repugnabatenlm</strong></span> <span class='ocrx_word' id='word_1_352' title='bbox 1585 2583 1766 2656; x_wconf 85' lang='lat' dir='ltr'><strong>singularitati</strong></span> <span class='ocrx_word' id='word_1_353' title='bbox 1783 2587 1873 2642; x_wconf 84' lang='lat' dir='ltr'><strong>nostri</strong></span> <span class='ocrx_word' id='word_1_354' title='bbox 1890 2588 1972 2642; x_wconf 90' lang='lat' dir='ltr'><strong>sacri-</strong></span> 
     </span>
     <span class='ocr_line' id='line_1_27' title="bbox 328 2655 1971 2746; baseline 0 -16"><span class='ocrx_word' id='word_1_355' title='bbox 328 2691 380 2732; x_wconf 92' lang='lat' dir='ltr'><strong>nec</strong></span> <span class='ocrx_word' id='word_1_356' title='bbox 396 2677 423 2730; x_wconf 94' lang='lat' dir='ltr'><strong>in</strong></span> <span class='ocrx_word' id='word_1_357' title='bbox 438 2675 583 2746; x_wconf 87' lang='lat' dir='ltr'><strong>Scriptura</strong></span> <span class='ocrx_word' id='word_1_358' title='bbox 597 2689 740 2744; x_wconf 84' lang='lat' dir='ltr'><strong>expressa,</strong></span> <span class='ocrx_word' id='word_1_359' title='bbox 752 2687 920 2746; x_wconf 86' lang='lat' dir='ltr'><strong>quamquam</strong></span> <span class='ocrx_word' id='word_1_360' title='bbox 937 2673 1060 2732; x_wconf 83' lang='lat' dir='ltr'><strong>rideatur</strong></span> <span class='ocrx_word' id='word_1_361' title='bbox 1074 2687 1131 2727; x_wconf 90' lang='lat' dir='ltr'><strong>ms·</strong></span> <span class='ocrx_word' id='word_1_362' title='bbox 1167 2667 1238 2736; x_wconf 85' lang='lat' dir='ltr'><strong>ficii,</strong></span> <span class='ocrx_word' id='word_1_363' title='bbox 1263 2670 1379 2743; x_wconf 89' lang='lat' dir='ltr'><strong>eiusque</strong></span> <span class='ocrx_word' id='word_1_364' title='bbox 1403 2667 1529 2740; x_wconf 85' lang='lat' dir='ltr'><strong>dignitati</strong></span> <span class='ocrx_word' id='word_1_365' title='bbox 1552 2677 1581 2726; x_wconf 90' lang='lat' dir='ltr'><strong>et</strong></span> <span class='ocrx_word' id='word_1_366' title='bbox 1605 2671 1786 2729; x_wconf 85' lang='lat' dir='ltr'><strong>sufficientiae</strong></span> <span class='ocrx_word' id='word_1_367' title='bbox 1810 2655 1971 2746; x_wconf 66' lang='lat' dir='ltr'><strong>derogabat}</strong></span> 
     </span>
     <span class='ocr_line' id='line_1_28' title="bbox 327 2754 1971 2837; baseline -0.001 -17"><span class='ocrx_word' id='word_1_368' title='bbox 327 2765 368 2837; x_wconf 88' lang='lat' dir='ltr'><strong>gis</strong></span> <span class='ocrx_word' id='word_1_369' title='bbox 389 2770 573 2820; x_wconf 87' lang='lat' dir='ltr'><strong>consentanee</strong></span> <span class='ocrx_word' id='word_1_370' title='bbox 592 2763 642 2833; x_wconf 89' lang='lat' dir='ltr'><strong>iis,</strong></span> <span class='ocrx_word' id='word_1_371' title='bbox 657 2779 728 2835; x_wconf 90' lang='lat' dir='ltr'><strong>quae</strong></span> <span class='ocrx_word' id='word_1_372' title='bbox 749 2763 893 2834; x_wconf 89' lang='lat' dir='ltr'><strong>Scriptura</strong></span> <span class='ocrx_word' id='word_1_373' title='bbox 908 2760 990 2818; x_wconf 88' lang='lat' dir='ltr'><strong>relcrt</strong></span> <span class='ocrx_word' id='word_1_374' title='bbox 1004 2760 1037 2816; x_wconf 89' lang='lat' dir='ltr'><strong>de</strong></span> <span class='ocrx_word' id='word_1_375' title='bbox 1052 2759 1129 2822; x_wconf 83' lang='lat' dir='ltr'><strong>iactis</strong></span> <span class='ocrx_word' id='word_1_376' title='bbox 1165 2754 1291 2829; x_wconf 88' lang='lat' dir='ltr'><strong>idemque</strong></span> <span class='ocrx_word' id='word_1_377' title='bbox 1314 2763 1359 2813; x_wconf 91' lang='lat' dir='ltr'><strong>est</strong></span> <span class='ocrx_word' id='word_1_378' title='bbox 1377 2771 1442 2814; x_wconf 90' lang='lat' dir='ltr'><strong>curn</strong></span> <span class='ocrx_word' id='word_1_379' title='bbox 1463 2759 1641 2829; x_wconf 89' lang='lat' dir='ltr'><strong>proportione</strong></span> <span class='ocrx_word' id='word_1_380' title='bbox 1661 2759 1695 2816; x_wconf 93' lang='lat' dir='ltr'><strong>de</strong></span> <span class='ocrx_word' id='word_1_381' title='bbox 1716 2765 1922 2834; x_wconf 84' lang='lat' dir='ltr'><strong>sacramentis,</strong></span> <span class='ocrx_word' id='word_1_382' title='bbox 1943 2780 1971 2819; x_wconf 90' lang='lat' dir='ltr'><strong>sc</strong></span> 
     </span>
     <span class='ocr_line' id='line_1_29' title="bbox 329 2843 1697 2925; baseline -0.003 -17"><span class='ocrx_word' id='word_1_383' title='bbox 329 2853 531 2925; x_wconf 67' lang='lat' dir='ltr'><strong>apostolorum,</strong></span> <span class='ocrx_word' id='word_1_384' title='bbox 544 2850 649 2908; x_wconf 89' lang='lat' dir='ltr'><strong>indicat</strong></span> <span class='ocrx_word' id='word_1_385' title='bbox 660 2851 731 2907; x_wconf 91' lang='lat' dir='ltr'><strong>enim</strong></span> <span class='ocrx_word' id='word_1_386' title='bbox 747 2867 800 2908; x_wconf 89' lang='lat' dir='ltr'><strong>non</strong></span> <span class='ocrx_word' id='word_1_387' title='bbox 815 2851 897 2908; x_wconf 87' lang='lat' dir='ltr'><strong>luisse</strong></span> <span class='ocrx_word' id='word_1_388' title='bbox 907 2866 940 2907; x_wconf 86' lang='lat' dir='ltr'><strong>er</strong></span> <span class='ocrx_word' id='word_1_389' title='bbox 955 2850 1022 2923; x_wconf 91' lang='lat' dir='ltr'><strong>legis</strong></span> <span class='ocrx_word' id='word_1_390' title='bbox 1033 2865 1130 2906; x_wconf 86' lang='lat' dir='ltr'><strong>neces·</strong></span> <span class='ocrx_word' id='word_1_391' title='bbox 1165 2843 1281 2900; x_wconf 90' lang='lat' dir='ltr'><strong>subinde</strong></span> <span class='ocrx_word' id='word_1_392' title='bbox 1300 2845 1332 2901; x_wconf 91' lang='lat' dir='ltr'><strong>de</strong></span> <span class='ocrx_word' id='word_1_393' title='bbox 1348 2853 1405 2902; x_wconf 91' lang='lat' dir='ltr'><strong>tots</strong></span> <span class='ocrx_word' id='word_1_394' title='bbox 1420 2845 1478 2918; x_wconf 88' lang='lat' dir='ltr'><strong>lege</strong></span> <span class='ocrx_word' id='word_1_395' title='bbox 1492 2847 1697 2905; x_wconf 87' lang='lat' dir='ltr'><strong>caeremoniali.</strong></span> 
     </span>
     <span class='ocr_line' id='line_1_30' title="bbox 327 2933 1972 3014; baseline -0.001 -16"><span class='ocrx_word' id='word_1_396' title='bbox 327 2946 428 3013; x_wconf 89' lang='lat' dir='ltr'><strong>sitate,</strong></span> <span class='ocrx_word' id='word_1_397' title='bbox 445 2942 492 2998; x_wconf 91' lang='lat' dir='ltr'><strong>sed</strong></span> <span class='ocrx_word' id='word_1_398' title='bbox 513 2943 548 2998; x_wconf 91' lang='lat' dir='ltr'><strong>ob</strong></span> <span class='ocrx_word' id='word_1_399' title='bbox 562 2951 716 3014; x_wconf 91' lang='lat' dir='ltr'><strong>temporum</strong></span> <span class='ocrx_word' id='word_1_400' title='bbox 731 2939 903 3012; x_wconf 89' lang='lat' dir='ltr'><strong>indigentiam</strong></span> <span class='ocrx_word' id='word_1_401' title='bbox 921 2945 949 2996; x_wconf 90' lang='grc' dir='ltr'><strong>ιι</strong></span> <span class='ocrx_word' id='word_1_402' title='bbox 970 2939 1130 3010; x_wconf 82' lang='grc' dir='ltr'>ιιιιιιιιι-</span> <span class='ocrx_word' id='word_1_403' title='bbox 1207 2937 1234 2991; x_wconf 88' lang='grc'><strong>6.</strong></span> <span class='ocrx_word' id='word_1_404' title='bbox 1251 2933 1290 2990; x_wconf 86' lang='grc' dir='ltr'><strong>Ει</strong></span> <span class='ocrx_word' id='word_1_405' title='bbox 1306 2933 1359 2990; x_wconf 83' lang='grc' dir='ltr'><strong>ιιι</strong></span> <span class='ocrx_word' id='word_1_406' title='bbox 1375 2933 1505 2991; x_wconf 88' lang='lat' dir='ltr'><strong>discursu</strong></span> <span class='ocrx_word' id='word_1_407' title='bbox 1521 2936 1605 2992; x_wconf 89' lang='lat' dir='ltr'><strong>intere</strong></span> <span class='ocrx_word' id='word_1_408' title='bbox 1620 2938 1725 3009; x_wconf 92' lang='lat' dir='ltr'><strong>primo,</strong></span> <span class='ocrx_word' id='word_1_409' title='bbox 1742 2937 1834 3009; x_wconf 87' lang='lat' dir='ltr'><strong>legem</strong></span> <span class='ocrx_word' id='word_1_410' title='bbox 1855 2947 1972 2997; x_wconf 85' lang='lat' dir='ltr'><strong>reterens</strong></span> 
     </span>
     <span class='ocr_line' id='line_1_31' title="bbox 326 3023 1973 3102; baseline -0.001 -14"><span class='ocrx_word' id='word_1_411' title='bbox 326 3040 422 3091; x_wconf 88' lang='lat' dir='ltr'><strong>tatem.</strong></span> <span class='ocrx_word' id='word_1_412' title='bbox 441 3034 517 3089; x_wconf 89' lang='lat' dir='ltr'><strong>Sicut</strong></span> <span class='ocrx_word' id='word_1_413' title='bbox 531 3032 633 3088; x_wconf 90' lang='lat' dir='ltr'><strong>dicitur</strong></span> <span class='ocrx_word' id='word_1_414' title='bbox 646 3029 679 3086; x_wconf 89' lang='lat' dir='ltr'><strong>de</strong></span> <span class='ocrx_word' id='word_1_415' title='bbox 694 3029 778 3088; x_wconf 88' lang='lat' dir='ltr'><strong>Paulo</strong></span> <span class='ocrx_word' id='word_1_416' title='bbox 792 3032 888 3085; x_wconf 81' lang='lat' dir='ltr'><strong>Actor.</strong></span> <span class='ocrx_word' id='word_1_417' title='bbox 907 3033 956 3097; x_wconf 84' lang='lat'><strong>16,</strong></span> <span class='ocrx_word' id='word_1_418' title='bbox 973 3030 1129 3084; x_wconf 83' lang='lat' dir='ltr'><strong>circumci·</strong></span> <span class='ocrx_word' id='word_1_419' title='bbox 1166 3040 1220 3080; x_wconf 93' lang='lat' dir='ltr'><strong>non</strong></span> <span class='ocrx_word' id='word_1_420' title='bbox 1244 3023 1328 3080; x_wconf 89' lang='lat' dir='ltr'><strong>luisse</strong></span> <span class='ocrx_word' id='word_1_421' title='bbox 1350 3023 1430 3081; x_wconf 88' lang='lat' dir='ltr'><strong>simul</strong></span> <span class='ocrx_word' id='word_1_422' title='bbox 1452 3023 1628 3098; x_wconf 85' lang='lat' dir='ltr'><strong>abrogatam,</strong></span> <span class='ocrx_word' id='word_1_423' title='bbox 1644 3041 1693 3082; x_wconf 91' lang='lat' dir='ltr'><strong>seu</strong></span> <span class='ocrx_word' id='word_1_424' title='bbox 1709 3034 1871 3101; x_wconf 90' lang='lat' dir='ltr'><strong>mortuam,</strong></span> <span class='ocrx_word' id='word_1_425' title='bbox 1885 3030 1973 3102; x_wconf 89' lang='lat' dir='ltr'><strong>quoad</strong></span> 
     </span>
     <span class='ocr_line' id='line_1_32' title="bbox 327 3111 1973 3195; baseline -0.002 -17"><span class='ocrx_word' id='word_1_426' title='bbox 327 3121 407 3179; x_wconf 87' lang='lat' dir='ltr'><strong>disse</strong></span> <span class='ocrx_word' id='word_1_427' title='bbox 428 3121 613 3178; x_wconf 76' lang='lat' dir='ltr'><strong>Timotheum</strong></span> <span class='ocrx_word' id='word_1_428' title='bbox 623 3124 747 3195; x_wconf 83' lang='lat' dir='ltr'><strong>propter</strong></span> <span class='ocrx_word' id='word_1_429' title='bbox 759 3117 897 3175; x_wconf 82' lang='lat' dir='ltr'><strong>iudaeos:</strong></span> <span class='ocrx_word' id='word_1_430' title='bbox 911 3132 973 3173; x_wconf 89' lang='lat' dir='ltr'><strong>nam</strong></span> <span class='ocrx_word' id='word_1_431' title='bbox 987 3119 1012 3172; x_wconf 91' lang='lat' dir='ltr'><strong>in</strong></span> <span class='ocrx_word' id='word_1_432' title='bbox 1024 3117 1077 3174; x_wconf 94' lang='lat' dir='ltr'><strong>boc</strong></span> <span class='ocrx_word' id='word_1_433' title='bbox 1090 3123 1129 3174; x_wconf 91' lang='lat' dir='ltr'><strong>ts·</strong></span> <span class='ocrx_word' id='word_1_434' title='bbox 1165 3111 1357 3185; x_wconf 89' lang='lat' dir='ltr'><strong>obligationem</strong></span> <span class='ocrx_word' id='word_1_435' title='bbox 1373 3129 1422 3183; x_wconf 94' lang='lat' dir='ltr'><strong>pro</strong></span> <span class='ocrx_word' id='word_1_436' title='bbox 1434 3120 1491 3169; x_wconf 89' lang='lat' dir='ltr'><strong>totu</strong></span> <span class='ocrx_word' id='word_1_437' title='bbox 1503 3112 1617 3187; x_wconf 92' lang='lat' dir='ltr'><strong>mundo,</strong></span> <span class='ocrx_word' id='word_1_438' title='bbox 1630 3114 1676 3170; x_wconf 90' lang='lat' dir='ltr'><strong>sed</strong></span> <span class='ocrx_word' id='word_1_439' title='bbox 1688 3119 1864 3190; x_wconf 84' lang='lat' dir='ltr'><strong>successive,</strong></span> <span class='ocrx_word' id='word_1_440' title='bbox 1886 3120 1973 3191; x_wconf 87' lang='lat' dir='ltr'><strong>prius-</strong></span> 
     </span>
     <span class='ocr_line' id='line_1_33' title="bbox 328 3199 1973 3284; baseline -0.003 -14"><span class='ocrx_word' id='word_1_441' title='bbox 328 3214 381 3270; x_wconf 92' lang='lat' dir='ltr'><strong>cite</strong></span> <span class='ocrx_word' id='word_1_442' title='bbox 399 3212 586 3284; x_wconf 84' lang='lat' dir='ltr'><strong>significatur,</strong></span> <span class='ocrx_word' id='word_1_443' title='bbox 601 3211 625 3265; x_wconf 94' lang='lat' dir='ltr'><strong>id</strong></span> <span class='ocrx_word' id='word_1_444' title='bbox 641 3225 694 3265; x_wconf 92' lang='grc' dir='ltr'><strong>ιιι</strong></span> <span class='ocrx_word' id='word_1_445' title='bbox 708 3224 768 3266; x_wconf 89' lang='lat' dir='ltr'><strong>esse</strong></span> <span class='ocrx_word' id='word_1_446' title='bbox 783 3209 886 3266; x_wconf 89' lang='lat' dir='ltr'><strong>lactum</strong></span> <span class='ocrx_word' id='word_1_447' title='bbox 902 3215 1014 3280; x_wconf 90' lang='lat' dir='ltr'><strong>propter</strong></span> <span class='ocrx_word' id='word_1_448' title='bbox 1029 3206 1131 3279; x_wconf 87' lang='lat' dir='ltr'><strong>obliga·</strong></span> <span class='ocrx_word' id='word_1_449' title='bbox 1165 3215 1218 3273; x_wconf 92' lang='lat' dir='ltr'><strong>que</strong></span> <span class='ocrx_word' id='word_1_450' title='bbox 1235 3201 1261 3257; x_wconf 92' lang='lat' dir='ltr'><strong>in</strong></span> <span class='ocrx_word' id='word_1_451' title='bbox 1277 3199 1361 3257; x_wconf 90' lang='lat' dir='ltr'><strong>ludes</strong></span> <span class='ocrx_word' id='word_1_452' title='bbox 1374 3206 1403 3258; x_wconf 93' lang='lat' dir='ltr'><strong>et</strong></span> <span class='ocrx_word' id='word_1_453' title='bbox 1418 3201 1443 3257; x_wconf 95' lang='lat' dir='ltr'><strong>in</strong></span> <span class='ocrx_word' id='word_1_454' title='bbox 1457 3201 1514 3257; x_wconf 89' lang='lat' dir='ltr'><strong>aliis</strong></span> <span class='ocrx_word' id='word_1_455' title='bbox 1528 3201 1609 3274; x_wconf 90' lang='lat' dir='ltr'><strong>loeis,</strong></span> <span class='ocrx_word' id='word_1_456' title='bbox 1625 3204 1670 3259; x_wconf 93' lang='lat' dir='ltr'><strong>ubi</strong></span> <span class='ocrx_word' id='word_1_457' title='bbox 1686 3206 1762 3276; x_wconf 81' lang='lat' dir='ltr'><strong>priate</strong></span> <span class='ocrx_word' id='word_1_458' title='bbox 1778 3205 1833 3262; x_wconf 93' lang='lat' dir='ltr'><strong>luit</strong></span> <span class='ocrx_word' id='word_1_459' title='bbox 1848 3206 1891 3264; x_wconf 83' lang='lat' dir='ltr'><strong>les</strong></span> <span class='ocrx_word' id='word_1_460' title='bbox 1908 3225 1973 3265; x_wconf 83' lang='lat' dir='ltr'><strong>nora</strong></span> 
     </span>
     <span class='ocr_line' id='line_1_34' title="bbox 326 3289 1973 3374; baseline -0.004 -16"><span class='ocrx_word' id='word_1_461' title='bbox 326 3303 427 3358; x_wconf 88' lang='lat' dir='ltr'><strong>tionem</strong></span> <span class='ocrx_word' id='word_1_462' title='bbox 444 3302 509 3374; x_wconf 89' lang='lat' dir='ltr'><strong>legis</strong></span> <span class='ocrx_word' id='word_1_463' title='bbox 521 3298 700 3372; x_wconf 87' lang='lat' dir='ltr'><strong>implendsm;</strong></span> <span class='ocrx_word' id='word_1_464' title='bbox 713 3297 784 3356; x_wconf 90' lang='lat' dir='ltr'><strong>etad</strong></span> <span class='ocrx_word' id='word_1_465' title='bbox 795 3296 869 3354; x_wconf 90' lang='lat' dir='ltr'><strong>bunc</strong></span> <span class='ocrx_word' id='word_1_466' title='bbox 881 3297 993 3355; x_wconf 89' lang='lat' dir='ltr'><strong>medum</strong></span> <span class='ocrx_word' id='word_1_467' title='bbox 1005 3296 1129 3355; x_wconf 87' lang='lat' dir='ltr'><strong>reterun·</strong></span> <span class='ocrx_word' id='word_1_468' title='bbox 1165 3290 1355 3362; x_wconf 70' lang='lat' dir='ltr'><strong>promulgata,</strong></span> <span class='ocrx_word' id='word_1_469' title='bbox 1373 3289 1468 3347; x_wconf 74' lang='lat' dir='ltr'><strong>delude</strong></span> <span class='ocrx_word' id='word_1_470' title='bbox 1490 3307 1554 3347; x_wconf 84' lang='lat' dir='ltr'><strong>vero</strong></span> <span class='ocrx_word' id='word_1_471' title='bbox 1574 3292 1599 3348; x_wconf 85' lang='lat' dir='ltr'><strong>in</strong></span> <span class='ocrx_word' id='word_1_472' title='bbox 1615 3291 1689 3364; x_wconf 83' lang='lat' dir='ltr'><strong>aliis,</strong></span> <span class='ocrx_word' id='word_1_473' title='bbox 1705 3302 1789 3365; x_wconf 89' lang='lat' dir='ltr'><strong>prout</strong></span> <span class='ocrx_word' id='word_1_474' title='bbox 1802 3293 1973 3370; x_wconf 86' lang='lat' dir='ltr'><strong>demulgatio</strong></span> 
     </span>
     <span class='ocr_line' id='line_1_35' title="bbox 327 3379 1972 3456; baseline -0.004 -9"><span class='ocrx_word' id='word_1_475' title='bbox 327 3399 373 3448; x_wconf 92' lang='lat' dir='ltr'><strong>tur</strong></span> <span class='ocrx_word' id='word_1_476' title='bbox 387 3391 447 3447; x_wconf 90' lang='lat' dir='ltr'><strong>alis.</strong></span> <span class='ocrx_word' id='word_1_477' title='bbox 1165 3379 1232 3452; x_wconf 87' lang='lat' dir='ltr'><strong>legis</strong></span> <span class='ocrx_word' id='word_1_478' title='bbox 1249 3379 1421 3452; x_wconf 79' lang='lat' dir='ltr'><strong>evangelicae</strong></span> <span class='ocrx_word' id='word_1_479' title='bbox 1434 3380 1598 3452; x_wconf 89' lang='lat' dir='ltr'><strong>augebatur.</strong></span> <span class='ocrx_word' id='word_1_480' title='bbox 1620 3382 1700 3438; x_wconf 82' lang='lat' dir='ltr'><strong>ilatio</strong></span> <span class='ocrx_word' id='word_1_481' title='bbox 1715 3389 1769 3451; x_wconf 84' lang='lat' dir='ltr'><strong>est,</strong></span> <span class='ocrx_word' id='word_1_482' title='bbox 1785 3385 1856 3456; x_wconf 92' lang='lat' dir='ltr'><strong>quia</strong></span> <span class='ocrx_word' id='word_1_483' title='bbox 1869 3385 1913 3441; x_wconf 81' lang='lat' dir='ltr'><strong>lex</strong></span> <span class='ocrx_word' id='word_1_484' title='bbox 1930 3402 1972 3441; x_wconf 86' lang='lat' dir='ltr'><strong>re·</strong></span> 
     </span>
     <span class='ocr_line' id='line_1_36' title="bbox 368 3467 1973 3552; baseline -0.005 -13"><span class='ocrx_word' id='word_1_485' title='bbox 368 3487 395 3538; x_wconf 75' lang='grc' dir='ltr'><strong>ι.</strong></span> <span class='ocrx_word' id='word_1_486' title='bbox 411 3480 524 3538; x_wconf 78' lang='lat' dir='ltr'><strong>{latione</strong></span> <span class='ocrx_word' id='word_1_487' title='bbox 539 3495 606 3552; x_wconf 90' lang='lat' dir='ltr'><strong>ergo</strong></span> <span class='ocrx_word' id='word_1_488' title='bbox 619 3477 773 3551; x_wconf 89' lang='lat' dir='ltr'><strong>theologica</strong></span> <span class='ocrx_word' id='word_1_489' title='bbox 791 3473 977 3548; x_wconf 86' lang='lat' dir='ltr'><strong>principaliter</strong></span> <span class='ocrx_word' id='word_1_490' title='bbox 993 3474 1128 3548; x_wconf 90' lang='lat' dir='ltr'><strong>agendum</strong></span> <span class='ocrx_word' id='word_1_491' title='bbox 1166 3475 1210 3525; x_wconf 88' lang='lat' dir='ltr'><strong>lus</strong></span> <span class='ocrx_word' id='word_1_492' title='bbox 1228 3467 1318 3540; x_wconf 89' lang='lat' dir='ltr'><strong>quoad</strong></span> <span class='ocrx_word' id='word_1_493' title='bbox 1334 3467 1525 3542; x_wconf 87' lang='lat' dir='ltr'><strong>obligationem</strong></span> <span class='ocrx_word' id='word_1_494' title='bbox 1541 3485 1589 3541; x_wconf 93' lang='lat' dir='ltr'><strong>pcr</strong></span> <span class='ocrx_word' id='word_1_495' title='bbox 1603 3469 1794 3543; x_wconf 90' lang='lat' dir='ltr'><strong>obligationem</strong></span> <span class='ocrx_word' id='word_1_496' title='bbox 1808 3473 1878 3546; x_wconf 86' lang='lat' dir='ltr'><strong>legis</strong></span> <span class='ocrx_word' id='word_1_497' title='bbox 1890 3490 1973 3532; x_wconf 80' lang='lat' dir='ltr'><strong>nome</strong></span> 
     </span>
     <span class='ocr_line' id='line_1_37' title="bbox 327 3556 1974 3642; baseline -0.001 -19"><span class='ocrx_word' id='word_1_498' title='bbox 327 3579 384 3642; x_wconf 71' lang='lat' dir='ltr'><strong>est,</strong></span> <span class='ocrx_word' id='word_1_499' title='bbox 402 3578 431 3627; x_wconf 88' lang='lat' dir='ltr'><strong>et</strong></span> <span class='ocrx_word' id='word_1_500' title='bbox 443 3569 592 3641; x_wconf 91' lang='lat' dir='ltr'><strong>praecipua</strong></span> <span class='ocrx_word' id='word_1_501' title='bbox 607 3569 727 3624; x_wconf 89' lang='lat' dir='ltr'><strong>sumitur</strong></span> <span class='ocrx_word' id='word_1_502' title='bbox 737 3582 770 3623; x_wconf 82' lang='lat' dir='ltr'><strong>ex</strong></span> <span class='ocrx_word' id='word_1_503' title='bbox 782 3565 915 3636; x_wconf 91' lang='lat' dir='ltr'><strong>principio</strong></span> <span class='ocrx_word' id='word_1_504' title='bbox 927 3578 1013 3634; x_wconf 88' lang='lat' dir='ltr'><strong>suprs</strong></span> <span class='ocrx_word' id='word_1_505' title='bbox 1025 3566 1127 3636; x_wconf 83' lang='lat' dir='ltr'><strong>posito,</strong></span> <span class='ocrx_word' id='word_1_506' title='bbox 1164 3559 1246 3630; x_wconf 90' lang='lat' dir='ltr'><strong>quasi</strong></span> <span class='ocrx_word' id='word_1_507' title='bbox 1260 3557 1409 3614; x_wconf 85' lang='lat' dir='ltr'><strong>turmaliter</strong></span> <span class='ocrx_word' id='word_1_508' title='bbox 1421 3556 1630 3631; x_wconf 79' lang='lat' dir='ltr'><strong>excludebatur3</strong></span> <span class='ocrx_word' id='word_1_509' title='bbox 1641 3559 1689 3616; x_wconf 90' lang='lat' dir='ltr'><strong>sed</strong></span> <span class='ocrx_word' id='word_1_510' title='bbox 1701 3560 1743 3617; x_wconf 85' lang='lat' dir='ltr'><strong>lea</strong></span> <span class='ocrx_word' id='word_1_511' title='bbox 1755 3575 1830 3618; x_wconf 84' lang='lat' dir='ltr'><strong>nora</strong></span> <span class='ocrx_word' id='word_1_512' title='bbox 1840 3579 1896 3619; x_wconf 91' lang='lat' dir='ltr'><strong>non</strong></span> <span class='ocrx_word' id='word_1_513' title='bbox 1908 3565 1974 3621; x_wconf 93' lang='lat' dir='ltr'><strong>obli·</strong></span> 
     </span>
     <span class='ocr_line' id='line_1_38' title="bbox 327 3646 1972 3735; baseline -0.005 -18"><span class='ocrx_word' id='word_1_514' title='bbox 327 3659 403 3735; x_wconf 90' lang='lat' dir='ltr'><strong>quod</strong></span> <span class='ocrx_word' id='word_1_515' title='bbox 419 3660 462 3716; x_wconf 87' lang='lat' dir='ltr'><strong>lea</strong></span> <span class='ocrx_word' id='word_1_516' title='bbox 477 3665 555 3715; x_wconf 85' lang='lat' dir='ltr'><strong>retus</strong></span> <span class='ocrx_word' id='word_1_517' title='bbox 568 3657 694 3729; x_wconf 89' lang='lat' dir='ltr'><strong>abrogata</strong></span> <span class='ocrx_word' id='word_1_518' title='bbox 708 3661 750 3711; x_wconf 89' lang='lat' dir='ltr'><strong>est</strong></span> <span class='ocrx_word' id='word_1_519' title='bbox 763 3654 855 3728; x_wconf 88' lang='lat' dir='ltr'><strong>quoad</strong></span> <span class='ocrx_word' id='word_1_520' title='bbox 870 3652 1078 3725; x_wconf 87' lang='lat' dir='ltr'><strong>obligationem,</strong></span> <span class='ocrx_word' id='word_1_521' title='bbox 1095 3653 1129 3708; x_wconf 87' lang='lat' dir='ltr'><strong>ei·</strong></span> <span class='ocrx_word' id='word_1_522' title='bbox 1163 3647 1239 3718; x_wconf 80' lang='lat' dir='ltr'><strong>gavit</strong></span> <span class='ocrx_word' id='word_1_523' title='bbox 1268 3646 1351 3702; x_wconf 89' lang='lat' dir='ltr'><strong>simul</strong></span> <span class='ocrx_word' id='word_1_524' title='bbox 1376 3647 1509 3704; x_wconf 89' lang='lat' dir='ltr'><strong>mundum</strong></span> <span class='ocrx_word' id='word_1_525' title='bbox 1533 3647 1708 3721; x_wconf 80' lang='lat' dir='ltr'><strong>universum,</strong></span> <span class='ocrx_word' id='word_1_526' title='bbox 1729 3648 1779 3706; x_wconf 87' lang='lat' dir='ltr'><strong>sed</strong></span> <span class='ocrx_word' id='word_1_527' title='bbox 1800 3654 1972 3722; x_wconf 85' lang='lat' dir='ltr'><strong>successise,</strong></span> 
     </span>
     <span class='ocr_line' id='line_1_39' title="bbox 328 3737 1975 3818; baseline -0.004 -12"><span class='ocrx_word' id='word_1_528' title='bbox 328 3749 385 3807; x_wconf 93' lang='lat' dir='ltr'><strong>mul</strong></span> <span class='ocrx_word' id='word_1_529' title='bbox 402 3765 434 3806; x_wconf 90' lang='lat' dir='ltr'><strong>ac</strong></span> <span class='ocrx_word' id='word_1_530' title='bbox 448 3747 491 3805; x_wconf 81' lang='lat' dir='ltr'><strong>lex</strong></span> <span class='ocrx_word' id='word_1_531' title='bbox 505 3762 578 3804; x_wconf 86' lang='lat' dir='ltr'><strong>nora</strong></span> <span class='ocrx_word' id='word_1_532' title='bbox 591 3746 711 3818; x_wconf 88' lang='lat' dir='ltr'><strong>obligare</strong></span> <span class='ocrx_word' id='word_1_533' title='bbox 723 3745 840 3816; x_wconf 75' lang='lat' dir='ltr'><strong>incepit,</strong></span> <span class='ocrx_word' id='word_1_534' title='bbox 853 3757 915 3798; x_wconf 90' lang='lat' dir='ltr'><strong>nam</strong></span> <span class='ocrx_word' id='word_1_535' title='bbox 928 3742 969 3798; x_wconf 86' lang='lat' dir='ltr'><strong>lea</strong></span> <span class='ocrx_word' id='word_1_536' title='bbox 982 3757 1051 3798; x_wconf 90' lang='lat' dir='ltr'><strong>nora</strong></span> <span class='ocrx_word' id='word_1_537' title='bbox 1062 3741 1128 3798; x_wconf 90' lang='lat' dir='ltr'><strong>obli·</strong></span> <span class='ocrx_word' id='word_1_538' title='bbox 1164 3743 1249 3808; x_wconf 90' lang='lat' dir='ltr'><strong>prout</strong></span> <span class='ocrx_word' id='word_1_539' title='bbox 1270 3739 1431 3794; x_wconf 81' lang='lat' dir='ltr'><strong>successise</strong></span> <span class='ocrx_word' id='word_1_540' title='bbox 1451 3737 1693 3810; x_wconf 91' lang='lat' dir='ltr'><strong>promulgabatur,</strong></span> <span class='ocrx_word' id='word_1_541' title='bbox 1716 3739 1758 3796; x_wconf 90' lang='lat' dir='ltr'><strong>rel</strong></span> <span class='ocrx_word' id='word_1_542' title='bbox 1779 3750 1922 3814; x_wconf 91' lang='lat' dir='ltr'><strong>qnantum</strong></span> <span class='ocrx_word' id='word_1_543' title='bbox 1935 3753 1975 3798; x_wconf 87' lang='lat' dir='ltr'><strong>est</strong></span> 
     </span>
     <span class='ocr_line' id='line_1_40' title="bbox 327 3825 1974 3913; baseline -0.003 -18"><span class='ocrx_word' id='word_1_544' title='bbox 327 3853 393 3913; x_wconf 89' lang='lat' dir='ltr'><strong>gare</strong></span> <span class='ocrx_word' id='word_1_545' title='bbox 408 3840 510 3910; x_wconf 91' lang='lat' dir='ltr'><strong>incepit</strong></span> <span class='ocrx_word' id='word_1_546' title='bbox 523 3853 538 3892; x_wconf 91' lang='lat' dir='ltr'><strong>a</strong></span> <span class='ocrx_word' id='word_1_547' title='bbox 551 3837 594 3892; x_wconf 91' lang='lat' dir='ltr'><strong>die</strong></span> <span class='ocrx_word' id='word_1_548' title='bbox 608 3839 794 3902; x_wconf 78' lang='lat' dir='ltr'><strong>Pentecosten,</strong></span> <span class='ocrx_word' id='word_1_549' title='bbox 812 3837 843 3887; x_wconf 87' lang='lat' dir='ltr'><strong>ut</strong></span> <span class='ocrx_word' id='word_1_550' title='bbox 857 3845 932 3886; x_wconf 89' lang='lat' dir='ltr'><strong>nunc</strong></span> <span class='ocrx_word' id='word_1_551' title='bbox 946 3833 1128 3903; x_wconf 88' lang='lat' dir='ltr'><strong>supponimus</strong></span> <span class='ocrx_word' id='word_1_552' title='bbox 1163 3839 1195 3880; x_wconf 90' lang='grc' dir='ltr'><strong>ιι</strong></span> <span class='ocrx_word' id='word_1_553' title='bbox 1217 3839 1246 3880; x_wconf 86' lang='grc' dir='ltr'><strong>ιι</strong></span> <span class='ocrx_word' id='word_1_554' title='bbox 1273 3825 1482 3899; x_wconf 81' lang='lat' dir='ltr'><strong>divulgabatur,</strong></span> <span class='ocrx_word' id='word_1_555' title='bbox 1504 3834 1537 3883; x_wconf 93' lang='lat' dir='ltr'><strong>ut</strong></span> <span class='ocrx_word' id='word_1_556' title='bbox 1555 3833 1633 3884; x_wconf 89' lang='lat' dir='ltr'><strong>recte</strong></span> <span class='ocrx_word' id='word_1_557' title='bbox 1653 3827 1750 3885; x_wconf 89' lang='lat' dir='ltr'><strong>docuit</strong></span> <span class='ocrx_word' id='word_1_558' title='bbox 1769 3831 1878 3888; x_wconf 81' lang='lat' dir='ltr'><strong>scotus</strong></span> <span class='ocrx_word' id='word_1_559' title='bbox 1898 3833 1927 3888; x_wconf 95' lang='lat' dir='ltr'><strong>in</strong></span> <span class='ocrx_word' id='word_1_560' title='bbox 1948 3837 1974 3903; x_wconf 86' lang='lat' dir='ltr'><strong>l,</strong></span> 
     </span>
     <span class='ocr_line' id='line_1_41' title="bbox 327 3912 1975 3999; baseline -0.002 -16"><span class='ocrx_word' id='word_1_561' title='bbox 327 3945 360 3983; x_wconf 82' lang='lat' dir='ltr'><strong>eu</strong></span> <span class='ocrx_word' id='word_1_562' title='bbox 376 3929 446 3984; x_wconf 92' lang='lat' dir='ltr'><strong>libro</strong></span> <span class='ocrx_word' id='word_1_563' title='bbox 461 3927 600 3999; x_wconf 69' lang='lat' dir='ltr'><strong>sequenti,</strong></span> <span class='ocrx_word' id='word_1_564' title='bbox 613 3939 680 3996; x_wconf 89' lang='lat' dir='ltr'><strong>ergo</strong></span> <span class='ocrx_word' id='word_1_565' title='bbox 695 3921 790 3979; x_wconf 90' lang='lat' dir='ltr'><strong>ecdem</strong></span> <span class='ocrx_word' id='word_1_566' title='bbox 805 3918 848 3976; x_wconf 90' lang='lat' dir='ltr'><strong>die</strong></span> <span class='ocrx_word' id='word_1_567' title='bbox 860 3925 967 3976; x_wconf 92' lang='lat' dir='ltr'><strong>mortua</strong></span> <span class='ocrx_word' id='word_1_568' title='bbox 980 3926 1024 3975; x_wconf 89' lang='lat' dir='ltr'><strong>est</strong></span> <span class='ocrx_word' id='word_1_569' title='bbox 1036 3918 1127 3991; x_wconf 88' lang='lat' dir='ltr'><strong>quoad</strong></span> <span class='ocrx_word' id='word_1_570' title='bbox 1163 3912 1225 3970; x_wconf 86' lang='lat' dir='ltr'><strong>dist.</strong></span> <span class='ocrx_word' id='word_1_571' title='bbox 1244 3919 1273 3987; x_wconf 84' lang='lat'><strong>3,</strong></span> <span class='ocrx_word' id='word_1_572' title='bbox 1292 3917 1361 3972; x_wconf 92' lang='lat' dir='ltr'><strong>etin</strong></span> <span class='ocrx_word' id='word_1_573' title='bbox 1377 3915 1424 3972; x_wconf 92' lang='lat' dir='ltr'><strong>lib.</strong></span> <span class='ocrx_word' id='word_1_574' title='bbox 1440 3918 1565 3989; x_wconf 89' lang='lat' dir='ltr'><strong>sequenti</strong></span> <span class='ocrx_word' id='word_1_575' title='bbox 1584 3916 1665 3974; x_wconf 88' lang='lat' dir='ltr'><strong>latius</strong></span> <span class='ocrx_word' id='word_1_576' title='bbox 1685 3919 1887 3994; x_wconf 70' lang='lat' dir='ltr'><strong>tractabimus,</strong></span> <span class='ocrx_word' id='word_1_577' title='bbox 1910 3939 1975 3996; x_wconf 88' lang='lat' dir='ltr'><strong>ergo</strong></span> 
     </span>
     <span class='ocr_line' id='line_1_42' title="bbox 328 4003 1975 4089; baseline -0.005 -15"><span class='ocrx_word' id='word_1_578' title='bbox 328 4017 517 4089; x_wconf 88' lang='lat' dir='ltr'><strong>obligationem</strong></span> <span class='ocrx_word' id='word_1_579' title='bbox 539 4015 582 4070; x_wconf 84' lang='lat' dir='ltr'><strong>lex</strong></span> <span class='ocrx_word' id='word_1_580' title='bbox 601 4019 690 4069; x_wconf 83' lang='lat' dir='ltr'><strong>aetus.</strong></span> <span class='ocrx_word' id='word_1_581' title='bbox 713 4011 747 4068; x_wconf 85' lang='lat' dir='ltr'><strong>Et</strong></span> <span class='ocrx_word' id='word_1_582' title='bbox 766 4008 926 4066; x_wconf 87' lang='lat' dir='ltr'><strong>declaratur</strong></span> <span class='ocrx_word' id='word_1_583' title='bbox 947 4006 1079 4080; x_wconf 90' lang='lat' dir='ltr'><strong>amplius,</strong></span> <span class='ocrx_word' id='word_1_584' title='bbox 1100 4015 1129 4064; x_wconf 91' lang='lat' dir='ltr'><strong>et</strong></span> <span class='ocrx_word' id='word_1_585' title='bbox 1162 4003 1258 4062; x_wconf 89' lang='lat' dir='ltr'><strong>eodem</strong></span> <span class='ocrx_word' id='word_1_586' title='bbox 1282 4005 1363 4063; x_wconf 91' lang='lat' dir='ltr'><strong>modo</strong></span> <span class='ocrx_word' id='word_1_587' title='bbox 1384 4021 1416 4062; x_wconf 91' lang='lat' dir='ltr'><strong>ac</strong></span> <span class='ocrx_word' id='word_1_588' title='bbox 1437 4007 1614 4078; x_wconf 89' lang='lat' dir='ltr'><strong>proportione</strong></span> <span class='ocrx_word' id='word_1_589' title='bbox 1632 4015 1742 4065; x_wconf 89' lang='lat' dir='ltr'><strong>mortua</strong></span> <span class='ocrx_word' id='word_1_590' title='bbox 1759 4009 1813 4066; x_wconf 92' lang='lat' dir='ltr'><strong>luit</strong></span> <span class='ocrx_word' id='word_1_591' title='bbox 1831 4010 1877 4068; x_wconf 84' lang='lat' dir='ltr'><strong>lex</strong></span> <span class='ocrx_word' id='word_1_592' title='bbox 1898 4021 1975 4070; x_wconf 85' lang='lat' dir='ltr'><strong>retus</strong></span> 
     </span>
     <span class='ocr_line' id='line_1_43' title="bbox 328 4094 1975 4173; baseline -0.001 -10"><span class='ocrx_word' id='word_1_593' title='bbox 328 4109 506 4163; x_wconf 87' lang='lat' dir='ltr'><strong>coniirmstur</strong></span> <span class='ocrx_word' id='word_1_594' title='bbox 527 4101 594 4160; x_wconf 92' lang='lat' dir='ltr'><strong>illud</strong></span> <span class='ocrx_word' id='word_1_595' title='bbox 617 4100 798 4172; x_wconf 91' lang='lat' dir='ltr'><strong>principium,</strong></span> <span class='ocrx_word' id='word_1_596' title='bbox 814 4097 876 4169; x_wconf 91' lang='lat' dir='ltr'><strong>qula</strong></span> <span class='ocrx_word' id='word_1_597' title='bbox 889 4096 951 4153; x_wconf 90' lang='lat' dir='ltr'><strong>illae</strong></span> <span class='ocrx_word' id='word_1_598' title='bbox 969 4096 1040 4152; x_wconf 90' lang='lat' dir='ltr'><strong>duae</strong></span> <span class='ocrx_word' id='word_1_599' title='bbox 1054 4094 1127 4168; x_wconf 86' lang='lat' dir='ltr'><strong>leges</strong></span> <span class='ocrx_word' id='word_1_600' title='bbox 1162 4094 1254 4172; x_wconf 78' lang='lat' dir='ltr'><strong>quoad</strong></span> <span class='ocrx_word' id='word_1_601' title='bbox 1280 4094 1487 4168; x_wconf 73' lang='lat' dir='ltr'><strong>obligationem,</strong></span> <span class='ocrx_word' id='word_1_602' title='bbox 1504 4111 1565 4152; x_wconf 89' lang='lat' dir='ltr'><strong>nam</strong></span> <span class='ocrx_word' id='word_1_603' title='bbox 1585 4103 1629 4154; x_wconf 88' lang='lat' dir='ltr'><strong>est</strong></span> <span class='ocrx_word' id='word_1_604' title='bbox 1646 4097 1742 4156; x_wconf 88' lang='lat' dir='ltr'><strong>eadem</strong></span> <span class='ocrx_word' id='word_1_605' title='bbox 1757 4101 1848 4173; x_wconf 88' lang='lat' dir='ltr'><strong>ratic,</strong></span> <span class='ocrx_word' id='word_1_606' title='bbox 1864 4110 1897 4160; x_wconf 91' lang='lat' dir='ltr'><strong>et</strong></span> <span class='ocrx_word' id='word_1_607' title='bbox 1911 4120 1975 4160; x_wconf 91' lang='lat' dir='ltr'><strong>con·</strong></span> 
     </span>
     <span class='ocr_line' id='line_1_44' title="bbox 327 4183 1974 4264; baseline -0.002 -11"><span class='ocrx_word' id='word_1_608' title='bbox 327 4194 503 4254; x_wconf 89' lang='lat' dir='ltr'><strong>includebant</strong></span> <span class='ocrx_word' id='word_1_609' title='bbox 524 4189 672 4264; x_wconf 90' lang='lat' dir='ltr'><strong>quamdam</strong></span> <span class='ocrx_word' id='word_1_610' title='bbox 692 4185 902 4261; x_wconf 89' lang='lat' dir='ltr'><strong>repugnantiam</strong></span> <span class='ocrx_word' id='word_1_611' title='bbox 920 4183 1011 4258; x_wconf 90' lang='lat' dir='ltr'><strong>quoad</strong></span> <span class='ocrx_word' id='word_1_612' title='bbox 1025 4183 1128 4256; x_wconf 83' lang='lat' dir='ltr'><strong>obliga·</strong></span> <span class='ocrx_word' id='word_1_613' title='bbox 1163 4185 1271 4240; x_wconf 90' lang='lat' dir='ltr'><strong>secutio</strong></span> <span class='ocrx_word' id='word_1_614' title='bbox 1286 4186 1557 4254; x_wconf 69' lang='lat' dir='ltr'><strong>necessarissimas</strong></span> <span class='ocrx_word' id='word_1_615' title='bbox 1572 4202 1624 4260; x_wconf 81' lang='grc' dir='ltr'><strong>ιιι</strong></span> <span class='ocrx_word' id='word_1_616' title='bbox 1634 4188 1722 4245; x_wconf 85' lang='lat' dir='ltr'><strong>torma</strong></span> <span class='ocrx_word' id='word_1_617' title='bbox 1734 4204 1787 4246; x_wconf 93' lang='lat' dir='ltr'><strong>non</strong></span> <span class='ocrx_word' id='word_1_618' title='bbox 1800 4192 1974 4261; x_wconf 79' lang='lat' dir='ltr'><strong>excluditur,</strong></span> 
     </span>
     <span class='ocr_line' id='line_1_45' title="bbox 327 4271 1973 4351; baseline -0.004 -9"><span class='ocrx_word' id='word_1_619' title='bbox 327 4287 442 4342; x_wconf 87' lang='lat' dir='ltr'><strong>tionem:</strong></span> <span class='ocrx_word' id='word_1_620' title='bbox 464 4298 526 4339; x_wconf 90' lang='lat' dir='ltr'><strong>nam</strong></span> <span class='ocrx_word' id='word_1_621' title='bbox 541 4297 573 4336; x_wconf 84' lang='lat' dir='ltr'><strong>ea</strong></span> <span class='ocrx_word' id='word_1_622' title='bbox 593 4294 649 4351; x_wconf 93' lang='lat' dir='ltr'><strong>quc</strong></span> <span class='ocrx_word' id='word_1_623' title='bbox 668 4277 757 4348; x_wconf 89' lang='lat' dir='ltr'><strong>coepit</strong></span> <span class='ocrx_word' id='word_1_624' title='bbox 771 4278 812 4332; x_wconf 85' lang='lat' dir='ltr'><strong>ter</strong></span> <span class='ocrx_word' id='word_1_625' title='bbox 827 4289 898 4330; x_wconf 85' lang='lat' dir='ltr'><strong>nora</strong></span> <span class='ocrx_word' id='word_1_626' title='bbox 911 4273 1048 4346; x_wconf 86' lang='lat' dir='ltr'><strong>obligare,</strong></span> <span class='ocrx_word' id='word_1_627' title='bbox 1065 4287 1129 4329; x_wconf 88' lang='lat' dir='ltr'><strong>ene·</strong></span> <span class='ocrx_word' id='word_1_628' title='bbox 1162 4273 1213 4328; x_wconf 90' lang='lat' dir='ltr'><strong>nisi</strong></span> <span class='ocrx_word' id='word_1_629' title='bbox 1231 4271 1265 4329; x_wconf 91' lang='lat' dir='ltr'><strong>sd</strong></span> <span class='ocrx_word' id='word_1_630' title='bbox 1279 4273 1510 4330; x_wconf 90' lang='lat' dir='ltr'><strong>introductionem</strong></span> <span class='ocrx_word' id='word_1_631' title='bbox 1524 4273 1654 4350; x_wconf 89' lang='lat' dir='ltr'><strong>alterins,</strong></span> <span class='ocrx_word' id='word_1_632' title='bbox 1670 4293 1724 4333; x_wconf 91' lang='lat' dir='ltr'><strong>non</strong></span> <span class='ocrx_word' id='word_1_633' title='bbox 1739 4283 1832 4350; x_wconf 90' lang='lat' dir='ltr'><strong>potest</strong></span> <span class='ocrx_word' id='word_1_634' title='bbox 1846 4279 1973 4348; x_wconf 82' lang='lat' dir='ltr'><strong>breuius,</strong></span> 
     </span>
     <span class='ocr_line' id='line_1_46' title="bbox 325 4361 1974 4448; baseline -0.002 -17"><span class='ocrx_word' id='word_1_635' title='bbox 325 4377 365 4448; x_wconf 89' lang='lat' dir='ltr'><strong>pit</strong></span> <span class='ocrx_word' id='word_1_636' title='bbox 379 4375 531 4445; x_wconf 89' lang='lat' dir='ltr'><strong>baptismus</strong></span> <span class='ocrx_word' id='word_1_637' title='bbox 545 4383 608 4425; x_wconf 88' lang='lat' dir='ltr'><strong>esse</strong></span> <span class='ocrx_word' id='word_1_638' title='bbox 621 4367 794 4424; x_wconf 79' lang='lat' dir='ltr'><strong>necessarius</strong></span> <span class='ocrx_word' id='word_1_639' title='bbox 814 4361 848 4418; x_wconf 92' lang='lat' dir='ltr'><strong>ad</strong></span> <span class='ocrx_word' id='word_1_640' title='bbox 867 4362 998 4434; x_wconf 72' lang='lat' dir='ltr'><strong>salutem3</strong></span> <span class='ocrx_word' id='word_1_641' title='bbox 1014 4377 1079 4435; x_wconf 88' lang='lat' dir='ltr'><strong>ergo</strong></span> <span class='ocrx_word' id='word_1_642' title='bbox 1093 4377 1126 4418; x_wconf 90' lang='lat' dir='ltr'><strong>ec</strong></span> <span class='ocrx_word' id='word_1_643' title='bbox 1162 4367 1209 4420; x_wconf 92' lang='lat' dir='ltr'><strong>sut</strong></span> <span class='ocrx_word' id='word_1_644' title='bbox 1231 4361 1350 4420; x_wconf 91' lang='lat' dir='ltr'><strong>celerius</strong></span> <span class='ocrx_word' id='word_1_645' title='bbox 1368 4362 1495 4434; x_wconf 79' lang='lat' dir='ltr'><strong>excludi,</strong></span> <span class='ocrx_word' id='word_1_646' title='bbox 1509 4379 1593 4436; x_wconf 89' lang='lat' dir='ltr'><strong>quam</strong></span> <span class='ocrx_word' id='word_1_647' title='bbox 1608 4365 1693 4423; x_wconf 89' lang='lat' dir='ltr'><strong>altera</strong></span> <span class='ocrx_word' id='word_1_648' title='bbox 1707 4365 1918 4427; x_wconf 88' lang='lat' dir='ltr'><strong>introducatur.</strong></span> <span class='ocrx_word' id='word_1_649' title='bbox 1937 4372 1974 4426; x_wconf 90' lang='lat' dir='ltr'><strong>lta</strong></span> 
     </span>
     <span class='ocr_line' id='line_1_47' title="bbox 325 4449 1975 4536; baseline -0.004 -15"><span class='ocrx_word' id='word_1_650' title='bbox 325 4459 658 4536; x_wconf 86' lang='lat' dir='ltr'><strong>iprodesiitcircumcisic</strong></span> <span class='ocrx_word' id='word_1_651' title='bbox 668 4471 729 4512; x_wconf 87' lang='lat' dir='ltr'><strong>csse</strong></span> <span class='ocrx_word' id='word_1_652' title='bbox 740 4452 1047 4511; x_wconf 80' lang='lat' dir='ltr'><strong>necessariaPrcbstur</strong></span> <span class='ocrx_word' id='word_1_653' title='bbox 1058 4449 1126 4507; x_wconf 91' lang='lat' dir='ltr'><strong>baec</strong></span> <span class='ocrx_word' id='word_1_654' title='bbox 1161 4469 1227 4526; x_wconf 90' lang='lat' dir='ltr'><strong>ergo</strong></span> <span class='ocrx_word' id='word_1_655' title='bbox 1246 4452 1377 4526; x_wconf 88' lang='lat' dir='ltr'><strong>intelligo,</strong></span> <span class='ocrx_word' id='word_1_656' title='bbox 1391 4451 1465 4526; x_wconf 94' lang='lat' dir='ltr'><strong>quod</strong></span> <span class='ocrx_word' id='word_1_657' title='bbox 1478 4455 1646 4526; x_wconf 80' lang='lat' dir='ltr'><strong>augustinus</strong></span> <span class='ocrx_word' id='word_1_658' title='bbox 1660 4454 1819 4527; x_wconf 83' lang='lat' dir='ltr'><strong>dinit,datc</strong></span> <span class='ocrx_word' id='word_1_659' title='bbox 1834 4464 1865 4515; x_wconf 82' lang='lat' dir='ltr'><strong>et</strong></span> <span class='ocrx_word' id='word_1_660' title='bbox 1875 4463 1975 4518; x_wconf 84' lang='lat' dir='ltr'><strong>mursi-</strong></span> 
     </span>
     <span class='ocr_line' id='line_1_48' title="bbox 327 4540 1973 4626; baseline -0.002 -16"><span class='ocrx_word' id='word_1_661' title='bbox 327 4551 537 4626; x_wconf 90' lang='lat' dir='ltr'><strong>conscquentia,</strong></span> <span class='ocrx_word' id='word_1_662' title='bbox 552 4555 645 4604; x_wconf 89' lang='lat' dir='ltr'><strong>cetera</strong></span> <span class='ocrx_word' id='word_1_663' title='bbox 659 4545 730 4602; x_wconf 89' lang='lat' dir='ltr'><strong>enim</strong></span> <span class='ocrx_word' id='word_1_664' title='bbox 747 4543 820 4600; x_wconf 91' lang='lat' dir='ltr'><strong>clara</strong></span> <span class='ocrx_word' id='word_1_665' title='bbox 833 4550 907 4600; x_wconf 88' lang='lat' dir='ltr'><strong>sunt.</strong></span> <span class='ocrx_word' id='word_1_666' title='bbox 923 4542 992 4598; x_wconf 83' lang='lat' dir='ltr'><strong>Turn</strong></span> <span class='ocrx_word' id='word_1_667' title='bbox 1006 4541 1069 4614; x_wconf 93' lang='lat' dir='ltr'><strong>quia</strong></span> <span class='ocrx_word' id='word_1_668' title='bbox 1084 4556 1127 4597; x_wconf 90' lang='lat' dir='ltr'><strong>se·</strong></span> <span class='ocrx_word' id='word_1_669' title='bbox 1153 4540 1269 4614; x_wconf 80' lang='lat' dir='ltr'><strong>sestula</strong></span> <span class='ocrx_word' id='word_1_670' title='bbox 1290 4548 1482 4600; x_wconf 83' lang='lat' dir='ltr'><strong>sacramento</strong></span> <span class='ocrx_word' id='word_1_671' title='bbox 1492 4545 1618 4614; x_wconf 79' lang='lat' dir='ltr'><strong>pretias,</strong></span> <span class='ocrx_word' id='word_1_672' title='bbox 1634 4548 1776 4619; x_wconf 78' lang='lat' dir='ltr'><strong>antiquae</strong></span> <span class='ocrx_word' id='word_1_673' title='bbox 1787 4546 1866 4620; x_wconf 76' lang='lat' dir='ltr'><strong>lepis</strong></span> <span class='ocrx_word' id='word_1_674' title='bbox 1877 4566 1973 4606; x_wconf 78' lang='lat' dir='ltr'><strong>acces·</strong></span> 
     </span>
     <span class='ocr_line' id='line_1_49' title="bbox 326 4629 1973 4710; baseline -0.004 -10"><span class='ocrx_word' id='word_1_675' title='bbox 326 4641 450 4700; x_wconf 90' lang='lat' dir='ltr'><strong>cundum</strong></span> <span class='ocrx_word' id='word_1_676' title='bbox 466 4638 613 4710; x_wconf 90' lang='lat' dir='ltr'><strong>moralem,</strong></span> <span class='ocrx_word' id='word_1_677' title='bbox 634 4641 663 4692; x_wconf 90' lang='lat' dir='ltr'><strong>et</strong></span> <span class='ocrx_word' id='word_1_678' title='bbox 682 4649 834 4706; x_wconf 90' lang='lat' dir='ltr'><strong>congruam</strong></span> <span class='ocrx_word' id='word_1_679' title='bbox 856 4629 1051 4704; x_wconf 87' lang='lat' dir='ltr'><strong>providentiam</strong></span> <span class='ocrx_word' id='word_1_680' title='bbox 1072 4647 1126 4686; x_wconf 89' lang='grc' dir='ltr'><strong>ιιι</strong></span> <span class='ocrx_word' id='word_1_681' title='bbox 1161 4633 1280 4688; x_wconf 82' lang='grc' dir='ltr'>ιιιιιιιι</span> <span class='ocrx_word' id='word_1_682' title='bbox 1305 4645 1449 4698; x_wconf 80' lang='lat' dir='ltr'><strong>cessasse,</strong></span> <span class='ocrx_word' id='word_1_683' title='bbox 1469 4646 1531 4687; x_wconf 88' lang='lat' dir='ltr'><strong>nam</strong></span> <span class='ocrx_word' id='word_1_684' title='bbox 1547 4647 1595 4703; x_wconf 91' lang='lat' dir='ltr'><strong>per</strong></span> <span class='ocrx_word' id='word_1_685' title='bbox 1608 4639 1835 4694; x_wconf 81' lang='lat' dir='ltr'><strong>sacromentum</strong></span> <span class='ocrx_word' id='word_1_686' title='bbox 1850 4643 1973 4710; x_wconf 76' lang='lat' dir='ltr'><strong>gratiae</strong></span> 
     </span>
     <span class='ocr_line' id='line_1_50' title="bbox 326 4718 1975 4806; baseline -0.005 -16"><span class='ocrx_word' id='word_1_687' title='bbox 326 4737 478 4806; x_wconf 90' lang='lat' dir='ltr'><strong>potuerunt</strong></span> <span class='ocrx_word' id='word_1_688' title='bbox 491 4730 548 4786; x_wconf 93' lang='lat' dir='ltr'><strong>duo</strong></span> <span class='ocrx_word' id='word_1_689' title='bbox 563 4727 652 4784; x_wconf 90' lang='lat' dir='ltr'><strong>media</strong></span> <span class='ocrx_word' id='word_1_690' title='bbox 665 4739 726 4781; x_wconf 88' lang='lat' dir='ltr'><strong>esse</strong></span> <span class='ocrx_word' id='word_1_691' title='bbox 742 4722 823 4778; x_wconf 91' lang='lat' dir='ltr'><strong>simul</strong></span> <span class='ocrx_word' id='word_1_692' title='bbox 838 4721 994 4779; x_wconf 87' lang='lat' dir='ltr'><strong>necessaria</strong></span> <span class='ocrx_word' id='word_1_693' title='bbox 1004 4718 1038 4776; x_wconf 92' lang='lat' dir='ltr'><strong>ad</strong></span> <span class='ocrx_word' id='word_1_694' title='bbox 1048 4734 1125 4776; x_wconf 85' lang='lat' dir='ltr'><strong>euru·</strong></span> <span class='ocrx_word' id='word_1_695' title='bbox 1160 4727 1235 4777; x_wconf 90' lang='lat' dir='ltr'><strong>reete</strong></span> <span class='ocrx_word' id='word_1_696' title='bbox 1248 4719 1292 4777; x_wconf 84' lang='lat' dir='ltr'><strong>len</strong></span> <span class='ocrx_word' id='word_1_697' title='bbox 1313 4719 1415 4791; x_wconf 91' lang='lat' dir='ltr'><strong>gratiae</strong></span> <span class='ocrx_word' id='word_1_698' title='bbox 1430 4734 1495 4775; x_wconf 92' lang='lat' dir='ltr'><strong>cum</strong></span> <span class='ocrx_word' id='word_1_699' title='bbox 1511 4721 1569 4776; x_wconf 87' lang='lat' dir='ltr'><strong>suis</strong></span> <span class='ocrx_word' id='word_1_700' title='bbox 1584 4723 1762 4779; x_wconf 89' lang='lat' dir='ltr'><strong>sacramentis</strong></span> <span class='ocrx_word' id='word_1_701' title='bbox 1780 4733 1810 4781; x_wconf 92' lang='lat' dir='ltr'><strong>et</strong></span> <span class='ocrx_word' id='word_1_702' title='bbox 1834 4729 1975 4802; x_wconf 79' lang='lat' dir='ltr'><strong>mysteriis</strong></span> 
     </span>
     <span class='ocr_line' id='line_1_51' title="bbox 325 4807 1974 4886; baseline -0.004 -8"><span class='ocrx_word' id='word_1_703' title='bbox 325 4823 548 4880; x_wconf 69' lang='lat' dir='ltr'><strong>dem‘ellectum.</strong></span> <span class='ocrx_word' id='word_1_704' title='bbox 566 4818 622 4873; x_wconf 82' lang='lat' dir='ltr'><strong>ileu</strong></span> <span class='ocrx_word' id='word_1_705' title='bbox 644 4814 827 4886; x_wconf 84' lang='lat' dir='ltr'><strong>protessiones</strong></span> <span class='ocrx_word' id='word_1_706' title='bbox 841 4809 1044 4885; x_wconf 88' lang='lat' dir='ltr'><strong>quodammodo</strong></span> <span class='ocrx_word' id='word_1_707' title='bbox 1059 4825 1125 4866; x_wconf 90' lang='lat' dir='ltr'><strong>con·</strong></span> <span class='ocrx_word' id='word_1_708' title='bbox 1160 4807 1336 4882; x_wconf 73' lang='lat' dir='ltr'><strong>intelligitur,</strong></span> <span class='ocrx_word' id='word_1_709' title='bbox 1360 4807 1429 4865; x_wconf 90' lang='lat' dir='ltr'><strong>baec</strong></span> <span class='ocrx_word' id='word_1_710' title='bbox 1443 4815 1534 4865; x_wconf 90' lang='lat' dir='ltr'><strong>autem</strong></span> <span class='ocrx_word' id='word_1_711' title='bbox 1553 4807 1595 4867; x_wconf 83' lang='lat' dir='ltr'><strong>lex</strong></span> <span class='ocrx_word' id='word_1_712' title='bbox 1618 4814 1776 4869; x_wconf 84' lang='lat' dir='ltr'><strong>successive</strong></span> <span class='ocrx_word' id='word_1_713' title='bbox 1798 4817 1974 4874; x_wconf 85' lang='lat' dir='ltr'><strong>manileststs</strong></span> 
     </span>
     <span class='ocr_line' id='line_1_52' title="bbox 326 4897 1893 4974; baseline -0.005 -7"><span class='ocrx_word' id='word_1_714' title='bbox 326 4913 426 4967; x_wconf 90' lang='lat' dir='ltr'><strong>trarise</strong></span> <span class='ocrx_word' id='word_1_715' title='bbox 446 4908 601 4964; x_wconf 90' lang='lat' dir='ltr'><strong>debuerunt</strong></span> <span class='ocrx_word' id='word_1_716' title='bbox 621 4901 702 4960; x_wconf 92' lang='lat' dir='ltr'><strong>simul</strong></span> <span class='ocrx_word' id='word_1_717' title='bbox 722 4902 857 4974; x_wconf 75' lang='lat' dir='ltr'><strong>praecipi,</strong></span> <span class='ocrx_word' id='word_1_718' title='bbox 878 4915 939 4956; x_wconf 92' lang='lat' dir='ltr'><strong>nam</strong></span> <span class='ocrx_word' id='word_1_719' title='bbox 960 4899 1046 4956; x_wconf 89' lang='lat' dir='ltr'><strong>altera</strong></span> <span class='ocrx_word' id='word_1_720' title='bbox 1066 4904 1126 4956; x_wconf 90' lang='lat' dir='ltr'><strong>erat</strong></span> <span class='ocrx_word' id='word_1_721' title='bbox 1160 4905 1221 4970; x_wconf 78' lang='lat' dir='ltr'><strong>est3</strong></span> <span class='ocrx_word' id='word_1_722' title='bbox 1240 4899 1276 4954; x_wconf 91' lang='lat' dir='ltr'><strong>ita</strong></span> <span class='ocrx_word' id='word_1_723' title='bbox 1290 4912 1356 4970; x_wconf 90' lang='lat' dir='ltr'><strong>ergo</strong></span> <span class='ocrx_word' id='word_1_724' title='bbox 1373 4897 1564 4970; x_wconf 91' lang='lat' dir='ltr'><strong>obligationem</strong></span> <span class='ocrx_word' id='word_1_725' title='bbox 1578 4899 1676 4968; x_wconf 91' lang='lat' dir='ltr'><strong>prioris</strong></span> <span class='ocrx_word' id='word_1_726' title='bbox 1691 4901 1757 4972; x_wconf 89' lang='lat' dir='ltr'><strong>legis</strong></span> <span class='ocrx_word' id='word_1_727' title='bbox 1770 4901 1893 4974; x_wconf 92' lang='lat' dir='ltr'><strong>depulit.</strong></span> 
     </span>
    </p>
   </div>
   <div class='ocr_carea' id='block_1_3' title="bbox 324 4985 1973 5244">
    <p class='ocr_par' dir='ltr' id='par_1_3' title="bbox 324 4985 1973 5244">
     <span class='ocr_line' id='line_1_53' title="bbox 326 4985 1973 5073; baseline -0.003 -16"><span class='ocrx_word' id='word_1_728' title='bbox 326 5016 375 5072; x_wconf 92' lang='lat' dir='ltr'><strong>per</strong></span> <span class='ocrx_word' id='word_1_729' title='bbox 391 5001 498 5073; x_wconf 91' lang='lat' dir='ltr'><strong>signum</strong></span> <span class='ocrx_word' id='word_1_730' title='bbox 517 4995 701 5052; x_wconf 86' lang='lat' dir='ltr'><strong>distinctivam</strong></span> <span class='ocrx_word' id='word_1_731' title='bbox 711 4991 804 5063; x_wconf 89' lang='lat' dir='ltr'><strong>populi</strong></span> <span class='ocrx_word' id='word_1_732' title='bbox 818 4989 918 5048; x_wconf 89' lang='lat' dir='ltr'><strong>iudaici</strong></span> <span class='ocrx_word' id='word_1_733' title='bbox 931 4990 1061 5064; x_wconf 90' lang='lat' dir='ltr'><strong>agentili,</strong></span> <span class='ocrx_word' id='word_1_734' title='bbox 1075 4989 1125 5046; x_wconf 89' lang='lat' dir='ltr'><strong>alia</strong></span> <span class='ocrx_word' id='word_1_735' title='bbox 1207 4991 1232 5046; x_wconf 85' lang='lat' dir='ltr'><strong>i.</strong></span> <span class='ocrx_word' id='word_1_736' title='bbox 1246 4985 1373 5044; x_wconf 89' lang='lat' dir='ltr'><strong>Secundo</strong></span> <span class='ocrx_word' id='word_1_737' title='bbox 1387 4985 1486 5060; x_wconf 89' lang='lat' dir='ltr'><strong>iniero,</strong></span> <span class='ocrx_word' id='word_1_738' title='bbox 1498 4995 1646 5061; x_wconf 88' lang='lat' dir='ltr'><strong>postquam</strong></span> <span class='ocrx_word' id='word_1_739' title='bbox 1659 4989 1701 5045; x_wconf 88' lang='lat' dir='ltr'><strong>lerr</strong></span> <span class='ocrx_word' id='word_1_740' title='bbox 1713 4997 1794 5048; x_wconf 89' lang='lat' dir='ltr'><strong>retus</strong></span> <span class='ocrx_word' id='word_1_741' title='bbox 1806 4997 1901 5067; x_wconf 90' lang='lat' dir='ltr'><strong>coepit</strong></span> <span class='ocrx_word' id='word_1_742' title='bbox 1913 5010 1973 5052; x_wconf 83' lang='lat' dir='ltr'><strong>erse</strong></span> 
     </span>
     <span class='ocr_line' id='line_1_54' title="bbox 324 5075 1973 5161; baseline -0.004 -14"><span class='ocrx_word' id='word_1_743' title='bbox 324 5105 390 5146; x_wconf 88' lang='grc' dir='ltr'>ιιιι</span> <span class='ocrx_word' id='word_1_744' title='bbox 405 5104 452 5160; x_wconf 93' lang='lat' dir='ltr'><strong>per</strong></span> <span class='ocrx_word' id='word_1_745' title='bbox 463 5089 571 5161; x_wconf 88' lang='lat' dir='ltr'><strong>signum</strong></span> <span class='ocrx_word' id='word_1_746' title='bbox 587 5084 697 5157; x_wconf 89' lang='lat' dir='ltr'><strong>utrique</strong></span> <span class='ocrx_word' id='word_1_747' title='bbox 711 5097 869 5153; x_wconf 90' lang='lat' dir='ltr'><strong>commune,</strong></span> <span class='ocrx_word' id='word_1_748' title='bbox 886 5080 1039 5154; x_wconf 88' lang='lat' dir='ltr'><strong>tollensque</strong></span> <span class='ocrx_word' id='word_1_749' title='bbox 1052 5081 1123 5136; x_wconf 91' lang='lat' dir='ltr'><strong>inter</strong></span> <span class='ocrx_word' id='word_1_750' title='bbox 1162 5083 1272 5136; x_wconf 89' lang='lat' dir='ltr'><strong>mortua</strong></span> <span class='ocrx_word' id='word_1_751' title='bbox 1286 5077 1311 5132; x_wconf 93' lang='lat' dir='ltr'><strong>in</strong></span> <span class='ocrx_word' id='word_1_752' title='bbox 1327 5082 1383 5132; x_wconf 90' lang='grc' dir='ltr'>ιιιι</span> <span class='ocrx_word' id='word_1_753' title='bbox 1397 5075 1473 5149; x_wconf 90' lang='lat' dir='ltr'><strong>orbe,</strong></span> <span class='ocrx_word' id='word_1_754' title='bbox 1486 5077 1610 5147; x_wconf 90' lang='lat' dir='ltr'><strong>coepisse</strong></span> <span class='ocrx_word' id='word_1_755' title='bbox 1623 5078 1706 5135; x_wconf 89' lang='lat' dir='ltr'><strong>etism</strong></span> <span class='ocrx_word' id='word_1_756' title='bbox 1724 5080 1807 5137; x_wconf 86' lang='lat' dir='ltr'><strong>simul</strong></span> <span class='ocrx_word' id='word_1_757' title='bbox 1822 5097 1885 5140; x_wconf 83' lang='lat' dir='ltr'><strong>esse</strong></span> <span class='ocrx_word' id='word_1_758' title='bbox 1900 5101 1973 5142; x_wconf 91' lang='lat' dir='ltr'><strong>mor·</strong></span> 
     </span>
     <span class='ocr_line' id='line_1_55' title="bbox 324 5165 1972 5244; baseline -0.001 -8"><span class='ocrx_word' id='word_1_759' title='bbox 324 5195 372 5236; x_wconf 92' lang='lat' dir='ltr'><strong>eos</strong></span> <span class='ocrx_word' id='word_1_760' title='bbox 386 5177 555 5234; x_wconf 80' lang='lat' dir='ltr'><strong>divisionem.</strong></span> <span class='ocrx_word' id='word_1_761' title='bbox 571 5175 640 5232; x_wconf 80' lang='lat' dir='ltr'><strong>&#39;isim</strong></span> <span class='ocrx_word' id='word_1_762' title='bbox 654 5172 736 5229; x_wconf 89' lang='lat' dir='ltr'><strong>etiam</strong></span> <span class='ocrx_word' id='word_1_763' title='bbox 750 5172 813 5244; x_wconf 88' lang='lat' dir='ltr'><strong>quia</strong></span> <span class='ocrx_word' id='word_1_764' title='bbox 834 5171 983 5228; x_wconf 87' lang='lat' dir='ltr'><strong>necessitas</strong></span> <span class='ocrx_word' id='word_1_765' title='bbox 1002 5171 1122 5228; x_wconf 90' lang='lat' dir='ltr'><strong>circum·</strong></span> <span class='ocrx_word' id='word_1_766' title='bbox 1160 5169 1275 5226; x_wconf 85' lang='lat' dir='ltr'><strong>titersm:</strong></span> <span class='ocrx_word' id='word_1_767' title='bbox 1293 5165 1486 5242; x_wconf 87' lang='lat' dir='ltr'><strong>probabileque</strong></span> <span class='ocrx_word' id='word_1_768' title='bbox 1498 5171 1552 5242; x_wconf 85' lang='lat' dir='ltr'><strong>est,</strong></span> <span class='ocrx_word' id='word_1_769' title='bbox 1570 5173 1636 5225; x_wconf 91' lang='lat' dir='ltr'><strong>tunc</strong></span> <span class='ocrx_word' id='word_1_770' title='bbox 1651 5168 1733 5229; x_wconf 88' lang='lat' dir='ltr'><strong>simul</strong></span> <span class='ocrx_word' id='word_1_771' title='bbox 1748 5170 1837 5231; x_wconf 86' lang='lat' dir='ltr'><strong>luisse</strong></span> <span class='ocrx_word' id='word_1_772' title='bbox 1852 5177 1972 5234; x_wconf 82' lang='lat' dir='ltr'><strong>mortite-</strong></span> 
     </span>
    </p>
   </div>
   <div class='ocr_carea' id='block_1_4' title="bbox 0 0 2120 6213">
    <p class='ocr_par' dir='ltr' id='par_1_4' title="bbox 0 0 2120 6213">
     <span class='ocr_line' id='line_1_56' title="bbox 0 0 2120 6213; baseline 0 0"><span class='ocrx_word' id='word_1_773' title='bbox 0 0 2120 6213; x_wconf 95' lang='lat' dir='ltr'><strong> </strong></span> 
     </span>
    </p>
   </div>
  </div>
 </body>
</html>
