4344 6292
432 330 495 397 432
1124 349 1316 402 amanum.

391 489 448 548 quo
461 474 611 531 certamine
626 489 674 546 per
688 474 877 532 transitorium
895 474 1016 532 edictum
1031 475 1064 532 ab
1078 475 1189 532 bomine
1225 478 1283 550 ipso
1297 477 1464 534 concedente
1476 473 1661 548 privilegium,
1672 480 1700 532 et
1709 479 1805 545 postea
1816 485 1873 528 non
1885 468 1970 525 babet
1981 481 2037 521 no·

389 564 581 636 propositurur
599 579 665 637 ergo
679 566 759 621 etium
775 564 826 620 tale
845 565 1016 638 privilegium
1030 567 1190 639 acquiretur
1224 583 1273 624 ros
1287 567 1398 624 effectus
1410 582 1459 638 per
1469 581 1509 636 se,
1524 564 1570 621 sed
1581 565 1659 638 quasi
1673 579 1720 636 per
1732 560 1873 630 accidens,
1886 563 2034 632 quatenus

389 651 541 724 ignoranti,
559 653 580 708 si
594 653 688 709 eodem
708 652 790 710 modo
805 655 838 710 sit
854 656 1035 726 propositum.
1050 654 1098 712 llel
1114 662 1189 711 certe
1224 656 1336 713 obstulit
1348 653 1716 728 inrpedimeutunr.Erempla
1729 654 1754 709 in
1766 659 1887 721 utroque
1901 645 2034 704 membro

389 741 478 798 situle
496 740 671 799 commodum
686 758 734 814 per
747 740 869 799 edictum
885 744 1056 816 propositum
1071 760 1125 800 non
1143 758 1190 801 ae·
1224 744 1291 804 sunt
1311 746 1416 816 facilia,
1432 753 1459 802 et
1480 745 1539 802 idco
1560 743 1603 800 illa
1625 743 1730 800 omitto.
1746 743 1774 798 ln
1796 738 1943 812 privilegiis
1959 749 2031 805 ergo

389 830 509 903 quiritur
524 831 667 904 ignoranti,
681 830 744 888 licet
759 830 841 889 iaciat
855 840 960 902 actum,
977 839 1089 905 propter
1104 847 1187 906 quem
1223 836 1300 906 primi
1311 836 1422 909 generis
1437 835 1589 890 admittitur
1599 833 1686 906 prima
1697 831 1826 888 sententia
1838 834 1953 900 propter
1966 825 2033 881 eius

283 969 287 978 .
387 919 539 992 praemium
554 919 678 991 ollertrrr,
690 919 770 977 etlam
782 935 835 976 uon
849 921 1005 994 acquiretur
1016 917 1187 994 proposituin
1222 924 1446 996 tundamentum,
1465 925 1607 996 quiscum
1629 919 1831 986 illac'oulerant
1844 915 1966 989 aliquid,
1986 929 2034 970 re-

389 1023 439 1080 per
453 1014 604 1084 statutum3
620 1024 683 1065 narn
695 1015 739 1067 est
751 1009 846 1067 eadem
862 1013 948 1067 ratio:
963 1025 1024 1068 nam
1039 1012 1121 1067 etiam
1132 1010 1189 1067 edi·
1223 1016 1338 1088 quirunt
1352 1014 1568 1086 acceptationem
1584 1009 1748 1082 recipientis.
1765 1010 1794 1064 ln
1808 1005 1959 1081 privilegiis
1979 1018 2034 1058 au-

388 1104 466 1154 ctum
483 1099 670 1156 transitorium
684 1105 771 1170 potest
785 1107 897 1172 propter
911 1100 1013 1157 bonum
1029 1115 1186 1172 commune,
1223 1110 1277 1159 tern
1301 1098 1414 1158 secundi
1435 1103 1540 1174 generis
1561 1101 1714 1172 praefertur
1733 1095 1856 1156 secunda
1879 1093 2030 1160 sententia,
2142 1165 2143 1170 η

387 1186 430 1243 vel
445 1186 564 1260 aliquam
578 1187 711 1245 rationem
722 1188 860 1261 publicam
873 1190 945 1261 lieri,
957 1197 986 1246 et
996 1189 1069 1263 quotl
1081 1191 1116 1247 ait
1132 1205 1189 1246 rua·
1223 1193 1288 1263 quia
1311 1191 1336 1246 ln
1358 1207 1389 1248 ea
1408 1189 1499 1247 delicit
1521 1189 1729 1247 tundamentum
1744 1188 1845 1260 primae
1863 1184 2031 1246 sentcntiae,

386 1276 427 1348 gis
441 1275 483 1333 vel
499 1277 588 1332 minus
603 1276 743 1348 durabile,
764 1277 872 1334 videtur
890 1278 1115 1336 accidentarium.
1131 1280 1187 1335 llec
1222 1281 1277 1335 imo
1294 1285 1387 1351 potest
1401 1279 1512 1335 lormari
1526 1279 1705 1336 contrarium.
1716 1279 1785 1334 Nam
1800 1291 1871 1332 onus
1885 1272 2035 1344 obligatio-

387 1366 478 1422 minus
494 1365 536 1422 lex
549 1367 690 1422 scientiam
703 1367 832 1440 requirit,
848 1383 932 1440 quarn
943 1369 1119 1440 rescriptum,
1137 1383 1188 1424 neo
1223 1368 1280 1438 nis,
1302 1368 1345 1424 vel
1367 1367 1604 1440 impedimentum,
1620 1365 1694 1440 quod
1714 1382 1764 1439 per
1783 1364 1837 1422 tale
1851 1359 2032 1435 privilegium

386 1468 549 1512 econverso
568 1457 652 1528 magis
666 1456 757 1512 obstat
771 1457 922 1529 ignorantia
940 1457 1092 1530 rescripto,
1105 1471 1186 1529 quum
1222 1457 1362 1526 aufertur,
1373 1456 1429 1512 sola
1441 1457 1568 1528 principis
1581 1455 1720 1512 voluntate
1730 1454 1889 1526 impositum
1903 1448 1958 1505 luit
1970 1447 2033 1504 sinc

387 1544 452 1617 legi.
466 1542 543 1601 Unde
557 1546 577 1600 si
593 1545 626 1600 ad
637 1545 737 1602 ducem
749 1545 809 1601 belli
821 1561 869 1602 reu
881 1546 1013 1603 scriberet
1024 1547 1187 1618 promittens
1222 1547 1409 1618 acceptatione
1423 1545 1553 1617 alteriusq
1565 1561 1632 1618 ergo
1644 1543 1795 1617 pereadem
1808 1541 1950 1608 aufertur,
1960 1553 2033 1608 ergo

386 1635 413 1691 in
432 1635 582 1705 praemium
600 1633 682 1691 talem
702 1635 849 1702 bonorem,
867 1635 887 1690 si
903 1635 983 1691 talem
999 1635 1133 1692 obtineret
1146 1639 1187 1691 ri·
1224 1635 1315 1691 statim
1331 1641 1462 1707 operatur
1474 1635 1553 1690 etiam
1567 1636 1642 1700 eirca
1662 1635 1854 1706 ignorantem,
1870 1630 1937 1702 quia
1956 1627 2033 1682 illius

386 1723 504 1779 ctoriam
514 1764 521 1795 ,
533 1729 561 1779 et
579 1723 623 1779 ille
638 1729 699 1780 ante
714 1729 856 1795 receptum
871 1725 1035 1796 rescriptum
1049 1724 1188 1780 obtineret
1224 1724 1440 1795 acceptationem
1461 1738 1515 1778 non
1535 1723 1667 1796 requirit,
1682 1727 1710 1778 et
1723 1721 1816 1778 notitia
1835 1717 1971 1791 privilegii
1987 1731 2036 1770 so·

384 1811 544 1885 victoriam3
560 1811 593 1868 de
614 1812 658 1869 illo
678 1819 751 1869 esset
763 1811 857 1870 eadem
872 1813 959 1884 ratio,
976 1828 1046 1885 quae
1062 1811 1095 1870 de
1110 1828 1188 1884 prae·
1224 1811 1281 1868 lum
1296 1817 1388 1884 potest
1401 1811 1534 1883 postulari
1549 1819 1659 1884 propter
1670 1810 1897 1882 acceptationem.
1910 1807 1947 1862 Et
1961 1805 2034 1860 baec

387 1902 442 1959 mio
456 1902 595 1974 proposito
613 1916 663 1973 per
681 1897 816 1959 statutum
837 1901 979 1974 generale,
996 1903 1060 1975 qula
1075 1901 1117 1957 ille
1131 1916 1186 1958 non
1225 1901 1359 1958 sententia
1373 1901 1465 1973 quoad
1480 1901 1555 1972 prius
1569 1899 1723 1958 membrum
1737 1901 1903 1971 supponitur
1921 1911 1957 1954 ex
1975 1896 2034 1968 pri-

385 1999 462 2049 esset
477 1993 565 2048 minus
579 1990 677 2063 dignus
691 1993 813 2063 praemio
823 2033 831 2063 ,
842 1997 871 2048 et
883 1992 947 2064 quia
957 1992 1036 2050 etiam
1053 1991 1187 2048 militabat
1223 2005 1280 2062 ma,
1292 1988 1382 2063 quoad
1394 1989 1532 2062 posterius
1542 2003 1608 2046 vero
1619 1991 1740 2047 sunritur
1750 2003 1784 2044 er
1795 1987 1862 2043 Solo
1874 1987 1901 2042 iu
1915 1989 1945 2052 4,
1959 1983 2033 2040 dist.

385 2097 433 2154 spe
450 2081 577 2153 praemii3
589 2079 707 2152 ergorel
719 2082 875 2153 inutraque
886 2095 954 2137 casu
965 2080 1187 2138 admittendaest
1221 2083 1271 2150 29,
1284 2095 1313 2151 q.
1330 2083 1359 2152 2,
1376 2085 1428 2135 art.
1449 2082 1474 2152 t,
1490 2086 1627 2152 quatenus
1641 2080 1781 2150 supponit,
1798 2075 2036 2146 impedimentum

386 2170 525 2238 doctrina,
541 2168 584 2226 rel
603 2168 743 2242 neganda,
763 2176 791 2225 et
805 2169 842 2225 ita
855 2167 1010 2241 distinctio,
1026 2185 1076 2227 seu
1090 2169 1186 2246 limita·
1221 2166 1350 2225 dirimens
1365 2167 1464 2225 aulerri
1483 2182 1531 2240 per
1544 2166 1776 2239 dispensationem
1794 2157 1977 2232 concessam,
1994 2169 2038 2219 et·

386 2261 425 2316 tio
439 2275 494 2315 aon
508 2258 642 2315 subsistit.
658 2257 736 2326 Quod
752 2259 774 2314 si
787 2275 842 2316 non
855 2261 902 2317 liat
915 2261 955 2316 vis
969 2261 994 2316 in
1006 2265 1122 2329 statuto,
1138 2259 1187 2318 sed
1221 2259 1300 2314 iamsi
1317 2257 1469 2330 ignoretur3
1483 2259 1558 2314 etita
1568 2259 1770 2314 matrimonium
1781 2261 1964 2313 contractum
1978 2252 2036 2308 sub

388 2347 413 2402 in
428 2346 481 2402 boc
496 2346 598 2418 solum,
613 2346 687 2420 quod
702 2348 873 2421 privilegium
884 2357 1054 2423 proponatur
1066 2365 1115 2422 per
1127 2366 1186 2406 rno-
1221 2345 1265 2403 illa
1277 2361 1343 2418 spe,
1356 2345 1398 2402 rel
1409 2348 1582 2419 coniectura,
1593 2346 1669 2419 quod
1682 2348 1786 2403 Rornae
1797 2344 1860 2401 data
1871 2343 1907 2399 sit
1917 2342 2035 2413 dispen-

387 2435 452 2492 dum
474 2436 600 2508 praemii3
616 2438 642 2491 in
662 2437 755 2508 primis
772 2435 852 2493 babet
865 2437 1021 2510 generalem
1035 2437 1186 2496 dilliculta-
1222 2439 1309 2507 satio,
1326 2437 1541 2508 anteproprlarn
1556 2437 1678 2493 notitiam
1693 2435 1768 2505 eius,
1782 2428 1904 2490 validum
1915 2447 1994 2498 esse,
2007 2437 2037 2486 et

386 2530 456 2591 ten,
478 2523 617 2596 quomodo
635 2525 794 2581 interveniat
817 2525 851 2581 ibi
872 2541 936 2582 vern
956 2527 1026 2583 ratio
1048 2527 1135 2582 meriti
1157 2532 1186 2583 et
1221 2511 1397 2599 permaneto,
1418 2529 1441 2582 si
1461 2531 1556 2597 postea
1574 2532 1697 2596 constet,
1718 2524 1956 2597 dispensationem
1976 2522 2035 2575 iarn

386 2613 508 2684 proemii.
522 2613 558 2670 Et
570 2613 666 2670 deinde
678 2630 730 2669 non
743 2613 851 2670 videtur
862 2630 944 2686 posse
955 2614 1030 2672 reddi
1042 2615 1185 2672 sufficiens
1221 2616 1267 2671 illo
1282 2622 1404 2688 tempore
1422 2615 1506 2672 luisse
1525 2615 1686 2687 expeditam.
1702 2611 1781 2680 Quod
1801 2614 1932 2683 sequitur
1946 2610 2035 2666 llere·

282 2739 290 2760 .
386 2703 469 2774 ratio,
485 2717 535 2758 cur
557 2701 726 2776 privilegium
746 2703 917 2774 propositum
939 2704 964 2758 in
983 2705 1188 2761 remuneratio·
1221 2721 1287 2762 cruz
1308 2707 1336 2761 in
1356 2704 1489 2777 Speculo,
1510 2706 1533 2761 l.
1555 2712 1627 2775 part.
1651 2701 1718 2761 dub.
1742 2706 1792 2772 te,
1811 2703 1839 2757 in
1859 2697 2032 2772 appendice,

386 2807 449 2849 uem
469 2792 553 2849 loturi
574 2793 663 2863 operis
684 2792 844 2864 acquiratur
864 2808 913 2864 per
934 2809 1022 2863 opus,
1040 2800 1185 2865 antequam
1219 2800 1283 2861 §at
1298 2797 1325 2850 si
1334 2799 1403 2869 post
1421 2793 1673 2866 dispensationem
1681 2779 1734 2852 set
1754 2789 1915 2849 Ludorious
1938 2791 2034 2858 Lopea

385 2881 530 2954 promissio
544 2880 585 2936 rel
599 2881 707 2938 collatio
722 2882 783 2938 talis
798 2881 908 2953 praemii
924 2881 958 2938 ad
979 2883 1106 2938 notitiam
1122 2897 1187 2953 oper
1220 2889 1248 2942 t.
1262 2903 1288 2958 p.
1300 2892 1384 2942 tract.
1392 2883 1425 2940 de
1436 2879 1988 2955 matrimoncap.lt,lol.20tti,oolum.
2007 2882 2032 2933 t.

384 2972 469 3027 rantis
483 2970 631 3042 perveniat,
647 2977 675 3028 et
686 2971 1103 3044 privilegiumremuneratirum
1119 2984 1184 3040 ope·
1220 2973 1272 3029 Sed
1286 2975 1315 3028 in
1331 2973 1383 3030 bac
1398 2972 1531 3030 sententia
1546 2972 1600 3028 boc
1621 2973 1759 3042 posterius
1775 2967 1932 3026 membrum
1946 2967 2034 3022 balim

384 3060 422 3118 ris
444 3060 498 3117 iam
518 3061 597 3133 lacti,
619 3066 647 3117 et
660 3076 722 3118 rere
737 3061 809 3134 digni
825 3060 870 3115 tali
885 3061 1004 3130 praemio
1020 3076 1073 3116 non
1091 3060 1185 3132 acqui·
1219 3078 1331 3136 gravem
1346 3062 1539 3120 difficultatem
1560 3060 1710 3131 moralem,
1727 3075 1811 3132 quam
1830 3059 1857 3114 in
1877 3057 1972 3130 capite
1988 3071 2034 3111 se·

383 3154 465 3206 ratur
479 3157 540 3206 ante
555 3151 677 3208 notitiam
692 3151 877 3208 concessionis
887 3169 894 3222 ρ
906 3151 971 3222 quia
984 3149 1059 3222 quod
1070 3152 1186 3220 promis·
1221 3154 1316 3226 quenti
1332 3152 1442 3209 interius
1456 3149 1628 3209 commodius
1642 3164 1807 3223 proponam.

384 3238 442 3311 sio,
455 3254 505 3293 seu
523 3237 633 3296 collatio
644 3236 830 3295 conditionata
841 3238 1035 3311 praecesserit,
1052 3252 1116 3294 oum
1127 3239 1186 3295 lue·
1259 3245 1286 3298 6.
1302 3242 1402 3309 Quinta
1416 3241 1507 3312 opinio
1522 3239 1665 3310 distinguit
1675 3237 1758 3294 aliter
1766 3253 1801 3293 ex
1812 3243 1893 3309 parte
1905 3234 2033 3292 enectus

382 3327 418 3382 rit
435 3325 572 3400 ignorata,
585 3326 725 3384 moraliter
738 3326 805 3382 nibil
820 3326 945 3383 conterre
959 3326 1065 3400 potuit,
1080 3327 1144 3399 quia
1157 3328 1184 3383 in
1220 3330 1362 3404 privilegii.
1381 3332 1447 3386 Nam
1466 3334 1555 3400 potest
1573 3341 1633 3383 esse
1648 3326 1789 3398 perlectus
1801 3331 1831 3382 et
1842 3326 1970 3396 integer,
1988 3324 2034 3380 rel

310 3491 314 3498 Ι
383 3416 532 3474 moralibus
554 3417 663 3488 perinde
683 3423 741 3490 est,
757 3416 844 3489 legem
865 3417 976 3474 omnino
997 3417 1133 3490 ignorari,
1150 3431 1183 3474 ac
1219 3425 1325 3476 tanturn
1345 3417 1504 3488 inchoatus,
1525 3423 1553 3472 et
1571 3415 1727 3472 secundum
1746 3412 1825 3487 quid.
1841 3412 1933 3470 Priori
1948 3409 2036 3468 modo

382 3519 436 3561 non
456 3521 532 3573 esse,
554 3513 690 3578 quantum
709 3505 743 3562 ad
763 3522 833 3578 opus
849 3507 996 3578 operantis.
1012 3508 1051 3561 Ac
1066 3505 1184 3579 denique
1218 3509 1338 3565 latentur
1358 3513 1488 3566 auctores
1508 3505 1592 3562 buius
1611 3503 1764 3576 opinionis,
1780 3502 1958 3574 privilegium
1973 3516 2032 3557 non

382 3593 594 3652 fundamentalis
605 3597 675 3652 ratio
687 3595 767 3651 unius
780 3594 895 3653 membri
907 3593 1183 3667 distinctionisaeque
1217 3597 1318 3654 babere
1337 3593 1465 3653 ellectum
1479 3610 1562 3651 suum
1577 3593 1740 3665 priusquam
1754 3591 1964 3664 privilegiarius
1980 3607 2033 3646 no·

381 3685 409 3740 in
424 3685 509 3743 altero
521 3684 613 3741 locum
625 3683 720 3750 babet,
734 3683 855 3757 scilicet,
867 3683 932 3755 qnia
944 3681 1117 3754 privilegium
1129 3699 1181 3739 non
1215 3690 1303 3745 utiam
1315 3686 1390 3743 illius
1404 3684 1516 3754 babent,
1532 3683 1657 3754 illudque
1671 3688 1815 3754 acceptet,
1830 3687 1949 3753 propter
1961 3678 2030 3736 lun-

382 3775 538 3848 acquiritur
555 3774 613 3831 sine
627 3775 830 3846 acceptatione3
848 3787 910 3827 narn
924 3771 947 3826 si
961 3770 1015 3827 hoc
1031 3785 1125 3829 rerum
1140 3779 1183 3829 est
1216 3767 1484 3846 dementumprimae
1499 3771 1657 3841 sententiae,
1670 3769 1862 3844 quamdiount
1874 3770 1933 3826 isto
1948 3767 2033 3825 modo

381 3865 410 3919 in
424 3861 564 3937 privilegio
579 3863 780 3918 remunerativo
795 3860 887 3932 operis
901 3859 954 3916 iarn
966 3859 1030 3915 lacti
1042 3901 1049 3929 ,
1062 3874 1114 3916 cur
1127 3874 1182 3916 non
1216 3879 1277 3920 esse
1288 3860 1503 3935 intelligendam.
1516 3859 1665 3916 Posteriori
1677 3865 1771 3916 autern
1782 3857 1866 3916 modo
1876 3860 1957 3914 aiunt
1965 3873 2032 3930 pro-

381 3952 434 4009 erit
446 3952 472 4008 in
486 3952 705 4008 remuneratione
717 3949 807 4022 operis
821 3946 956 4004 leniendi?
966 3946 1015 4003 llel
1029 3948 1052 4003 si
1066 3949 1091 4003 in
1106 3955 1183 4004 utro·
1216 3951 1313 4009 cedere
1328 3949 1477 4008 secundam
1492 3949 1674 4022 sententiam,
1692 3954 1791 4020 putant
1808 3949 1882 4004 enirn
1896 3961 2033 4002 necessa·

381 4057 436 4116 que
451 4042 607 4098 necessaria
619 4045 678 4111 eet,
694 4054 711 4095 a
725 4043 839 4106 neutro,
851 4035 894 4093 vel
908 4035 942 4092 ab
955 4043 1074 4108 utroque
1089 4035 1182 4094 baberi
1215 4041 1308 4111 rium,
1329 4047 1360 4098 ut
1374 4039 1504 4111 privilegii
1519 4041 1662 4094 concessio
1677 4053 1693 4094 a
1707 4037 1830 4111 principe
1845 4035 1922 4092 lacta
1937 4037 2032 4092 statim

381 4132 482 4204 poterit
503 4130 560 4186 sine
580 4129 675 4185 notitia
694 4125 891 4182 concessionis.
907 4125 958 4182 Est
978 4138 1043 4197 ergo
1060 4123 1180 4183 diliicills
1215 4129 1328 4201 incipiat
1348 4124 1447 4184 babere
1466 4125 1583 4200 aliquem
1596 4127 1737 4183 ellectum.
1754 4123 1835 4192 erod
1849 4126 1872 4182 si
1887 4125 2030 4198 inquiras,

381 4234 445 4295 pars
459 4217 523 4288 illa,
538 4224 566 4273 et
579 4222 636 4273 tota
649 4213 797 4271 distinctio.
1158 4257 1160 4260 -
1215 4217 1341 4290 quisnam
1353 4216 1573 4288 bicedectuseiq
1584 4213 1666 4288 aliqui
1675 4214 1854 4287 respondent,
1866 4229 1930 4270 esse
1940 4213 2030 4284 bunc,

421 4311 447 4365 b.
465 4307 568 4375 Quarta
582 4303 715 4361 sententia
729 4300 1180 4374 cogitaripntestcumdistinctio·
1216 4307 1281 4378 quin
1295 4303 1439 4363 concessio
1451 4303 1506 4376 illa,
1519 4303 1585 4360 boet
1595 4302 1890 4360 nonduminalterum
1902 4308 2031 4360 transtu·
2142 4303 2143 4322 ¹

380 4411 415 4453 ns
431 4395 497 4465 alia,
513 4396 595 4452 etiam
608 4408 642 4449 ex
656 4398 732 4464 parte
747 4391 887 4464 privilegii.
903 4391 970 4447 Nam
985 4381 1122 4464 quoddam
1137 4400 1182 4450 est
1215 4393 1278 4450 lerit
1292 4395 1352 4466 ius,
1367 4392 1545 4449 nibilominus
1558 4393 1704 4448 retractari
1719 4407 1773 4448 non
1789 4395 1899 4464 potest,
1918 4407 1970 4448 nec
1988 4390 2031 4446 al-

380 4482 535 4541 conoedens
553 4497 644 4554 perse
659 4497 691 4537 ac
703 4479 887 4552 principaliter
899 4479 1009 4552 aliquod
1020 4480 1079 4553 ius,
1094 4479 1179 4554 digui-
1216 4482 1268 4538 teri
1288 4481 1358 4554 fieri,
1379 4480 1467 4538 donec
1487 4479 1548 4552 ille,
1564 4481 1610 4537 cui
1625 4479 1699 4537 lacta
1711 4487 1771 4550 est,
1786 4486 1852 4552 post
1865 4480 1941 4538 illius
1956 4482 2031 4536 noti·

380 4579 482 4643 tatem,
498 4578 546 4628 aut
560 4576 723 4642 potestatem
735 4609 742 4639 ,
756 4584 827 4641 quae
838 4584 888 4641 per
901 4569 1015 4626 modum
1030 4576 1111 4626 actus
1126 4570 1180 4641 pri·
1214 4569 1280 4628 tiam
1298 4569 1417 4627 babilam
1432 4569 1505 4626 illam
1519 4583 1574 4624 non
1588 4573 1726 4639 acceptet.
1743 4570 1898 4642 Potestque
1911 4568 2030 4624 landari

379 4663 418 4717 mi
438 4659 582 4717 confertur
600 4658 800 4731 privilegiario,
815 4663 848 4715 ut
868 4664 961 4730 postea
982 4658 1026 4715 illo
1042 4658 1080 4714 uti
1093 4661 1179 4730 possit
1214 4660 1241 4716 in
1255 4674 1318 4731 cap.
1334 4661 1366 4717 St
1379 4660 1443 4731 pots
1457 4657 1580 4724 absenti,
1597 4655 1632 4712 de
1646 4656 1796 4728 praebend.
1814 4657 1841 4712 iu
1856 4661 1891 4730 6,
1907 4657 1955 4714 ubi
1970 4656 2028 4712 boc

340 4813 344 4820 ι
381 4764 434 4804 auo
449 4746 576 4815 arbitrio3
588 4747 662 4804 aliud
676 4753 718 4803 est
731 4762 780 4818 per
794 4761 822 4803 se
837 4761 869 4802 ac
885 4745 1068 4817 principaliter
1083 4745 1179 4802 tollens
1213 4747 1304 4818 ipsum
1325 4747 1427 4804 dicitur
1449 4745 1482 4802 de
1501 4745 1647 4802 collatione
1666 4744 1789 4802 beneficii
1810 4745 1917 4802 absenti
1938 4747 2028 4813 lacta,

380 4851 451 4894 onus
472 4833 581 4909 aliquod
600 4835 641 4892 rel
658 4834 895 4908 impedimentum,
911 4841 961 4891 aut
974 4833 1176 4907 obligationem,
1213 4836 1276 4907 quia
1291 4852 1344 4893 non
1359 4835 1443 4892 habet
1456 4835 1599 4905 ellectum,
1614 4834 1704 4892 donec
1720 4841 1896 4907 acceptetur,
1912 4838 2030 4892 iuterim

379 4940 462 4998 quam
477 4927 604 4997 princeps
619 4927 706 4996 potnit
716 4927 854 4996 imponere
866 4967 873 4996 ,
883 4932 911 4981 et
921 4930 1011 4996 potest
1023 4931 1177 4995 posteaau·
1214 4931 1307 4981 tamen
1322 4925 1424 4981 mutari
1438 4939 1491 4979 non
1507 4930 1607 4995 potest.
1624 4925 1664 4980 lta
1678 4922 1762 4980 docet
1775 4925 1842 4981 ileo.
1862 4939 1969 4997 supra,
1987 4924 2031 4982 al·
2097 4980 2100 4991 ,

379 5012 451 5070 lerre
464 5028 512 5085 per
522 5013 633 5070 modum
644 5013 861 5086 dispensationis.
870 5012 947 5070 Unde
959 5011 1112 5069 huiusmodi
1123 5013 1178 5084 pri·
1212 5013 1307 5085 legans
1320 5011 1456 5070 cardinal.
1471 5016 1499 5068 in
1514 5027 1638 5083 prooem.
1653 5013 1789 5070 Clement.
1809 5014 1836 5069 in
1850 5013 1939 5070 verbo
1952 5017 2030 5071 arni·
2142 5011 2143 5082 l

379 5101 507 5174 vilegium
518 5103 610 5174 potius
620 5103 737 5160 conlerri
749 5102 857 5159 ridetur
868 5117 917 5174 per
928 5100 1040 5159 modum
1050 5101 1174 5174 actionis,
1211 5104 1388 5159 omsttntene
1399 5105 1433 5158 ltt
1444 5101 1568 5173 prolecto
1580 5101 1592 5157 l
1592 5101 1791 5160 undamentum
1804 5102 1959 5160 invalidum
1967 5111 2026 5176 cst3

381 5203 431 5246 scu
449 5197 528 5247 actus
549 5189 677 5264 secundi,
692 5191 738 5265 qui
756 5190 939 5264 principaliter
953 5194 980 5248 et
995 5203 1044 5264 per
1057 5204 1086 5246 se
1100 5189 1130 5248 tit
1142 5190 1176 5248 ab
1212 5205 1274 5248 narn
1295 5192 1404 5249 collatio
1424 5190 1547 5250 beneficii
1570 5206 1624 5248 non
1645 5197 1688 5248 est
1703 5192 1894 5266 privilegium,
1911 5193 1962 5252 sed
1978 5209 2027 5252 res
