4256 6224
895 351 1048 406 mrnrv.
1679 343 1741 406 537

140 487 199 557 pria
212 501 298 542 causa
317 483 473 557 principali.
490 483 525 540 lit
537 482 631 538 eadem
653 480 758 540 ratione
777 497 830 537 non
854 480 944 536 solum
980 479 1062 537 dictis
1077 485 1221 550 constare,
1236 485 1383 551 utrumque
1397 480 1573 538 intervenisse
1585 503 1592 554 ς
1605 499 1666 540 nam
1679 483 1721 539 lex
1732 486 1782 540 be-

139 575 205 632 data
217 581 260 631 est
271 574 314 630 illa
326 574 462 647 lerlloysi
476 589 524 643 per
539 573 681 643 proprium
692 572 738 627 Dei
753 570 879 638 uerbum,
896 568 944 624 sed
982 569 1069 640 calogi
1092 569 1165 640 prius
1186 583 1255 624 voce
1276 568 1383 639 prolata
1398 576 1457 640 est,
1474 571 1558 627 Exodi
1574 577 1627 642 20,
1642 581 1671 629 et
1689 579 1784 642 postea

139 665 225 719 etiarn
246 663 280 718 ab
299 663 357 734 ipso
376 662 467 736 lloyse
486 660 548 717 data
568 666 610 716 est
629 660 746 732 populo,
762 659 877 730 ipsomet
891 661 946 714 Deo
980 658 1066 732 digito
1079 661 1125 715 Dei
1141 660 1242 730 scripta
1256 657 1281 712 in
1299 657 1408 727 tabulis,
1421 658 1506 715 Exod.
1521 664 1573 726 24,
1587 666 1617 717 31
1630 701 1638 727 ,
1649 669 1678 718 et
1690 667 1736 732 323
1749 662 1783 718 de

140 752 227 808 rerba
254 752 320 824 tegis
339 750 476 822 dictante;
493 750 566 808 sicut
584 751 656 806 enim
673 751 776 824 Moyses
789 747 863 804 illam
879 749 947 803 sori·
982 749 1084 803 ceteris
1105 755 1196 804 autem
1219 747 1371 818 praeceptis
1385 749 1436 802 iam
1451 747 1622 805 declaratum
1635 758 1688 806 est.
1704 750 1781 808 Unde

141 844 216 914 psit,
230 845 267 898 ita
286 843 366 898 etiam
389 839 471 898 verba
491 839 618 912 protulit:
635 839 746 910 scripsit
768 846 859 894 autem
874 837 946 893 illam
983 839 1004 892 si
1019 847 1181 910 quaeratur,
1195 853 1227 892 an
1243 845 1394 909 utrumque
1409 839 1530 909 signum,
1544 839 1585 895 vel
1597 838 1713 897 alterurn
1725 848 1783 897 tan·

140 933 231 1004 legem
248 931 431 988 utoanonicus
442 931 577 1002 scriptor,
591 928 711 990 dictante
723 930 825 1001 Spiritu
837 935 944 999 sancto,
981 929 1038 982 lum
1053 927 1132 984 luerit
1145 926 1179 982 de
1194 926 1346 982 substantia
1365 926 1434 983 illius
1450 929 1531 1000 legis,
1553 930 1705 1000 respondeo
1720 931 1782 987 bre·

140 1029 176 1078 ut
188 1021 222 1078 de
238 1021 288 1077 lide
300 1027 421 1093 constat3
434 1021 469 1078 lta
479 1037 545 1092 ergo
556 1020 627 1076 illam
638 1021 720 1076 eliam
733 1017 857 1091 protulit.
870 1017 947 1076 Unde
981 1017 1067 1086 viter,
1081 1015 1223 1087 quodlibet
1233 1015 1341 1071 illorum
1354 1031 1402 1086 per
1413 1033 1441 1072 se
1454 1017 1537 1074 luisse
1552 1019 1703 1090 sufficiens,
1716 1037 1782 1078 con-

141 1109 231 1166 Erodi
253 1115 299 1169 24.
321 1110 435 1168 dicitur:
455 1113 539 1166 Venit
552 1125 621 1183 ergo
635 1110 771 1184 Moyses,
790 1115 817 1164 et
835 1123 945 1166 norro·
981 1105 1155 1162 currentibus
1171 1106 1227 1161 aliis
1243 1106 1397 1177 requisitis,
1412 1113 1441 1162 et
1454 1113 1559 1164 attenta
1585 1113 1725 1166 communi
1740 1127 1783 1166 ra-

144 1201 187 1255 sit
206 1198 316 1274 populo
334 1202 437 1256 omnia
454 1198 545 1256 uerba
558 1201 695 1264 Domini,
715 1203 803 1270 atque
817 1195 942 1264 iudicia,
982 1196 1054 1252 tione
1077 1195 1142 1267 legis
1163 1210 1247 1266 supra
1262 1193 1369 1251 tradita.
1385 1196 1425 1252 Ex
1442 1195 1617 1268 dispositione
1637 1207 1730 1256 autem
1744 1199 1785 1255 di·

140 1285 946 1363 responditqneomnispopulusunovoee:Omniooer·
982 1283 1166 1342 vina·ridelur
1183 1285 1264 1340 luisse
1283 1285 1437 1341 necessaria
1452 1288 1591 1358 scriptura
1604 1287 1639 1343 ad
1658 1291 1785 1346 substan·

143 1377 184 1434 bo
202 1380 338 1444 Domini,
362 1392 441 1448 qaue
458 1375 573 1434 locutus
592 1382 649 1442 est,
659 1374 832 1445 sociemus,
845 1381 873 1431 et
891 1381 947 1431 sta-
982 1376 1065 1445 tiam,
1080 1382 1108 1431 et
1122 1373 1314 1448 obligationem
1326 1373 1399 1431 illius
1411 1374 1495 1448 legis,
1507 1377 1603 1433 saltem
1617 1386 1649 1434 ut
1669 1379 1785 1436 duratu-

144 1467 193 1522 tim
210 1467 331 1523 additur:
346 1468 474 1541 Scripsit
485 1471 585 1523 autem
597 1467 715 1539 Moyses
726 1468 876 1522 sinisersos
886 1481 947 1522 ser·
982 1480 1012 1521 ra
1028 1464 1127 1520 eratin
1143 1471 1200 1521 tota
1213 1465 1372 1536 posteritate
1387 1464 1457 1522 illius
1472 1467 1583 1539 populi,
1601 1465 1693 1525 donec
1706 1473 1785 1526 venl-

141 1573 244 1613 mones
267 1559 400 1613 Domini.
415 1556 467 1613 Ubi
486 1556 668 1628 significatur,
689 1557 764 1626 prius
784 1554 898 1626 dixisse,
919 1563 947 1612 et
980 1557 1026 1610 rel
1040 1570 1152 1620 semen,
1171 1561 1202 1611 ut
1220 1555 1316 1611 Paulus
1330 1556 1377 1611 ait.
1394 1557 1462 1612 Nam
1477 1555 1520 1612 ille
1536 1557 1655 1629 populus
1678 1576 1730 1615 uon
1747 1567 1785 1616 te·

141 1651 241 1714 postea
263 1647 407 1715 scripsisse
426 1644 529 1717 legem,
546 1644 661 1700 sortasse
681 1651 770 1701 tamen
789 1642 856 1700 illud
871 1645 947 1715 prius
981 1643 1096 1701 nebatur
1110 1644 1184 1717 leges
1197 1644 1264 1700 alias
1275 1644 1420 1701 observare
1434 1645 1588 1712 uldirinas,
1601 1655 1655 1704 eta
1673 1651 1727 1705 beo
1738 1666 1785 1706 ex-

140 1749 192 1804 per
206 1735 425 1806 anticipationem
446 1733 553 1790 dictum
566 1739 624 1805 est,
637 1749 700 1789 nam
712 1732 792 1804 paulo
804 1740 868 1804 post
881 1732 946 1789 sub·
981 1749 1076 1804 presse
1091 1734 1217 1805 traditas,
1235 1733 1284 1789 nisi
1299 1749 1369 1807 quae
1384 1738 1502 1806 scriptae
1515 1743 1606 1802 erant,
1622 1739 1698 1796 iuxta
1715 1738 1785 1794 illud

141 1821 235 1878 ditur:
259 1826 479 1895 Assumensque
498 1820 792 1894 volumenfoecieris,
809 1821 878 1894 legit
892 1838 946 1879 an·
981 1825 1131 1880 Deuteron.
1152 1828 1179 1882 l:
1196 1829 1262 1880 llion
1275 1821 1392 1880 addetis
1406 1823 1590 1892 adverbum,
1608 1825 1687 1898 quod
1704 1824 1786 1884 vobis

142 1911 242 1968 dieate
254 1911 379 1987 populo,
396 1915 447 1986 qni
464 1909 619 1968 disemmi:
636 1911 761 1978 Omniu,
779 1927 854 1983 qnae
867 1910 947 1967 locu
980 1911 1095 1985 loquor,
1114 1929 1207 1986 neque
1220 1910 1364 1984 auferetis
1379 1929 1417 1970 es
1431 1930 1476 1980 eo;
1492 1913 1635 1972 custodite
1658 1916 1785 1975 mondo·

142 2007 192 2057 tus
203 2006 246 2058 est
259 2005 419 2063 Dominus,
428 1999 596 2073 sociemus.
610 2001 644 2057 Et
658 2000 759 2057 Paulus
775 2000 807 2056 ad
820 2001 901 2057 llebr.
917 2005 943 2059 9.
981 2007 1015 2058 to
1031 2005 1153 2058 Domini
1166 2005 1224 2058 Dei
1236 2006 1341 2068 oestri;
1352 2009 1378 2058 et
1389 2003 1448 2059 ideo
1459 2019 1538 2074 saepe
1550 2007 1622 2062 Deus
1639 2008 1784 2078 praecipit,

140 2089 209 2146 dixit
219 2109 228 2145 :-
246 2095 333 2148 Lecto
351 2093 430 2147 enim
451 2095 531 2147 omni
549 2089 695 2147 mundato
714 2089 786 2162 legis
804 2106 826 2147 a
841 2092 947 2164 Moyse
982 2090 1070 2163 legem
1085 2089 1157 2147 illam
1173 2090 1256 2147 scribi
1272 2089 1358 2149 Esod.
1376 2096 1429 2164 at,
1444 2099 1471 2148 et
1485 2095 1596 2150 beuter.
1613 2099 1669 2166 il,
1689 2100 1743 2167 28,
1757 2101 1787 2150 et

139 2181 280 2235 uuioemo
295 2177 420 2254 popello,
443 2183 593 2253 occipiens
612 2181 807 2252 sanquinem,
826 2183 882 2234 etc.
902 2178 946 2234 ubl
981 2195 1031 2250 per
1057 2182 1274 2236 antonomasiam
1298 2180 1341 2236 lex
1363 2183 1466 2251 scripta
1486 2190 1620 2256 uocatur,
1646 2192 1677 2241 ut
1702 2187 1787 2241 sumi·

141 2269 236 2326 uther.
251 2270 349 2326 merito
368 2268 539 2341 reprehendit
553 2269 659 2325 Erasm.
676 2268 747 2341 quod
763 2284 812 2340 pro
826 2268 945 2326 dictione
981 2275 1027 2325 tur
1041 2284 1074 2325 es
1089 2270 1198 2327 beuter.
1213 2273 1259 2339 30,
1272 2276 1301 2326 et
1311 2273 1356 2327 at.
1369 2270 1548 2327 Nihilominus
1560 2281 1650 2328 tamen
1670 2273 1726 2329 heri
1737 2289 1786 2345 po-

140 2357 216 2414 lesio
233 2360 357 2429 posuerit
371 2357 465 2426 dicto,-
476 2375 538 2415 nam
554 2359 616 2415 licet
628 2374 724 2415 revera
734 2358 842 2430 dixerit,
856 2365 945 2416 tamen
983 2359 1047 2431 tuit,
1063 2365 1095 2416 ut
1105 2360 1225 2430 populus
1241 2358 1293 2430 illc,
1306 2360 1352 2431 qui
1366 2358 1580 2417 aderateditioni
1595 2361 1672 2434 legis,
1696 2363 1787 2420 statim

142 2465 175 2502 ex
192 2449 260 2504 libro
275 2447 356 2522 dixit,
368 2454 399 2506 ut
410 2449 493 2506 verba
504 2448 589 2506 Exodi
599 2447 758 2505 ostendunt.
772 2450 840 2504 Fieri
853 2454 945 2505 autem
982 2448 1028 2505 illa
1044 2447 1212 2521 obligaretur
1227 2454 1289 2504 ante
1304 2449 1487 2520 scripturam,
1503 2451 1578 2507 sicut
1596 2451 1786 2524 obligabantur

142 2539 247 2610 potuit,
265 2544 298 2593 ut
313 2540 390 2610 prius
405 2539 489 2595 verbo
504 2539 645 2608 retulerit,
661 2554 732 2610 quae
745 2546 903 2611 acceperat,
919 2545 947 2594 et
981 2537 1040 2612 lege
1054 2537 1274 2596 circumcisionis
1288 2544 1349 2596 ante
1361 2541 1528 2611 scripturam
1538 2542 1609 2598 eius.
1629 2542 1658 2596 ln
1672 2557 1728 2614 quo
1739 2557 1787 2613 po-

143 2634 239 2697 poslea
253 2641 286 2684 ea
297 2627 452 2699 scripserit,
465 2643 496 2683 ac
507 2626 602 2684 deinde
615 2627 712 2684 iterum
725 2629 822 2700 legerit
835 2628 946 2686 audien·
981 2636 1037 2686 test
1056 2631 1147 2686 notari
1168 2627 1317 2684 differentia
1338 2631 1409 2685 inter
1429 2637 1576 2701 praecepta
1594 2629 1742 2703 becalogi,
1757 2637 1786 2686 et

144 2723 169 2774 te
181 2716 299 2788 populo,
315 2715 388 2790 quod
404 2717 537 2774 incertum
549 2722 608 2788 est,
619 2725 647 2773 et
662 2718 808 2775 verisimile
823 2725 945 2790 apparet,
981 2720 1047 2792 alia,
1062 2735 1124 2777 nam
1143 2719 1296 2791 becalogus
1315 2721 1390 2790 prius
1412 2733 1497 2792 quam
1512 2721 1698 2792 scriberetur,
1716 2735 1785 2776 voce

143 2807 222 2876 prius
236 2805 322 2880 legem
339 2807 496 2878 scripsisse,
512 2813 540 2864 et
558 2816 654 2880 postea
672 2823 705 2864 es
720 2809 823 2881 scripto
837 2809 944 2882 legisse.
981 2810 1027 2867 bei
1039 2809 1206 2866 sufficienter
1218 2808 1376 2880 propositus
1386 2816 1439 2879 est,
1452 2816 1480 2865 et
1491 2809 1553 2866 ideo
1564 2809 1621 2866 sine
1638 2808 1722 2866 dubio
1733 2817 1789 2866 sta·

142 2895 301 2968 Utcumque
321 2903 412 2953 tamen
426 2898 476 2966 sit,
489 2913 596 2969 semper
610 2898 700 2955 uerbis
712 2899 759 2956 ilai
770 2942 776 2970 ,
789 2905 816 2956 et
830 2899 946 2970 Spiritus
980 2899 1027 2956 tim
1047 2897 1184 2970 obligarit,
1200 2913 1253 2954 non
1269 2903 1373 2954 tantum
1387 2903 1418 2953 ut
1430 2905 1490 2954 erat
1501 2897 1543 2954 les
1554 2899 1688 2955 naturalis
1706 2898 1789 2955 ratio·

142 2986 232 3041 sancti
245 2984 355 3042 dictatis
374 2985 485 3042 loeutus
499 2995 551 3044 est.
981 3005 1014 3046 ne
1038 2987 1163 3066 lundata,
1182 2987 1230 3044 secl
1249 2989 1332 3043 etiam
1355 2993 1385 3042 ut
1398 2993 1457 3043 erat
1469 2988 1511 3044 lex
1527 2989 1682 3059 specialiter
1696 3005 1712 3044 a
1727 2991 1789 3045 beo

186 3078 212 3130 3.
231 3075 328 3148 bicos:
344 3073 412 3142 Quid
425 3090 492 3148 ergo
506 3083 564 3147 est,
578 3075 650 3148 quod
664 3075 764 3135 Paulus
776 3075 810 3134 ad
821 3079 903 3135 liebr.
916 3082 945 3136 2.
981 3079 1062 3150 data,
1080 3093 1153 3151 quae
1165 3077 1217 3134 boc
1230 3076 1290 3134 solo
1307 3076 1386 3134 titulo
1399 3076 1544 3150 obligaret,
1559 3079 1641 3135 etiam
1658 3095 1726 3149 eos,
1741 3081 1789 3152 qui

144 3163 231 3237 legem
251 3165 323 3221 illam
341 3167 432 3220 minus
446 3164 594 3237 perlectam
609 3181 669 3222 esse
680 3165 812 3239 ostendit,
824 3182 857 3224 eo
871 3166 947 3240 quod
981 3171 1115 3226 rationem
1136 3167 1230 3224 talium
1245 3169 1635 3240 praeceptorumignorarent.
1648 3169 1706 3225 hlia
1721 3185 1789 3226 sero

144 3255 181 3309 sit
195 3268 286 3311 sermo
304 3269 354 3326 per
366 3252 477 3328 angelos
492 3253 582 3311 dictus
593 3276 600 3328 3
613 3271 675 3312 nam
690 3256 712 3312 si
728 3271 820 3312 sermo
831 3256 874 3312 ille
888 3262 947 3312 erat
981 3265 1138 3331 praecepta,
1155 3256 1220 3313 licet
1233 3256 1316 3332 lloysi
1331 3271 1379 3327 per
1394 3271 1548 3312 sermonem
1563 3257 1660 3313 tradita
1677 3258 1787 3328 luerint,

143 3359 237 3400 sermo
258 3343 402 3415 ipsiusmet
419 3344 481 3415 Del,
497 3361 551 3400 non
569 3345 672 3416 uariat,
687 3361 775 3419 neque
796 3347 893 3403 minuit
907 3347 948 3403 di·
981 3347 1083 3420 populo'
1101 3362 1153 3403 non
1167 3346 1244 3402 luere
1258 3346 1414 3417 proposita,
1430 3347 1480 3401 nisi
1495 3361 1528 3402 ex
1543 3346 1654 3418 scripto,
1671 3354 1702 3403 ut
1719 3346 1787 3403 dixi·

143 3435 277 3508 gnitatem
297 3435 388 3507 serbi,
407 3434 479 3508 quod
502 3451 550 3507 per
569 3435 712 3508 angelum,
735 3435 776 3492 vel
798 3436 945 3510 bominem,
981 3453 1060 3508 mus,
1079 3445 1105 3492 et
1119 3437 1179 3492 ideo
1190 3441 1335 3507 antequam
1347 3434 1547 3504 scriberentur,
1563 3451 1616 3491 non
1633 3435 1788 3492 babuerunt

144 3525 202 3580 sire
224 3525 306 3580 etiam
325 3540 373 3596 per
393 3523 484 3596 ipsum
499 3526 582 3580 ileum
596 3525 765 3596 proteratur,
782 3527 853 3582 utin
869 3524 946 3582 simili
980 3525 1087 3598 plenam
1105 3531 1133 3581 et
1145 3528 1361 3581 consummatam
1376 3523 1507 3580 rationem
1522 3524 1598 3596 legis.

144 3614 216 3670 dirit
229 3615 376 3687 Gregorius
391 3613 437 3670 lib.
455 3619 478 3674 l·
495 3612 608 3675 Mosei.
623 3630 684 3686 cap.
702 3615 944 3687 1.Respondetur,
1021 3620 1047 3671 5.
1064 3615 1184 3687 lienique
1198 3615 1274 3669 circa
1288 3612 1358 3669 hanc
1376 3612 1507 3685 lormana,
1527 3621 1724 3686 quatenusper
1740 3631 1788 3672 vo·

145 3703 238 3776 quoad
252 3704 326 3761 serbi
339 3701 530 3761 certitudinem
540 3709 568 3760 et
578 3701 806 3778 infallibilitatem,
819 3711 847 3761 et
858 3704 948 3777 quoad
981 3719 1028 3760 ces
1039 3702 1111 3760 edita
1124 3711 1176 3776 est,
1190 3702 1254 3759 nihil
1269 3701 1453 3760 adnotandum
1465 3703 1605 3774 occurrit,
1621 3712 1728 3774 praeter
1740 3721 1787 3761 su·

146 3791 214 3864 legis
236 3794 431 3850 auctoritatem
449 3808 504 3848 non
523 3792 642 3864 relerre,
658 3792 733 3865 quod
754 3809 802 3866 per
816 3793 890 3851 hunc
907 3795 947 3850 vel
983 3795 1075 3866 perius
1089 3793 1161 3851 dicta
1175 3794 1207 3850 de
1223 3793 1371 3850 ministerio
1385 3791 1501 3849 hominis
1519 3793 1562 3849 vel
1582 3793 1669 3866 angeli
1691 3795 1717 3850 in
1736 3793 1788 3851 illis

146 3881 224 3938 illurn
245 3882 400 3938 ministrum
420 3881 594 3954 proteratur,
609 3889 637 3940 et
655 3883 682 3938 in
697 3881 750 3940 boc
766 3899 849 3941 sensu
864 3886 948 3957 perti·
982 3885 1071 3941 verbis
1085 3883 1245 3942 formandis.
1259 3885 1399 3951 eratenus
1414 3898 1479 3938 varo
1495 3883 1599 3955 scripta
1612 3892 1665 3956 est,
1684 3882 1791 3940 sullicit

147 3987 213 4028 nere
233 3970 266 4028 ad
287 3987 414 4044 magnam
433 3971 506 4028 illius
527 3971 593 4044 legis
613 3971 786 4044 dignitatem,
803 3972 878 4046 quod
900 3988 948 4045 per
981 3975 1063 4030 etiam
1078 3971 1392 4044 dicere,consulendam
1404 3979 1593 4030 essereterem
1610 3975 1789 4044 scripturam,

148 4061 262 4118 verbum
277 4062 323 4118 Ilei
338 4060 599 4121 suamvoluntatem
615 4060 812 4120 manifestantis
828 4062 949 4120 lormali·
983 4066 1145 4136 praesertim
1160 4063 1184 4119 in
1197 4063 1308 4134 Exodo,
1321 4065 1407 4120 Lerit.
1420 4072 1448 4119 et
1458 4065 1605 4120 Deuteron.
1619 4079 1681 4120 nam
1701 4062 1790 4119 inillis

148 4157 209 4222 ter,
225 4156 256 4208 ut
269 4151 308 4207 sic
323 4149 428 4220 dicam,
442 4152 594 4207 constituta
608 4151 653 4207 sit.
665 4151 846 4209 Nihilominus
859 4159 948 4209 tamen
984 4159 1040 4213 lota
1055 4155 1143 4211 lorma
1157 4154 1229 4210 illius
1247 4153 1332 4228 legis,
1347 4160 1377 4209 et
1390 4151 1562 4226 singulorum
1580 4158 1791 4224 praeceptorum

149 4240 183 4298 ad
203 4243 332 4296 maiorem
350 4239 498 4313 quamdam
518 4241 652 4297 sermonis
671 4240 860 4299 excellentiam
877 4242 950 4300 acci·
982 4245 1042 4301 eius
1055 4244 1185 4302 latissime
1200 4242 1375 4314 describitur,
1388 4244 1548 4314 praesertim
1563 4257 1633 4314 quae
1650 4241 1684 4297 ad
1698 4255 1792 4298 caere·

149 4331 284 4388 dentalem
298 4330 433 4402 pertinere
446 4336 538 4401 potest
551 4345 669 4401 persona
683 4331 797 4388 ministri
812 4331 949 4388 immedia·
984 4333 1119 4406 monialia,
1139 4341 1168 4390 et
1181 4332 1316 4389 iudicialis
1327 4339 1468 4404 spectant,
1485 4339 1513 4387 et
1528 4331 1587 4388 ideo
1607 4331 1695 4392 solum
1712 4346 1794 4402 opor·

149 4428 176 4478 te
188 4421 336 4495 loquentis,
350 4421 393 4478 vel
404 4421 468 4494 quia
481 4435 514 4476 ex
525 4422 646 4490 proxima
656 4419 813 4478 habitudine
824 4420 857 4478 ad
871 4420 947 4478 illum
984 4429 1038 4495 tet,
1055 4423 1138 4480 uerba
1152 4422 1308 4493 Scripturas
1322 4419 1493 4493 expendere,
1507 4435 1568 4476 nam
1582 4422 1608 4476 in
1622 4421 1694 4477 illius
1706 4435 1790 4476 sensu

149 4510 232 4568 habet
248 4511 396 4583 quamdam
409 4510 570 4582 dignitatem
582 4510 726 4581 moralem,
741 4517 851 4583 propter
866 4528 949 4585 quam
986 4514 1139 4570 substantia
1150 4511 1211 4569 illus
1223 4511 1288 4583 legis
1300 4511 1431 4567 consistit.
1443 4511 1575 4577 Quoniam
1595 4525 1661 4566 vero
1673 4509 1706 4566 de
1716 4525 1793 4581 prae·

149 4602 277 4658 malorem
301 4601 482 4657 reverentiam
503 4606 638 4668 meretur,
659 4600 796 4673 quomodo
819 4602 951 4674 evangelii
986 4600 1204 4674 ceptisliecalogi
1217 4600 1370 4671 specialiter
1381 4598 1483 4656 dicitur
1495 4598 1578 4654 luisse
1593 4599 1619 4654 in
1629 4598 1736 4656 duabus
1751 4607 1791 4654 ta-

149 4691 232 4748 verba
246 4706 261 4747 a
276 4691 384 4748 Christo
399 4689 504 4763 prolata
518 4691 612 4747 maiori
625 4691 776 4747 reverentia
792 4691 949 4764 audiuntur,
985 4691 1058 4747 bulis
1069 4690 1181 4762 lapideis
1195 4691 1313 4761 scripta,
1325 4695 1352 4745 et
1363 4689 1506 4760 Scriptura
1517 4705 1570 4743 non
1582 4687 1705 4746 declaret
1720 4705 1792 4761 quo·

149 4782 192 4837 vel
208 4781 270 4854 quia
285 4781 356 4837 solet
370 4795 417 4841 rer
433 4780 575 4853 graviores
590 4778 662 4853 leges
677 4795 727 4851 per
740 4780 878 4837 urinislros
895 4796 954 4838 ma·
987 4780 1069 4837 modo
1089 4781 1190 4838 luerint
1209 4777 1370 4849 distributa,
1387 4778 1445 4834 ideo
1464 4777 1566 4850 aliquid
1582 4777 1617 4835 de
1631 4779 1683 4834 hoc
1700 4777 1792 4835 dicere

150 4872 217 4927 ioris
232 4870 402 4926 auctoritatis
416 4883 583 4941 proponere,
599 4875 628 4924 et
641 4869 694 4925 boc
709 4868 789 4925 modo
804 4869 846 4927 lex
862 4878 950 4942 retus,
988 4872 1175 4928 necessarium
1190 4875 1249 4934 est,
1271 4884 1332 4925 nam
1348 4867 1382 4924 ad
1396 4867 1512 4924 lornram
1525 4868 1598 4925 illius
1617 4867 1684 4940 legis
1698 4867 1791 4940 aliquo

152 4959 217 5016 licet
231 4959 312 5016 luerit
326 4958 440 5014 verbum
451 4959 512 5029 Dei,
527 4959 555 5014 in
570 4956 623 5015 boo
638 4960 698 5029 ipso
713 4961 848 5014 minorem
865 4959 953 5032 digai·
988 4958 1069 5017 modo
1086 4965 1203 5032 spectat.
1219 4957 1308 5031 Aliqui
1323 4973 1389 5030 ergo
1402 4956 1546 5028 dixerunt,
1569 4957 1593 5012 in
1618 4956 1731 5028 singulis
1744 4972 1789 5013 ea-

152 5057 237 5108 tatem
251 5049 347 5120 habet,
359 5063 441 5123 quam
453 5046 495 5103 lex
505 5048 625 5119 gratiae,
639 5055 669 5104 ut
680 5055 776 5121 postea
786 5047 950 5106 videbimus.
987 5065 1049 5106 rum
1070 5048 1154 5105 luisse
1175 5048 1298 5121 quinque
1318 5053 1464 5118 praecepta
1484 5047 1596 5118 scripta.
1612 5045 1689 5113 Quod
1709 5045 1793 5103 tradit

191 5144 217 5198 4.
234 5138 416 5211 interrogabis
427 5136 543 5194 ulterius
555 5179 562 5206 ,
574 5136 653 5210 quale
664 5138 747 5196 luerit
758 5137 825 5195 illud
839 5139 953 5197 verbum
988 5139 1085 5210 loseph
1098 5143 1124 5196 3.
1139 5137 1299 5209 Antiquitat.
1314 5151 1375 5207 cap.
1390 5139 1417 5208 c,
1429 5142 1458 5192 et
1468 5134 1541 5191 Philo
1554 5135 1613 5191 libr.
1626 5133 1754 5208 becalog.
1766 5142 1797 5191 et

152 5232 218 5304 Dei,
233 5245 266 5286 an
282 5229 435 5301 prolatum,
451 5226 492 5283 rel
504 5229 652 5299 scriptum.
665 5227 843 5303 Respondeo,
857 5229 909 5288 iam
919 5244 952 5287 ex
989 5230 1068 5303 llugo
1082 5225 1216 5285 Cardinal.
1232 5224 1320 5285 Exod.
1336 5230 1391 5298 ao,
1406 5233 1433 5283 ct
1447 5227 1573 5300 sequitur
1585 5229 1644 5285 sot.
1660 5226 1705 5284 lib.
1719 5232 1747 5286 2.
1760 5224 1794 5284 de

231 5333 606 5393 Sustentatumst-Paule
1603 5334 1631 5382 gg
