<?xml version="1.0" encoding="UTF-8"?>
<!DOCTYPE html PUBLIC "-//W3C//DTD XHTML 1.0 Transitional//EN"
    "http://www.w3.org/TR/xhtml1/DTD/xhtml1-transitional.dtd">
<html xmlns="http://www.w3.org/1999/xhtml" xml:lang="en" lang="en">
 <head>
  <title>
</title>
<meta http-equiv="Content-Type" content="text/html;charset=utf-8" />
  <meta name='ocr-system' content='tesseract 3.04.00' />
  <meta name='ocr-capabilities' content='ocr_page ocr_carea ocr_par ocr_line ocrx_word'/>
</head>
<body>
  <div class='ocr_page' id='page_1' title='image "./tractatusdelegi00sugoog_0473.png"; bbox 0 0 4260 6222; ppageno 0'>
   <div class='ocr_carea' id='block_1_1' title="bbox 408 355 1287 430">
    <p class='ocr_par' dir='ltr' id='par_1_1' title="bbox 408 355 1287 430">
     <span class='ocr_line' id='line_1_1' title="bbox 408 355 1287 430; baseline -0.002 -10"><span class='ocrx_word' id='word_1_1' title='bbox 408 355 471 420; x_wconf 73' lang='grc' dir='ltr'><strong>ιιι</strong></span> <span class='ocrx_word' id='word_1_2' title='bbox 653 401 660 414; x_wconf 75' lang='lat'><strong>.</strong></span> <span class='ocrx_word' id='word_1_3' title='bbox 1094 369 1287 430; x_wconf 82' lang='lat' dir='ltr'><strong>nrnnnvru.</strong></span> 
     </span>
    </p>
   </div>
   <div class='ocr_carea' id='block_1_2' title="bbox 366 485 2015 1114">
    <p class='ocr_par' dir='ltr' id='par_1_2' title="bbox 366 485 2015 1114">
     <span class='ocr_line' id='line_1_2' title="bbox 367 485 2011 577; baseline 0.003 -21"><span class='ocrx_word' id='word_1_4' title='bbox 367 505 504 573; x_wconf 86' lang='lat' dir='ltr'><strong>possunt,</strong></span> <span class='ocrx_word' id='word_1_5' title='bbox 519 497 607 571; x_wconf 89' lang='lat' dir='ltr'><strong>prlmo</strong></span> <span class='ocrx_word' id='word_1_6' title='bbox 621 495 654 554; x_wconf 91' lang='lat' dir='ltr'><strong>de</strong></span> <span class='ocrx_word' id='word_1_7' title='bbox 675 493 817 572; x_wconf 80' lang='lat' dir='ltr'><strong>privilegio</strong></span> <span class='ocrx_word' id='word_1_8' title='bbox 834 493 950 570; x_wconf 82' lang='lat' dir='ltr'><strong>eligendi</strong></span> <span class='ocrx_word' id='word_1_9' title='bbox 970 493 1167 565; x_wconf 69' lang='lat' dir='ltr'><strong>conlessoremr</strong></span> <span class='ocrx_word' id='word_1_10' title='bbox 1206 495 1370 569; x_wconf 88' lang='lat' dir='ltr'><strong>prohibitum</strong></span> <span class='ocrx_word' id='word_1_11' title='bbox 1381 503 1433 556; x_wconf 92' lang='lat' dir='ltr'><strong>est.</strong></span> <span class='ocrx_word' id='word_1_12' title='bbox 1447 485 1646 559; x_wconf 78' lang='lat' dir='ltr'><strong>[indoctarum</strong></span> <span class='ocrx_word' id='word_1_13' title='bbox 1659 507 1715 572; x_wconf 87' lang='lat' dir='ltr'><strong>est,</strong></span> <span class='ocrx_word' id='word_1_14' title='bbox 1726 515 1781 560; x_wconf 93' lang='lat' dir='ltr'><strong>non</strong></span> <span class='ocrx_word' id='word_1_15' title='bbox 1791 517 1875 576; x_wconf 85' lang='lat' dir='ltr'><strong>posse</strong></span> <span class='ocrx_word' id='word_1_16' title='bbox 1890 499 2011 577; x_wconf 74' lang='lat' dir='ltr'><strong>legatum</strong></span> 
     </span>
     <span class='ocr_line' id='line_1_3' title="bbox 368 585 2014 662; baseline 0.004 -17"><span class='ocrx_word' id='word_1_17' title='bbox 368 585 1170 661; x_wconf 86' lang='lat' dir='ltr'><strong>namperilludapropriopraelatoconcessumpotestquis</strong></span> <span class='ocrx_word' id='word_1_18' title='bbox 1205 585 1359 646; x_wconf 74' lang='lat' dir='ltr'><strong>concedere</strong></span> <span class='ocrx_word' id='word_1_19' title='bbox 1378 588 1549 662; x_wconf 80' lang='lat' dir='ltr'><strong>privilegium</strong></span> <span class='ocrx_word' id='word_1_20' title='bbox 1563 589 1598 648; x_wconf 90' lang='lat' dir='ltr'><strong>ad</strong></span> <span class='ocrx_word' id='word_1_21' title='bbox 1618 589 1773 650; x_wconf 90' lang='lat' dir='ltr'><strong>habendum</strong></span> <span class='ocrx_word' id='word_1_22' title='bbox 1789 593 1834 652; x_wconf 89' lang='lat' dir='ltr'><strong>illa</strong></span> <span class='ocrx_word' id='word_1_23' title='bbox 1860 592 2014 651; x_wconf 82' lang='lat' dir='ltr'><strong>hominibus</strong></span> 
     </span>
     <span class='ocr_line' id='line_1_4' title="bbox 369 672 2013 756; baseline 0.004 -22"><span class='ocrx_word' id='word_1_24' title='bbox 369 675 472 756; x_wconf 80' lang='lat' dir='ltr'><strong>ubique</strong></span> <span class='ocrx_word' id='word_1_25' title='bbox 487 677 613 735; x_wconf 88' lang='lat' dir='ltr'><strong>locorum</strong></span> <span class='ocrx_word' id='word_1_26' title='bbox 628 677 815 736; x_wconf 78' lang='lat' dir='ltr'><strong>confessorem</strong></span> <span class='ocrx_word' id='word_1_27' title='bbox 833 675 945 750; x_wconf 79' lang='lat' dir='ltr'><strong>eligere.</strong></span> <span class='ocrx_word' id='word_1_28' title='bbox 959 677 1029 744; x_wconf 89' lang='lat' dir='ltr'><strong>Quia</strong></span> <span class='ocrx_word' id='word_1_29' title='bbox 1047 675 1104 730; x_wconf 90' lang='lat' dir='ltr'><strong>sine</strong></span> <span class='ocrx_word' id='word_1_30' title='bbox 1124 672 1170 730; x_wconf 93' lang='lat' dir='ltr'><strong>tali</strong></span> <span class='ocrx_word' id='word_1_31' title='bbox 1205 677 1341 734; x_wconf 83' lang='lat' dir='ltr'><strong>extraneis</strong></span> <span class='ocrx_word' id='word_1_32' title='bbox 1355 693 1370 733; x_wconf 91' lang='lat' dir='ltr'><strong>a</strong></span> <span class='ocrx_word' id='word_1_33' title='bbox 1384 693 1435 734; x_wconf 90' lang='lat' dir='ltr'><strong>suo</strong></span> <span class='ocrx_word' id='word_1_34' title='bbox 1451 679 1599 753; x_wconf 86' lang='lat' dir='ltr'><strong>territorio,</strong></span> <span class='ocrx_word' id='word_1_35' title='bbox 1616 682 1692 738; x_wconf 83' lang='lat' dir='ltr'><strong>iuxta</strong></span> <span class='ocrx_word' id='word_1_36' title='bbox 1705 697 1732 739; x_wconf 91' lang='lat' dir='ltr'><strong>e.</strong></span> <span class='ocrx_word' id='word_1_37' title='bbox 1743 687 1771 741; x_wconf 85' lang='lat'><strong>2.</strong></span> <span class='ocrx_word' id='word_1_38' title='bbox 1787 682 1821 740; x_wconf 89' lang='lat' dir='ltr'><strong>de</strong></span> <span class='ocrx_word' id='word_1_39' title='bbox 1839 684 1971 739; x_wconf 71' lang='lat' dir='ltr'><strong>conseia</strong></span> <span class='ocrx_word' id='word_1_40' title='bbox 1985 687 2013 754; x_wconf 78' lang='lat' dir='ltr'><strong>l,</strong></span> 
     </span>
     <span class='ocr_line' id='line_1_5' title="bbox 366 762 2014 845; baseline 0.004 -22"><span class='ocrx_word' id='word_1_41' title='bbox 366 767 520 841; x_wconf 77' lang='lat' dir='ltr'><strong>privilegio,</strong></span> <span class='ocrx_word' id='word_1_42' title='bbox 534 765 575 824; x_wconf 84' lang='lat' dir='ltr'><strong>vel</strong></span> <span class='ocrx_word' id='word_1_43' title='bbox 586 773 631 824; x_wconf 88' lang='lat' dir='ltr'><strong>est</strong></span> <span class='ocrx_word' id='word_1_44' title='bbox 643 765 770 840; x_wconf 90' lang='lat' dir='ltr'><strong>dubium,</strong></span> <span class='ocrx_word' id='word_1_45' title='bbox 783 768 828 825; x_wconf 90' lang='lat' dir='ltr'><strong>cui</strong></span> <span class='ocrx_word' id='word_1_46' title='bbox 839 767 937 839; x_wconf 87' lang='lat' dir='ltr'><strong>possit,</strong></span> <span class='ocrx_word' id='word_1_47' title='bbox 948 771 975 823; x_wconf 92' lang='grc' dir='ltr'>ει</span> <span class='ocrx_word' id='word_1_48' title='bbox 989 763 1089 822; x_wconf 90' lang='lat' dir='ltr'><strong>debeat</strong></span> <span class='ocrx_word' id='word_1_49' title='bbox 1103 779 1171 820; x_wconf 90' lang='lat' dir='ltr'><strong>con·</strong></span> <span class='ocrx_word' id='word_1_50' title='bbox 1204 770 1233 821; x_wconf 89' lang='lat' dir='ltr'><strong>et</strong></span> <span class='ocrx_word' id='word_1_51' title='bbox 1244 762 1263 821; x_wconf 92' lang='grc' dir='ltr'><strong>Ι.</strong></span> <span class='ocrx_word' id='word_1_52' title='bbox 1277 765 1327 823; x_wconf 89' lang='lat' dir='ltr'><strong>ult.</strong></span> <span class='ocrx_word' id='word_1_53' title='bbox 1342 765 1368 823; x_wconf 81' lang='lat' dir='ltr'><strong>u.</strong></span> <span class='ocrx_word' id='word_1_54' title='bbox 1381 765 1415 825; x_wconf 93' lang='lat' dir='ltr'><strong>de</strong></span> <span class='ocrx_word' id='word_1_55' title='bbox 1430 767 1526 826; x_wconf 91' lang='lat' dir='ltr'><strong>iuriad.</strong></span> <span class='ocrx_word' id='word_1_56' title='bbox 1540 785 1596 826; x_wconf 91' lang='lat' dir='ltr'><strong>om.</strong></span> <span class='ocrx_word' id='word_1_57' title='bbox 1609 769 1694 827; x_wconf 90' lang='lat' dir='ltr'><strong>indic.</strong></span> <span class='ocrx_word' id='word_1_58' title='bbox 1704 777 1734 828; x_wconf 92' lang='grc' dir='ltr'>ει</span> <span class='ocrx_word' id='word_1_59' title='bbox 1746 771 1808 843; x_wconf 87' lang='lat' dir='ltr'><strong>alia,</strong></span> <span class='ocrx_word' id='word_1_60' title='bbox 1827 786 1901 845; x_wconf 88' lang='lat' dir='ltr'><strong>quae</strong></span> <span class='ocrx_word' id='word_1_61' title='bbox 1915 771 2014 830; x_wconf 84' lang='lat' dir='ltr'><strong>llehul-</strong></span> 
     </span>
     <span class='ocr_line' id='line_1_6' title="bbox 367 851 2014 931; baseline 0.004 -18"><span class='ocrx_word' id='word_1_62' title='bbox 367 858 450 930; x_wconf 91' lang='lat' dir='ltr'><strong>literi,</strong></span> <span class='ocrx_word' id='word_1_63' title='bbox 465 857 551 930; x_wconf 87' lang='lat' dir='ltr'><strong>quiin</strong></span> <span class='ocrx_word' id='word_1_64' title='bbox 566 857 655 915; x_wconf 90' lang='lat' dir='ltr'><strong>alieno</strong></span> <span class='ocrx_word' id='word_1_65' title='bbox 668 858 828 931; x_wconf 89' lang='lat' dir='ltr'><strong>episcopatu</strong></span> <span class='ocrx_word' id='word_1_66' title='bbox 843 863 982 930; x_wconf 71' lang='lat' dir='ltr'><strong>versatur,</strong></span> <span class='ocrx_word' id='word_1_67' title='bbox 994 854 1037 912; x_wconf 86' lang='lat' dir='ltr'><strong>vel</strong></span> <span class='ocrx_word' id='word_1_68' title='bbox 1051 860 1095 911; x_wconf 89' lang='lat' dir='ltr'><strong>est</strong></span> <span class='ocrx_word' id='word_1_69' title='bbox 1107 869 1172 927; x_wconf 88' lang='lat' dir='ltr'><strong>pro·</strong></span> <span class='ocrx_word' id='word_1_70' title='bbox 1205 851 1250 910; x_wconf 83' lang='lat' dir='ltr'><strong>lus</strong></span> <span class='ocrx_word' id='word_1_71' title='bbox 1270 869 1354 927; x_wconf 89' lang='lat' dir='ltr'><strong>supra</strong></span> <span class='ocrx_word' id='word_1_72' title='bbox 1375 855 1498 914; x_wconf 76' lang='lat' dir='ltr'><strong>adducit.</strong></span> <span class='ocrx_word' id='word_1_73' title='bbox 1512 856 1696 917; x_wconf 75' lang='lat' dir='ltr'><strong>Nihilominus</strong></span> <span class='ocrx_word' id='word_1_74' title='bbox 1716 867 1806 918; x_wconf 90' lang='lat' dir='ltr'><strong>tamen</strong></span> <span class='ocrx_word' id='word_1_75' title='bbox 1829 863 1852 917; x_wconf 92' lang='lat' dir='ltr'><strong>si</strong></span> <span class='ocrx_word' id='word_1_76' title='bbox 1877 859 2014 920; x_wconf 90' lang='lat' dir='ltr'><strong>hominem</strong></span> 
     </span>
     <span class='ocr_line' id='line_1_7' title="bbox 367 943 2015 1022; baseline 0.002 -16"><span class='ocrx_word' id='word_1_77' title='bbox 367 947 496 1021; x_wconf 74' lang='lat' dir='ltr'><strong>habilius,</strong></span> <span class='ocrx_word' id='word_1_78' title='bbox 516 946 605 1005; x_wconf 90' lang='lat' dir='ltr'><strong>solum</strong></span> <span class='ocrx_word' id='word_1_79' title='bbox 625 962 706 1021; x_wconf 87' lang='lat' dir='ltr'><strong>posse</strong></span> <span class='ocrx_word' id='word_1_80' title='bbox 724 948 847 1006; x_wconf 82' lang='lat' dir='ltr'><strong>confiteri</strong></span> <span class='ocrx_word' id='word_1_81' title='bbox 866 949 927 1004; x_wconf 89' lang='lat' dir='ltr'><strong>iure</strong></span> <span class='ocrx_word' id='word_1_82' title='bbox 948 945 1089 1004; x_wconf 89' lang='lat' dir='ltr'><strong>communi</strong></span> <span class='ocrx_word' id='word_1_83' title='bbox 1108 959 1173 1016; x_wconf 87' lang='lat' dir='ltr'><strong>pno-</strong></span> <span class='ocrx_word' id='word_1_84' title='bbox 1206 943 1248 1000; x_wconf 91' lang='lat' dir='ltr'><strong>sui</strong></span> <span class='ocrx_word' id='word_1_85' title='bbox 1264 945 1395 1002; x_wconf 88' lang='lat' dir='ltr'><strong>territorii</strong></span> <span class='ocrx_word' id='word_1_86' title='bbox 1406 946 1514 1021; x_wconf 81' lang='lat' dir='ltr'><strong>legatus</strong></span> <span class='ocrx_word' id='word_1_87' title='bbox 1527 946 1647 1006; x_wconf 82' lang='lat' dir='ltr'><strong>habilitat</strong></span> <span class='ocrx_word' id='word_1_88' title='bbox 1660 947 1694 1006; x_wconf 93' lang='lat' dir='ltr'><strong>ad</strong></span> <span class='ocrx_word' id='word_1_89' title='bbox 1708 950 1788 1022; x_wconf 90' lang='lat' dir='ltr'><strong>plura</strong></span> <span class='ocrx_word' id='word_1_90' title='bbox 1808 949 1950 1022; x_wconf 88' lang='lat' dir='ltr'><strong>beneficia,</strong></span> <span class='ocrx_word' id='word_1_91' title='bbox 1962 955 2015 1009; x_wconf 92' lang='lat' dir='ltr'><strong>uti·</strong></span> 
     </span>
     <span class='ocr_line' id='line_1_8' title="bbox 367 1030 2015 1114; baseline -0.001 -17"><span class='ocrx_word' id='word_1_92' title='bbox 367 1040 429 1114; x_wconf 89' lang='lat' dir='ltr'><strong>prio</strong></span> <span class='ocrx_word' id='word_1_93' title='bbox 443 1037 565 1111; x_wconf 78' lang='lat' dir='ltr'><strong>parocho</strong></span> <span class='ocrx_word' id='word_1_94' title='bbox 588 1038 653 1110; x_wconf 92' lang='lat' dir='ltr'><strong>loci,</strong></span> <span class='ocrx_word' id='word_1_95' title='bbox 674 1036 707 1094; x_wconf 90' lang='lat' dir='ltr'><strong>ad</strong></span> <span class='ocrx_word' id='word_1_96' title='bbox 728 1053 810 1110; x_wconf 91' lang='lat' dir='ltr'><strong>quem</strong></span> <span class='ocrx_word' id='word_1_97' title='bbox 825 1037 964 1110; x_wconf 71' lang='lat' dir='ltr'><strong>pervenit,</strong></span> <span class='ocrx_word' id='word_1_98' title='bbox 986 1041 1014 1092; x_wconf 91' lang='lat' dir='ltr'><strong>et</strong></span> <span class='ocrx_word' id='word_1_99' title='bbox 1033 1049 1082 1107; x_wconf 94' lang='grc' dir='ltr'><strong>ρετ</strong></span> <span class='ocrx_word' id='word_1_100' title='bbox 1103 1030 1170 1091; x_wconf 94' lang='lat' dir='ltr'><strong>illud</strong></span> <span class='ocrx_word' id='word_1_101' title='bbox 1206 1047 1260 1105; x_wconf 88' lang='lat' dir='ltr'><strong>que</strong></span> <span class='ocrx_word' id='word_1_102' title='bbox 1276 1032 1319 1091; x_wconf 91' lang='lat' dir='ltr'><strong>illa</strong></span> <span class='ocrx_word' id='word_1_103' title='bbox 1334 1036 1457 1093; x_wconf 88' lang='lat' dir='ltr'><strong>obtinere</strong></span> <span class='ocrx_word' id='word_1_104' title='bbox 1468 1037 1576 1109; x_wconf 91' lang='lat' dir='ltr'><strong>poterit,</strong></span> <span class='ocrx_word' id='word_1_105' title='bbox 1592 1039 1657 1111; x_wconf 86' lang='lat' dir='ltr'><strong>quio</strong></span> <span class='ocrx_word' id='word_1_106' title='bbox 1671 1037 1796 1098; x_wconf 87' lang='lat' dir='ltr'><strong>habilitas</strong></span> <span class='ocrx_word' id='word_1_107' title='bbox 1809 1039 1853 1096; x_wconf 90' lang='lat' dir='ltr'><strong>illa</strong></span> <span class='ocrx_word' id='word_1_108' title='bbox 1867 1056 1935 1097; x_wconf 90' lang='lat' dir='ltr'><strong>cum</strong></span> <span class='ocrx_word' id='word_1_109' title='bbox 1956 1056 2015 1112; x_wconf 89' lang='lat' dir='ltr'><strong>per-</strong></span> 
     </span>
    </p>
   </div>
   <div class='ocr_carea' id='block_1_3' title="bbox 367 1123 2127 1208">
    <p class='ocr_par' dir='ltr' id='par_1_3' title="bbox 367 1123 2127 1208">
     <span class='ocr_line' id='line_1_9' title="bbox 367 1123 2127 1208; baseline 0.002 -22"><span class='ocrx_word' id='word_1_110' title='bbox 367 1127 540 1204; x_wconf 80' lang='lat' dir='ltr'><strong>privilegium</strong></span> <span class='ocrx_word' id='word_1_111' title='bbox 551 1128 650 1202; x_wconf 77' lang='lat' dir='ltr'><strong>eligere</strong></span> <span class='ocrx_word' id='word_1_112' title='bbox 662 1127 763 1201; x_wconf 90' lang='lat' dir='ltr'><strong>poterit</strong></span> <span class='ocrx_word' id='word_1_113' title='bbox 773 1125 1171 1199; x_wconf 85' lang='lat' dir='ltr'><strong>sacerdotemquemcumqae,</strong></span> <span class='ocrx_word' id='word_1_114' title='bbox 1206 1137 1274 1178; x_wconf 89' lang='lat' dir='ltr'><strong>sona</strong></span> <span class='ocrx_word' id='word_1_115' title='bbox 1284 1123 1396 1197; x_wconf 90' lang='lat' dir='ltr'><strong>incedit,</strong></span> <span class='ocrx_word' id='word_1_116' title='bbox 1408 1131 1437 1182; x_wconf 90' lang='grc' dir='ltr'><strong>οι</strong></span> <span class='ocrx_word' id='word_1_117' title='bbox 1447 1124 1501 1184; x_wconf 90' lang='lat' dir='ltr'><strong>hcc</strong></span> <span class='ocrx_word' id='word_1_118' title='bbox 1512 1125 1628 1184; x_wconf 90' lang='lat' dir='ltr'><strong>includit</strong></span> <span class='ocrx_word' id='word_1_119' title='bbox 1639 1129 1748 1194; x_wconf 86' lang='lat' dir='ltr'><strong>llecius,</strong></span> <span class='ocrx_word' id='word_1_120' title='bbox 1761 1135 1789 1186; x_wconf 91' lang='lat' dir='ltr'><strong>et</strong></span> <span class='ocrx_word' id='word_1_121' title='bbox 1800 1128 1937 1202; x_wconf 90' lang='lat' dir='ltr'><strong>approbat</strong></span> <span class='ocrx_word' id='word_1_122' title='bbox 1950 1131 2014 1190; x_wconf 86' lang='lat' dir='ltr'><strong>Pru·</strong></span> <span class='ocrx_word' id='word_1_123' title='bbox 2126 1155 2127 1208; x_wconf 49' lang='lat' dir='ltr'><strong><em>g</em></strong></span> 
     </span>
    </p>
   </div>
   <div class='ocr_carea' id='block_1_4' title="bbox 363 1209 2015 5325">
    <p class='ocr_par' dir='ltr' id='par_1_4' title="bbox 363 1209 2015 5325">
     <span class='ocr_line' id='line_1_10' title="bbox 367 1209 2015 1290; baseline 0.002 -16"><span class='ocrx_word' id='word_1_124' title='bbox 367 1219 446 1276; x_wconf 86' lang='lat' dir='ltr'><strong>iuxta</strong></span> <span class='ocrx_word' id='word_1_125' title='bbox 460 1233 488 1276; x_wconf 93' lang='lat' dir='ltr'><strong>c.</strong></span> <span class='ocrx_word' id='word_1_126' title='bbox 500 1215 632 1284; x_wconf 83' lang='lat' dir='ltr'><strong>Placuit,</strong></span> <span class='ocrx_word' id='word_1_127' title='bbox 649 1214 683 1274; x_wconf 92' lang='lat' dir='ltr'><strong>de</strong></span> <span class='ocrx_word' id='word_1_128' title='bbox 697 1218 800 1290; x_wconf 89' lang='lat' dir='ltr'><strong>poenit.</strong></span> <span class='ocrx_word' id='word_1_129' title='bbox 814 1215 877 1272; x_wconf 91' lang='lat' dir='ltr'><strong>dist.</strong></span> <span class='ocrx_word' id='word_1_130' title='bbox 892 1219 920 1284; x_wconf 85' lang='lat' dir='ltr'><strong>a,</strong></span> <span class='ocrx_word' id='word_1_131' title='bbox 935 1221 1048 1288; x_wconf 84' lang='lat' dir='ltr'><strong>atquae</strong></span> <span class='ocrx_word' id='word_1_132' title='bbox 1063 1214 1100 1270; x_wconf 94' lang='lat' dir='ltr'><strong>ibi</strong></span> <span class='ocrx_word' id='word_1_133' title='bbox 1118 1215 1172 1270; x_wconf 86' lang='lat' dir='ltr'><strong>tta·</strong></span> <span class='ocrx_word' id='word_1_134' title='bbox 1208 1209 1261 1267; x_wconf 91' lang='lat' dir='ltr'><strong>bns</strong></span> <span class='ocrx_word' id='word_1_135' title='bbox 1273 1211 1298 1267; x_wconf 96' lang='lat' dir='ltr'><strong>in</strong></span> <span class='ocrx_word' id='word_1_136' title='bbox 1313 1227 1340 1268; x_wconf 91' lang='lat' dir='ltr'><strong>c.</strong></span> <span class='ocrx_word' id='word_1_137' title='bbox 1352 1211 1462 1286; x_wconf 73' lang='lat' dir='ltr'><strong>Officii,</strong></span> <span class='ocrx_word' id='word_1_138' title='bbox 1477 1214 1511 1272; x_wconf 89' lang='lat' dir='ltr'><strong>de</strong></span> <span class='ocrx_word' id='word_1_139' title='bbox 1525 1214 1600 1274; x_wconf 89' lang='lat' dir='ltr'><strong>olhc.</strong></span> <span class='ocrx_word' id='word_1_140' title='bbox 1610 1217 1689 1290; x_wconf 82' lang='lat' dir='ltr'><strong>legat.</strong></span> <span class='ocrx_word' id='word_1_141' title='bbox 1699 1217 1725 1274; x_wconf 93' lang='lat' dir='ltr'><strong>in</strong></span> <span class='ocrx_word' id='word_1_142' title='bbox 1738 1221 1765 1288; x_wconf 84' lang='lat' dir='ltr'><strong>a,</strong></span> <span class='ocrx_word' id='word_1_143' title='bbox 1775 1219 1930 1282; x_wconf 82' lang='lat' dir='ltr'><strong>ettandem</strong></span> <span class='ocrx_word' id='word_1_144' title='bbox 1950 1235 2015 1278; x_wconf 92' lang='lat' dir='ltr'><strong>con·</strong></span> 
     </span>
     <span class='ocr_line' id='line_1_11' title="bbox 368 1300 2015 1381; baseline 0.001 -17"><span class='ocrx_word' id='word_1_145' title='bbox 368 1323 427 1366; x_wconf 83' lang='lat' dir='ltr'><strong>var.</strong></span> <span class='ocrx_word' id='word_1_146' title='bbox 442 1313 529 1365; x_wconf 90' lang='lat' dir='ltr'><strong>notat.</strong></span> <span class='ocrx_word' id='word_1_147' title='bbox 546 1305 625 1376; x_wconf 84' lang='lat' dir='ltr'><strong>Quod</strong></span> <span class='ocrx_word' id='word_1_148' title='bbox 639 1305 846 1380; x_wconf 79' lang='lat' dir='ltr'><strong>intelligendum</strong></span> <span class='ocrx_word' id='word_1_149' title='bbox 860 1318 935 1362; x_wconf 93' lang='lat' dir='ltr'><strong>nunc</strong></span> <span class='ocrx_word' id='word_1_150' title='bbox 948 1309 1002 1374; x_wconf 91' lang='lat' dir='ltr'><strong>est,</strong></span> <span class='ocrx_word' id='word_1_151' title='bbox 1019 1300 1169 1360; x_wconf 91' lang='lat' dir='ltr'><strong>dummodo</strong></span> <span class='ocrx_word' id='word_1_152' title='bbox 1207 1301 1290 1357; x_wconf 87' lang='lat' dir='ltr'><strong>sentit</strong></span> <span class='ocrx_word' id='word_1_153' title='bbox 1303 1302 1500 1362; x_wconf 84' lang='lat' dir='ltr'><strong>Rebui.Simile</strong></span> <span class='ocrx_word' id='word_1_154' title='bbox 1511 1305 1667 1376; x_wconf 83' lang='lat' dir='ltr'><strong>exemplum</strong></span> <span class='ocrx_word' id='word_1_155' title='bbox 1677 1313 1718 1363; x_wconf 89' lang='lat' dir='ltr'><strong>est</strong></span> <span class='ocrx_word' id='word_1_156' title='bbox 1730 1306 1764 1363; x_wconf 90' lang='lat' dir='ltr'><strong>de</strong></span> <span class='ocrx_word' id='word_1_157' title='bbox 1775 1307 1941 1381; x_wconf 87' lang='lat' dir='ltr'><strong>marito,qui</strong></span> <span class='ocrx_word' id='word_1_158' title='bbox 1958 1317 2015 1366; x_wconf 86' lang='lat' dir='ltr'><strong>erat</strong></span> 
     </span>
     <span class='ocr_line' id='line_1_12' title="bbox 368 1389 2015 1470; baseline 0 -15"><span class='ocrx_word' id='word_1_159' title='bbox 368 1397 500 1457; x_wconf 91' lang='lat' dir='ltr'><strong>sacerdos</strong></span> <span class='ocrx_word' id='word_1_160' title='bbox 516 1398 551 1454; x_wconf 96' lang='lat' dir='ltr'><strong>sit</strong></span> <span class='ocrx_word' id='word_1_161' title='bbox 569 1395 739 1470; x_wconf 89' lang='lat' dir='ltr'><strong>approbatus</strong></span> <span class='ocrx_word' id='word_1_162' title='bbox 756 1397 831 1453; x_wconf 81' lang='lat' dir='ltr'><strong>iuxta</strong></span> <span class='ocrx_word' id='word_1_163' title='bbox 849 1401 973 1451; x_wconf 90' lang='lat' dir='ltr'><strong>tenorem</strong></span> <span class='ocrx_word' id='word_1_164' title='bbox 991 1390 1102 1448; x_wconf 90' lang='lat' dir='ltr'><strong>concilii</strong></span> <span class='ocrx_word' id='word_1_165' title='bbox 1123 1391 1173 1448; x_wconf 90' lang='lat' dir='ltr'><strong>tri·</strong></span> <span class='ocrx_word' id='word_1_166' title='bbox 1207 1389 1352 1461; x_wconf 85' lang='lat' dir='ltr'><strong>inpeditus</strong></span> <span class='ocrx_word' id='word_1_167' title='bbox 1367 1391 1400 1449; x_wconf 93' lang='lat' dir='ltr'><strong>ad</strong></span> <span class='ocrx_word' id='word_1_168' title='bbox 1421 1391 1569 1464; x_wconf 90' lang='lat' dir='ltr'><strong>petendum</strong></span> <span class='ocrx_word' id='word_1_169' title='bbox 1584 1393 1707 1451; x_wconf 88' lang='lat' dir='ltr'><strong>debitum</strong></span> <span class='ocrx_word' id='word_1_170' title='bbox 1721 1403 1836 1469; x_wconf 90' lang='lat' dir='ltr'><strong>propter</strong></span> <span class='ocrx_word' id='word_1_171' title='bbox 1850 1403 1950 1455; x_wconf 86' lang='lat' dir='ltr'><strong>votum</strong></span> <span class='ocrx_word' id='word_1_172' title='bbox 1970 1414 2015 1455; x_wconf 91' lang='lat' dir='ltr'><strong>ca·</strong></span> 
     </span>
     <span class='ocr_line' id='line_1_13' title="bbox 366 1479 2014 1559; baseline -0.002 -12"><span class='ocrx_word' id='word_1_173' title='bbox 366 1489 478 1548; x_wconf 81' lang='lat' dir='ltr'><strong>dendni.</strong></span> <span class='ocrx_word' id='word_1_174' title='bbox 495 1487 623 1546; x_wconf 89' lang='lat' dir='ltr'><strong>Similiter</strong></span> <span class='ocrx_word' id='word_1_175' title='bbox 637 1486 777 1559; x_wconf 91' lang='lat' dir='ltr'><strong>parochus</strong></span> <span class='ocrx_word' id='word_1_176' title='bbox 795 1484 898 1542; x_wconf 90' lang='lat' dir='ltr'><strong>habens</strong></span> <span class='ocrx_word' id='word_1_177' title='bbox 912 1483 1051 1541; x_wconf 90' lang='lat' dir='ltr'><strong>licentiam</strong></span> <span class='ocrx_word' id='word_1_178' title='bbox 1067 1479 1100 1538; x_wconf 91' lang='lat' dir='ltr'><strong>ad</strong></span> <span class='ocrx_word' id='word_1_179' title='bbox 1115 1496 1170 1538; x_wconf 92' lang='lat' dir='ltr'><strong>non</strong></span> <span class='ocrx_word' id='word_1_180' title='bbox 1209 1481 1322 1552; x_wconf 88' lang='lat' dir='ltr'><strong>stitatis,</strong></span> <span class='ocrx_word' id='word_1_181' title='bbox 1335 1480 1377 1537; x_wconf 86' lang='lat' dir='ltr'><strong>vel</strong></span> <span class='ocrx_word' id='word_1_182' title='bbox 1391 1489 1504 1555; x_wconf 90' lang='lat' dir='ltr'><strong>propter</strong></span> <span class='ocrx_word' id='word_1_183' title='bbox 1517 1483 1636 1556; x_wconf 88' lang='lat' dir='ltr'><strong>aliquam</strong></span> <span class='ocrx_word' id='word_1_184' title='bbox 1651 1483 1810 1542; x_wconf 82' lang='lat' dir='ltr'><strong>affinitatem</strong></span> <span class='ocrx_word' id='word_1_185' title='bbox 1821 1501 1871 1558; x_wconf 88' lang='lat' dir='ltr'><strong>par</strong></span> <span class='ocrx_word' id='word_1_186' title='bbox 1892 1485 2014 1547; x_wconf 88' lang='lat' dir='ltr'><strong>illicitam</strong></span> 
     </span>
     <span class='ocr_line' id='line_1_14' title="bbox 367 1569 2014 1650; baseline -0.001 -14"><span class='ocrx_word' id='word_1_187' title='bbox 367 1575 544 1637; x_wconf 90' lang='lat' dir='ltr'><strong>residendum</strong></span> <span class='ocrx_word' id='word_1_188' title='bbox 556 1593 571 1634; x_wconf 93' lang='lat' dir='ltr'><strong>a</strong></span> <span class='ocrx_word' id='word_1_189' title='bbox 583 1577 695 1650; x_wconf 89' lang='lat' dir='ltr'><strong>proprio</strong></span> <span class='ocrx_word' id='word_1_190' title='bbox 709 1576 851 1648; x_wconf 92' lang='lat' dir='ltr'><strong>episcopo,</strong></span> <span class='ocrx_word' id='word_1_191' title='bbox 863 1579 955 1646; x_wconf 89' lang='lat' dir='ltr'><strong>potest</strong></span> <span class='ocrx_word' id='word_1_192' title='bbox 966 1571 1012 1629; x_wconf 91' lang='lat' dir='ltr'><strong>illo</strong></span> <span class='ocrx_word' id='word_1_193' title='bbox 1028 1569 1171 1644; x_wconf 79' lang='lat' dir='ltr'><strong>privilegio</strong></span> <span class='ocrx_word' id='word_1_194' title='bbox 1206 1569 1336 1642; x_wconf 90' lang='lat' dir='ltr'><strong>copulam</strong></span> <span class='ocrx_word' id='word_1_195' title='bbox 1353 1579 1541 1646; x_wconf 86' lang='lat' dir='ltr'><strong>contractam,</strong></span> <span class='ocrx_word' id='word_1_196' title='bbox 1557 1579 1586 1632; x_wconf 89' lang='lat' dir='ltr'><strong>et</strong></span> <span class='ocrx_word' id='word_1_197' title='bbox 1599 1572 1769 1646; x_wconf 84' lang='lat' dir='ltr'><strong>dispensatus</strong></span> <span class='ocrx_word' id='word_1_198' title='bbox 1784 1590 1799 1631; x_wconf 91' lang='grc' dir='ltr'><strong>ιι</strong></span> <span class='ocrx_word' id='word_1_199' title='bbox 1814 1591 1865 1632; x_wconf 90' lang='lat' dir='ltr'><strong>suo</strong></span> <span class='ocrx_word' id='word_1_200' title='bbox 1882 1579 2014 1649; x_wconf 90' lang='lat' dir='ltr'><strong>episcopo</strong></span> 
     </span>
     <span class='ocr_line' id='line_1_15' title="bbox 368 1659 2015 1742; baseline -0.002 -16"><span class='ocrx_word' id='word_1_201' title='bbox 368 1671 421 1740; x_wconf 90' lang='lat' dir='ltr'><strong>uti,</strong></span> <span class='ocrx_word' id='word_1_202' title='bbox 433 1673 463 1726; x_wconf 89' lang='lat' dir='ltr'><strong>et</strong></span> <span class='ocrx_word' id='word_1_203' title='bbox 475 1664 595 1742; x_wconf 78' lang='lat' dir='ltr'><strong>gaudere</strong></span> <span class='ocrx_word' id='word_1_204' title='bbox 608 1671 686 1722; x_wconf 81' lang='lat' dir='ltr'><strong>extra</strong></span> <span class='ocrx_word' id='word_1_205' title='bbox 699 1663 882 1733; x_wconf 89' lang='lat' dir='ltr'><strong>territorium,</strong></span> <span class='ocrx_word' id='word_1_206' title='bbox 896 1660 1047 1718; x_wconf 90' lang='lat' dir='ltr'><strong>dummodo</strong></span> <span class='ocrx_word' id='word_1_207' title='bbox 1063 1660 1098 1716; x_wconf 92' lang='lat' dir='ltr'><strong>ibi</strong></span> <span class='ocrx_word' id='word_1_208' title='bbox 1112 1665 1171 1716; x_wconf 90' lang='lat' dir='ltr'><strong>stu·</strong></span> <span class='ocrx_word' id='word_1_209' title='bbox 1207 1660 1307 1733; x_wconf 88' lang='lat' dir='ltr'><strong>cbique</strong></span> <span class='ocrx_word' id='word_1_210' title='bbox 1324 1659 1449 1718; x_wconf 88' lang='lat' dir='ltr'><strong>locorum</strong></span> <span class='ocrx_word' id='word_1_211' title='bbox 1464 1669 1555 1734; x_wconf 90' lang='lat' dir='ltr'><strong>potest</strong></span> <span class='ocrx_word' id='word_1_212' title='bbox 1569 1671 1660 1736; x_wconf 90' lang='lat' dir='ltr'><strong>petere</strong></span> <span class='ocrx_word' id='word_1_213' title='bbox 1678 1664 1811 1722; x_wconf 89' lang='lat' dir='ltr'><strong>debiturn.</strong></span> <span class='ocrx_word' id='word_1_214' title='bbox 1834 1666 2015 1738; x_wconf 81' lang='lat' dir='ltr'><strong>Dispensatns</strong></span> 
     </span>
     <span class='ocr_line' id='line_1_16' title="bbox 368 1749 2014 1829; baseline -0.002 -13"><span class='ocrx_word' id='word_1_215' title='bbox 368 1758 442 1816; x_wconf 91' lang='lat' dir='ltr'><strong>deat.</strong></span> <span class='ocrx_word' id='word_1_216' title='bbox 455 1757 533 1814; x_wconf 82' lang='lat' dir='ltr'><strong>ilatio</strong></span> <span class='ocrx_word' id='word_1_217' title='bbox 547 1762 600 1828; x_wconf 90' lang='lat' dir='ltr'><strong>est,</strong></span> <span class='ocrx_word' id='word_1_218' title='bbox 617 1757 682 1829; x_wconf 87' lang='lat' dir='ltr'><strong>quio</strong></span> <span class='ocrx_word' id='word_1_219' title='bbox 696 1752 867 1826; x_wconf 77' lang='lat' dir='ltr'><strong>privilegium</strong></span> <span class='ocrx_word' id='word_1_220' title='bbox 883 1749 1025 1824; x_wconf 91' lang='lat' dir='ltr'><strong>personale</strong></span> <span class='ocrx_word' id='word_1_221' title='bbox 1040 1749 1073 1808; x_wconf 90' lang='lat' dir='ltr'><strong>dc</strong></span> <span class='ocrx_word' id='word_1_222' title='bbox 1087 1764 1117 1806; x_wconf 91' lang='lat' dir='ltr'><strong>se</strong></span> <span class='ocrx_word' id='word_1_223' title='bbox 1131 1750 1171 1805; x_wconf 90' lang='lat' dir='ltr'><strong>in·</strong></span> <span class='ocrx_word' id='word_1_224' title='bbox 1205 1750 1287 1806; x_wconf 88' lang='lat' dir='ltr'><strong>etiam</strong></span> <span class='ocrx_word' id='word_1_225' title='bbox 1301 1751 1332 1806; x_wconf 94' lang='lat' dir='ltr'><strong>in·</strong></span> <span class='ocrx_word' id='word_1_226' title='bbox 1345 1751 1545 1826; x_wconf 75' lang='lat' dir='ltr'><strong>irregularitate</strong></span> <span class='ocrx_word' id='word_1_227' title='bbox 1558 1752 1671 1810; x_wconf 90' lang='lat' dir='ltr'><strong>occulta</strong></span> <span class='ocrx_word' id='word_1_228' title='bbox 1684 1770 1700 1810; x_wconf 91' lang='lat' dir='ltr'><strong>a</strong></span> <span class='ocrx_word' id='word_1_229' title='bbox 1714 1769 1765 1812; x_wconf 89' lang='lat' dir='ltr'><strong>suo</strong></span> <span class='ocrx_word' id='word_1_230' title='bbox 1778 1757 1923 1828; x_wconf 88' lang='lat' dir='ltr'><strong>episcopo,</strong></span> <span class='ocrx_word' id='word_1_231' title='bbox 1942 1754 2014 1814; x_wconf 89' lang='lat' dir='ltr'><strong>licite</strong></span> 
     </span>
     <span class='ocr_line' id='line_1_17' title="bbox 368 1840 2014 1919; baseline -0.002 -13"><span class='ocrx_word' id='word_1_232' title='bbox 368 1847 444 1906; x_wconf 89' lang='lat' dir='ltr'><strong>cedit</strong></span> <span class='ocrx_word' id='word_1_233' title='bbox 457 1861 522 1904; x_wconf 83' lang='lat' dir='ltr'><strong>cuna</strong></span> <span class='ocrx_word' id='word_1_234' title='bbox 538 1859 670 1919; x_wconf 88' lang='lat' dir='ltr'><strong>persona,</strong></span> <span class='ocrx_word' id='word_1_235' title='bbox 685 1859 747 1900; x_wconf 90' lang='lat' dir='ltr'><strong>nam</strong></span> <span class='ocrx_word' id='word_1_236' title='bbox 763 1843 799 1900; x_wconf 92' lang='lat' dir='ltr'><strong>illi</strong></span> <span class='ocrx_word' id='word_1_237' title='bbox 822 1840 967 1914; x_wconf 74' lang='lat' dir='ltr'><strong>adhaeret,</strong></span> <span class='ocrx_word' id='word_1_238' title='bbox 988 1856 1054 1914; x_wconf 78' lang='lat' dir='ltr'><strong>ergo</strong></span> <span class='ocrx_word' id='word_1_239' title='bbox 1069 1841 1171 1913; x_wconf 86' lang='lat' dir='ltr'><strong>ubique</strong></span> <span class='ocrx_word' id='word_1_240' title='bbox 1206 1841 1343 1899; x_wconf 85' lang='lat' dir='ltr'><strong>ministrat</strong></span> <span class='ocrx_word' id='word_1_241' title='bbox 1360 1843 1471 1915; x_wconf 89' lang='lat' dir='ltr'><strong>ubique.</strong></span> <span class='ocrx_word' id='word_1_242' title='bbox 1485 1841 1538 1899; x_wconf 86' lang='lat' dir='ltr'><strong>Sed</strong></span> <span class='ocrx_word' id='word_1_243' title='bbox 1552 1842 1578 1899; x_wconf 93' lang='lat' dir='ltr'><strong>in</strong></span> <span class='ocrx_word' id='word_1_244' title='bbox 1593 1843 1635 1900; x_wconf 91' lang='lat' dir='ltr'><strong>his</strong></span> <span class='ocrx_word' id='word_1_245' title='bbox 1649 1845 1760 1902; x_wconf 85' lang='lat' dir='ltr'><strong>casibus</strong></span> <span class='ocrx_word' id='word_1_246' title='bbox 1775 1852 1804 1902; x_wconf 92' lang='lat' dir='ltr'><strong>et</strong></span> <span class='ocrx_word' id='word_1_247' title='bbox 1817 1846 1959 1902; x_wconf 83' lang='lat' dir='ltr'><strong>similibus</strong></span> <span class='ocrx_word' id='word_1_248' title='bbox 1972 1862 2014 1902; x_wconf 91' lang='lat' dir='ltr'><strong>ra·</strong></span> 
     </span>
     <span class='ocr_line' id='line_1_18' title="bbox 367 1928 2015 2008; baseline -0.002 -12"><span class='ocrx_word' id='word_1_249' title='bbox 367 1936 452 1996; x_wconf 90' lang='lat' dir='ltr'><strong>habet</strong></span> <span class='ocrx_word' id='word_1_250' title='bbox 463 1933 603 2008; x_wconf 88' lang='lat' dir='ltr'><strong>ellectum,</strong></span> <span class='ocrx_word' id='word_1_251' title='bbox 614 1941 753 2008; x_wconf 86' lang='lat' dir='ltr'><strong>quatenus</strong></span> <span class='ocrx_word' id='word_1_252' title='bbox 765 1931 828 1989; x_wconf 90' lang='lat' dir='ltr'><strong>alibi</strong></span> <span class='ocrx_word' id='word_1_253' title='bbox 843 1931 1031 1989; x_wconf 87' lang='lat' dir='ltr'><strong>necessarium</strong></span> <span class='ocrx_word' id='word_1_254' title='bbox 1042 1935 1091 1986; x_wconf 90' lang='lat' dir='ltr'><strong>aut</strong></span> <span class='ocrx_word' id='word_1_255' title='bbox 1106 1928 1172 1985; x_wconf 92' lang='lat' dir='ltr'><strong>utile</strong></span> <span class='ocrx_word' id='word_1_256' title='bbox 1206 1929 1243 1986; x_wconf 93' lang='lat' dir='ltr'><strong>tio</strong></span> <span class='ocrx_word' id='word_1_257' title='bbox 1262 1939 1306 1987; x_wconf 92' lang='lat' dir='ltr'><strong>est</strong></span> <span class='ocrx_word' id='word_1_258' title='bbox 1320 1931 1419 2003; x_wconf 88' lang='lat' dir='ltr'><strong>iacilis,</strong></span> <span class='ocrx_word' id='word_1_259' title='bbox 1430 1931 1494 2005; x_wconf 88' lang='lat' dir='ltr'><strong>quia</strong></span> <span class='ocrx_word' id='word_1_260' title='bbox 1504 1947 1555 2005; x_wconf 89' lang='grc' dir='ltr'><strong>ρετ</strong></span> <span class='ocrx_word' id='word_1_261' title='bbox 1565 1931 1795 2006; x_wconf 80' lang='lat' dir='ltr'><strong>dispensationem</strong></span> <span class='ocrx_word' id='word_1_262' title='bbox 1805 1934 1949 1994; x_wconf 88' lang='lat' dir='ltr'><strong>sublatum</strong></span> <span class='ocrx_word' id='word_1_263' title='bbox 1967 1935 2015 1993; x_wconf 86' lang='lat' dir='ltr'><strong>luit</strong></span> 
     </span>
     <span class='ocr_line' id='line_1_19' title="bbox 368 2021 2015 2100; baseline -0.001 -15"><span class='ocrx_word' id='word_1_264' title='bbox 368 2042 429 2086; x_wconf 87' lang='lat' dir='ltr'><strong>esse</strong></span> <span class='ocrx_word' id='word_1_265' title='bbox 448 2031 548 2098; x_wconf 91' lang='lat' dir='ltr'><strong>potest,</strong></span> <span class='ocrx_word' id='word_1_266' title='bbox 564 2024 587 2082; x_wconf 90' lang='lat' dir='ltr'><strong>si</strong></span> <span class='ocrx_word' id='word_1_267' title='bbox 606 2023 710 2081; x_wconf 86' lang='lat' dir='ltr'><strong>&#39;alienae</strong></span> <span class='ocrx_word' id='word_1_268' title='bbox 731 2021 912 2079; x_wconf 91' lang='lat' dir='ltr'><strong>iurisdictioni</strong></span> <span class='ocrx_word' id='word_1_269' title='bbox 931 2035 987 2078; x_wconf 90' lang='lat' dir='ltr'><strong>oon</strong></span> <span class='ocrx_word' id='word_1_270' title='bbox 1008 2021 1044 2076; x_wconf 90' lang='lat' dir='ltr'><strong>sit</strong></span> <span class='ocrx_word' id='word_1_271' title='bbox 1061 2025 1172 2077; x_wconf 90' lang='lat' dir='ltr'><strong>contra·</strong></span> <span class='ocrx_word' id='word_1_272' title='bbox 1205 2033 1356 2092; x_wconf 89' lang='lat' dir='ltr'><strong>apersona</strong></span> <span class='ocrx_word' id='word_1_273' title='bbox 1377 2021 1612 2096; x_wconf 91' lang='lat' dir='ltr'><strong>impedimentum,</strong></span> <span class='ocrx_word' id='word_1_274' title='bbox 1631 2030 1658 2081; x_wconf 90' lang='lat' dir='ltr'><strong>et</strong></span> <span class='ocrx_word' id='word_1_275' title='bbox 1677 2023 1738 2082; x_wconf 90' lang='lat' dir='ltr'><strong>ideo</strong></span> <span class='ocrx_word' id='word_1_276' title='bbox 1759 2039 1809 2096; x_wconf 89' lang='lat' dir='ltr'><strong>pro</strong></span> <span class='ocrx_word' id='word_1_277' title='bbox 1831 2041 2015 2100; x_wconf 85' lang='lat' dir='ltr'><strong>quocumque</strong></span> 
     </span>
     <span class='ocr_line' id='line_1_20' title="bbox 367 2107 2013 2187; baseline -0.002 -11"><span class='ocrx_word' id='word_1_278' title='bbox 367 2119 458 2184; x_wconf 72' lang='lat' dir='ltr'><strong>riumr</strong></span> <span class='ocrx_word' id='word_1_279' title='bbox 474 2121 506 2174; x_wconf 91' lang='lat' dir='ltr'><strong>nt</strong></span> <span class='ocrx_word' id='word_1_280' title='bbox 518 2115 657 2187; x_wconf 77' lang='lat' dir='ltr'><strong>contingit</strong></span> <span class='ocrx_word' id='word_1_281' title='bbox 670 2113 697 2168; x_wconf 93' lang='lat' dir='ltr'><strong>in</strong></span> <span class='ocrx_word' id='word_1_282' title='bbox 716 2110 827 2170; x_wconf 88' lang='lat' dir='ltr'><strong>casibus</strong></span> <span class='ocrx_word' id='word_1_283' title='bbox 841 2111 940 2182; x_wconf 89' lang='lat' dir='ltr'><strong>dictis,</strong></span> <span class='ocrx_word' id='word_1_284' title='bbox 954 2116 984 2170; x_wconf 89' lang='grc' dir='ltr'>ει</span> <span class='ocrx_word' id='word_1_285' title='bbox 1001 2109 1130 2168; x_wconf 83' lang='lat' dir='ltr'><strong>universe</strong></span> <span class='ocrx_word' id='word_1_286' title='bbox 1144 2107 1172 2166; x_wconf 94' lang='lat' dir='ltr'><strong>in</strong></span> <span class='ocrx_word' id='word_1_287' title='bbox 1207 2107 1269 2166; x_wconf 92' lang='lat' dir='ltr'><strong>loco</strong></span> <span class='ocrx_word' id='word_1_288' title='bbox 1281 2108 1365 2167; x_wconf 88' lang='lat' dir='ltr'><strong>libera</strong></span> <span class='ocrx_word' id='word_1_289' title='bbox 1378 2109 1562 2170; x_wconf 87' lang='lat' dir='ltr'><strong>manet.linde</strong></span> <span class='ocrx_word' id='word_1_290' title='bbox 1574 2111 1657 2170; x_wconf 84' lang='lat' dir='ltr'><strong>rideri</strong></span> <span class='ocrx_word' id='word_1_291' title='bbox 1670 2120 1774 2186; x_wconf 90' lang='lat' dir='ltr'><strong>potest,</strong></span> <span class='ocrx_word' id='word_1_292' title='bbox 1786 2130 1842 2172; x_wconf 94' lang='lat' dir='ltr'><strong>non</strong></span> <span class='ocrx_word' id='word_1_293' title='bbox 1855 2130 1919 2172; x_wconf 89' lang='lat' dir='ltr'><strong>esse</strong></span> <span class='ocrx_word' id='word_1_294' title='bbox 1937 2116 2013 2174; x_wconf 85' lang='lat' dir='ltr'><strong>illum</strong></span> 
     </span>
     <span class='ocr_line' id='line_1_21' title="bbox 367 2199 2014 2280; baseline -0.001 -15"><span class='ocrx_word' id='word_1_295' title='bbox 367 2204 507 2277; x_wconf 88' lang='lat' dir='ltr'><strong>omnibus,</strong></span> <span class='ocrx_word' id='word_1_296' title='bbox 517 2205 542 2262; x_wconf 90' lang='lat' dir='ltr'><strong>in</strong></span> <span class='ocrx_word' id='word_1_297' title='bbox 556 2204 657 2279; x_wconf 87' lang='lat' dir='ltr'><strong>quibus</strong></span> <span class='ocrx_word' id='word_1_298' title='bbox 672 2209 752 2260; x_wconf 91' lang='lat' dir='ltr'><strong>actus</strong></span> <span class='ocrx_word' id='word_1_299' title='bbox 766 2218 820 2270; x_wconf 84' lang='lat' dir='ltr'><strong>non</strong></span> <span class='ocrx_word' id='word_1_300' title='bbox 830 2208 874 2258; x_wconf 89' lang='lat' dir='ltr'><strong>est</strong></span> <span class='ocrx_word' id='word_1_301' title='bbox 887 2199 989 2274; x_wconf 89' lang='lat' dir='ltr'><strong>malus,</strong></span> <span class='ocrx_word' id='word_1_302' title='bbox 999 2216 1050 2258; x_wconf 90' lang='lat' dir='ltr'><strong>nee</strong></span> <span class='ocrx_word' id='word_1_303' title='bbox 1064 2200 1172 2274; x_wconf 88' lang='lat' dir='ltr'><strong>specia-</strong></span> <span class='ocrx_word' id='word_1_304' title='bbox 1206 2201 1316 2272; x_wconf 89' lang='lat' dir='ltr'><strong>proprie</strong></span> <span class='ocrx_word' id='word_1_305' title='bbox 1329 2216 1410 2258; x_wconf 89' lang='lat' dir='ltr'><strong>usum</strong></span> <span class='ocrx_word' id='word_1_306' title='bbox 1425 2201 1556 2274; x_wconf 81' lang='lat' dir='ltr'><strong>privilegii</strong></span> <span class='ocrx_word' id='word_1_307' title='bbox 1569 2203 1596 2258; x_wconf 94' lang='lat' dir='ltr'><strong>in</strong></span> <span class='ocrx_word' id='word_1_308' title='bbox 1611 2201 1698 2260; x_wconf 89' lang='lat' dir='ltr'><strong>alieno</strong></span> <span class='ocrx_word' id='word_1_309' title='bbox 1712 2206 1864 2276; x_wconf 85' lang='lat' dir='ltr'><strong>territorio,</strong></span> <span class='ocrx_word' id='word_1_310' title='bbox 1877 2207 1946 2280; x_wconf 83' lang='lat' dir='ltr'><strong>qnia</strong></span> <span class='ocrx_word' id='word_1_311' title='bbox 1962 2207 2014 2278; x_wconf 89' lang='lat' dir='ltr'><strong>pri·</strong></span> 
     </span>
     <span class='ocr_line' id='line_1_22' title="bbox 366 2283 2015 2369; baseline -0.001 -14"><span class='ocrx_word' id='word_1_312' title='bbox 366 2296 429 2355; x_wconf 89' lang='lat' dir='ltr'><strong>liter</strong></span> <span class='ocrx_word' id='word_1_313' title='bbox 442 2295 596 2369; x_wconf 87' lang='lat' dir='ltr'><strong>prohibitus</strong></span> <span class='ocrx_word' id='word_1_314' title='bbox 611 2293 636 2350; x_wconf 93' lang='lat' dir='ltr'><strong>in</strong></span> <span class='ocrx_word' id='word_1_315' title='bbox 652 2292 698 2350; x_wconf 94' lang='lat' dir='ltr'><strong>tali</strong></span> <span class='ocrx_word' id='word_1_316' title='bbox 713 2293 786 2350; x_wconf 92' lang='lat' dir='ltr'><strong>loco.</strong></span> <span class='ocrx_word' id='word_1_317' title='bbox 890 2283 896 2304; x_wconf 69' lang='lat'>⁸</span> <span class='ocrx_word' id='word_1_318' title='bbox 1206 2287 1351 2362; x_wconf 76' lang='lat' dir='ltr'><strong>vilegium,</strong></span> <span class='ocrx_word' id='word_1_319' title='bbox 1370 2305 1419 2348; x_wconf 89' lang='lat' dir='ltr'><strong>seu</strong></span> <span class='ocrx_word' id='word_1_320' title='bbox 1434 2289 1601 2362; x_wconf 77' lang='lat' dir='ltr'><strong>dispensatio</strong></span> <span class='ocrx_word' id='word_1_321' title='bbox 1614 2291 1699 2349; x_wconf 90' lang='lat' dir='ltr'><strong>semel</strong></span> <span class='ocrx_word' id='word_1_322' title='bbox 1713 2291 1809 2350; x_wconf 90' lang='lat' dir='ltr'><strong>habuit</strong></span> <span class='ocrx_word' id='word_1_323' title='bbox 1821 2293 1973 2366; x_wconf 83' lang='lat' dir='ltr'><strong>effectum,</strong></span> <span class='ocrx_word' id='word_1_324' title='bbox 1988 2305 2015 2354; x_wconf 92' lang='grc' dir='ltr'>ει</span> 
     </span>
     <span class='ocr_line' id='line_1_23' title="bbox 410 2377 2012 2458; baseline -0.002 -14"><span class='ocrx_word' id='word_1_325' title='bbox 410 2390 456 2445; x_wconf 91' lang='lat' dir='ltr'><strong>tl.</strong></span> <span class='ocrx_word' id='word_1_326' title='bbox 468 2387 525 2443; x_wconf 87' lang='lat' dir='ltr'><strong>Neo</strong></span> <span class='ocrx_word' id='word_1_327' title='bbox 540 2384 636 2458; x_wconf 82' lang='lat' dir='ltr'><strong>retent,</strong></span> <span class='ocrx_word' id='word_1_328' title='bbox 648 2382 724 2458; x_wconf 87' lang='lat' dir='ltr'><strong>quod</strong></span> <span class='ocrx_word' id='word_1_329' title='bbox 739 2381 866 2440; x_wconf 84' lang='lat' dir='ltr'><strong>videatur</strong></span> <span class='ocrx_word' id='word_1_330' title='bbox 878 2379 1032 2438; x_wconf 89' lang='lat' dir='ltr'><strong>iurisdictio</strong></span> <span class='ocrx_word' id='word_1_331' title='bbox 1045 2383 1170 2440; x_wconf 81' lang='lat' dir='ltr'><strong>exerceri</strong></span> <span class='ocrx_word' id='word_1_332' title='bbox 1206 2386 1302 2451; x_wconf 89' lang='lat' dir='ltr'><strong>postea</strong></span> <span class='ocrx_word' id='word_1_333' title='bbox 1317 2377 1400 2437; x_wconf 90' lang='lat' dir='ltr'><strong>libera</strong></span> <span class='ocrx_word' id='word_1_334' title='bbox 1413 2394 1532 2452; x_wconf 87' lang='lat' dir='ltr'><strong>persona</strong></span> <span class='ocrx_word' id='word_1_335' title='bbox 1545 2387 1647 2452; x_wconf 89' lang='lat' dir='ltr'><strong>manet,</strong></span> <span class='ocrx_word' id='word_1_336' title='bbox 1660 2387 1690 2439; x_wconf 93' lang='lat' dir='ltr'><strong>et</strong></span> <span class='ocrx_word' id='word_1_337' title='bbox 1704 2382 1876 2456; x_wconf 80' lang='lat' dir='ltr'><strong>privilegium</strong></span> <span class='ocrx_word' id='word_1_338' title='bbox 1887 2385 1945 2442; x_wconf 91' lang='lat' dir='ltr'><strong>iam</strong></span> <span class='ocrx_word' id='word_1_339' title='bbox 1960 2400 2012 2442; x_wconf 92' lang='lat' dir='ltr'><strong>non</strong></span> 
     </span>
     <span class='ocr_line' id='line_1_24' title="bbox 368 2468 2013 2548; baseline -0.002 -12"><span class='ocrx_word' id='word_1_340' title='bbox 368 2479 397 2536; x_wconf 93' lang='lat' dir='ltr'><strong>in</strong></span> <span class='ocrx_word' id='word_1_341' title='bbox 413 2475 501 2534; x_wconf 92' lang='lat' dir='ltr'><strong>alieno</strong></span> <span class='ocrx_word' id='word_1_342' title='bbox 515 2473 664 2546; x_wconf 89' lang='lat' dir='ltr'><strong>territorio,</strong></span> <span class='ocrx_word' id='word_1_343' title='bbox 679 2474 745 2545; x_wconf 85' lang='lat' dir='ltr'><strong>quia</strong></span> <span class='ocrx_word' id='word_1_344' title='bbox 758 2476 907 2530; x_wconf 82' lang='lat' dir='ltr'><strong>exercetur</strong></span> <span class='ocrx_word' id='word_1_345' title='bbox 920 2471 947 2528; x_wconf 91' lang='lat' dir='ltr'><strong>in</strong></span> <span class='ocrx_word' id='word_1_346' title='bbox 968 2469 1016 2527; x_wconf 91' lang='lat' dir='ltr'><strong>tali</strong></span> <span class='ocrx_word' id='word_1_347' title='bbox 1030 2469 1172 2528; x_wconf 89' lang='lat' dir='ltr'><strong>territorio</strong></span> <span class='ocrx_word' id='word_1_348' title='bbox 1206 2473 1347 2540; x_wconf 83' lang='lat' dir='ltr'><strong>operatur,</strong></span> <span class='ocrx_word' id='word_1_349' title='bbox 1357 2469 1409 2525; x_wconf 89' lang='lat' dir='ltr'><strong>nisi</strong></span> <span class='ocrx_word' id='word_1_350' title='bbox 1424 2475 1456 2528; x_wconf 92' lang='lat' dir='ltr'><strong>nt</strong></span> <span class='ocrx_word' id='word_1_351' title='bbox 1469 2484 1553 2526; x_wconf 82' lang='lat' dir='ltr'><strong>carrea</strong></span> <span class='ocrx_word' id='word_1_352' title='bbox 1564 2486 1613 2543; x_wconf 97' lang='grc' dir='ltr'><strong>ρετ</strong></span> <span class='ocrx_word' id='word_1_353' title='bbox 1627 2468 1757 2528; x_wconf 88' lang='lat' dir='ltr'><strong>accidens</strong></span> <span class='ocrx_word' id='word_1_354' title='bbox 1767 2478 1795 2528; x_wconf 89' lang='lat' dir='ltr'><strong>et</strong></span> <span class='ocrx_word' id='word_1_355' title='bbox 1808 2480 1929 2542; x_wconf 88' lang='lat' dir='ltr'><strong>remota,</strong></span> <span class='ocrx_word' id='word_1_356' title='bbox 1942 2489 2013 2548; x_wconf 85' lang='lat' dir='ltr'><strong>quae</strong></span> 
     </span>
     <span class='ocr_line' id='line_1_25' title="bbox 368 2557 2013 2636; baseline -0.002 -10"><span class='ocrx_word' id='word_1_357' title='bbox 368 2565 556 2636; x_wconf 81' lang='lat' dir='ltr'><strong>materialiter,</strong></span> <span class='ocrx_word' id='word_1_358' title='bbox 568 2569 600 2622; x_wconf 93' lang='lat' dir='ltr'><strong>ut</strong></span> <span class='ocrx_word' id='word_1_359' title='bbox 614 2565 654 2620; x_wconf 88' lang='lat' dir='ltr'><strong>sio</strong></span> <span class='ocrx_word' id='word_1_360' title='bbox 668 2563 772 2634; x_wconf 91' lang='lat' dir='ltr'><strong>dicam,</strong></span> <span class='ocrx_word' id='word_1_361' title='bbox 784 2570 812 2619; x_wconf 91' lang='lat' dir='ltr'><strong>et</strong></span> <span class='ocrx_word' id='word_1_362' title='bbox 825 2577 874 2635; x_wconf 99' lang='grc' dir='ltr'><strong>ρετ</strong></span> <span class='ocrx_word' id='word_1_363' title='bbox 886 2559 1030 2634; x_wconf 87' lang='lat' dir='ltr'><strong>accidens,</strong></span> <span class='ocrx_word' id='word_1_364' title='bbox 1045 2575 1100 2616; x_wconf 90' lang='lat' dir='ltr'><strong>non</strong></span> <span class='ocrx_word' id='word_1_365' title='bbox 1114 2557 1170 2616; x_wconf 89' lang='lat' dir='ltr'><strong>lor·</strong></span> <span class='ocrx_word' id='word_1_366' title='bbox 1206 2557 1319 2615; x_wconf 90' lang='lat' dir='ltr'><strong>abstulit</strong></span> <span class='ocrx_word' id='word_1_367' title='bbox 1339 2557 1574 2630; x_wconf 86' lang='lat' dir='ltr'><strong>impedimentum.</strong></span> <span class='ocrx_word' id='word_1_368' title='bbox 1592 2561 1671 2618; x_wconf 91' lang='lat' dir='ltr'><strong>Sicut</strong></span> <span class='ocrx_word' id='word_1_369' title='bbox 1692 2560 1836 2619; x_wconf 91' lang='lat' dir='ltr'><strong>absolutus</strong></span> <span class='ocrx_word' id='word_1_370' title='bbox 1856 2578 1873 2619; x_wconf 88' lang='lat' dir='ltr'><strong>a</strong></span> <span class='ocrx_word' id='word_1_371' title='bbox 1894 2579 2013 2622; x_wconf 85' lang='lat' dir='ltr'><strong>censura</strong></span> 
     </span>
     <span class='ocr_line' id='line_1_26' title="bbox 367 2647 2012 2730; baseline -0.002 -15"><span class='ocrx_word' id='word_1_372' title='bbox 367 2657 489 2730; x_wconf 87' lang='lat' dir='ltr'><strong>meliter,</strong></span> <span class='ocrx_word' id='word_1_373' title='bbox 504 2670 555 2712; x_wconf 91' lang='lat' dir='ltr'><strong>nee</strong></span> <span class='ocrx_word' id='word_1_374' title='bbox 574 2669 623 2725; x_wconf 91' lang='lat' dir='ltr'><strong>per</strong></span> <span class='ocrx_word' id='word_1_375' title='bbox 637 2669 682 2725; x_wconf 91' lang='lat' dir='ltr'><strong>se,</strong></span> <span class='ocrx_word' id='word_1_376' title='bbox 700 2651 764 2726; x_wconf 87' lang='lat' dir='ltr'><strong>qula</strong></span> <span class='ocrx_word' id='word_1_377' title='bbox 783 2652 928 2708; x_wconf 84' lang='lat' dir='ltr'><strong>existentia</strong></span> <span class='ocrx_word' id='word_1_378' title='bbox 943 2649 969 2706; x_wconf 93' lang='lat' dir='ltr'><strong>ln</strong></span> <span class='ocrx_word' id='word_1_379' title='bbox 990 2649 1053 2719; x_wconf 92' lang='lat' dir='ltr'><strong>tali,</strong></span> <span class='ocrx_word' id='word_1_380' title='bbox 1068 2648 1110 2705; x_wconf 87' lang='lat' dir='ltr'><strong>vel</strong></span> <span class='ocrx_word' id='word_1_381' title='bbox 1126 2647 1171 2705; x_wconf 91' lang='lat' dir='ltr'><strong>tali</strong></span> <span class='ocrx_word' id='word_1_382' title='bbox 1207 2647 1308 2721; x_wconf 89' lang='lat' dir='ltr'><strong>ubique</strong></span> <span class='ocrx_word' id='word_1_383' title='bbox 1324 2648 1398 2706; x_wconf 90' lang='lat' dir='ltr'><strong>licite</strong></span> <span class='ocrx_word' id='word_1_384' title='bbox 1416 2651 1622 2717; x_wconf 88' lang='lat' dir='ltr'><strong>communicat,</strong></span> <span class='ocrx_word' id='word_1_385' title='bbox 1637 2651 1681 2708; x_wconf 90' lang='lat' dir='ltr'><strong>vel</strong></span> <span class='ocrx_word' id='word_1_386' title='bbox 1701 2653 1852 2726; x_wconf 87' lang='lat' dir='ltr'><strong>ministrat,</strong></span> <span class='ocrx_word' id='word_1_387' title='bbox 1868 2668 1925 2710; x_wconf 93' lang='lat' dir='ltr'><strong>non</strong></span> <span class='ocrx_word' id='word_1_388' title='bbox 1947 2655 2012 2728; x_wconf 86' lang='lat' dir='ltr'><strong>qnia</strong></span> 
     </span>
     <span class='ocr_line' id='line_1_27' title="bbox 368 2736 2012 2818; baseline -0.002 -14"><span class='ocrx_word' id='word_1_389' title='bbox 368 2747 431 2807; x_wconf 91' lang='lat' dir='ltr'><strong>loco</strong></span> <span class='ocrx_word' id='word_1_390' title='bbox 443 2746 622 2818; x_wconf 85' lang='lat' dir='ltr'><strong>impertinens</strong></span> <span class='ocrx_word' id='word_1_391' title='bbox 636 2740 724 2800; x_wconf 90' lang='lat' dir='ltr'><strong>estad</strong></span> <span class='ocrx_word' id='word_1_392' title='bbox 738 2755 821 2800; x_wconf 87' lang='lat' dir='ltr'><strong>usum</strong></span> <span class='ocrx_word' id='word_1_393' title='bbox 833 2739 896 2798; x_wconf 91' lang='lat' dir='ltr'><strong>talis</strong></span> <span class='ocrx_word' id='word_1_394' title='bbox 910 2739 1052 2813; x_wconf 78' lang='lat' dir='ltr'><strong>privilegii.</strong></span> <span class='ocrx_word' id='word_1_395' title='bbox 1061 2737 1108 2795; x_wconf 88' lang='lat' dir='ltr'><strong>llel</strong></span> <span class='ocrx_word' id='word_1_396' title='bbox 1122 2737 1172 2794; x_wconf 89' lang='lat' dir='ltr'><strong>ali·</strong></span> <span class='ocrx_word' id='word_1_397' title='bbox 1205 2736 1341 2797; x_wconf 85' lang='lat' dir='ltr'><strong>absolutio</strong></span> <span class='ocrx_word' id='word_1_398' title='bbox 1355 2737 1391 2794; x_wconf 93' lang='lat' dir='ltr'><strong>ibi</strong></span> <span class='ocrx_word' id='word_1_399' title='bbox 1405 2744 1546 2811; x_wconf 88' lang='lat' dir='ltr'><strong>operetur,</strong></span> <span class='ocrx_word' id='word_1_400' title='bbox 1562 2739 1610 2796; x_wconf 91' lang='lat' dir='ltr'><strong>sed</strong></span> <span class='ocrx_word' id='word_1_401' title='bbox 1625 2740 1690 2814; x_wconf 89' lang='lat' dir='ltr'><strong>quia</strong></span> <span class='ocrx_word' id='word_1_402' title='bbox 1703 2741 1818 2798; x_wconf 88' lang='lat' dir='ltr'><strong>abstulit</strong></span> <span class='ocrx_word' id='word_1_403' title='bbox 1831 2743 2012 2815; x_wconf 87' lang='lat' dir='ltr'><strong>impedimen·</strong></span> 
     </span>
     <span class='ocr_line' id='line_1_28' title="bbox 368 2826 2011 2906; baseline -0.002 -12"><span class='ocrx_word' id='word_1_404' title='bbox 368 2843 412 2895; x_wconf 89' lang='lat' dir='ltr'><strong>ter</strong></span> <span class='ocrx_word' id='word_1_405' title='bbox 428 2833 495 2893; x_wconf 91' lang='lat' dir='ltr'><strong>illud</strong></span> <span class='ocrx_word' id='word_1_406' title='bbox 509 2849 563 2890; x_wconf 94' lang='lat' dir='ltr'><strong>non</strong></span> <span class='ocrx_word' id='word_1_407' title='bbox 577 2839 622 2891; x_wconf 90' lang='lat' dir='ltr'><strong>est</strong></span> <span class='ocrx_word' id='word_1_408' title='bbox 634 2830 845 2900; x_wconf 80' lang='lat' dir='ltr'><strong>inconveniens,</strong></span> <span class='ocrx_word' id='word_1_409' title='bbox 860 2828 969 2904; x_wconf 82' lang='lat' dir='ltr'><strong>quando</strong></span> <span class='ocrx_word' id='word_1_410' title='bbox 984 2845 1052 2886; x_wconf 88' lang='lat' dir='ltr'><strong>usus</strong></span> <span class='ocrx_word' id='word_1_411' title='bbox 1065 2827 1172 2886; x_wconf 92' lang='lat' dir='ltr'><strong>iurisdi·</strong></span> <span class='ocrx_word' id='word_1_412' title='bbox 1207 2833 1277 2900; x_wconf 71' lang='lat' dir='ltr'><strong>tumr</strong></span> <span class='ocrx_word' id='word_1_413' title='bbox 1290 2826 1464 2896; x_wconf 84' lang='lat' dir='ltr'><strong>nihilominus</strong></span> <span class='ocrx_word' id='word_1_414' title='bbox 1475 2835 1565 2886; x_wconf 82' lang='lat' dir='ltr'><strong>tantm</strong></span> <span class='ocrx_word' id='word_1_415' title='bbox 1579 2841 1707 2905; x_wconf 86' lang='lat' dir='ltr'><strong>respectu</strong></span> <span class='ocrx_word' id='word_1_416' title='bbox 1719 2831 1820 2889; x_wconf 90' lang='lat' dir='ltr'><strong>radicis</strong></span> <span class='ocrx_word' id='word_1_417' title='bbox 1832 2832 2011 2906; x_wconf 89' lang='lat' dir='ltr'><strong>impedimen·</strong></span> 
     </span>
     <span class='ocr_line' id='line_1_29' title="bbox 368 2917 2012 2994; baseline -0.002 -10"><span class='ocrx_word' id='word_1_418' title='bbox 368 2926 468 2984; x_wconf 90' lang='lat' dir='ltr'><strong>ctionis</strong></span> <span class='ocrx_word' id='word_1_419' title='bbox 485 2939 540 2982; x_wconf 94' lang='lat' dir='ltr'><strong>non</strong></span> <span class='ocrx_word' id='word_1_420' title='bbox 554 2929 597 2980; x_wconf 90' lang='lat' dir='ltr'><strong>est</strong></span> <span class='ocrx_word' id='word_1_421' title='bbox 610 2937 675 2979; x_wconf 88' lang='lat' dir='ltr'><strong>cnm</strong></span> <span class='ocrx_word' id='word_1_422' title='bbox 689 2927 803 2978; x_wconf 83' lang='lat' dir='ltr'><strong>externa</strong></span> <span class='ocrx_word' id='word_1_423' title='bbox 816 2920 989 2978; x_wconf 89' lang='lat' dir='ltr'><strong>solemnitate</strong></span> <span class='ocrx_word' id='word_1_424' title='bbox 1004 2919 1129 2992; x_wconf 90' lang='lat' dir='ltr'><strong>publica,</strong></span> <span class='ocrx_word' id='word_1_425' title='bbox 1144 2925 1172 2975; x_wconf 92' lang='lat' dir='ltr'><strong>et</strong></span> <span class='ocrx_word' id='word_1_426' title='bbox 1206 2917 1236 2988; x_wconf 89' lang='lat' dir='ltr'><strong>ti,</strong></span> <span class='ocrx_word' id='word_1_427' title='bbox 1252 2931 1322 2990; x_wconf 88' lang='lat' dir='ltr'><strong>qnae</strong></span> <span class='ocrx_word' id='word_1_428' title='bbox 1337 2924 1445 2990; x_wconf 91' lang='lat' dir='ltr'><strong>manet,</strong></span> <span class='ocrx_word' id='word_1_429' title='bbox 1461 2924 1553 2990; x_wconf 88' lang='lat' dir='ltr'><strong>potest</strong></span> <span class='ocrx_word' id='word_1_430' title='bbox 1565 2934 1618 2976; x_wconf 92' lang='lat' dir='ltr'><strong>non</strong></span> <span class='ocrx_word' id='word_1_431' title='bbox 1633 2920 1784 2994; x_wconf 78' lang='lat' dir='ltr'><strong>incongrue</strong></span> <span class='ocrx_word' id='word_1_432' title='bbox 1797 2920 1864 2994; x_wconf 92' lang='lat' dir='ltr'><strong>dici,</strong></span> <span class='ocrx_word' id='word_1_433' title='bbox 1880 2929 1950 2980; x_wconf 90' lang='lat' dir='ltr'><strong>tunc</strong></span> <span class='ocrx_word' id='word_1_434' title='bbox 1964 2924 2012 2980; x_wconf 91' lang='lat' dir='ltr'><strong>ati-</strong></span> 
     </span>
     <span class='ocr_line' id='line_1_30' title="bbox 368 3008 2010 3087; baseline -0.002 -14"><span class='ocrx_word' id='word_1_435' title='bbox 368 3022 413 3074; x_wconf 87' lang='lat' dir='ltr'><strong>est</strong></span> <span class='ocrx_word' id='word_1_436' title='bbox 426 3015 504 3073; x_wconf 90' lang='lat' dir='ltr'><strong>circa</strong></span> <span class='ocrx_word' id='word_1_437' title='bbox 516 3027 662 3087; x_wconf 89' lang='lat' dir='ltr'><strong>personam</strong></span> <span class='ocrx_word' id='word_1_438' title='bbox 676 3009 811 3068; x_wconf 90' lang='lat' dir='ltr'><strong>subditam</strong></span> <span class='ocrx_word' id='word_1_439' title='bbox 826 3008 916 3083; x_wconf 83' lang='lat' dir='ltr'><strong>quoad</strong></span> <span class='ocrx_word' id='word_1_440' title='bbox 937 3008 1052 3082; x_wconf 85' lang='lat' dir='ltr'><strong>aliquid,</strong></span> <span class='ocrx_word' id='word_1_441' title='bbox 1068 3010 1095 3065; x_wconf 93' lang='lat' dir='ltr'><strong>in</strong></span> <span class='ocrx_word' id='word_1_442' title='bbox 1113 3022 1169 3082; x_wconf 89' lang='lat' dir='ltr'><strong>quo</strong></span> <span class='ocrx_word' id='word_1_443' title='bbox 1205 3022 1286 3079; x_wconf 86' lang='lat' dir='ltr'><strong>quem</strong></span> <span class='ocrx_word' id='word_1_444' title='bbox 1301 3008 1341 3064; x_wconf 90' lang='lat' dir='ltr'><strong>uti</strong></span> <span class='ocrx_word' id='word_1_445' title='bbox 1356 3023 1465 3080; x_wconf 90' lang='lat' dir='ltr'><strong>semper</strong></span> <span class='ocrx_word' id='word_1_446' title='bbox 1478 3015 1507 3065; x_wconf 90' lang='lat' dir='ltr'><strong>et</strong></span> <span class='ocrx_word' id='word_1_447' title='bbox 1524 3008 1625 3082; x_wconf 89' lang='lat' dir='ltr'><strong>ubique</strong></span> <span class='ocrx_word' id='word_1_448' title='bbox 1639 3010 1684 3067; x_wconf 88' lang='lat' dir='ltr'><strong>tali</strong></span> <span class='ocrx_word' id='word_1_449' title='bbox 1703 3012 1858 3085; x_wconf 80' lang='lat' dir='ltr'><strong>privilegio,</strong></span> <span class='ocrx_word' id='word_1_450' title='bbox 1874 3013 1941 3086; x_wconf 85' lang='lat' dir='ltr'><strong>quia</strong></span> <span class='ocrx_word' id='word_1_451' title='bbox 1963 3031 2010 3070; x_wconf 84' lang='lat' dir='ltr'><strong>vo·</strong></span> 
     </span>
     <span class='ocr_line' id='line_1_31' title="bbox 368 3095 2010 3176; baseline -0.001 -14"><span class='ocrx_word' id='word_1_452' title='bbox 368 3102 480 3162; x_wconf 87' lang='lat' dir='ltr'><strong>subdita</strong></span> <span class='ocrx_word' id='word_1_453' title='bbox 497 3107 601 3174; x_wconf 88' lang='lat' dir='ltr'><strong>manet,</strong></span> <span class='ocrx_word' id='word_1_454' title='bbox 616 3100 681 3158; x_wconf 92' lang='lat' dir='ltr'><strong>licet</strong></span> <span class='ocrx_word' id='word_1_455' title='bbox 694 3099 730 3155; x_wconf 91' lang='lat' dir='ltr'><strong>sit</strong></span> <span class='ocrx_word' id='word_1_456' title='bbox 742 3096 852 3173; x_wconf 72' lang='lat' dir='ltr'><strong>absens,</strong></span> <span class='ocrx_word' id='word_1_457' title='bbox 864 3099 932 3156; x_wconf 87' lang='lat' dir='ltr'><strong>etin</strong></span> <span class='ocrx_word' id='word_1_458' title='bbox 946 3104 1022 3168; x_wconf 81' lang='lat' dir='ltr'><strong>ectu,</strong></span> <span class='ocrx_word' id='word_1_459' title='bbox 1035 3098 1081 3173; x_wconf 90' lang='lat' dir='ltr'><strong>qui</strong></span> <span class='ocrx_word' id='word_1_460' title='bbox 1095 3098 1170 3155; x_wconf 91' lang='lat' dir='ltr'><strong>nullo</strong></span> <span class='ocrx_word' id='word_1_461' title='bbox 1204 3101 1263 3153; x_wconf 89' lang='lat' dir='ltr'><strong>tum</strong></span> <span class='ocrx_word' id='word_1_462' title='bbox 1278 3102 1379 3166; x_wconf 89' lang='lat' dir='ltr'><strong>manet,</strong></span> <span class='ocrx_word' id='word_1_463' title='bbox 1394 3102 1422 3155; x_wconf 90' lang='lat' dir='ltr'><strong>et</strong></span> <span class='ocrx_word' id='word_1_464' title='bbox 1441 3095 1617 3156; x_wconf 90' lang='lat' dir='ltr'><strong>nibilominus</strong></span> <span class='ocrx_word' id='word_1_465' title='bbox 1630 3115 1686 3157; x_wconf 93' lang='lat' dir='ltr'><strong>non</strong></span> <span class='ocrx_word' id='word_1_466' title='bbox 1703 3100 1816 3174; x_wconf 89' lang='lat' dir='ltr'><strong>impedit</strong></span> <span class='ocrx_word' id='word_1_467' title='bbox 1829 3103 1938 3160; x_wconf 90' lang='lat' dir='ltr'><strong>ratione</strong></span> <span class='ocrx_word' id='word_1_468' title='bbox 1956 3105 2010 3176; x_wconf 92' lang='lat' dir='ltr'><strong>pri-</strong></span> 
     </span>
     <span class='ocr_line' id='line_1_32' title="bbox 368 3173 1589 3267; baseline -0.013 -13"><span class='ocrx_word' id='word_1_469' title='bbox 368 3195 453 3254; x_wconf 89' lang='lat' dir='ltr'><strong>modo</strong></span> <span class='ocrx_word' id='word_1_470' title='bbox 474 3193 622 3267; x_wconf 90' lang='lat' dir='ltr'><strong>opponitur</strong></span> <span class='ocrx_word' id='word_1_471' title='bbox 642 3188 821 3248; x_wconf 87' lang='lat' dir='ltr'><strong>iurisdictioni</strong></span> <span class='ocrx_word' id='word_1_472' title='bbox 841 3187 953 3261; x_wconf 91' lang='lat' dir='ltr'><strong>praelati</strong></span> <span class='ocrx_word' id='word_1_473' title='bbox 972 3187 1083 3245; x_wconf 81' lang='lat' dir='ltr'><strong>alterius</strong></span> <span class='ocrx_word' id='word_1_474' title='bbox 1103 3186 1168 3259; x_wconf 89' lang='lat' dir='ltr'><strong>loci,</strong></span> <span class='ocrx_word' id='word_1_475' title='bbox 1205 3187 1305 3259; x_wconf 81' lang='lat' dir='ltr'><strong>rilegii.</strong></span> <span class='ocrx_word' id='word_1_476' title='bbox 1583 3173 1589 3184; x_wconf 83' lang='lat'>&#39;</span> 
     </span>
     <span class='ocr_line' id='line_1_33' title="bbox 366 3275 2010 3358; baseline -0.001 -17"><span class='ocrx_word' id='word_1_477' title='bbox 366 3290 395 3342; x_wconf 90' lang='lat' dir='ltr'><strong>et</strong></span> <span class='ocrx_word' id='word_1_478' title='bbox 410 3283 528 3341; x_wconf 84' lang='lat' dir='ltr'><strong>maxime</strong></span> <span class='ocrx_word' id='word_1_479' title='bbox 550 3278 661 3355; x_wconf 91' lang='lat' dir='ltr'><strong>quando</strong></span> <span class='ocrx_word' id='word_1_480' title='bbox 675 3279 756 3336; x_wconf 90' lang='lat' dir='ltr'><strong>simul</strong></span> <span class='ocrx_word' id='word_1_481' title='bbox 768 3285 810 3335; x_wconf 90' lang='lat' dir='ltr'><strong>est</strong></span> <span class='ocrx_word' id='word_1_482' title='bbox 824 3285 904 3337; x_wconf 87' lang='lat' dir='ltr'><strong>actus</strong></span> <span class='ocrx_word' id='word_1_483' title='bbox 918 3276 1111 3334; x_wconf 90' lang='lat' dir='ltr'><strong>iurisdictionis</strong></span> <span class='ocrx_word' id='word_1_484' title='bbox 1123 3293 1170 3333; x_wconf 85' lang='lat' dir='ltr'><strong>ro·</strong></span> <span class='ocrx_word' id='word_1_485' title='bbox 1245 3279 1288 3334; x_wconf 79' lang='grc'><strong>13.</strong></span> <span class='ocrx_word' id='word_1_486' title='bbox 1304 3277 1387 3335; x_wconf 88' lang='lat' dir='ltr'><strong>llaior</strong></span> <span class='ocrx_word' id='word_1_487' title='bbox 1407 3275 1556 3335; x_wconf 90' lang='lat' dir='ltr'><strong>dilllcultas</strong></span> <span class='ocrx_word' id='word_1_488' title='bbox 1574 3287 1620 3336; x_wconf 90' lang='lat' dir='ltr'><strong>est</strong></span> <span class='ocrx_word' id='word_1_489' title='bbox 1638 3278 1665 3335; x_wconf 93' lang='lat' dir='ltr'><strong>io</strong></span> <span class='ocrx_word' id='word_1_490' title='bbox 1686 3280 1846 3355; x_wconf 76' lang='lat' dir='ltr'><strong>privilegiis,</strong></span> <span class='ocrx_word' id='word_1_491' title='bbox 1868 3299 1918 3356; x_wconf 90' lang='lat' dir='ltr'><strong>per</strong></span> <span class='ocrx_word' id='word_1_492' title='bbox 1937 3299 2010 3358; x_wconf 84' lang='lat' dir='ltr'><strong>quae</strong></span> 
     </span>
     <span class='ocr_line' id='line_1_34' title="bbox 365 3365 2010 3444; baseline 0.001 -13"><span class='ocrx_word' id='word_1_493' title='bbox 365 3373 519 3442; x_wconf 89' lang='lat' dir='ltr'><strong>luntariae,</strong></span> <span class='ocrx_word' id='word_1_494' title='bbox 535 3371 629 3428; x_wconf 71' lang='lat' dir='ltr'><strong>ut‘est</strong></span> <span class='ocrx_word' id='word_1_495' title='bbox 641 3367 784 3427; x_wconf 88' lang='lat' dir='ltr'><strong>concessio</strong></span> <span class='ocrx_word' id='word_1_496' title='bbox 798 3368 946 3441; x_wconf 73' lang='lat' dir='ltr'><strong>privilegii,</strong></span> <span class='ocrx_word' id='word_1_497' title='bbox 962 3376 994 3425; x_wconf 91' lang='lat' dir='ltr'><strong>ut</strong></span> <span class='ocrx_word' id='word_1_498' title='bbox 1011 3365 1073 3423; x_wconf 89' lang='lat' dir='ltr'><strong>alibi</strong></span> <span class='ocrx_word' id='word_1_499' title='bbox 1086 3366 1169 3425; x_wconf 88' lang='lat' dir='ltr'><strong>latius</strong></span> <span class='ocrx_word' id='word_1_500' title='bbox 1203 3365 1352 3440; x_wconf 74' lang='lat' dir='ltr'><strong>derogatur</strong></span> <span class='ocrx_word' id='word_1_501' title='bbox 1367 3373 1513 3440; x_wconf 91' lang='lat' dir='ltr'><strong>praecepto</strong></span> <span class='ocrx_word' id='word_1_502' title='bbox 1528 3367 1736 3444; x_wconf 87' lang='lat' dir='ltr'><strong>ecclesiastico,</strong></span> <span class='ocrx_word' id='word_1_503' title='bbox 1756 3371 1830 3444; x_wconf 90' lang='lat' dir='ltr'><strong>quod</strong></span> <span class='ocrx_word' id='word_1_504' title='bbox 1844 3371 1879 3430; x_wconf 90' lang='lat' dir='ltr'><strong>de</strong></span> <span class='ocrx_word' id='word_1_505' title='bbox 1894 3391 1924 3431; x_wconf 90' lang='lat' dir='ltr'><strong>se</strong></span> <span class='ocrx_word' id='word_1_506' title='bbox 1938 3391 2010 3432; x_wconf 86' lang='lat' dir='ltr'><strong>sem·</strong></span> 
     </span>
     <span class='ocr_line' id='line_1_35' title="bbox 366 3454 2009 3532; baseline 0 -12"><span class='ocrx_word' id='word_1_507' title='bbox 366 3462 487 3520; x_wconf 84' lang='lat' dir='ltr'><strong>diximus</strong></span> <span class='ocrx_word' id='word_1_508' title='bbox 503 3458 648 3518; x_wconf 90' lang='lat' dir='ltr'><strong>tractando</strong></span> <span class='ocrx_word' id='word_1_509' title='bbox 659 3456 692 3514; x_wconf 92' lang='lat' dir='ltr'><strong>de</strong></span> <span class='ocrx_word' id='word_1_510' title='bbox 702 3457 871 3516; x_wconf 91' lang='lat' dir='ltr'><strong>absolutione</strong></span> <span class='ocrx_word' id='word_1_511' title='bbox 883 3472 898 3513; x_wconf 97' lang='lat' dir='ltr'><strong>a</strong></span> <span class='ocrx_word' id='word_1_512' title='bbox 912 3458 1108 3514; x_wconf 80' lang='lat' dir='ltr'><strong>cenrurmllrit</strong></span> <span class='ocrx_word' id='word_1_513' title='bbox 1121 3471 1170 3514; x_wconf 94' lang='lat' dir='ltr'><strong>au·</strong></span> <span class='ocrx_word' id='word_1_514' title='bbox 1204 3469 1252 3528; x_wconf 89' lang='lat' dir='ltr'><strong>por</strong></span> <span class='ocrx_word' id='word_1_515' title='bbox 1265 3454 1378 3527; x_wconf 79' lang='lat' dir='ltr'><strong>obligat,</strong></span> <span class='ocrx_word' id='word_1_516' title='bbox 1394 3464 1426 3513; x_wconf 89' lang='lat' dir='ltr'><strong>ut</strong></span> <span class='ocrx_word' id='word_1_517' title='bbox 1438 3463 1491 3528; x_wconf 89' lang='lat' dir='ltr'><strong>est,</strong></span> <span class='ocrx_word' id='word_1_518' title='bbox 1505 3473 1530 3512; x_wconf 87' lang='grc' dir='ltr'>ι.</span> <span class='ocrx_word' id='word_1_519' title='bbox 1540 3473 1568 3532; x_wconf 79' lang='lat' dir='ltr'><strong>g.</strong></span> <span class='ocrx_word' id='word_1_520' title='bbox 1582 3458 1754 3531; x_wconf 76' lang='lat' dir='ltr'><strong>privilegium</strong></span> <span class='ocrx_word' id='word_1_521' title='bbox 1768 3459 1912 3519; x_wconf 91' lang='lat' dir='ltr'><strong>laborandi</strong></span> <span class='ocrx_word' id='word_1_522' title='bbox 1926 3465 1953 3519; x_wconf 94' lang='lat' dir='ltr'><strong>in</strong></span> <span class='ocrx_word' id='word_1_523' title='bbox 1966 3463 2009 3521; x_wconf 90' lang='lat' dir='ltr'><strong>die</strong></span> 
     </span>
     <span class='ocr_line' id='line_1_36' title="bbox 367 3544 2009 3625; baseline 0.001 -16"><span class='ocrx_word' id='word_1_524' title='bbox 367 3561 423 3610; x_wconf 83' lang='lat' dir='ltr'><strong>tent</strong></span> <span class='ocrx_word' id='word_1_525' title='bbox 438 3549 610 3624; x_wconf 78' lang='lat' dir='ltr'><strong>intelligenda</strong></span> <span class='ocrx_word' id='word_1_526' title='bbox 623 3549 692 3606; x_wconf 91' lang='lat' dir='ltr'><strong>haec</strong></span> <span class='ocrx_word' id='word_1_527' title='bbox 706 3547 820 3605; x_wconf 87' lang='lat' dir='ltr'><strong>assertio</strong></span> <span class='ocrx_word' id='word_1_528' title='bbox 830 3547 865 3604; x_wconf 88' lang='lat' dir='ltr'><strong>de</strong></span> <span class='ocrx_word' id='word_1_529' title='bbox 879 3546 1028 3620; x_wconf 82' lang='lat' dir='ltr'><strong>privilegio,</strong></span> <span class='ocrx_word' id='word_1_530' title='bbox 1040 3552 1073 3603; x_wconf 90' lang='grc' dir='ltr'><strong>ιιι</strong></span> <span class='ocrx_word' id='word_1_531' title='bbox 1085 3547 1169 3618; x_wconf 83' lang='lat' dir='ltr'><strong>privi·</strong></span> <span class='ocrx_word' id='word_1_532' title='bbox 1204 3544 1285 3616; x_wconf 82' lang='lat' dir='ltr'><strong>testo,</strong></span> <span class='ocrx_word' id='word_1_533' title='bbox 1302 3544 1463 3602; x_wconf 89' lang='lat' dir='ltr'><strong>comedendi</strong></span> <span class='ocrx_word' id='word_1_534' title='bbox 1479 3546 1613 3604; x_wconf 85' lang='lat' dir='ltr'><strong>lacticinia</strong></span> <span class='ocrx_word' id='word_1_535' title='bbox 1628 3547 1653 3603; x_wconf 92' lang='lat' dir='ltr'><strong>in</strong></span> <span class='ocrx_word' id='word_1_536' title='bbox 1666 3546 1711 3605; x_wconf 88' lang='lat' dir='ltr'><strong>die</strong></span> <span class='ocrx_word' id='word_1_537' title='bbox 1725 3548 1881 3622; x_wconf 88' lang='lat' dir='ltr'><strong>prohibito,</strong></span> <span class='ocrx_word' id='word_1_538' title='bbox 1896 3553 2009 3625; x_wconf 89' lang='lat' dir='ltr'><strong>quando</strong></span> 
     </span>
     <span class='ocr_line' id='line_1_37' title="bbox 366 3630 2010 3716; baseline 0 -15"><span class='ocrx_word' id='word_1_539' title='bbox 366 3643 468 3716; x_wconf 79' lang='lat' dir='ltr'><strong>legium</strong></span> <span class='ocrx_word' id='word_1_540' title='bbox 482 3630 539 3714; x_wconf 86' lang='lat' dir='ltr'><strong>est,</strong></span> <span class='ocrx_word' id='word_1_541' title='bbox 557 3655 607 3696; x_wconf 89' lang='lat' dir='ltr'><strong>seu</strong></span> <span class='ocrx_word' id='word_1_542' title='bbox 622 3645 654 3696; x_wconf 95' lang='grc' dir='ltr'><strong>ιιι</strong></span> <span class='ocrx_word' id='word_1_543' title='bbox 673 3638 788 3712; x_wconf 82' lang='lat' dir='ltr'><strong>gratiam</strong></span> <span class='ocrx_word' id='word_1_544' title='bbox 801 3637 843 3694; x_wconf 90' lang='lat' dir='ltr'><strong>vel</strong></span> <span class='ocrx_word' id='word_1_545' title='bbox 863 3635 1090 3709; x_wconf 90' lang='lat' dir='ltr'><strong>dispensationem</strong></span> <span class='ocrx_word' id='word_1_546' title='bbox 1104 3636 1169 3693; x_wconf 89' lang='lat' dir='ltr'><strong>sub·</strong></span> <span class='ocrx_word' id='word_1_547' title='bbox 1202 3633 1273 3700; x_wconf 85' lang='lat' dir='ltr'><strong>illud</strong></span> <span class='ocrx_word' id='word_1_548' title='bbox 1284 3651 1337 3693; x_wconf 90' lang='lat' dir='ltr'><strong>noo</strong></span> <span class='ocrx_word' id='word_1_549' title='bbox 1352 3651 1368 3692; x_wconf 91' lang='lat' dir='ltr'><strong>a</strong></span> <span class='ocrx_word' id='word_1_550' title='bbox 1382 3636 1522 3708; x_wconf 86' lang='lat' dir='ltr'><strong>Pontitlce,</strong></span> <span class='ocrx_word' id='word_1_551' title='bbox 1534 3636 1582 3694; x_wconf 88' lang='lat' dir='ltr'><strong>sed</strong></span> <span class='ocrx_word' id='word_1_552' title='bbox 1597 3653 1611 3692; x_wconf 92' lang='lat' dir='ltr'><strong>a</strong></span> <span class='ocrx_word' id='word_1_553' title='bbox 1627 3639 1731 3708; x_wconf 83' lang='lat' dir='ltr'><strong>priuato</strong></span> <span class='ocrx_word' id='word_1_554' title='bbox 1744 3642 1875 3713; x_wconf 90' lang='lat' dir='ltr'><strong>episcopo</strong></span> <span class='ocrx_word' id='word_1_555' title='bbox 1893 3658 2010 3701; x_wconf 86' lang='lat' dir='ltr'><strong>conces·</strong></span> 
     </span>
     <span class='ocr_line' id='line_1_38' title="bbox 366 3723 2012 3805; baseline 0 -15"><span class='ocrx_word' id='word_1_556' title='bbox 366 3731 423 3790; x_wconf 92' lang='lat' dir='ltr'><strong>dito</strong></span> <span class='ocrx_word' id='word_1_557' title='bbox 438 3728 583 3800; x_wconf 85' lang='lat' dir='ltr'><strong>concedit,</strong></span> <span class='ocrx_word' id='word_1_558' title='bbox 598 3744 651 3785; x_wconf 95' lang='lat' dir='ltr'><strong>non</strong></span> <span class='ocrx_word' id='word_1_559' title='bbox 667 3734 698 3784; x_wconf 93' lang='lat' dir='ltr'><strong>ut</strong></span> <span class='ocrx_word' id='word_1_560' title='bbox 710 3726 754 3785; x_wconf 81' lang='lat' dir='ltr'><strong>len</strong></span> <span class='ocrx_word' id='word_1_561' title='bbox 767 3733 821 3798; x_wconf 88' lang='lat' dir='ltr'><strong>est,</strong></span> <span class='ocrx_word' id='word_1_562' title='bbox 836 3741 907 3800; x_wconf 86' lang='lat' dir='ltr'><strong>quae</strong></span> <span class='ocrx_word' id='word_1_563' title='bbox 920 3725 987 3782; x_wconf 89' lang='lat' dir='ltr'><strong>alios</strong></span> <span class='ocrx_word' id='word_1_564' title='bbox 1001 3723 1090 3782; x_wconf 84' lang='lat' dir='ltr'><strong>valeat</strong></span> <span class='ocrx_word' id='word_1_565' title='bbox 1103 3723 1170 3781; x_wconf 89' lang='lat' dir='ltr'><strong>obli·</strong></span> <span class='ocrx_word' id='word_1_566' title='bbox 1203 3739 1265 3782; x_wconf 89' lang='lat' dir='ltr'><strong>sum</strong></span> <span class='ocrx_word' id='word_1_567' title='bbox 1280 3731 1332 3781; x_wconf 89' lang='lat' dir='ltr'><strong>est.</strong></span> <span class='ocrx_word' id='word_1_568' title='bbox 1345 3728 1413 3784; x_wconf 88' lang='lat' dir='ltr'><strong>Nam</strong></span> <span class='ocrx_word' id='word_1_569' title='bbox 1434 3731 1501 3782; x_wconf 91' lang='lat' dir='ltr'><strong>tnnc</strong></span> <span class='ocrx_word' id='word_1_570' title='bbox 1516 3725 1638 3796; x_wconf 86' lang='lat' dir='ltr'><strong>videtur,</strong></span> <span class='ocrx_word' id='word_1_571' title='bbox 1662 3741 1717 3783; x_wconf 92' lang='lat' dir='ltr'><strong>oon</strong></span> <span class='ocrx_word' id='word_1_572' title='bbox 1737 3743 1818 3800; x_wconf 87' lang='lat' dir='ltr'><strong>posse</strong></span> <span class='ocrx_word' id='word_1_573' title='bbox 1831 3730 1955 3805; x_wconf 85' lang='lat' dir='ltr'><strong>aliquem</strong></span> <span class='ocrx_word' id='word_1_574' title='bbox 1981 3743 2012 3789; x_wconf 92' lang='lat' dir='ltr'><strong>ut</strong></span> 
     </span>
     <span class='ocr_line' id='line_1_39' title="bbox 366 3814 2009 3897; baseline 0.001 -19"><span class='ocrx_word' id='word_1_575' title='bbox 366 3836 433 3897; x_wconf 79' lang='lat' dir='ltr'><strong>gare</strong></span> <span class='ocrx_word' id='word_1_576' title='bbox 458 3819 490 3876; x_wconf 93' lang='lat' dir='ltr'><strong>ad</strong></span> <span class='ocrx_word' id='word_1_577' title='bbox 510 3815 723 3892; x_wconf 89' lang='lat' dir='ltr'><strong>permittendum</strong></span> <span class='ocrx_word' id='word_1_578' title='bbox 736 3815 868 3889; x_wconf 78' lang='lat' dir='ltr'><strong>privilegti</strong></span> <span class='ocrx_word' id='word_1_579' title='bbox 883 3829 982 3888; x_wconf 82' lang='lat' dir='ltr'><strong>uoum3</strong></span> <span class='ocrx_word' id='word_1_580' title='bbox 1004 3815 1068 3889; x_wconf 87' lang='lat' dir='ltr'><strong>quia</strong></span> <span class='ocrx_word' id='word_1_581' title='bbox 1087 3829 1168 3872; x_wconf 92' lang='lat' dir='ltr'><strong>nemo</strong></span> <span class='ocrx_word' id='word_1_582' title='bbox 1202 3814 1344 3888; x_wconf 75' lang='lat' dir='ltr'><strong>privilegio</strong></span> <span class='ocrx_word' id='word_1_583' title='bbox 1360 3815 1403 3871; x_wconf 92' lang='lat' dir='ltr'><strong>sui</strong></span> <span class='ocrx_word' id='word_1_584' title='bbox 1421 3814 1543 3888; x_wconf 88' lang='lat' dir='ltr'><strong>episcopi</strong></span> <span class='ocrx_word' id='word_1_585' title='bbox 1556 3817 1582 3872; x_wconf 89' lang='lat' dir='ltr'><strong>ln</strong></span> <span class='ocrx_word' id='word_1_586' title='bbox 1597 3816 1685 3874; x_wconf 91' lang='lat' dir='ltr'><strong>alieno</strong></span> <span class='ocrx_word' id='word_1_587' title='bbox 1699 3818 1849 3876; x_wconf 89' lang='lat' dir='ltr'><strong>territorio.</strong></span> <span class='ocrx_word' id='word_1_588' title='bbox 1866 3823 1960 3880; x_wconf 84' lang='lat' dir='ltr'><strong>Primo</strong></span> <span class='ocrx_word' id='word_1_589' title='bbox 1976 3839 2009 3881; x_wconf 85' lang='lat' dir='ltr'><strong>ex</strong></span> 
     </span>
     <span class='ocr_line' id='line_1_40' title="bbox 365 3904 2008 3985; baseline 0 -17"><span class='ocrx_word' id='word_1_590' title='bbox 365 3914 458 3983; x_wconf 90' lang='lat' dir='ltr'><strong>potest</strong></span> <span class='ocrx_word' id='word_1_591' title='bbox 477 3923 528 3966; x_wconf 89' lang='lat' dir='ltr'><strong>sua</strong></span> <span class='ocrx_word' id='word_1_592' title='bbox 541 3908 600 3980; x_wconf 84' lang='lat' dir='ltr'><strong>lege</strong></span> <span class='ocrx_word' id='word_1_593' title='bbox 618 3905 737 3980; x_wconf 80' lang='lat' dir='ltr'><strong>obligare</strong></span> <span class='ocrx_word' id='word_1_594' title='bbox 752 3906 874 3964; x_wconf 88' lang='lat' dir='ltr'><strong>homines</strong></span> <span class='ocrx_word' id='word_1_595' title='bbox 889 3905 1004 3963; x_wconf 90' lang='lat' dir='ltr'><strong>alterius</strong></span> <span class='ocrx_word' id='word_1_596' title='bbox 1023 3907 1167 3978; x_wconf 89' lang='lat' dir='ltr'><strong>territorii,</strong></span> <span class='ocrx_word' id='word_1_597' title='bbox 1204 3920 1269 3978; x_wconf 88' lang='lat' dir='ltr'><strong>usu,</strong></span> <span class='ocrx_word' id='word_1_598' title='bbox 1283 3904 1348 3977; x_wconf 89' lang='lat' dir='ltr'><strong>quia</strong></span> <span class='ocrx_word' id='word_1_599' title='bbox 1363 3904 1428 3960; x_wconf 88' lang='lat' dir='ltr'><strong>licet</strong></span> <span class='ocrx_word' id='word_1_600' title='bbox 1441 3904 1466 3960; x_wconf 90' lang='lat' dir='ltr'><strong>io</strong></span> <span class='ocrx_word' id='word_1_601' title='bbox 1481 3904 1534 3962; x_wconf 91' lang='lat' dir='ltr'><strong>hoc</strong></span> <span class='ocrx_word' id='word_1_602' title='bbox 1548 3905 1712 3979; x_wconf 86' lang='lat' dir='ltr'><strong>episcopatu</strong></span> <span class='ocrx_word' id='word_1_603' title='bbox 1724 3923 1757 3964; x_wconf 93' lang='lat' dir='ltr'><strong>ex</strong></span> <span class='ocrx_word' id='word_1_604' title='bbox 1767 3906 2008 3985; x_wconf 87' lang='lat' dir='ltr'><strong>licentiaepiscopi</strong></span> 
     </span>
     <span class='ocr_line' id='line_1_41' title="bbox 367 3990 2006 4073; baseline 0.002 -18"><span class='ocrx_word' id='word_1_605' title='bbox 367 3999 415 4073; x_wconf 89' lang='lat' dir='ltr'><strong>qui</strong></span> <span class='ocrx_word' id='word_1_606' title='bbox 432 3995 535 4054; x_wconf 90' lang='lat' dir='ltr'><strong>subditi</strong></span> <span class='ocrx_word' id='word_1_607' title='bbox 546 3995 623 4054; x_wconf 89' lang='lat' dir='ltr'><strong>alteri</strong></span> <span class='ocrx_word' id='word_1_608' title='bbox 638 4000 711 4052; x_wconf 91' lang='lat' dir='ltr'><strong>sunt.</strong></span> <span class='ocrx_word' id='word_1_609' title='bbox 722 3995 758 4052; x_wconf 78' lang='lat' dir='ltr'><strong>lit</strong></span> <span class='ocrx_word' id='word_1_610' title='bbox 767 3995 804 4052; x_wconf 90' lang='lat' dir='ltr'><strong>lta</strong></span> <span class='ocrx_word' id='word_1_611' title='bbox 818 3994 882 4052; x_wconf 90' lang='lat' dir='ltr'><strong>licet</strong></span> <span class='ocrx_word' id='word_1_612' title='bbox 893 3997 956 4069; x_wconf 86' lang='lat' dir='ltr'><strong>qads</strong></span> <span class='ocrx_word' id='word_1_613' title='bbox 969 3991 1103 4067; x_wconf 86' lang='lat' dir='ltr'><strong>possituti</strong></span> <span class='ocrx_word' id='word_1_614' title='bbox 1116 4011 1168 4052; x_wconf 90' lang='lat' dir='ltr'><strong>suo</strong></span> <span class='ocrx_word' id='word_1_615' title='bbox 1201 3990 1286 4052; x_wconf 91' lang='lat' dir='ltr'><strong>liceat</strong></span> <span class='ocrx_word' id='word_1_616' title='bbox 1299 3991 1445 4052; x_wconf 88' lang='lat' dir='ltr'><strong>comedere</strong></span> <span class='ocrx_word' id='word_1_617' title='bbox 1465 3993 1602 4052; x_wconf 87' lang='lat' dir='ltr'><strong>lacticinia</strong></span> <span class='ocrx_word' id='word_1_618' title='bbox 1616 3994 1642 4050; x_wconf 97' lang='lat' dir='ltr'><strong>in</strong></span> <span class='ocrx_word' id='word_1_619' title='bbox 1661 3993 1758 4052; x_wconf 90' lang='lat' dir='ltr'><strong>diebus</strong></span> <span class='ocrx_word' id='word_1_620' title='bbox 1771 3999 1933 4070; x_wconf 88' lang='lat' dir='ltr'><strong>prohibitis,</strong></span> <span class='ocrx_word' id='word_1_621' title='bbox 1956 4017 2006 4058; x_wconf 88' lang='lat' dir='ltr'><strong>non</strong></span> 
     </span>
     <span class='ocr_line' id='line_1_42' title="bbox 366 4081 2007 4163; baseline 0.001 -18"><span class='ocrx_word' id='word_1_622' title='bbox 366 4086 509 4163; x_wconf 79' lang='lat' dir='ltr'><strong>privilegio</strong></span> <span class='ocrx_word' id='word_1_623' title='bbox 525 4086 552 4142; x_wconf 94' lang='lat' dir='ltr'><strong>in</strong></span> <span class='ocrx_word' id='word_1_624' title='bbox 574 4083 826 4158; x_wconf 75' lang='lat' dir='ltr'><strong>attenoterritorio,</strong></span> <span class='ocrx_word' id='word_1_625' title='bbox 849 4085 1006 4156; x_wconf 87' lang='lat' dir='ltr'><strong>superiores</strong></span> <span class='ocrx_word' id='word_1_626' title='bbox 1020 4083 1092 4142; x_wconf 89' lang='lat' dir='ltr'><strong>illius</strong></span> <span class='ocrx_word' id='word_1_627' title='bbox 1113 4083 1165 4142; x_wconf 91' lang='lat' dir='ltr'><strong>loci</strong></span> <span class='ocrx_word' id='word_1_628' title='bbox 1203 4089 1334 4154; x_wconf 87' lang='lat' dir='ltr'><strong>poterunt</strong></span> <span class='ocrx_word' id='word_1_629' title='bbox 1344 4082 1450 4141; x_wconf 91' lang='lat' dir='ltr'><strong>incolae</strong></span> <span class='ocrx_word' id='word_1_630' title='bbox 1461 4081 1544 4142; x_wconf 91' lang='lat' dir='ltr'><strong>huius</strong></span> <span class='ocrx_word' id='word_1_631' title='bbox 1556 4083 1609 4142; x_wconf 90' lang='lat' dir='ltr'><strong>loci</strong></span> <span class='ocrx_word' id='word_1_632' title='bbox 1620 4083 1667 4141; x_wconf 92' lang='lat' dir='ltr'><strong>illo</strong></span> <span class='ocrx_word' id='word_1_633' title='bbox 1678 4085 1819 4159; x_wconf 78' lang='lat' dir='ltr'><strong>privilegio</strong></span> <span class='ocrx_word' id='word_1_634' title='bbox 1830 4088 1870 4144; x_wconf 93' lang='lat' dir='ltr'><strong>uti</strong></span> <span class='ocrx_word' id='word_1_635' title='bbox 1882 4091 1909 4146; x_wconf 91' lang='lat' dir='ltr'><strong>in</strong></span> <span class='ocrx_word' id='word_1_636' title='bbox 1920 4091 2007 4148; x_wconf 84' lang='lat' dir='ltr'><strong>abano</strong></span> 
     </span>
     <span class='ocr_line' id='line_1_43' title="bbox 366 4171 2008 4252; baseline 0.004 -19"><span class='ocrx_word' id='word_1_637' title='bbox 366 4182 499 4252; x_wconf 88' lang='lat' dir='ltr'><strong>poterunt</strong></span> <span class='ocrx_word' id='word_1_638' title='bbox 513 4173 539 4231; x_wconf 96' lang='lat' dir='ltr'><strong>id</strong></span> <span class='ocrx_word' id='word_1_639' title='bbox 554 4189 607 4230; x_wconf 95' lang='lat' dir='ltr'><strong>noo</strong></span> <span class='ocrx_word' id='word_1_640' title='bbox 622 4173 792 4247; x_wconf 90' lang='lat' dir='ltr'><strong>permittere,</strong></span> <span class='ocrx_word' id='word_1_641' title='bbox 808 4173 830 4230; x_wconf 91' lang='lat' dir='ltr'><strong>si</strong></span> <span class='ocrx_word' id='word_1_642' title='bbox 844 4173 943 4244; x_wconf 90' lang='lat' dir='ltr'><strong>iustam</strong></span> <span class='ocrx_word' id='word_1_643' title='bbox 957 4189 1071 4231; x_wconf 91' lang='lat' dir='ltr'><strong>causam</strong></span> <span class='ocrx_word' id='word_1_644' title='bbox 1085 4172 1169 4230; x_wconf 89' lang='lat' dir='ltr'><strong>habe·</strong></span> <span class='ocrx_word' id='word_1_645' title='bbox 1203 4173 1379 4244; x_wconf 89' lang='lat' dir='ltr'><strong>episcopatu,</strong></span> <span class='ocrx_word' id='word_1_646' title='bbox 1395 4173 1423 4229; x_wconf 91' lang='lat' dir='ltr'><strong>in</strong></span> <span class='ocrx_word' id='word_1_647' title='bbox 1443 4187 1498 4245; x_wconf 89' lang='lat' dir='ltr'><strong>quo</strong></span> <span class='ocrx_word' id='word_1_648' title='bbox 1514 4171 1575 4230; x_wconf 86' lang='lat' dir='ltr'><strong>talis</strong></span> <span class='ocrx_word' id='word_1_649' title='bbox 1589 4172 1695 4230; x_wconf 88' lang='lat' dir='ltr'><strong>licentia</strong></span> <span class='ocrx_word' id='word_1_650' title='bbox 1709 4190 1763 4232; x_wconf 90' lang='lat' dir='ltr'><strong>non</strong></span> <span class='ocrx_word' id='word_1_651' title='bbox 1781 4177 1963 4252; x_wconf 88' lang='lat' dir='ltr'><strong>conceditur,</strong></span> <span class='ocrx_word' id='word_1_652' title='bbox 1980 4188 2008 4238; x_wconf 94' lang='lat' dir='ltr'><strong>ut</strong></span> 
     </span>
     <span class='ocr_line' id='line_1_44' title="bbox 366 4260 2007 4342; baseline 0.003 -18"><span class='ocrx_word' id='word_1_653' title='bbox 366 4264 529 4324; x_wconf 89' lang='lat' dir='ltr'><strong>bunt.Tunc</strong></span> <span class='ocrx_word' id='word_1_654' title='bbox 540 4268 630 4320; x_wconf 89' lang='lat' dir='ltr'><strong>tamon</strong></span> <span class='ocrx_word' id='word_1_655' title='bbox 640 4260 790 4320; x_wconf 86' lang='lat' dir='ltr'><strong>reducetur</strong></span> <span class='ocrx_word' id='word_1_656' title='bbox 801 4261 844 4320; x_wconf 94' lang='lat' dir='ltr'><strong>hic</strong></span> <span class='ocrx_word' id='word_1_657' title='bbox 859 4278 944 4320; x_wconf 90' lang='lat' dir='ltr'><strong>cesus</strong></span> <span class='ocrx_word' id='word_1_658' title='bbox 954 4262 989 4320; x_wconf 96' lang='lat' dir='ltr'><strong>ad</strong></span> <span class='ocrx_word' id='word_1_659' title='bbox 1002 4263 1169 4335; x_wconf 89' lang='lat' dir='ltr'><strong>praeceden·</strong></span> <span class='ocrx_word' id='word_1_660' title='bbox 1203 4262 1310 4320; x_wconf 85' lang='lat' dir='ltr'><strong>videtur</strong></span> <span class='ocrx_word' id='word_1_661' title='bbox 1323 4262 1424 4320; x_wconf 88' lang='lat' dir='ltr'><strong>habere</strong></span> <span class='ocrx_word' id='word_1_662' title='bbox 1436 4263 1557 4320; x_wconf 79' lang='lat' dir='ltr'><strong>usualit</strong></span> <span class='ocrx_word' id='word_1_663' title='bbox 1566 4264 1635 4320; x_wconf 90' lang='lat' dir='ltr'><strong>ratio</strong></span> <span class='ocrx_word' id='word_1_664' title='bbox 1646 4263 1918 4342; x_wconf 86' lang='lat' dir='ltr'><strong>postulat,tumquia</strong></span> <span class='ocrx_word' id='word_1_665' title='bbox 1927 4285 2007 4328; x_wconf 87' lang='lat' dir='ltr'><strong>nemo</strong></span> 
     </span>
     <span class='ocr_line' id='line_1_45' title="bbox 366 4350 2007 4427; baseline 0.003 -14"><span class='ocrx_word' id='word_1_666' title='bbox 366 4362 422 4414; x_wconf 90' lang='lat' dir='ltr'><strong>tem</strong></span> <span class='ocrx_word' id='word_1_667' title='bbox 438 4351 628 4422; x_wconf 88' lang='lat' dir='ltr'><strong>assertionem,</strong></span> <span class='ocrx_word' id='word_1_668' title='bbox 641 4352 706 4424; x_wconf 90' lang='lat' dir='ltr'><strong>quia</strong></span> <span class='ocrx_word' id='word_1_669' title='bbox 718 4351 770 4407; x_wconf 90' lang='lat' dir='ltr'><strong>iam</strong></span> <span class='ocrx_word' id='word_1_670' title='bbox 781 4351 826 4409; x_wconf 90' lang='lat' dir='ltr'><strong>ille</strong></span> <span class='ocrx_word' id='word_1_671' title='bbox 840 4368 909 4409; x_wconf 91' lang='lat' dir='ltr'><strong>usus</strong></span> <span class='ocrx_word' id='word_1_672' title='bbox 925 4353 978 4410; x_wconf 90' lang='lat' dir='ltr'><strong>erit</strong></span> <span class='ocrx_word' id='word_1_673' title='bbox 990 4350 1063 4410; x_wconf 91' lang='lat' dir='ltr'><strong>dere</strong></span> <span class='ocrx_word' id='word_1_674' title='bbox 1077 4353 1169 4425; x_wconf 89' lang='lat' dir='ltr'><strong>prohi-</strong></span> <span class='ocrx_word' id='word_1_675' title='bbox 1203 4358 1293 4427; x_wconf 87' lang='lat' dir='ltr'><strong>potast</strong></span> <span class='ocrx_word' id='word_1_676' title='bbox 1309 4355 1348 4410; x_wconf 91' lang='lat' dir='ltr'><strong>uti</strong></span> <span class='ocrx_word' id='word_1_677' title='bbox 1369 4351 1508 4424; x_wconf 75' lang='lat' dir='ltr'><strong>privilegio</strong></span> <span class='ocrx_word' id='word_1_678' title='bbox 1523 4351 1565 4408; x_wconf 91' lang='lat' dir='ltr'><strong>sui</strong></span> <span class='ocrx_word' id='word_1_679' title='bbox 1586 4353 1700 4424; x_wconf 88' lang='lat' dir='ltr'><strong>praelati</strong></span> <span class='ocrx_word' id='word_1_680' title='bbox 1715 4354 1740 4409; x_wconf 93' lang='lat' dir='ltr'><strong>in</strong></span> <span class='ocrx_word' id='word_1_681' title='bbox 1760 4355 1850 4412; x_wconf 90' lang='lat' dir='ltr'><strong>alieno</strong></span> <span class='ocrx_word' id='word_1_682' title='bbox 1869 4359 2007 4418; x_wconf 86' lang='lat' dir='ltr'><strong>territorio</strong></span> 
     </span>
     <span class='ocr_line' id='line_1_46' title="bbox 365 4439 2006 4521; baseline 0.002 -20"><span class='ocrx_word' id='word_1_683' title='bbox 365 4445 422 4501; x_wconf 92' lang='lat' dir='ltr'><strong>bita</strong></span> <span class='ocrx_word' id='word_1_684' title='bbox 432 4442 477 4500; x_wconf 90' lang='lat' dir='ltr'><strong>tali</strong></span> <span class='ocrx_word' id='word_1_685' title='bbox 492 4441 662 4514; x_wconf 82' lang='lat' dir='ltr'><strong>paraenesin</strong></span> <span class='ocrx_word' id='word_1_686' title='bbox 675 4439 721 4496; x_wconf 91' lang='lat' dir='ltr'><strong>tali</strong></span> <span class='ocrx_word' id='word_1_687' title='bbox 733 4439 830 4513; x_wconf 88' lang='lat' dir='ltr'><strong>locc,a</strong></span> <span class='ocrx_word' id='word_1_688' title='bbox 843 4456 898 4514; x_wconf 89' lang='lat' dir='ltr'><strong>qua</strong></span> <span class='ocrx_word' id='word_1_689' title='bbox 912 4440 1093 4514; x_wconf 86' lang='lat' dir='ltr'><strong>prohibitione</strong></span> <span class='ocrx_word' id='word_1_690' title='bbox 1104 4441 1168 4498; x_wconf 92' lang='lat' dir='ltr'><strong>libe·</strong></span> <span class='ocrx_word' id='word_1_691' title='bbox 1201 4448 1298 4501; x_wconf 88' lang='lat' dir='ltr'><strong>contra</strong></span> <span class='ocrx_word' id='word_1_692' title='bbox 1311 4441 1399 4516; x_wconf 80' lang='lat' dir='ltr'><strong>legem</strong></span> <span class='ocrx_word' id='word_1_693' title='bbox 1412 4441 1485 4500; x_wconf 90' lang='lat' dir='ltr'><strong>illius</strong></span> <span class='ocrx_word' id='word_1_694' title='bbox 1500 4441 1627 4500; x_wconf 86' lang='lat' dir='ltr'><strong>territorii</strong></span> <span class='ocrx_word' id='word_1_695' title='bbox 1641 4448 1673 4499; x_wconf 90' lang='lat' dir='ltr'><strong>nt</strong></span> <span class='ocrx_word' id='word_1_696' title='bbox 1686 4442 1792 4501; x_wconf 90' lang='lat' dir='ltr'><strong>dictum</strong></span> <span class='ocrx_word' id='word_1_697' title='bbox 1804 4451 1858 4517; x_wconf 72' lang='lat' dir='ltr'><strong>est,</strong></span> <span class='ocrx_word' id='word_1_698' title='bbox 1870 4459 1939 4521; x_wconf 79' lang='lat' dir='ltr'><strong>ergo</strong></span> <span class='ocrx_word' id='word_1_699' title='bbox 1955 4465 2006 4508; x_wconf 83' lang='lat' dir='ltr'><strong>nec</strong></span> 
     </span>
     <span class='ocr_line' id='line_1_47' title="bbox 365 4528 2007 4607; baseline 0.003 -16"><span class='ocrx_word' id='word_1_700' title='bbox 365 4547 428 4591; x_wconf 86' lang='lat' dir='ltr'><strong>rare</strong></span> <span class='ocrx_word' id='word_1_701' title='bbox 440 4547 494 4588; x_wconf 87' lang='lat' dir='ltr'><strong>nnn</strong></span> <span class='ocrx_word' id='word_1_702' title='bbox 514 4535 604 4603; x_wconf 89' lang='lat' dir='ltr'><strong>potest</strong></span> <span class='ocrx_word' id='word_1_703' title='bbox 618 4528 789 4603; x_wconf 77' lang='lat' dir='ltr'><strong>privilegium</strong></span> <span class='ocrx_word' id='word_1_704' title='bbox 803 4529 882 4587; x_wconf 90' lang='lat' dir='ltr'><strong>alieni</strong></span> <span class='ocrx_word' id='word_1_705' title='bbox 895 4529 1035 4603; x_wconf 90' lang='lat' dir='ltr'><strong>principis,</strong></span> <span class='ocrx_word' id='word_1_706' title='bbox 1052 4535 1084 4588; x_wconf 92' lang='lat' dir='ltr'><strong>ut</strong></span> <span class='ocrx_word' id='word_1_707' title='bbox 1099 4529 1164 4588; x_wconf 86' lang='lat' dir='ltr'><strong>dixi.</strong></span> <span class='ocrx_word' id='word_1_708' title='bbox 1201 4539 1300 4590; x_wconf 89' lang='lat' dir='ltr'><strong>contra</strong></span> <span class='ocrx_word' id='word_1_709' title='bbox 1316 4530 1402 4604; x_wconf 77' lang='lat' dir='ltr'><strong>legem</strong></span> <span class='ocrx_word' id='word_1_710' title='bbox 1417 4530 1502 4588; x_wconf 89' lang='lat' dir='ltr'><strong>totius</strong></span> <span class='ocrx_word' id='word_1_711' title='bbox 1516 4530 1656 4588; x_wconf 84' lang='lat' dir='ltr'><strong>Ecclesiae</strong></span> <span class='ocrx_word' id='word_1_712' title='bbox 1671 4530 1706 4587; x_wconf 92' lang='lat' dir='ltr'><strong>ihi</strong></span> <span class='ocrx_word' id='word_1_713' title='bbox 1719 4531 2007 4607; x_wconf 61' lang='lat' dir='ltr'><strong>antigonensemha-</strong></span> 
     </span>
     <span class='ocr_line' id='line_1_48' title="bbox 412 4618 2007 4698; baseline 0.003 -18"><span class='ocrx_word' id='word_1_714' title='bbox 412 4625 457 4680; x_wconf 82' lang='lat' dir='ltr'><strong>rt.</strong></span> <span class='ocrx_word' id='word_1_715' title='bbox 474 4621 540 4678; x_wconf 83' lang='lat' dir='ltr'><strong>llice</strong></span> <span class='ocrx_word' id='word_1_716' title='bbox 554 4619 644 4676; x_wconf 89' lang='lat' dir='ltr'><strong>tertio:</strong></span> <span class='ocrx_word' id='word_1_717' title='bbox 660 4618 774 4687; x_wconf 81' lang='lat' dir='ltr'><strong>Quando</strong></span> <span class='ocrx_word' id='word_1_718' title='bbox 789 4626 869 4677; x_wconf 92' lang='lat' dir='ltr'><strong>actus</strong></span> <span class='ocrx_word' id='word_1_719' title='bbox 883 4626 927 4680; x_wconf 84' lang='lat' dir='ltr'><strong>est</strong></span> <span class='ocrx_word' id='word_1_720' title='bbox 940 4620 1092 4692; x_wconf 90' lang='lat' dir='ltr'><strong>prohibitus</strong></span> <span class='ocrx_word' id='word_1_721' title='bbox 1107 4621 1167 4680; x_wconf 90' lang='lat' dir='ltr'><strong>iure</strong></span> <span class='ocrx_word' id='word_1_722' title='bbox 1202 4627 1251 4677; x_wconf 89' lang='lat' dir='ltr'><strong>tur</strong></span> <span class='ocrx_word' id='word_1_723' title='bbox 1264 4619 1474 4692; x_wconf 83' lang='lat' dir='ltr'><strong>consequentia,</strong></span> <span class='ocrx_word' id='word_1_724' title='bbox 1489 4625 1548 4676; x_wconf 90' lang='lat' dir='ltr'><strong>tum</strong></span> <span class='ocrx_word' id='word_1_725' title='bbox 1562 4621 1694 4693; x_wconf 87' lang='lat' dir='ltr'><strong>quianon</strong></span> <span class='ocrx_word' id='word_1_726' title='bbox 1708 4629 1753 4677; x_wconf 89' lang='lat' dir='ltr'><strong>est</strong></span> <span class='ocrx_word' id='word_1_727' title='bbox 1765 4623 1905 4694; x_wconf 89' lang='lat' dir='ltr'><strong>potentior</strong></span> <span class='ocrx_word' id='word_1_728' title='bbox 1918 4629 2007 4698; x_wconf 88' lang='lat' dir='ltr'><strong>prira·</strong></span> 
     </span>
     <span class='ocr_line' id='line_1_49' title="bbox 365 4706 2006 4784; baseline 0.002 -13"><span class='ocrx_word' id='word_1_729' title='bbox 365 4709 519 4782; x_wconf 90' lang='lat' dir='ltr'><strong>communi,</strong></span> <span class='ocrx_word' id='word_1_730' title='bbox 530 4714 559 4766; x_wconf 92' lang='lat' dir='ltr'><strong>et</strong></span> <span class='ocrx_word' id='word_1_731' title='bbox 572 4723 625 4764; x_wconf 94' lang='lat' dir='ltr'><strong>non</strong></span> <span class='ocrx_word' id='word_1_732' title='bbox 637 4706 798 4781; x_wconf 87' lang='lat' dir='ltr'><strong>particulari</strong></span> <span class='ocrx_word' id='word_1_733' title='bbox 812 4715 916 4766; x_wconf 86' lang='lat' dir='ltr'><strong>statuto</strong></span> <span class='ocrx_word' id='word_1_734' title='bbox 932 4708 1043 4767; x_wconf 79' lang='lat' dir='ltr'><strong>alterim</strong></span> <span class='ocrx_word' id='word_1_735' title='bbox 1058 4711 1168 4767; x_wconf 90' lang='lat' dir='ltr'><strong>territo·</strong></span> <span class='ocrx_word' id='word_1_736' title='bbox 1202 4719 1248 4769; x_wconf 89' lang='lat' dir='ltr'><strong>tus</strong></span> <span class='ocrx_word' id='word_1_737' title='bbox 1262 4711 1413 4782; x_wconf 89' lang='lat' dir='ltr'><strong>episcopus</strong></span> <span class='ocrx_word' id='word_1_738' title='bbox 1426 4706 1458 4767; x_wconf 91' lang='lat' dir='ltr'><strong>ad</strong></span> <span class='ocrx_word' id='word_1_739' title='bbox 1474 4707 1689 4782; x_wconf 89' lang='lat' dir='ltr'><strong>dispensandum</strong></span> <span class='ocrx_word' id='word_1_740' title='bbox 1704 4709 1731 4767; x_wconf 94' lang='lat' dir='ltr'><strong>in</strong></span> <span class='ocrx_word' id='word_1_741' title='bbox 1750 4711 1810 4784; x_wconf 74' lang='lat' dir='ltr'><strong>lege</strong></span> <span class='ocrx_word' id='word_1_742' title='bbox 1823 4713 1966 4774; x_wconf 85' lang='lat' dir='ltr'><strong>Ecclesiae</strong></span> <span class='ocrx_word' id='word_1_743' title='bbox 1980 4718 2006 4774; x_wconf 88' lang='lat' dir='ltr'><strong>ia</strong></span> 
     </span>
     <span class='ocr_line' id='line_1_50' title="bbox 364 4796 2008 4876; baseline 0.001 -16"><span class='ocrx_word' id='word_1_744' title='bbox 364 4800 589 4873; x_wconf 88' lang='lat' dir='ltr'><strong>rii,dispensatus</strong></span> <span class='ocrx_word' id='word_1_745' title='bbox 600 4812 616 4854; x_wconf 92' lang='lat' dir='ltr'><strong>a</strong></span> <span class='ocrx_word' id='word_1_746' title='bbox 629 4813 680 4854; x_wconf 88' lang='lat' dir='ltr'><strong>suo</strong></span> <span class='ocrx_word' id='word_1_747' title='bbox 690 4797 821 4871; x_wconf 88' lang='lat' dir='ltr'><strong>episcopo</strong></span> <span class='ocrx_word' id='word_1_748' title='bbox 832 4799 909 4856; x_wconf 89' lang='lat' dir='ltr'><strong>circa</strong></span> <span class='ocrx_word' id='word_1_749' title='bbox 920 4797 1000 4856; x_wconf 91' lang='lat' dir='ltr'><strong>talem</strong></span> <span class='ocrx_word' id='word_1_750' title='bbox 1011 4807 1106 4856; x_wconf 88' lang='lat' dir='ltr'><strong>actum</strong></span> <span class='ocrx_word' id='word_1_751' title='bbox 1117 4816 1166 4873; x_wconf 91' lang='lat' dir='ltr'><strong>per</strong></span> <span class='ocrx_word' id='word_1_752' title='bbox 1202 4800 1288 4858; x_wconf 90' lang='lat' dir='ltr'><strong>alieno</strong></span> <span class='ocrx_word' id='word_1_753' title='bbox 1306 4799 1456 4867; x_wconf 88' lang='lat' dir='ltr'><strong>territorio,</strong></span> <span class='ocrx_word' id='word_1_754' title='bbox 1473 4813 1556 4871; x_wconf 90' lang='lat' dir='ltr'><strong>quam</strong></span> <span class='ocrx_word' id='word_1_755' title='bbox 1570 4796 1604 4854; x_wconf 90' lang='lat' dir='ltr'><strong>ad</strong></span> <span class='ocrx_word' id='word_1_756' title='bbox 1618 4797 1833 4871; x_wconf 88' lang='lat' dir='ltr'><strong>dispensandum</strong></span> <span class='ocrx_word' id='word_1_757' title='bbox 1848 4802 1874 4858; x_wconf 92' lang='lat' dir='ltr'><strong>in</strong></span> <span class='ocrx_word' id='word_1_758' title='bbox 1889 4808 2008 4876; x_wconf 80' lang='lat' dir='ltr'><strong>propr-lis</strong></span> 
     </span>
     <span class='ocr_line' id='line_1_51' title="bbox 363 4885 2006 4964; baseline 0.001 -16"><span class='ocrx_word' id='word_1_759' title='bbox 363 4887 532 4964; x_wconf 86' lang='lat' dir='ltr'><strong>particulare</strong></span> <span class='ocrx_word' id='word_1_760' title='bbox 545 4885 734 4960; x_wconf 79' lang='lat' dir='ltr'><strong>priuilegium,</strong></span> <span class='ocrx_word' id='word_1_761' title='bbox 750 4893 841 4959; x_wconf 87' lang='lat' dir='ltr'><strong>potest</strong></span> <span class='ocrx_word' id='word_1_762' title='bbox 855 4885 929 4946; x_wconf 91' lang='lat' dir='ltr'><strong>licite</strong></span> <span class='ocrx_word' id='word_1_763' title='bbox 944 4888 983 4946; x_wconf 92' lang='lat' dir='ltr'><strong>oti</strong></span> <span class='ocrx_word' id='word_1_764' title='bbox 997 4888 1044 4945; x_wconf 91' lang='lat' dir='ltr'><strong>tali</strong></span> <span class='ocrx_word' id='word_1_765' title='bbox 1059 4889 1167 4961; x_wconf 86' lang='lat' dir='ltr'><strong>privile·</strong></span> <span class='ocrx_word' id='word_1_766' title='bbox 1202 4889 1310 4948; x_wconf 87' lang='lat' dir='ltr'><strong>statutis</strong></span> <span class='ocrx_word' id='word_1_767' title='bbox 1343 4888 1462 4946; x_wconf 88' lang='lat' dir='ltr'><strong>alicuius</strong></span> <span class='ocrx_word' id='word_1_768' title='bbox 1488 4887 1627 4945; x_wconf 89' lang='lat' dir='ltr'><strong>territorii.</strong></span> <span class='ocrx_word' id='word_1_769' title='bbox 1643 4887 1711 4944; x_wconf 85' lang='lat' dir='ltr'><strong>Tum</strong></span> <span class='ocrx_word' id='word_1_770' title='bbox 1735 4890 1817 4947; x_wconf 88' lang='lat' dir='ltr'><strong>etiarn</strong></span> <span class='ocrx_word' id='word_1_771' title='bbox 1841 4892 1909 4964; x_wconf 84' lang='lat' dir='ltr'><strong>qnia</strong></span> <span class='ocrx_word' id='word_1_772' title='bbox 1935 4894 2006 4952; x_wconf 86' lang='lat' dir='ltr'><strong>sicut</strong></span> 
     </span>
     <span class='ocr_line' id='line_1_52' title="bbox 364 4975 2008 5054; baseline 0.002 -18"><span class='ocrx_word' id='word_1_773' title='bbox 364 4981 411 5054; x_wconf 80' lang='lat' dir='ltr'><strong>gio</strong></span> <span class='ocrx_word' id='word_1_774' title='bbox 425 4983 506 5035; x_wconf 86' lang='lat' dir='ltr'><strong>extra</strong></span> <span class='ocrx_word' id='word_1_775' title='bbox 518 4975 695 5046; x_wconf 88' lang='lat' dir='ltr'><strong>territorium,</strong></span> <span class='ocrx_word' id='word_1_776' title='bbox 708 4976 758 5033; x_wconf 90' lang='lat' dir='ltr'><strong>nisi</strong></span> <span class='ocrx_word' id='word_1_777' title='bbox 771 4992 804 5033; x_wconf 86' lang='lat' dir='ltr'><strong>ex</strong></span> <span class='ocrx_word' id='word_1_778' title='bbox 820 4975 1047 5049; x_wconf 81' lang='lat' dir='ltr'><strong>specialiratlone</strong></span> <span class='ocrx_word' id='word_1_779' title='bbox 1061 4980 1167 5036; x_wconf 91' lang='lat' dir='ltr'><strong>contin·</strong></span> <span class='ocrx_word' id='word_1_780' title='bbox 1201 4978 1338 5054; x_wconf 88' lang='lat' dir='ltr'><strong>praelatus</strong></span> <span class='ocrx_word' id='word_1_781' title='bbox 1361 4976 1475 5036; x_wconf 89' lang='lat' dir='ltr'><strong>alterius</strong></span> <span class='ocrx_word' id='word_1_782' title='bbox 1494 4976 1628 5034; x_wconf 88' lang='lat' dir='ltr'><strong>dioecesis</strong></span> <span class='ocrx_word' id='word_1_783' title='bbox 1648 4975 1732 5036; x_wconf 88' lang='lat' dir='ltr'><strong>hahet</strong></span> <span class='ocrx_word' id='word_1_784' title='bbox 1751 4987 1919 5052; x_wconf 88' lang='lat' dir='ltr'><strong>potestatem</strong></span> <span class='ocrx_word' id='word_1_785' title='bbox 1940 4984 2008 5042; x_wconf 92' lang='lat' dir='ltr'><strong>ohli-</strong></span> 
     </span>
     <span class='ocr_line' id='line_1_53' title="bbox 365 5062 2006 5143; baseline 0.005 -19"><span class='ocrx_word' id='word_1_786' title='bbox 365 5063 657 5142; x_wconf 77' lang='lat' dir='ltr'><strong>gat,dispansntionem</strong></span> <span class='ocrx_word' id='word_1_787' title='bbox 673 5062 707 5121; x_wconf 89' lang='lat' dir='ltr'><strong>ad</strong></span> <span class='ocrx_word' id='word_1_788' title='bbox 721 5063 813 5122; x_wconf 88' lang='lat' dir='ltr'><strong>locum</strong></span> <span class='ocrx_word' id='word_1_789' title='bbox 828 5065 1110 5126; x_wconf 80' lang='lat' dir='ltr'><strong>limitarilustahane</strong></span> <span class='ocrx_word' id='word_1_790' title='bbox 1123 5084 1168 5125; x_wconf 90' lang='lat' dir='ltr'><strong>as·</strong></span> <span class='ocrx_word' id='word_1_791' title='bbox 1200 5067 1283 5143; x_wconf 74' lang='lat' dir='ltr'><strong>gandi</strong></span> <span class='ocrx_word' id='word_1_792' title='bbox 1303 5068 1340 5125; x_wconf 87' lang='lat' dir='ltr'><strong>ibi</strong></span> <span class='ocrx_word' id='word_1_793' title='bbox 1361 5067 1418 5124; x_wconf 91' lang='lat' dir='ltr'><strong>suis</strong></span> <span class='ocrx_word' id='word_1_794' title='bbox 1439 5066 1568 5136; x_wconf 87' lang='lat' dir='ltr'><strong>statutis,</strong></span> <span class='ocrx_word' id='word_1_795' title='bbox 1589 5079 1649 5123; x_wconf 66' lang='lat' dir='ltr'><strong>oon.</strong></span> <span class='ocrx_word' id='word_1_796' title='bbox 1671 5065 1798 5126; x_wconf 89' lang='lat' dir='ltr'><strong>obstante</strong></span> <span class='ocrx_word' id='word_1_797' title='bbox 1825 5075 2006 5132; x_wconf 86' lang='lat' dir='ltr'><strong>concessione</strong></span> 
     </span>
     <span class='ocr_line' id='line_1_54' title="bbox 366 5153 2008 5230; baseline 0.002 -14"><span class='ocrx_word' id='word_1_798' title='bbox 366 5156 512 5216; x_wconf 82' lang='lat' dir='ltr'><strong>certionem</strong></span> <span class='ocrx_word' id='word_1_799' title='bbox 539 5155 702 5228; x_wconf 87' lang='lat' dir='ltr'><strong>interpretor</strong></span> <span class='ocrx_word' id='word_1_800' title='bbox 723 5155 880 5228; x_wconf 88' lang='lat' dir='ltr'><strong>opinionem</strong></span> <span class='ocrx_word' id='word_1_801' title='bbox 899 5156 973 5213; x_wconf 83' lang='lat' dir='ltr'><strong>tiecii</strong></span> <span class='ocrx_word' id='word_1_802' title='bbox 992 5172 1077 5230; x_wconf 91' lang='lat' dir='ltr'><strong>supra</strong></span> <span class='ocrx_word' id='word_1_803' title='bbox 1096 5159 1165 5217; x_wconf 87' lang='lat' dir='ltr'><strong>eita-</strong></span> <span class='ocrx_word' id='word_1_804' title='bbox 1201 5159 1279 5216; x_wconf 88' lang='lat' dir='ltr'><strong>alieni</strong></span> <span class='ocrx_word' id='word_1_805' title='bbox 1292 5157 1427 5230; x_wconf 89' lang='lat' dir='ltr'><strong>pastoris,</strong></span> <span class='ocrx_word' id='word_1_806' title='bbox 1451 5157 1488 5212; x_wconf 90' lang='lat' dir='ltr'><strong>ita</strong></span> <span class='ocrx_word' id='word_1_807' title='bbox 1502 5153 1582 5213; x_wconf 90' lang='lat' dir='ltr'><strong>habet</strong></span> <span class='ocrx_word' id='word_1_808' title='bbox 1596 5160 1763 5228; x_wconf 80' lang='lat' dir='ltr'><strong>potestatem</strong></span> <span class='ocrx_word' id='word_1_809' title='bbox 1778 5165 1807 5215; x_wconf 92' lang='lat' dir='ltr'><strong>et</strong></span> <span class='ocrx_word' id='word_1_810' title='bbox 1825 5174 1926 5220; x_wconf 90' lang='lat' dir='ltr'><strong>curam</strong></span> <span class='ocrx_word' id='word_1_811' title='bbox 1939 5163 2008 5220; x_wconf 91' lang='lat' dir='ltr'><strong>obli·</strong></span> 
     </span>
     <span class='ocr_line' id='line_1_55' title="bbox 366 5242 2005 5325; baseline 0.003 -19"><span class='ocrx_word' id='word_1_812' title='bbox 366 5253 433 5306; x_wconf 83' lang='lat' dir='ltr'><strong>tant.</strong></span> <span class='ocrx_word' id='word_1_813' title='bbox 456 5245 524 5304; x_wconf 87' lang='lat' dir='ltr'><strong>llam</strong></span> <span class='ocrx_word' id='word_1_814' title='bbox 545 5243 645 5304; x_wconf 84' lang='lat' dir='ltr'><strong>hebere</strong></span> <span class='ocrx_word' id='word_1_815' title='bbox 664 5242 744 5320; x_wconf 88' lang='lat' dir='ltr'><strong>plura</strong></span> <span class='ocrx_word' id='word_1_816' title='bbox 764 5245 917 5319; x_wconf 84' lang='lat' dir='ltr'><strong>beneficia,</strong></span> <span class='ocrx_word' id='word_1_817' title='bbox 938 5244 997 5306; x_wconf 88' lang='lat' dir='ltr'><strong>inre</strong></span> <span class='ocrx_word' id='word_1_818' title='bbox 1021 5250 1162 5307; x_wconf 87' lang='lat' dir='ltr'><strong>cummuni</strong></span> <span class='ocrx_word' id='word_1_819' title='bbox 1200 5245 1298 5324; x_wconf 77' lang='lat' dir='ltr'><strong>gandi,</strong></span> <span class='ocrx_word' id='word_1_820' title='bbox 1314 5252 1345 5305; x_wconf 93' lang='grc' dir='ltr'><strong>ιιι</strong></span> <span class='ocrx_word' id='word_1_821' title='bbox 1358 5246 1395 5305; x_wconf 90' lang='lat' dir='ltr'><strong>ihi</strong></span> <span class='ocrx_word' id='word_1_822' title='bbox 1407 5251 1552 5306; x_wconf 78' lang='lat' dir='ltr'><strong>serventur</strong></span> <span class='ocrx_word' id='word_1_823' title='bbox 1565 5245 1723 5304; x_wconf 88' lang='lat' dir='ltr'><strong>communia</strong></span> <span class='ocrx_word' id='word_1_824' title='bbox 1737 5247 1879 5308; x_wconf 82' lang='lat' dir='ltr'><strong>Ecclesiae</strong></span> <span class='ocrx_word' id='word_1_825' title='bbox 1892 5266 2005 5325; x_wconf 86' lang='lat' dir='ltr'><strong>praece·</strong></span> 
     </span>
    </p>
   </div>
   <div class='ocr_carea' id='block_1_5' title="bbox 0 0 2134 6214">
    <p class='ocr_par' dir='ltr' id='par_1_5' title="bbox 0 0 2134 6214">
     <span class='ocr_line' id='line_1_56' title="bbox 0 0 2134 6214; baseline 0 0"><span class='ocrx_word' id='word_1_826' title='bbox 0 0 2134 6214; x_wconf 95' lang='lat' dir='ltr'><strong> </strong></span> 
     </span>
    </p>
   </div>
  </div>
 </body>
</html>
