4232 6220
758 699 1044 820 urana
1100 640 1522 851 tinuimus

824 1345 887 1425 on
926 1345 1061 1427 nuno
1098 1347 1237 1430 novt
1271 1347 1467 1434 otttut
1517 1451 1519 1456 ,

1710 1983 1739 2030 iit

362 2194 538 2254 bistinximus
553 2193 578 2250 in
594 2191 784 2266 superioribus
798 2193 913 2252 divinant
928 2191 1018 2268 legem
1036 2192 1062 2248 in
1080 2206 1129 2249 re·
1164 2197 1283 2254 minibus
1297 2194 1461 2254 excellentie
1474 2194 1557 2254 buius
1576 2193 1657 2270 legis,
1674 2199 1702 2251 et
1718 2193 1779 2252 eius
1795 2207 1917 2265 causae,
1932 2191 1973 2248 ei-

321 2291 409 2348 lurum
424 2289 453 2340 el
467 2282 714 2356 ¹¹⁰V1¹¹¹¹sidt⁰il⁰0
728 2289 791 2356 90⁸2
805 2288 954 2340 tracilium
965 2281 999 2338 de
1011 2283 1070 2356 Ιθεθ
1083 2297 1128 2338 vt·
1161 2288 1260 2358 tentus,
1276 2293 1304 2342 et
1315 2287 1497 2358 proprietatos
1508 2285 1697 2356 insinuantur,
1709 2297 1782 2357 quae
1792 2299 1808 2339 a
1820 2281 1901 2338 nobie
1914 2281 1972 2338 ain·

324 2375 374 2430 teri
389 2372 477 2429 stilum
489 2379 618 2443 superest
626 2371 817 2429 dicendttmdc
830 2387 916 2442 nora,
929 2387 999 2445 quae
1013 2373 1038 2427 in
1056 2371 1128 2428 Scri·
1161 2376 1271 2451 giliattm
1287 2373 1527 2433 traotondoe'sunt
1546 2374 1643 2432 eodem
1663 2371 1773 2444 ordino,
1792 2386 1850 2444 quo
1868 2370 1904 2428 da
1924 2385 1972 2428 oo·

323 2469 405 2534 ptura
421 2462 590 2518 secretariis
602 2462 1002 2534 nominibusappellatur.llam
1015 2460 1127 2518 aPaulo
1162 2467 1229 2523 teris
1244 2465 1348 2539 legibus
1363 2463 1575 2536 disputavimus.
1591 2463 1626 2520 lit
1640 2463 1767 2537 quumvis
1779 2477 1814 2518 ex
1835 2460 1970 2518 divisione

324 2553 459 2610 littidum
478 2551 632 2624 &libellatus
646 2549 695 2607 lex
702 2550 793 2625 fidei,
811 2551 843 2609 td
859 2553 940 2609 Rom.
957 2557 989 2623 3,
1009 2558 1128 2608 vocatur
1161 2556 1289 2628 superius
1303 2555 1383 2625 daia,
1398 2561 1426 2612 et
1439 2569 1475 2611 ex
1487 2557 1528 2610 tot
1540 2553 1703 2625 Scripturas
1724 2549 1890 2609 testimoniis
1903 2565 1971 2622 sup-

323 2644 405 2699 etiam
421 2641 472 2699 lem
486 2645 609 2715 spiritns
622 2644 715 2708 uitae,
733 2641 768 2700 ati
782 2644 897 2699 Roman.
917 2648 948 2714 8,
963 2640 1035 2699 tande
1052 2656 1127 2696 com·
1162 2659 1310 2718 ponnmus,
1325 2643 1417 2701 tisiam
1431 2657 1491 2699 esne
1505 2657 1521 2698 a
1535 2645 1589 2700 beo
1603 2640 1760 2699 huiusmodi
1777 2640 1885 2714 legem,
1902 2637 1970 2695 nini-

323 2733 441 2790 muoiter
459 2731 614 2803 appellatur
629 2731 671 2789 lex
681 2732 801 2806 gestitet
816 2747 878 2788 nam
894 2732 980 2802 gratia
994 2737 1037 2787 est
1049 2731 1129 2802 spiri·
1164 2736 1283 2791 lominus
1294 2741 1406 2807 propter
1418 2732 1624 2791 baereticorum
1633 2730 1870 2804 importunitatem
1880 2745 1971 2800 pauca

325 2830 369 2880 tus
385 2829 496 2879 nostrae
511 2821 596 2889 vitae,
610 2821 652 2878 vel
666 2823 747 2877 etiam
762 2821 816 2877 vita
830 2823 916 2876 nostri
931 2821 1055 2892 spiritus.
1069 2821 1127 2877 lmo
1163 2825 1196 2883 tle
1217 2825 1297 2884 buius
1318 2823 1384 2898 logis
1404 2823 1520 2882 veritate
1539 2828 1568 2881 et
1585 2823 1753 2896 proprietate
1767 2818 1971 2892 praemittenda

323 2913 394 2968 solet
407 2909 544 2967 interdum
559 2909 649 2982 'gratis
669 2909 828 2981 simpliciter
847 2907 994 2980 appellari,
1009 2909 1083 2964 iuxta
1099 2907 1129 2964 il·
1163 2921 1237 2973 sunt,

324 2999 370 3058 lud
386 3000 463 3056 loan.
483 3003 512 3056 l:
529 3001 592 3055 Lem
602 3013 659 3071 per
674 2998 809 3073 Moysem
823 2995 899 3054 doto
913 3003 969 3064 cst,
984 3000 1129 3069 pratioet
1500 3058 1502 3062 ,
1573 3031 1575 3034 -

323 3092 434 3148 veritos
444 3103 499 3163 pcc
510 3091 606 3144 lesum
618 3087 773 3144 Christum
777 3085 871 3160 sacto
879 3091 931 3143 cst.
942 3088 977 3144 Et
987 3086 1048 3143 ideo
1060 3089 1130 3144 Pau·
1478 3087 1618 3158 CAPUT
1632 3087 1659 3156 1,

325 3180 368 3236 lus
383 3178 416 3235 nd
430 3178 516 3234 Galat.
536 3182 561 3234 5.
577 3177 658 3233 dixit:
674 3181 741 3233 Nota
759 3179 828 3234 estis
842 3176 896 3233 sub
911 3175 988 3249 lepe,
1007 3175 1058 3234 scd
1075 3176 1129 3234 sub
1162 3223 1165 3228 .
1528 3181 1532 3188 ·
1562 3209 1569 3223 .

322 3270 437 3342 pontio.
454 3269 571 3338 Propter
588 3265 663 3339 quod
682 3265 763 3324 etism
779 3272 896 3323 vocetur
911 3267 978 3324 baec
993 3266 1035 3324 lex
1056 3281 1131 3322 amo·
1226 3289 1335 3345 mm„
1353 3281 1402 3341 lep
1418 3299 1497 3341 ,ova
1515 3285 1553 3340 „p
1571 3298 1643 3341 vm,
1659 3285 1687 3338 ει
1701 3283 1829 3358 ww„
1846 3280 1910 3349 ιω,

324 3359 378 3429 ris,
394 3359 460 3430 quin
486 3356 599 3427 spiritus
617 3358 720 3429 gratiae
738 3361 780 3412 est
794 3357 908 3428 spiritus
922 3356 1038 3428 amoris,
1056 3355 1130 3412 iuxta
1263 3379 1291 3432 ει
1304 3375 1441 3434 cmc„
1451 3371 1688 3448 mmmmm,
1701 3371 1867 3447 pyum„

324 3449 390 3506 illud
405 3447 481 3505 Pauli
505 3446 538 3503 sd
552 3447 668 3503 Roman.
687 3453 720 3505 8:
736 3450 803 3502 Nost
816 3449 973 3520 accepistis
990 3447 1130 3518 spiritum

325 3539 472 3594 seruitutis
498 3538 606 3591 iterum
618 3538 651 3592 io
666 3537 784 3602 timore,
803 3533 855 3592 sed
866 3537 1024 3610 accepistis
1042 3535 1129 3608 spiri·
1453 3551 1686 3615 mmmm

324 3632 389 3684 tom
404 3623 572 3700 adoptionis
583 3623 739 3696 filiorum,
758 3625 792 3680 iot
804 3640 860 3696 quo
873 3623 1054 3682 clamamus:
1071 3621 1131 3680 Ab·

324 3718 365 3774 ba
378 3719 482 3782 Patcr;
494 3717 542 3789 qui
552 3720 596 3770 est
606 3715 730 3788 spiritus
740 3712 914 3782 dilectionis,
931 3719 963 3771 nt
974 3711 1044 3769 idem
1058 3714 1130 3768 Peu-
1166 3739 1190 3790 1·
1210 3739 1303 3802 nom,
1324 3737 1525 3790 ,memficowm
1543 3763 1578 3776 ,,
1590 3737 1686 3791 ΕΜ
1706 3735 1914 3788 summum·
1936 3763 1973 3776 ῃ

326 3806 370 3863 lus
386 3804 453 3861 dicit
467 3810 494 3861 2.
510 3803 543 3860 od
559 3801 674 3859 Timotb.
695 3807 719 3861 l.
736 3804 770 3859 Et
784 3801 844 3860 inde
858 3804 939 3859 etiam
956 3809 1077 3858 vocatur
1091 3803 1131 3856 io·
1199 3808 1225 3859 ².
1245 3810 1358 3870 Quatuor
1377 3809 1505 3871 rationes,
1519 3809 1613 3873 quibos
1629 3807 1739 3860 suadere
1755 3808 1879 3868 student,
1897 3807 1974 3860 cbri-

325 3892 434 3952 tertlum
458 3890 508 3948 lex
527 3889 688 3959 libertatis,
705 3891 796 3949 laeob.
817 3897 846 3964 l,
863 3893 928 3964 qttia
941 3891 993 3948 ubi
1007 3893 1130 3965 spiritus
1199 3886 1266 3929 “⁰¹¹¹
1281 3891 1330 3930 '¹⁰¹¹
1344 3877 1921 3942 ⁰¹¹0li⁵⁵⁰¹¹⁰¹1¹¹¹¹⁰i³¹¹⁰l'iilll'itiielliiultra
1935 3877 1975 3927 ¹⁸·

326 3985 461 4044 Domini,
482 3981 524 4038 ibi
538 3979 675 4053 libertos,
690 3985 718 4038 2.
735 3981 769 4037 nd
784 3979 906 4037 Corinth.
925 3985 952 4053 33
966 3987 993 4038 et
1007 3980 1042 4037 ub
1055 3994 1130 4036 eant-
1198 3947 1763 4081 Βωθίἳυῗέἳοηζοῗόῃῇζξξέὲοῗὶὦῗὲἒξοξὲῇ
1773 3945 1975 4067 fflffiffi

324 4070 387 4129 tlem
406 4085 518 4127 censam
530 4069 632 4126 dicitur
642 4069 692 4128 ten
701 4073 817 4145 scripto
826 4073 857 4127 in
867 4069 964 4136 corde,
975 4071 1073 4126 loreto.
1082 4073 1128 4138 tt,
1199 4101 1257 4138 rum
1269 4092 1296 4136 er
1309 4087 1440 4151 proprium
1459 4087 1643 4150 legislatorem.
1655 4111 1691 4122 -
1702 4087 1730 4137 4,
1743 4083 1872 4136 probatur
1889 4087 1973 4137 ratio-

325 4168 354 4218 et
365 4160 398 4217 ad
413 4161 496 4216 liebr.
511 4165 578 4234 8,et
593 4160 806 4232 lnquiorbrtoo
817 4161 950 4235 gratissi
961 4175 1038 4217 amor
1050 4160 1130 4216 menti
1200 4155 1288 4207 ne.'-
1299 4155 1429 4238 obiectio:
1444 4157 1583 4206 refellitur.
1598 4183 1633 4238 5-
1645 4156 1670 4206 5·
1681 4155 1837 4207 bexubristi
1850 4161 1893 4206 oel
1905 4167 1972 4206 vera

324 4250 518 4307 infunduntur.
540 4250 660 4322 benique
676 4249 828 4320 appellatur
841 4248 892 4305 leco
905 4264 992 4318 soon,
1008 4248 1050 4306 vel
1066 4249 1131 4323 quia
1200 4238 1229 4345 ξε
1240 4223 1973 4359 ffi‘ill’gffisffifflfffffftffi'sfflssmcgffiffiffe‘msi-

326 4346 415 4398 totum
431 4338 569 4395 bominem
585 4353 633 4410 per
648 4341 763 4411 gratiam
778 4345 909 4409 renovat,
921 4344 953 4394 ut
966 4340 1135 4394 sumiturex.
1200 4333 1972 4428 effla-Quid,53,5,·,„„e',fld01·‚9,Quidepms„

325 4431 480 4504 Augustino
497 4428 787 4508 trectatbbinloan.
802 4429 843 4484 vel
854 4428 918 4500 quie
929 4435 971 4484 est
982 4427 1077 4484 ultima
1088 4426 1131 4483 lex
1199 4433 1304 4498 gnificat
1319 4433 1361 4483 lex
1370 4435 1510 4486 libertatis.

325 4535 340 4575 a
354 4521 409 4576 lieo
422 4517 503 4588 uoto,
517 4532 587 4590 qtnae
601 4516 719 4589 priorem
732 4518 899 4590 untiquavit,
913 4524 943 4573 ut
954 4517 1037 4572 sensit
1047 4514 1130 4592 cyril·

325 4609 368 4665 lus
379 4608 427 4664 lib.
445 4608 510 4666 9.·ἰιι
525 4607 601 4663 loon.
615 4621 676 4679 esp.
691 4610 726 4664 23
737 4646 744 4678 ,
755 4607 897 4679 explicent
907 4606 990 4663 verba
1001 4605 1132 4663 illocbri-
1208 4611 1232 4668 l.
1248 4607 1288 4664 Er
1301 4607 1458 4680 attributis,
1478 4621 1549 4679 quae
1567 4605 1709 4680 Scriptura
1723 4606 1788 4663 nori
1802 4605 1974 4663 Testamenti

326 4697 362 4756 sti
370 4699 450 4754 loan.
471 4699 521 4755 ts:
537 4694 722 4755 Mandatum
736 4711 846 4753 novom
860 4693 898 4752 do
908 4695 998 4753 uobis.
1012 4697 1086 4763 Quae
1100 4695 1132 4751 li·
1166 4677 1230 4755 liic
1245 4696 1298 4772 legi
1313 4698 1418 4770 tribuit,
1436 4711 1484 4771 per
1498 4701 1541 4754 tot
1550 4696 1661 4754 nomina
1672 4697 1801 4769 superius
1814 4697 1972 4770 proposita,

325 4793 371 4844 cet
385 4787 418 4844 da
435 4785 563 4844 mandato
578 4787 677 4843 amoris
691 4787 845 4858 specialiter
859 4785 932 4844 dicta
946 4785 1057 4860 inerint,
1073 4802 1131 4844 me·
1165 4795 1345 4860 sumpserunt
1359 4789 1532 4844 occasionem
1545 4786 1671 4845 baeretici
1684 4783 1767 4843 buius
1779 4785 1913 4858 temporis
1924 4801 1973 4842 ne-

325 4879 380 4934 rito
391 4876 426 4934 atl
440 4882 525 4934 totam
537 4874 626 4949 legem
637 4876 748 4948 amoris,
760 4892 830 4949 quoe
842 4877 866 4932 in
880 4883 1026 4950 praecepto
1038 4892 1130 4934 aman·
1165 4877 1248 4952 gandi
1260 4877 1402 4936 veritatem
1417 4876 1498 4934 buius
1513 4873 1592 4951 legis,
1608 4883 1637 4934 et
1650 4876 1676 4934 in
1687 4891 1795 4933 sumtus
1806 4889 1869 4932 enm
1879 4877 1973 4932 omni·

325 4967 351 5025 di
366 4966 468 5022 virtute
484 4968 660 5038 continetur,
675 4972 703 5023 et
720 4967 754 5026 ab
768 4967 865 5024 eodem
878 4966 986 5026 cbristo
999 4966 1062 5027 data
1075 4974 1128 5040 est,
1165 4983 1200 5026 no
1214 4984 1231 5024 e
1246 4963 1335 5024 mettio
1350 4964 1472 5025 tollendi.
1487 4968 1555 5025 Nam
1568 4967 1635 5040 quia
1647 4966 1757 5040 propria
1770 4966 1842 5022 ratio
1856 4965 1929 5038 legis
1941 4967 1971 5022 in

326 5055 588 5126 accommodantur,
601 5071 634 5113 oo
646 5059 883 5130 proptereoetinm
895 5057 961 5114 baec
975 5056 1018 5116 leo
1033 5057 1067 5114 ab
1077 5073 1128 5115 au·
1165 5057 1219 5114 boo
1241 5057 1384 5129 consistit,
1407 5055 1483 5130 quod
1503 5058 1541 5114 sit
1560 5063 1739 5129 praeceptum
1758 5069 1923 5126 commune,
1938 5071 1974 5112 ao

326 5152 404 5205 ctoro
418 5162 469 5202 suo
484 5143 534 5208 tec
546 5145 659 5205 Christi
671 5145 835 5224 appellatur.
848 5148 895 5208 liis
904 5162 971 5226 ergo
984 5147 1064 5207 variis
1075 5164 1124 5207 no·
1166 5147 1308 5226 proprium
1318 5147 1479 5235 imperium,
1491 5145 1684 5225 obligationem
1699 5144 1848 5219 inducens,
1857 5153 1973 5221 nogent,
