4284 6246
881 341 986 394 canor
999 343 1078 394 xm.
1681 323 1745 390 197

144 474 258 536 ratione.
280 473 330 532 liic
349 477 442 532 autern
458 471 529 530 actio
544 471 710 544 supponitur
724 469 848 528 absolute
862 467 952 542 prohi·
987 467 1094 539 opuari
1109 475 1207 526 contra
1221 467 1309 544 legem
1320 483 1368 542 spe
1381 468 1492 527 iuturae
1508 466 1726 540 dipensationis,
1738 463 1787 524 sed

142 569 208 636 bita,
223 572 252 624 et
271 567 307 622 ob
326 580 387 622 eam
403 564 536 621 rationem
551 563 639 636 mala,
654 569 682 619 et
696 561 754 620 ideo
769 560 802 618 de
816 557 951 633 praesenti
987 558 1173 616 necessarium
1186 566 1240 629 est,
1252 568 1283 616 ut
1296 559 1445 632 praecedat
1457 560 1554 616 notitia
1567 555 1787 630 dispensationis,

144 657 357 714 necessariaest
374 652 466 727 aliqua
480 652 624 722 rotenus,
640 667 710 725 quae
729 650 951 724 prohibitionem,
988 654 1020 704 ut
1032 647 1103 704 inira
1116 648 1141 704 in
1156 650 1270 706 materia
1283 648 1317 706 de
1332 650 1454 722 privileg.
1472 648 1554 705 tetius
1568 648 1701 704 dicemus.
1715 646 1789 717 Ergo

145 755 171 804 et
183 751 388 818 consequenter
403 744 534 800 maiitiam
549 741 665 798 anierat.
989 737 1153 808 impossibile
1167 745 1221 812 est,
1236 739 1311 811 quod
1324 740 1393 796 haec
1407 738 1572 810 dispensatio
1587 737 1669 793 tacita
1692 733 1789 792 iunde·

184 841 227 896 15.
249 837 339 909 igitur
359 835 501 906 opiniones
522 834 676 905 propositae
697 830 731 889 ds
750 828 951 900 ratihabitione,
987 825 1072 882 turin
1094 829 1207 884 scientia
1221 835 1249 884 et
1268 829 1396 899 patientia
1415 827 1503 900 operis
1523 828 1577 883 iarn
1597 825 1671 896 iacti,
1688 823 1790 896 alioqui

145 943 192 986 seu
211 929 298 982 tacito
319 939 469 995 consensu,
489 922 522 980 de
543 923 681 994 praesenti
701 921 863 994 loquuntur.
878 920 952 976 luter
987 915 1126 973 iamesset
1138 916 1239 974 iactum
1251 917 1789 990 opusantedispensationem30rgocum

144 1033 211 1090 quas
226 1015 366 1087 posterior
376 1013 482 1070 ridetur
497 1013 613 1068 maxime
626 1009 778 1084 procedere
790 1012 817 1065 in
831 1009 892 1065 iore
906 1023 954 1064 ex·
988 1012 1104 1076 peccato
1118 1013 1194 1064 esset
1213 1008 1336 1080 iactum;
1352 1024 1417 1082 ergo
1430 1024 1463 1064 ea
1483 1007 1528 1064 illc
1543 1005 1617 1063 nuile
1631 1005 1791 1061 coniectura
1844 1081 1846 1084 .

147 1105 247 1174 teriori,
261 1106 289 1160 in
306 1119 362 1177 quo
376 1101 506 1158 maiorem
520 1101 645 1173 proiecto
658 1101 764 1156 ridetur
778 1097 952 1171 probabilita·
988 1097 1062 1152 sumi
1083 1102 1175 1168 potest
1194 1097 1418 1170 dispensationis:
1436 1105 1543 1170 oportet
1561 1111 1646 1168 ergo,
1663 1101 1694 1151 ut
1714 1098 1790 1150 ants·

147 1202 200 1254 tem
215 1194 330 1262 habere,
346 1200 375 1249 et
395 1189 548 1248 secundum
563 1205 624 1246 eam
643 1191 752 1247 omnino
773 1186 952 1244 iudicandum
988 1201 1071 1258 quam
1092 1187 1219 1244 subditus
1240 1187 1351 1246 inchoet
1370 1205 1456 1262 opus,
1471 1188 1566 1244 habeat
1587 1185 1705 1242 rationes
1724 1181 1791 1240 alias

147 1300 216 1354 csse,
233 1283 378 1340 moraliter
397 1296 430 1338 ac
450 1281 614 1354 regulariter
635 1278 782 1351 loquendo.
797 1279 866 1334 'lum
888 1277 952 1348 quia
989 1276 1354 1350 praesumendi,praelutum
1367 1284 1537 1350 praesentem
1547 1279 1790 1347 essecontentum,

147 1381 189 1431 cst
198 1371 278 1429 valde
294 1372 450 1428 communis
464 1371 533 1426 inter
544 1371 682 1442 grasiures
694 1369 760 1424 iuris
776 1368 950 1439 interpretes,
987 1372 1017 1422 et
1031 1368 1112 1424 tacite
1124 1381 1220 1423 secum
1235 1367 1404 1440 dispensare,
1418 1374 1449 1424 ut
1463 1367 1516 1424 tale
1528 1381 1597 1438 opus
1611 1365 1703 1422 iaciat.
1714 1361 1791 1420 Unde

148 1479 266 1538 quorum
288 1462 441 1518 auctoritas
461 1459 508 1515 illo
534 1459 591 1515 iuro
617 1456 790 1530 praeferenda
812 1461 873 1526 est,
895 1462 954 1512 tum
990 1456 1071 1512 stiam
1087 1457 1199 1529 colligo,
1212 1457 1282 1514 hanc
1298 1461 1545 1530 praesumptionem
1556 1473 1608 1513 non
1624 1470 1684 1512 esse
1698 1463 1792 1511 exten·

147 1555 225 1609 etiam
239 1553 309 1625 quia
320 1550 365 1606 iila
375 1549 563 1620 praesumptio
574 1549 599 1602 in
614 1546 690 1602 nullo
702 1547 758 1602 iure
774 1544 886 1601 lundata
899 1549 953 1610 est,
989 1544 1104 1602 dandam
1127 1547 1199 1603 ultra
1220 1564 1290 1618 opus
1310 1547 1388 1619 illud,
1403 1548 1477 1622 quud
1498 1549 1526 1604 ut
1545 1563 1638 1604 coram
1659 1546 1791 1619 praelato,

148 1645 200 1700 imo
218 1643 314 1714 aliqua
334 1641 393 1696 iura
407 1655 462 1694 non
483 1651 580 1710 parurn
593 1637 668 1693 illam
688 1635 857 1703 diminuunt,
874 1640 903 1688 ut
923 1648 955 1688 es
992 1649 1056 1691 nam
1073 1635 1138 1692 licet
1149 1637 1172 1692 in
1191 1637 1236 1693 iilo
1248 1647 1398 1695 censeatur
1411 1638 1580 1710 dispensare,
1593 1653 1645 1692 non
1660 1635 1794 1692 idenoen·

148 1733 268 1804 allegatis
285 1735 407 1800 constat,
422 1737 450 1784 et
462 1744 494 1784 ex
508 1729 639 1785 Clement.
656 1726 707 1783 ult.
725 1725 758 1782 de
777 1731 893 1780 sentent.
910 1739 958 1779 ex·
992 1731 1072 1781 satur
1088 1728 1170 1798 tacite
1185 1726 1341 1800 dispensare
1352 1728 1386 1785 ad
1401 1727 1508 1802 similia,
1521 1727 1570 1784 nisi
1584 1727 1654 1783 iorte
1668 1731 1743 1782 tanta
1757 1725 1794 1782 sit

149 1837 294 1879 commun.
304 1827 363 1900 tuna
374 1817 503 1890 denique,
515 1819 579 1890 quia
589 1817 678 1888 ipsum
690 1814 824 1871 iudicium
839 1814 958 1869 tacitur-
992 1815 1181 1883 consuetudo,
1203 1824 1234 1874 ut
1252 1818 1419 1891 intelligatur
1433 1835 1567 1875 concessa
1587 1823 1718 1896 perpetua
1741 1815 1795 1872 dis·

147 1913 239 1970 nitatis
255 1910 372 1984 praelati
392 1906 505 1965 ridentis
520 1906 641 1977 iactum,
656 1911 699 1960 est
713 1902 791 1958 vaide
808 1902 955 1972 incertum,
993 1906 1130 1976 pensatio,
1147 1914 1176 1964 et
1188 1909 1265 1979 quasi
1282 1907 1466 1980 privilegium,
1483 1915 1514 1965 ut
1531 1907 1600 1965 inira
1614 1923 1666 1963 suo
1680 1905 1741 1963 loco
1756 1902 1796 1960 di·

148 2002 258 2078 etdese
270 1999 363 2056 solum
373 1997 475 2054 indicat
485 1997 700 2068 permissionem,
711 2009 766 2049 non
778 2007 955 2050 consensum.
993 2001 1083 2052 cetur.
1092 1996 1227 2063 Quocirca
1239 1999 1260 2054 si
1275 1997 1336 2055 tuiis
1347 2005 1419 2055 esset
1433 1997 1611 2071 dispensatio,
1623 2005 1654 2056 ut
1667 2013 1719 2054 non
1734 2011 1796 2068 pos·

149 2094 182 2149 Et
191 2107 276 2164 saepe
293 2087 438 2162 potestilla
452 2087 594 2159 permissio
605 2100 667 2142 esse
681 2085 739 2141 sine
752 2089 866 2156 peccatu
881 2097 959 2154 prae·
993 2091 1037 2141 set
1056 2085 1115 2141 dari
1138 2102 1187 2158 pro
1203 2094 1268 2144 actu
1290 2091 1435 2160 praesenti,
1452 2089 1501 2145 nisi
1521 2087 1683 2146 habilitando
1705 2101 1797 2159 perso·

150 2182 208 2251 lati,
219 2181 289 2254 quia
302 2181 342 2235 ita
355 2194 384 2234 se
398 2178 469 2252 gerit
481 2175 515 2234 ad
529 2175 669 2233 vitandum
683 2175 770 2231 maius
786 2173 899 2242 malum,
917 2175 959 2232 sel
993 2188 1056 2229 nam
1071 2173 1097 2229 in
1120 2175 1246 2232 loturum
1262 2176 1297 2233 nd
1318 2176 1419 2234 similes
1439 2185 1530 2247 actus,
1545 2183 1576 2234 ut
1593 2176 1627 2233 de
1640 2175 1797 2248 irregulari-

151 2277 264 2344 propter
282 2267 533 2340 indispositionem,
549 2281 632 2338 quam
646 2266 670 2320 iu
685 2263 793 2321 subdito
808 2263 901 2333 timet,
917 2259 959 2316 vel
995 2268 1050 2320 tate
1063 2262 1129 2334 dixi,
1142 2270 1208 2322 tunc
1219 2263 1360 2322 diiiiciiior
1373 2267 1427 2323 erit
1440 2268 1637 2338 praesumptio,
1648 2272 1677 2320 et
1691 2267 1734 2320 vix
1747 2281 1797 2335 po·

152 2367 266 2434 propter
281 2357 443 2415 scandalum
458 2357 593 2427 alioruin,
610 2353 720 2428 quando
735 2353 838 2410 iactum
854 2358 897 2406 est
910 2366 963 2422 pu·
996 2359 1050 2409 test
1066 2352 1124 2410 dari
1139 2353 1249 2411 licentia
1264 2354 1358 2412 utendi
1373 2364 1467 2426 postea
1481 2357 1527 2413 tati
1544 2355 1744 2428 dispensatione
1758 2361 1799 2410 ta·

152 2451 266 2517 blicum,
275 2447 319 2505 arel
328 2450 393 2520 quia
404 2445 476 2503 aliud
488 2460 572 2520 grave
582 2449 778 2501 nocumentum
789 2441 962 2511 timetsrepe
996 2444 1060 2510 cita,
1070 2458 1123 2499 non
1137 2444 1301 2516 requirendo
1314 2461 1471 2517 expressam
1483 2444 1692 2503 declarationem
1704 2442 1799 2500 velun·

152 2542 233 2599 etiarn
247 2545 345 2612 potest
358 2553 419 2594 csse
432 2536 477 2592 illa
491 2535 633 2608 permissio
644 2550 677 2590 ex
692 2530 810 2606 quadam
825 2529 961 2601 negligen-
996 2533 1060 2588 tatis
1075 2533 1200 2606 praelati,
1218 2550 1282 2592 cum
1298 2537 1382 2607 possit
1396 2536 1474 2594 iacile
1489 2536 1559 2593 fieri.

154 2632 199 2701 tia,
220 2638 250 2686 et
270 2629 355 2685 nimia
375 2627 548 2684 conniventia
569 2623 693 2696 praelati,
709 2621 750 2678 rel
772 2636 805 2677 ex
825 2617 963 2692 pusillani·
1041 2625 1083 2680 ti.
1097 2622 1173 2680 Alius
1188 2623 1285 2682 modus
1297 2628 1395 2683 tacitae
1409 2626 1617 2697 dispensationis
1627 2632 1680 2693 est,
1689 2622 1799 2696 quando

153 2713 251 2777 mirate
270 2719 368 2786 nimia,
395 2721 424 2772 et
441 2715 501 2773 ideo
516 2715 580 2771 licet
600 2713 725 2785 superior
739 2727 792 2766 non
814 2715 963 2766 excusetur
999 2714 1170 2784 superiores
1187 2721 1263 2771 certa
1277 2715 1391 2772 scientia
1403 2715 1506 2790 aliquid
1521 2717 1662 2789 praecipit,
1680 2714 1720 2770 vel
1735 2730 1801 2770 con·

155 2812 282 2882 aculpa,
300 2823 354 2864 non
369 2805 429 2863 ideo
443 2804 629 2878 praesumitur
643 2802 820 2874 dispensatio,
833 2799 896 2872 quia
909 2796 963 2854 ior·
990 2802 1071 2876 ,cedit
1085 2803 1212 2873 subdito,
1228 2805 1302 2878 quod
1317 2805 1373 2862 sine
1389 2805 1589 2877 dispensatione
1603 2805 1674 2872 beri,
1690 2810 1738 2860 aut
1752 2817 1798 2860 ra·
1878 2847 1890 2868 .

154 2906 228 2957 tasse
244 2899 336 2955 maior
350 2902 425 2952 esset
438 2891 533 2965 culpa,
547 2893 582 2950 ita
596 2899 697 2948 temere
713 2884 965 2961 dispensare-Quod
1000 2892 1054 2948 lere
1069 2908 1122 2948 non
1138 2898 1237 2964 potest,
1252 2899 1282 2950 ut
1296 2897 1318 2949 si
1334 2895 1454 2952 Pontiies
1468 2895 1514 2951 det
1528 2895 1688 2953 beneficium
1704 2893 1797 2964 alicui,

156 2989 273 3046 maxime
289 2985 373 3041 habet
386 2984 489 3052 locum,
503 2981 612 3056 quando
627 2980 793 3052 dispensatio
808 2993 868 3034 esse
883 2976 966 3033 debe·
999 2995 1082 3055 quem
1101 2984 1155 3037 scit
1172 2997 1232 3038 esse
1247 2984 1437 3057 irregularem,
1455 2985 1496 3041 vel
1511 2985 1532 3040 si
1547 2984 1695 3057 praecipiat
1708 2998 1802 3039 come·

156 3086 197 3135 rct
211 3079 239 3135 in
255 3076 351 3149 aliquo
367 3073 475 3131 deiectu
491 3077 678 3143 permanente,
695 3076 726 3126 ut
740 3071 766 3124 iu
781 3067 967 3140 irregularia·
1000 3071 1065 3127 dere
1079 3086 1177 3150 carnes
1191 3072 1235 3128 die
1251 3073 1395 3144 prohibito.
1412 3074 1452 3130 lta
1470 3073 1571 3132 docent
1585 3076 1728 3131 lnnocent.
1746 3074 1802 3129 llo·

98 3193 105 3208 ·
156 3175 201 3241 te,
223 3166 269 3222 vel
285 3165 338 3221 alio
360 3162 448 3217 simili.
465 3162 515 3217 Est
535 3161 607 3216 eninr
628 3157 799 3227 incredibile,
822 3162 966 3229 propterca
1000 3161 1095 3217 stiens.
1112 3163 1259 3220 Panormit.
1277 3169 1305 3220 et
1319 3163 1361 3219 alii
1378 3164 1403 3218 in
1420 3162 1487 3220 iocis
1502 3163 1607 3232 citatis,
1624 3170 1652 3218 ei
1667 3161 1740 3218 hunc
1758 3176 1802 3216 sc·

156 3255 230 3332 quod
244 3255 395 3326 episcopus
407 3251 486 3321 sciat,
499 3249 639 3306 subditum
652 3248 830 3321 irregularem
842 3245 965 3302 celebra·
992 3247 1059 3305 lum
1079 3249 1190 3321 modum
1211 3253 1302 3322 posuit
1323 3252 1430 3309 Rebuti.
1454 3254 1480 3308 in
1500 3252 1576 3309 dicto
1595 3252 1636 3308 tit.
1653 3252 1770 3322 dispens.
1786 3265 1803 3306 a

156 3363 201 3418 rc,
216 3353 244 3402 et
260 3341 431 3412 dissimulet,
447 3341 537 3396 statim
557 3337 710 3412 praesumi,
727 3336 884 3408 dispensare
901 3351 967 3391 cum
1001 3347 1064 3413 n.5,
1082 3339 1126 3395 ubi
1147 3340 1213 3396 alios
1227 3341 1336 3412 allegat,
1353 3350 1381 3398 et
1400 3345 1500 3405 Anien.
1513 3344 1595 3399 Gabr.
1609 3349 1637 3398 et
1657 3341 1702 3396 alii
1717 3353 1801 3411 supra

157 3436 201 3491 illo
214 3436 241 3490 in
259 3429 470 3504 irregularitate,
488 3430 593 3485 etiamsi
604 3429 670 3484 alias
687 3425 847 3498 possit.Nisi
861 3441 894 3480 err
908 3423 966 3480 aliis
1001 3428 1119 3501 allegati.
1137 3430 1171 3485 tir
1192 3428 1330 3500 colligitur
1344 3445 1376 3486 ex
1397 3430 1416 3486 l.
1429 3429 1563 3504 quidam,
1582 3431 1609 3486 ii.
1622 3430 1655 3486 de
1669 3445 1699 3486 re
1714 3427 1799 3484 indic.

158 3522 326 3580 certioribus
348 3519 514 3574 coniecturis
534 3516 567 3573 de
592 3516 663 3573 illius
686 3513 823 3571 voluntate
847 3521 875 3570 ct
895 3515 967 3569 iusta
1001 3516 1057 3574 ibi:
1079 3520 1223 3592 Princeps
1244 3521 1342 3583 satius,
1366 3523 1416 3592 qut
1442 3518 1488 3576 illi
1507 3519 1682 3592 dignitatem
1708 3515 1798 3582 dedit,

158 3629 244 3670 causa
260 3607 435 3681 dispensandi
450 3613 572 3678 constet;
587 3621 658 3679 quae
674 3606 850 3662 coniecturae
865 3603 891 3658 in
906 3603 966 3659 loro
1001 3610 1105 3663 omnia
1117 3622 1217 3680 gerere
1230 3606 1369 3663 decreuit.
1382 3608 1456 3664 idem
1467 3611 1492 3664 iu
1507 3610 1524 3664 t.
1535 3608 1710 3669 Barhorius,
1731 3607 1758 3662 ιι.
1768 3605 1802 3662 (ιο

158 3701 290 3759 citeriori
305 3697 463 3756 difficillime
474 3696 584 3769 probari
598 3702 726 3767 possunt,
740 3701 769 3751 et
783 3694 898 3750 tortasse
913 3708 967 3749 non
1001 3696 1075 3754 offic.
1088 3702 1207 3766 praetor.
1220 3698 1299 3753 Ratio
1313 3703 1365 3765 est,
1376 3698 1440 3771 quia
1455 3699 1580 3771 princeps
1597 3715 1651 3754 non
1669 3696 1803 3769 praecipit

158 3791 355 3848 admittentur.
1001 3786 1191 3860 repugnantia,
1204 3801 1254 3842 nec
1269 3789 1437 3859 presumitur
1448 3790 1605 3861 praecipere
1618 3789 1801 3863 iniquitatem,

199 3885 245 3940 16.
264 3883 300 3936 rt
313 3892 379 3934 reru
394 3875 420 3931 in
441 3873 500 3932 ioro
515 3872 698 3930 conscientiae
713 3887 766 3928 non
786 3886 886 3928 censeo
905 3885 968 3926 esse
1002 3875 1043 3932 rel
1058 3874 1148 3932 iacere
1169 3882 1263 3932 actum
1278 3875 1441 3947 invalidum,
1458 3893 1525 3951 ergo
1543 3877 1721 3951 intelligitur,
1737 3893 1803 3933 con-

160 3973 273 4028 omnino
290 3964 470 4024 reiterandum
485 3965 604 4036 priorem
624 3962 802 4032 sententium,
818 3959 967 4017 dummodo
1002 3965 1126 4024 cedendo
1142 3957 1191 4023 dbt
1203 3966 1395 4038 praecipiendo
1412 3967 1505 4024 toliere
1525 3967 1805 4039 impedimentumut

159 4060 314 4134 prudenter
342 4055 483 4111 limitetur.
506 4053 574 4110 Nam
602 4051 660 4108 sola
689 4051 863 4110 taciturnitas
891 4048 967 4105 dicta
1001 4057 1039 4114 ita
1053 4055 1120 4112 haec
1137 4047 1350 4113 coniectura‘est
1364 4057 1451 4114 mutto
1466 4058 1616 4129 ollicacior,
1629 4074 1711 4132 quarn
1727 4073 1805 4130 prae·

159 4164 305 4224 nunquam
317 4146 426 4203 videtur
437 4142 502 4200 mihi
517 4141 658 4199 sufficiens
675 4141 806 4197 indicium
821 4139 968 4196 voluntatis
1003 4145 1116 4218 cedens,
1129 4147 1194 4218 quta
1205 4145 1273 4202 {1⁸00
1286 4149 1405 4219 requirit
1417 4154 1509 4204 ,crum
1521 4149 1676 4221 positivum,
1689 4147 1735 4220 qur
1749 4148 1806 4202 νὴ.

159 4241 293 4313 positivae
315 4232 487 4306 dispensandi
505 4237 618 4303 propter
636 4229 794 4286 discursum
809 4229 924 4285 iactum.
940 4228 968 4284 Si
1004 4241 1062 4292 tute
1073 4235 1188 4314 includit
1202 4235 1367 4308 alium3nam
1379 4237 1425 4310 qui
1440 4236 1588 4295 introducit
1603 4238 1805 4308 formam,cen·

161 4337 253 4386 tamen
277 4325 347 4382 eliae
372 4323 597 4380 circumstantiae
620 4318 852 4391 adiungerentur,
875 4324 969 4389 posset
1003 4332 1080 4382 setur
1096 4326 1269 4396 praemittere
1292 4325 1536 4399 dispositiones,et
1555 4325 1666 4399 quidet
1687 4330 1807 4399 potesta-

162 4413 354 4476 consummari
376 4413 573 4484 praesumptio,
595 4417 628 4466 ut
648 4410 671 4464 si
691 4423 775 4466 causa
795 4406 969 4480 dispensandi
1004 4421 1074 4484 tem,
1095 4415 1143 4472 dat
1163 4415 1251 4471 omnia
1272 4417 1426 4473 necessaria
1446 4416 1480 4472 ad
1502 4417 1591 4486 illem3
1615 4414 1687 4471 unde
1707 4413 1744 4470 ita
1763 4418 1807 4469 est

163 4516 218 4565 tam
236 4505 349 4564 subdito
368 4512 396 4559 et
411 4503 546 4574 superiori
562 4500 728 4574 singillatim,
741 4515 823 4572 quam
839 4498 919 4556 alteri
935 4498 969 4555 de
1005 4503 1071 4561 haec
1086 4505 1249 4577 dispensatio
1262 4507 1353 4575 tacita,
1368 4514 1398 4564 ut
1413 4508 1499 4578 possit
1514 4505 1567 4562 dici
1584 4505 1718 4572 virtualis,
1731 4501 1806 4574 quod

162 4597 251 4653 altero
265 4593 385 4650 invicem
399 4598 464 4647 ncta
477 4597 561 4662 esset,
577 4596 606 4646 et
619 4587 800 4646 intercederet
814 4588 906 4661 aliqua
920 4603 969 4645 oc·
1005 4610 1059 4649 nnu
1074 4595 1111 4654 ita
1130 4602 1174 4651 est
1193 4595 1220 4651 in
1241 4595 1414 4666 praecedenti
1440 4594 1547 4651 indicio.
1565 4595 1601 4652 Et
1620 4593 1670 4650 hae
1691 4593 1807 4650 rationes

163 4687 238 4743 casio
253 4686 329 4740 iusta
341 4697 395 4739 non
410 4679 517 4752 petendi
530 4693 692 4751 expressum
706 4694 882 4751 consensum,
895 4686 923 4736 et
936 4694 970 4734 ex
1004 4684 1159 4757 procedunt
1173 4683 1206 4740 de
1227 4684 1350 4756 quolibet
1364 4685 1485 4758 praelato
1508 4690 1617 4756 potente
1636 4683 1807 4756 dispensare,

164 4771 369 4834 consuetudine
382 4770 424 4826 rel
437 4767 637 4826 necessitudine
648 4770 718 4824 inter
731 4767 869 4825 subditum
881 4775 909 4824 et
924 4783 972 4824 su·
1005 4775 1080 4830 siem
1092 4773 1125 4830 de
1147 4789 1275 4845 supremo
1295 4774 1428 4847 principe,
1444 4788 1532 4846 neque
1552 4775 1688 4828 invenitur
1708 4772 1734 4827 in
1756 4769 1808 4826 hac

163 4868 302 4939 perierem
323 4861 462 4934 praesumi
483 4858 633 4931 prudenter
655 4858 742 4929 possit
762 4857 821 4914 tulis
841 4858 969 4914 voluutas
1004 4870 1081 4934 parte
1096 4861 1220 4935 specialis
1243 4863 1401 4934 probibitio,
1420 4869 1448 4919 et
1468 4861 1527 4918 ideo
1546 4861 1732 4918 necessarium
1753 4875 1807 4916 non

164 4952 363 5028 superiorisiu
374 4955 483 5023 quoest
498 4949 612 5026 maxime
627 4945 826 5004 advertendum
839 4963 887 5020 pro
903 4962 971 5003 con·
1008 4958 1051 5008 ast
1066 4954 1136 5008 inter
1150 4965 1199 5009 eus
1213 4950 1392 5024 distinguere,
1408 4960 1441 5008 ur
1455 4950 1617 5023 supradixi.

165 5043 296 5100 scientiae
312 5041 385 5110 loro,
397 5045 430 5096 ut
443 5036 569 5094 subditus
581 5038 606 5092 in
621 5051 654 5094 eo
669 5053 737 5093 casu
752 5037 863 5095 honeste
875 5053 971 5109 opere·
1045 5041 1162 5113 Oportet
1181 5047 1286 5112 autem,
1301 5042 1454 5112 praelatum
1475 5039 1627 5112 procedere
1644 5041 1670 5095 in
1680 5055 1724 5100 ,eo
1744 5044 1811 5095 actu

166 5141 225 5206 tur,
240 5129 428 5189 necessarium
442 5143 513 5196 esse,
527 5133 559 5183 ut
573 5135 635 5184 ante
647 5127 749 5184 lactum
760 5137 918 5200 praesumat
928 5145 970 5185 se·
1005 5146 1038 5188 ex
1052 5137 1128 5188 certa
1143 5131 1257 5188 scientia
1269 5129 1405 5204 deiectus,
1419 5147 1467 5188 seu
1484 5129 1596 5204 vinculi,
1616 5132 1641 5187 in
1657 5145 1713 5203 quo
1728 5130 1810 5187 tacite

165 5239 231 5279 cunr
252 5237 314 5279 esse
334 5219 539 5292 dispensatum,
556 5233 635 5275 nemo
652 5219 723 5298 enirn
745 5226 838 5291 potest
856 5219 970 5277 honeste
1007 5220 1156 5294 dispensat,
1176 5222 1242 5294 quia
1257 5220 1278 5276 si
1293 5219 1359 5278 iilud
1374 5222 1557 5294 ignoratum
1573 5221 1670 5294 poterit
1686 5219 1812 5277 voluntas
