4256 6224
390 348 453 412 578
923 301 934 324 x
1101 357 1203 410 urana
1218 361 1269 412 rx.

350 489 448 547 Christi
473 496 603 562 mortem3
625 505 703 562 erge.
727 488 863 547 Probatur
885 488 990 559 minor,
1009 488 1098 560 primo
1117 501 1151 542 ex
1186 489 1302 544 loannes
1315 489 1436 560 Baptista
1450 488 1637 546 sanctificatus
1650 489 1676 546 ia
1692 496 1834 561 utero,ea
1850 496 2003 564 praecepto

351 582 492 637 communi
508 582 641 638 sententia
655 579 937 654 theologorum,quos
951 577 1101 650 retuli,qui
1113 583 1153 633 et·
1186 583 1229 632 est
1250 578 1451 668 circumcisus,
1473 584 1502 635 et
1522 578 1626 651 inians,
1643 581 1689 652 qui
1710 589 1824 653 propter
1842 580 2001 654 periculum

350 670 404 728 iam
419 671 571 744 loquuntur
582 671 616 728 de
630 671 888 743 circumcisione,et
902 670 1060 742 praesertim
1075 666 1153 722 divus
1187 667 1285 724 mortis
1299 668 1419 725 remedio
1430 668 1497 740 legis
1507 674 1623 725 naturae
1635 671 1798 726 sanctfficari
1815 677 1930 742 poterat
1941 677 2002 726 ante

349 761 467 818 Thomas
481 763 507 817 in
520 766 549 832 i,
562 760 589 818 d.
604 766 631 825 3,
644 769 697 818 art.
715 766 742 828 5,
755 761 929 834 quaestione.
945 765 972 828 3,
985 760 1051 816 Solo
1063 756 1109 812 lib.
1122 760 1150 813 2.
1187 749 1314 815 octauum
1331 757 1402 814 diem
1413 779 1421 830 ς
1434 757 1609 815 nibilominus
1621 765 1716 830 postea
1736 760 1937 818 convalescens
1948 763 2003 817 cir-

350 849 383 908 dc
396 852 460 908 iusi.
474 868 502 924 q.
518 857 545 924 5,
559 857 610 908 art.
624 855 651 917 l,
663 858 692 907 et
702 851 771 907 bene
781 852 865 907 llaior
875 849 943 906 dict.
956 844 1153 922 quaesa.a,nbi
1186 845 1387 904 cumcideudus
1405 854 1464 904 erat
1483 863 1517 904 ex
1531 851 1697 908 necessitate
1711 853 1864 923 praecepti.
1883 852 1955 919 Quia
1972 851 2002 906 li-

350 940 450 1014 allegat
463 941 587 998 Glossam
600 943 627 997 ia
642 941 717 997 loen.
735 946 763 1012 3,
776 946 804 997 et
818 940 852 996 ad
867 939 950 996 liebr.
967 943 1011 997 10.
1025 935 1152 994 Secundo
1186 940 1231 991 cet
1251 950 1305 991 non
1327 936 1461 1009 indigeret
1477 937 1522 995 ilia
1536 946 1569 995 ut
1582 939 1703 997 remedio
1718 944 1825 1012 peccati
1846 941 1999 1014 originalia

348 1030 499 1104 probatur,
519 1032 585 1103 quia
607 1037 782 1102 praecepium
798 1027 1030 1096 circumcisionis,
1046 1025 1089 1080 vel
1103 1024 1154 1080 luit
1185 1022 1361 1082 nibilominus
1377 1028 1533 1083 necessaria
1545 1036 1607 1085 erat
1622 1036 1652 1085 ut
1666 1031 1802 1100 professio
1828 1030 1904 1087 illius
1919 1031 1997 1104 legis.

351 1119 472 1177 ablatum
495 1127 558 1176 ante
579 1119 732 1191 passionem
754 1134 802 1189 per
823 1131 980 1189 expressam
1000 1114 1152 1171 revocatio·
1186 1111 1292 1169 Etenim
1313 1115 1492 1172 circumcisio
1509 1115 1575 1172 data
1594 1118 1676 1174 etiam
1692 1126 1734 1176 eat
1750 1120 1795 1193 let
1811 1121 1935 1176 tortasse
1948 1122 2001 1193 pri·

352 1225 414 1266 nem
426 1253 432 1280 ,
444 1217 472 1266 et
485 1209 539 1265 hoc
553 1225 624 1278 non,
638 1210 702 1281 quia
716 1193 809 1264 duilibi
822 1207 959 1263 invenitur
969 1250 976 1276 ,
988 1219 1038 1262 nec
1050 1204 1083 1260 de
1095 1201 1151 1273 ilio,
1184 1203 1290 1277 ruariol
1305 1204 1339 1262 ad
1353 1206 1573 1279 consignandum
1589 1208 1719 1279 populum
1735 1211 1798 1276 liei,
1815 1218 1844 1266 et
1858 1208 1998 1280 professo·

351 1315 404 1356 nec
418 1299 452 1356 de
466 1306 524 1358 tcta
537 1299 611 1372 lege,
623 1297 666 1354 sel
681 1313 728 1369 per
742 1297 922 1354 cessationem
937 1298 1086 1368 puram;et
1100 1291 1152 1348 hac
1186 1309 1231 1350 res
1251 1294 1318 1368 legis
1342 1295 1415 1352 eius:
1438 1303 1466 1352 at
1489 1295 1533 1352 hic
1556 1296 1615 1351 linis
1638 1313 1747 1368 semper
1767 1299 1867 1355 habuit
1891 1297 1995 1369 lacurn,

263 1419 271 1432 =
351 1392 432 1446 etiarn
454 1389 508 1446 dici
528 1405 583 1445 nou
603 1393 710 1460 potest,
726 1388 788 1459 quia
808 1385 850 1442 lex
864 1383 1083 1442 circumcisionis
1097 1389 1152 1438 tam
1186 1385 1318 1456 quamdiu
1332 1385 1996 1461 synagogaetlexlloysidurauit.ltemiudaeus

351 1478 473 1536 absolute
495 1478 548 1534 lata
566 1483 621 1550 est,
638 1478 715 1532 sicut
729 1477 780 1532 alia
798 1483 945 1547 praecepta
959 1473 1042 1546 legis,
1058 1478 1086 1527 et
1099 1487 1152 1527 nou
1187 1473 1331 1531 tenebatur
1344 1491 1427 1532 suurn
1441 1475 1527 1531 illium
1540 1476 1756 1548 primogenitum
1767 1493 1795 1533 v.
1808 1493 1838 1550 g.
1854 1478 1996 1549 intemplo

350 1574 394 1624 est
409 1567 506 1640 aliquis
524 1569 656 1624 terminus
669 1565 821 1622 durationis
836 1565 994 1635 designatus
1009 1577 1059 1633 pra
1075 1575 1153 1632 prae·
1187 1569 1377 1634 praesentare,
1389 1569 1417 1621 et
1430 1565 1506 1621 circa
1520 1564 1595 1620 illum
1611 1564 1730 1639 reliquas
1744 1565 1813 1639 legis
1833 1567 1922 1642 iloysi
1937 1583 1998 1624 cae-

351 1663 432 1730 cepto
451 1655 671 1713 circumcisionis
691 1655 841 1712 distinctus
855 1671 871 1710 a
887 1655 1002 1710 termino
1017 1651 1101 1708 totius
1115 1649 1154 1708 le·
1186 1653 1322 1708 aemonias
1336 1667 1481 1723 exercere,
1493 1669 1612 1726 quarum
1623 1669 1708 1726 capax
1721 1671 1773 1711 non
1784 1663 1865 1728 erat,
1882 1657 1935 1712 nisi
1946 1659 1998 1713 cir·

349 1748 409 1820 gis,
424 1755 453 1805 et
473 1747 548 1818 prior
567 1745 624 1802 ilio.
639 1745 691 1802 Ubi
704 1745 775 1801 enim
790 1743 853 1800 talis
871 1742 980 1800 termini
994 1741 1022 1798 lit
1036 1740 1154 1798 mentio?
1187 1745 1345 1814 cumcisus3
1363 1757 1430 1815 ergo
1441 1745 1597 1800 necessaria
1607 1751 1664 1800 erat
1675 1750 1740 1802 ωηο
1752 1746 1935 1802 circumcisio
1949 1747 1997 1803 illis

349 1838 384 1895 Et
397 1836 456 1893 ideo
472 1835 505 1892 ad
520 1835 590 1892 banc
605 1834 802 1906 cessationem,
819 1851 868 1891 seu
883 1832 1085 1905 abrogationem
1104 1832 1154 1900 im·
1186 1831 1308 1903 pervariis
1324 1837 1453 1904 tauquam
1468 1833 1551 1888 ianua
1564 1831 1637 1888 illius
1651 1832 1731 1905 legis,
1749 1841 1780 1890 et
1790 1834 1998 1908 setntioapoet·

348 1927 487 2000 pertinens
504 1931 561 1998 est,
577 1923 650 1998 quod
664 1929 844 1996 praeceptum
857 1920 1077 1980 circumcisionis
1091 1929 1152 1976 ante
1185 1927 1227 1976 tas
1241 1919 1274 1977 ad
1289 1927 1462 1978 sacramento
1479 1924 1539 1978 eius
1557 1929 1585 1980 et
1600 1922 1750 1995 sacrificia,
1766 1940 1833 1997 ergo
1852 1925 1923 1982 baec
1939 1933 1996 1982 erat

349 2017 438 2092 legem
454 2017 551 2074 ditum
566 2015 799 2088 liiuqfllldfliuffl
813 2010 1153 2082 ⁰⁵l⁰⁰¹1¹0⁰d0¹118011010
1186 2015 1327 2074 sufficiens
1350 2019 1421 2074 ratio
1441 2021 1469 2073 et
1485 2017 1636 2074 necessitas
1655 2015 1808 2073 durationis
1833 2015 1898 2074 talis
1920 2032 1997 2090 pras·
2099 2099 2100 2104 η

349 2108 533 2177 aeternitatis,
546 2113 578 2163 ut
591 2105 630 2161 sic
645 2104 750 2174 dicam,
765 2119 815 2160 seu
829 2102 976 2176 longaevae
990 2098 1151 2171 durationis,
1187 2107 1269 2178 oppii,

348 2201 414 2255 item
431 2198 526 2255 datum
541 2202 598 2268 est,
614 2201 646 2251 ut
659 2193 797 2250 inchoatio
813 2192 897 2265 legis,
910 2199 938 2249 et
949 2197 980 2248 ut
991 2203 1152 2263 permansu-
1228 2199 1256 2252 9,
1273 2197 1353 2253 Dicet
1366 2194 1480 2268 uliquis,
1493 2195 1515 2252 si
1530 2195 1704 2254 antechristi
1719 2202 1835 2254 mortem
1847 2196 1960 2269 ὅθῃῡιῑς
1970 2197 1995 2252 jn

349 2303 414 2344 rum
430 2302 495 2343 cum
511 2278 616 2351 illisit
629 2281 864 2356 issc⁰rtl⁰rltldt¹m
878 2281 931 2354 illi,
943 2287 971 2339 ei
984 2279 1044 2336 ideo
1056 2285 1088 2335 lli
1100 2276 1152 2335 dli·
1186 2285 1325 2344 Christum
1341 2285 1457 2343 credens
1471 2286 1553 2342 lilium
1569 2301 1652 2342 suurn
1671 2286 1797 2343 infantem
1818 2287 1994 2358 baptizasset,

348 2382 475 2434 ratarum
492 2373 627 2448 usquead
642 2374 770 2431 eumdem
784 2373 929 2430 terminum
944 2373 1029 2428 totius
1043 2369 1121 2442 legis.
1186 2391 1240 2432 non
1255 2382 1395 2433 teneretur
1407 2382 1502 2447 postea
1513 2376 1649 2447 applicare
1659 2375 1696 2431 illi
1713 2377 1997 2448 sacramentumiegis
2099 2377 2100 2426 l

389 2469 416 2524 7.
432 2466 478 2522 liei
494 2467 660 2537 abrogatum
675 2463 728 2520 luit
739 2462 807 2521 iilud
822 2470 1000 2534 praeceptum
1016 2453 1065 2532 pe'r
1078 2460 1152 2518 aliud
1188 2471 1320 2538 naturae3
1341 2480 1408 2537 ergo
1428 2481 1519 2538 oeque
1534 2464 1648 2522 iudaeus
1669 2462 1754 2520 fidelis
1774 2463 1952 2536 obligabatur
1969 2467 1996 2520 in
2099 2493 2100 2522 ;

349 2555 387 2612 illi
402 2571 573 2628 repugnans,
589 2554 631 2610 uel
646 2553 713 2611 iliud
726 2552 890 2622 excludens,
906 2559 934 2608 et
949 2550 1000 2607 boc
1014 2551 1096 2607 etiam
1110 2557 1153 2606 est
1186 2554 1266 2611 simili
1281 2571 1349 2611 casu
1364 2554 1501 2626 applicare
1520 2559 1722 2616 sacramentum
1741 2552 1808 2626 legis
1828 2553 1928 2628 ltoysi.
1945 2555 1995 2609 lle·
2099 2587 2100 2602 η

349 2646 460 2716 laisum,
474 2646 538 2719 quia
552 2645 668 2702 manime
680 2641 1069 2716 perpraeceptumbaptism13
1084 2638 1152 2697 iliud
1186 2643 1355 2717 spondetur,
1369 2643 1492 2715 negando
1507 2633 1730 2715 consequentiam
1741 2663 1749 2714 i
1762 2643 1827 2714 quia
1838 2643 1864 2698 in
1877 2642 1938 2716 iege
1949 2659 1996 2698 na-

349 2744 443 2794 autem
463 2753 516 2794 non
538 2738 590 2793 luit
610 2735 766 2807 impositum
790 2731 946 2790 bominibus
967 2738 1029 2788 ante
1049 2731 1152 2787 Christi
1186 2739 1267 2790 turae
1283 2749 1335 2789 non
1347 2739 1408 2790 erat
1421 2732 1608 2790 determinatio
1621 2730 1822 2789 iaataalicuius
1835 2748 1995 2790 sacramen·

348 2834 481 2899 martem,
501 2834 532 2883 ut
550 2841 624 2883 nuuc
644 2825 839 2897 supponimus;
859 2838 936 2894 ergo.
954 2823 1051 2890 ilices,
1068 2820 1151 2876 luisse
1185 2823 1221 2894 ti,
1237 2838 1288 2879 nec
1302 2821 1442 2894 peculiare
1453 2827 1631 2894 pracceptum
1647 2824 1767 2894 positum
1778 2863 1786 2890 ,
1798 2829 1913 2894 praeter
1927 2822 1994 2879 illud

349 2917 443 2974 datum
459 2916 615 2973 consilium.
633 2913 812 2988 Respondes,
823 2920 885 2969 esto
897 2913 933 2968 ita
946 2913 992 2982 sit,
1004 2909 1152 2983 poteratii·
1184 2913 1311 2986 generale
1326 2911 1501 2969 subveniendi
1515 2911 1573 2968 ultis
1584 2924 1632 2982 per
1642 2909 1754 2983 aliquod
1768 2910 1924 2968 remedium
1940 2913 1996 2968 sul·

349 3005 397 3062 lud
411 3005 555 3063 consilium
570 3005 709 3076 acceptari
718 3010 765 3077 ,et
778 3002 933 3060 executioni
947 3001 1082 3072 mandari,
1093 3015 1151 3056 ser·
1185 3004 1293 3075 ficiens,
1309 3002 1390 3076 quale
1403 3009 1463 3058 arat
1474 2999 1534 3058 fidei
1544 3000 1688 3074 applicatio
1698 3041 1706 3072 ,
1718 3015 1903 3074 quocumque
1916 3003 1994 3074 signo

348 3104 414 3154 vato
433 3095 513 3152 simui
529 3093 746 3172 circumcisionis
760 3099 918 3164 praecepto.
934 3091 1012 3148 Sicut
1024 3093 1096 3146 enim
1110 3092 1151 3147 iu·
1185 3096 1276 3164 lieret,
1292 3099 1321 3149 et
1341 3092 1401 3149 ideo
1421 3108 1469 3164 per
1488 3092 1653 3162 baptismum
1675 3091 1742 3146 baec
1761 3090 1895 3164 obligatio
1917 3091 1995 3148 suili-

307 3167 311 3174 ’
348 3186 433 3244 daeus
445 3185 817 3255 circumcisuspoteratante
828 3182 929 3238 Christi
941 3181 1152 3253 mertembapti·
1185 3184 1289 3240 eleuter
1307 3181 1481 3253 implebatur.
1499 3181 1555 3236 lmo
1576 3181 1995 3252 iamnenmaoebatparvulus
2099 3231 2100 3256 ,

347 3276 403 3334 uari
414 3291 446 3333 ex
458 3276 646 3347 consilin,ncu
657 3273 782 3329 obstante
794 3271 1096 3358 circumcisioueprius
1108 3287 1151 3328 re·
1185 3289 1273 3345 capax
1292 3273 1356 3329 nasi
1377 3273 1544 3328 sacramenti
1558 3270 1623 3342 legis
1638 3277 1771 3343 naturae,
1794 3272 1861 3343 quia
1873 3285 1909 3327 ee
1923 3273 1993 3343 ipso,

348 3372 446 3438 cepta,
462 3365 498 3421 ita
512 3370 619 3437 poterat
634 3361 716 3418 simul
735 3359 950 3428 circumcidere,
970 3365 998 3416 et
1015 3360 1150 3434 baptizare
1184 3361 1259 3436 quod
1272 3349 1327 3419 non
1341 3367 1401 3418 erat
1411 3360 1530 3432 primunr
1540 3401 1548 3432 ,
1560 3357 1666 3417 nullum
1678 3368 1748 3418 erat.
1769 3361 1859 3418 Secus
1873 3376 1942 3418 vero
1953 3369 1995 3417 est

347 3454 431 3512 lilium
447 3470 528 3510 suum
539 3495 547 3524 ,
560 3469 592 3510 ac
607 3450 723 3509 subinde
739 3450 849 3525 implere
864 3456 1058 3523 praeceptum,
1069 3457 1097 3506 et
1111 3450 1150 3507 uti
1184 3452 1217 3509 de
1228 3451 1450 3521 circumcisione,
1463 3451 1568 3524 quaein
1582 3449 1744 3522 particulari
1763 3457 1823 3508 erat
1834 3461 1992 3524 praecepta,

348 3544 473 3602 consilio.
490 3543 606 3612 Quando
620 3541 1149 3612 autamconsiliumetpraeceptumta·
1184 3559 1237 3600 ηοη
1258 3542 1348 3600 solum
1369 3542 1394 3598 iu
1415 3539 1583 3612 remedium,
1604 3539 1652 3596 sed
1670 3540 1753 3597 etiam
1768 3526 1803 3597 'in
1818 3542 1948 3614 signum,
1964 3551 1994 3599 ul

346 3634 382 3692 lia
398 3641 475 3706 sunt,
488 3641 519 3690 ut
532 3632 613 3691 simul
624 3632 729 3688 servari
741 3633 861 3703 possint3
874 3630 1019 3688 consilium
1031 3647 1085 3688 aaa
1098 3631 1149 3689 tol·
1184 3632 1253 3704 diai3
1270 3637 1298 3688 et
1311 3630 1369 3688 dari
1384 3636 1509 3702 poterat,
1522 3645 1575 3685 uon
1590 3629 1715 3687 obstante
1730 3631 1815 3702 priori
1832 3647 1994 3688 sacramen·

348 3723 380 3780 lit
393 3731 588 3797 praeceptum,
604 3721 652 3778 sed
670 3729 737 3778 tuac
753 3721 860 3790 tolum,
875 3718 985 3792 quando
1000 3728 1150 3794 utrumque
1183 3727 1228 3794 to,
1245 3729 1277 3778 ut
1296 3721 1426 3792 exemplis
1445 3719 1496 3776 iam
1517 3720 1689 3778 declaratum
1708 3727 1761 3777 est.
1786 3723 1878 3793 itque
1893 3736 1928 3778 ex
1942 3721 1993 3778 boc

348 3813 429 3870 simul
442 3813 538 3885 exequi
552 3817 704 3885 repugnat,
716 3819 749 3867 ut
759 3809 893 3881 contingit
903 3811 929 3865 io
940 3810 1054 3866 consilio
1067 3811 1150 3866 casai·
1183 3811 1313 3868 discursu
1328 3810 1451 3868 solutum
1465 3816 1558 3867 manet
1571 3808 1782 3867 laudamentum
1801 3811 1890 3867 Scoli.
1908 3811 2008 3867 idem·-

349 3901 429 3972 tatis,
444 3908 472 3957 et
486 3900 676 3956 matrimonio:
690 3915 752 3956 uam
768 3899 790 3955 si
806 3899 917 3955 castitas
931 3905 974 3956 est
984 3899 1009 3954 in
1021 3899 1148 3970 oonsilio,
1182 3916 1236 3975 que
1251 3899 1396 3957 discursus
1410 3899 1488 3956 laciie
1503 3898 1633 3971 applicari
1648 3905 1740 3972 potest
1751 3897 1785 3956 ad
1804 3905 1895 3956 totam
1906 3901 1993 3974 legem

349 3997 425 4047 recte
440 3989 611 4062 colligimus,
627 3988 831 4046 matrimonium
847 4003 896 4060 pro
909 3995 975 4045 tuuc
987 4004 1040 4045 aon
1050 4003 1111 4044 esee
1122 3990 1149 4045 in
1182 3989 1254 4046 etad
1266 3993 1382 4062 primam
1394 3989 1575 4046 assertionem
1586 3987 1812 4046 confirmandam.
1831 3989 1993 4057 Quinetiam

348 4086 513 4152 praeceptos
529 4094 613 4136 secus
634 4095 699 4135 vero
718 4083 762 4136 'est
776 4079 800 4134 in
816 4080 960 4150 praesenti.
977 4077 1035 4135 lmo
1051 4079 1073 4134 si
1087 4078 1148 4151 quis
1183 4078 1226 4136 iila
1238 4087 1294 4136 tota
1304 4095 1359 4136 non
1373 4081 1553 4151 e'stespresse
1564 4087 1693 4136 reuocata
1705 4087 1768 4136 ante
1786 4085 1909 4137 moriem
1919 4080 1994 4138 Cirri-

348 4178 426 4228 recte
441 4169 615 4239 consideret,
629 4169 711 4225 etiam
726 4174 792 4224 tunc
806 4167 953 4225 consilium
968 4183 1020 4223 non
1035 4167 1149 4241 derogat
1182 4170 1233 4239 sti,
1251 4183 1302 4226 nec
1321 4170 1455 4226 terminus
1473 4168 1509 4224 iili
1529 4169 1671 4241 appositus
1690 4169 1742 4225 luit
1765 4175 1847 4226 antea
1861 4185 1993 4228 consum-

346 4267 510 4334 praecepto,
530 4258 578 4315 sed
598 4259 728 4331 supponit
747 4274 801 4315 non
817 4272 878 4314 esse
892 4265 959 4314 ωηο
973 4257 1026 4314 tale
1040 4273 1149 4330 praece·
1184 4265 1291 4330 matus,
1314 4274 1375 4315 nam
1390 4273 1455 4315 cum
1469 4257 1571 4314 dicitur
1585 4256 1679 4314 donec
1693 4261 1806 4315 ueniret
1826 4274 1938 4322 senten,
1955 4261 1992 4316 in·

346 4358 443 4425 ptum,
458 4358 485 4408 et
504 4349 564 4406 ideo
585 4348 667 4412 habet
686 4348 779 4406 locum
793 4345 954 4405 consdiu‘m:
971 4363 1032 4405 nana
1047 4349 1068 4403 si
1084 4365 1149 4430 sup·
1183 4346 1264 4422 telligi
1285 4345 1366 4404 debet
1385 4347 1419 4404 de
1437 4346 1544 4404 Christo
1559 4355 1752 4405 consummato
1767 4349 1795 4403 ia
1811 4351 1920 4407 rotiana
1933 4349 1992 4406 red·

345 4449 466 4517 ponatur
479 4456 579 4513 casus,
593 4439 618 4494 in
627 4453 682 4511 quo
693 4445 870 4510 praeceptum
883 4437 995 4512 obligat,
1007 4454 1147 4511 nunquam
1182 4439 1330 4508 emptoris,
1353 4443 1384 4494 ut
1405 4437 1445 4494 sic
1458 4437 1564 4508 dicam,
1585 4452 1674 4510 neque
1688 4437 1769 4495 eiiam
1784 4444 1854 4496 tunc
1867 4440 1990 4496 nauales

345 4535 446 4607 poterit
465 4545 514 4604 per
534 4528 681 4586 eonsilium
701 4529 819 4602 aaaierri,
834 4531 900 4600 quia
917 4545 971 4585 nou
986 4534 1079 4600 potest
1092 4529 1148 4586 tale
1182 4525 1236 4584 lata
1249 4526 1353 4594 iuerat,
1371 4541 1442 4599 quae
1457 4527 1539 4584 aliam
1552 4525 1723 4584 excluderet.

346 4623 493 4681 consilium
509 4619 608 4677 babere
623 4618 732 4691 locum,
754 4618 803 4674 nisi
817 4621 894 4690 prius
908 4625 1080 4690 supponatur
1091 4635 1148 4676 ma·
1225 4616 1440 4674 lb.tludelacile
1452 4617 1751 4688 respondeturadduos
1769 4617 1943 4677 abiectiones
1952 4621 1990 4676 ul·

348 4716 416 4771 teria
429 4728 494 4770 cum
509 4709 610 4768 talibus
624 4708 857 4781 circumstantiis,
876 4724 941 4766 cum
955 4707 1055 4780 quibus
1069 4723 1146 4782 prae·
1181 4709 1273 4777 times,
1289 4715 1316 4763 et
1328 4706 1477 4779 generales.
1490 4709 1610 4775 Quarum
1623 4709 1698 4778 prior
1709 4707 1873 4766 sumebatur
1887 4726 1920 4767 es
1932 4725 1990 4768 aar·

345 4810 456 4876 ceptum
472 4818 525 4858 ηοη
539 4799 650 4873 obligat.
837 4805 852 4834 ·'
1181 4796 1222 4853 bis
1242 4796 1340 4854 Christi
1364 4799 1435 4860 Luc.
1460 4800 1507 4854 aa:
1532 4801 1595 4854 Lacr
1614 4801 1643 4852 et
1659 4797 1823 4871 propbetas
1843 4816 1939 4873 aesque
1951 4800 1989 4857 od

385 4899 412 4952 8.
426 4893 474 4950 Vel
489 4891 608 4962 denique
621 4895 759 4946 cessasset
768 4894 948 4962 praeceptum
958 4887 1148 4945 circumcisio·
1181 4890 1336 4944 Ioannem.
1354 4887 1433 4944 Circa
1448 4901 1518 4958 quae
1530 4885 1761 4943 considerandum
1772 4895 1826 4958 est,
1841 4887 1935 4962 legem
1947 4907 1988 4947 ae·

345 4985 387 5040 nis
401 4984 480 5055 qiuasi
494 4997 527 5038 ex
542 4979 650 5036 deiectu
663 4982 803 5048 materiae,
816 4979 881 5050 quia
894 4979 946 5047 iam
961 4978 1086 5035 cessabat
1100 4995 1146 5036 ne·
1180 4984 1267 5034 terem
1281 4974 1361 5032 simul
1379 4975 1462 5031 luisse
1477 4974 1564 5047 legem
1579 4974 1755 5046 obligantem,
1771 4982 1799 5032 et
1813 4979 1987 5051 prophetiam

346 5073 459 5128 cessitas
474 5071 547 5126 iliius
562 5069 691 5140 remedii,
706 5067 865 5141 baptizando
880 5066 1036 5139 parvulum.
1048 5069 1082 5124 Et
1093 5067 1145 5125 boc
1180 5067 1355 5138 futurorum,
1376 5073 1405 5122 et
1419 5071 1531 5137 pactum
1546 5059 1688 5120 contineris
1706 5069 1908 5138 promissiones
1923 5077 1987 5126 tem-

345 5161 426 5217 etiam
446 5169 518 5216 stare
537 5174 591 5215 ηοη
609 5166 716 5228 potest,
734 5165 794 5214 tum
810 5157 874 5229 onio
895 5164 1074 5229 praeceptum
1093 5158 1147 5214 cir·
1181 5158 1305 5231 penales,
1327 5163 1355 5213 et
1370 5157 1528 5228 magistram
1544 5170 1664 5211 morum.
1679 5155 1719 5212 lbi
1732 5171 1801 5228 ergo
1819 5173 1875 5215 non
1891 5165 1988 5216 tractat

345 5249 521 5314 eumcisioais
535 5263 589 5306 noa
601 5247 768 5306 tundebatur
779 5247 805 5303 io
819 5247 870 5304 bac
882 5247 1061 5320 necessitate,
1074 5247 1145 5305 rande
1180 5248 1306 5307 Christus
1324 5245 1357 5304 de
1376 5247 1451 5320 lege,
1471 5253 1503 5304 ut
1521 5245 1562 5303 lex
1581 5251 1624 5304 est
1638 5243 1781 5322 obligans,
1797 5247 1846 5305 sed
1864 5249 1918 5305 sub
1931 5249 1987 5306 aliis
