4290 6222
886 325 1082 380 caruxxrx.
1686 314 1746 377 ιιι

150 453 315 526 superiore,
336 453 393 510 sira
411 467 461 527 per
474 455 710 512 renunciationem
725 468 899 526 expressam,
915 454 958 512 vel
995 457 1077 513 unius
1091 472 1174 514 casus
1188 456 1331 527 reservati,
1345 455 1533 530 intelliguntur
1548 455 1591 512 alii
1612 457 1747 514 concessi.
1764 457 1799 514 Et

149 546 277 601 tacitam.
754 543 759 552 '
993 546 1058 603 licet
1071 563 1155 618 supra
1169 547 1333 618 dixerimus,
1349 562 1398 618 per
1411 547 1645 603 confirmationem
1668 549 1695 602 in
1711 548 1800 604 iorma

194 638 222 690 5.
238 635 325 690 Secus
339 647 405 690 vero
418 632 528 690 videtur
542 648 622 705 esse,
638 632 749 706 quando
763 633 903 690 revocatio
918 633 958 690 la·
993 637 1135 694 communi
1150 653 1202 693 uon
1218 637 1344 694 ratificari
1360 636 1499 709 privilegia
1513 635 1606 706 nulla,
1623 636 1799 694 nihilominus

152 729 203 778 cta
227 727 270 779 est
291 723 350 780 iura
373 724 529 794 communi,
544 737 577 778 ex
601 723 741 780 contrario
764 721 955 796 tundamento,
993 726 1017 780 si
1031 725 1056 780 in
1071 726 1117 782 tali
1133 726 1338 782 confirmatione
1353 724 1471 782 addatur
1482 725 1605 797 exceptio
1623 728 1705 782 unius
1717 727 1799 798 privi-

151 811 232 884 quod
244 811 372 884 princeps
383 812 568 883 praesumitur
580 827 631 869 non
640 814 768 885 ignorare
781 812 823 868 ius
832 827 957 868 commu·
993 815 1053 886 legii
1074 815 1140 872 elias
1161 815 1246 886 irriti,
1268 813 1311 871 vel
1332 814 1470 881 revocati,
1487 829 1520 870 eo
1542 814 1600 885 ipso
1625 815 1797 889 intelligitur,

153 916 211 970 ne,
227 899 254 956 d.
270 916 332 972 cap.
354 906 377 971 ις
394 908 421 957 et
434 901 495 956 idea
510 903 532 956 si
548 902 691 958 confirmat
705 915 738 958 ex
752 907 830 957 certa
844 901 958 956 seientia
993 911 1113 962 mentem
1137 905 1322 962 confirmantis
1347 919 1408 960 esse
1433 904 1593 960 confirmare
1618 905 1707 961 omnia
1733 905 1794 978 alia,

151 988 328 1062 privilegium
342 996 503 1046 revocatum
515 989 574 1046 iure
585 991 736 1059 communi,
749 997 879 1046 censetur
890 989 958 1046 illud
992 994 1098 1050 etiamsi
1118 1001 1211 1050 essent
1230 995 1345 1063 amissa,
1361 993 1401 1049 vel
1423 993 1516 1065 irrita,
1533 1000 1564 1050 ut
1577 994 1660 1050 tradit
1678 993 1797 1052 beldin
1815 1053 1818 1060 ,

151 1079 312 1134 restituero.
333 1079 408 1136 Sciet
422 1086 513 1136 autem
528 1080 553 1135 in
564 1079 616 1136 noc
632 1079 695 1146 addi
709 1080 846 1137 restrictio
862 1080 958 1136 distin·
993 1084 1067 1140 laud.
1087 1083 1128 1139 tit.
1146 1100 1192 1156 per
1206 1099 1278 1156 quos
1293 1083 1338 1139 fiat
1350 1084 1522 1152 investitura,
1534 1100 1560 1139 c.
1580 1087 1604 1152 l,
1618 1100 1655 1160 ιι.Ι
1665 1089 1694 1154 2,
1708 1091 1735 1140 et
1748 1102 1796 1142 su·

151 1166 265 1239 guendc
278 1169 349 1223 iuter
363 1169 405 1224 ius
420 1169 761 1238 commune-ordinarium,
777 1169 818 1225 rel
833 1171 875 1225 ius
891 1185 956 1226 con·
994 1175 1078 1228 mitur
1093 1188 1108 1228 a
1123 1173 1202 1228 simili
1217 1189 1250 1229 ex
1264 1172 1359 1228 eodem
1374 1175 1399 1228 iu
1415 1173 1434 1228 l.
1455 1170 1574 1247 t,gsed
1587 1175 1792 1246 accipiuntur,

153 1256 211 1312 cilii
225 1258 372 1329 generalis,
389 1264 419 1314 ut
433 1259 457 1312 ia
472 1259 556 1329 priori
570 1259 674 1316 servari
687 1258 785 1317 debeat
798 1259 893 1332 regula
907 1259 955 1317 da·
994 1262 1022 1318 ll.
1034 1261 1067 1316 de
1078 1262 1128 1317 ier.
1145 1262 1197 1319 ubi
1212 1263 1342 1318 rationem
1355 1261 1478 1323 adducit.
1491 1263 1554 1334 quia
1565 1264 1691 1332 exceptio
1704 1264 1794 1320 firmat

74 1335 78 1344 '
154 1351 199 1414 ta,
216 1347 243 1402 in
261 1347 403 1418 posteriori
416 1355 508 1405 autem
520 1351 705 1404 necessarium
716 1352 784 1419 erit,
798 1357 829 1406 ut
840 1350 886 1406 dat
896 1366 958 1421 spe·
993 1350 1115 1422 regulam
1131 1351 1157 1406 iu
1171 1352 1357 1421 contrarium,
1370 1349 1389 1405 l.
1403 1349 1550 1414 tribunus,
1562 1357 1579 1416 s
1591 1349 1641 1406 ult.
1656 1351 1683 1407 ll.
1697 1351 1730 1407 de
1743 1353 1792 1408 mi·

154 1435 234 1491 ciaiia
258 1438 359 1494 mentio
381 1453 429 1508 per
448 1438 602 1495 clausulam
617 1455 677 1494 oco
691 1439 823 1497 obstante
836 1456 957 1498 recoca-
992 1440 1033 1497 lit.
1050 1447 1159 1498 testam.
1176 1457 1257 1513 quem
1273 1439 1381 1514 allegat,
1393 1446 1421 1495 et
1435 1439 1558 1512 sequitur
1573 1442 1651 1496 lason
1667 1442 1692 1497 in
1707 1441 1726 1498 l.
1740 1443 1789 1499 ult.

153 1527 234 1580 tione
250 1524 320 1582 talis
338 1525 469 1594 ementiti,
490 1527 532 1582 vel
547 1528 643 1584 saltem
657 1529 793 1602 generalis
807 1530 914 1586 concilii
930 1533 957 1586 in
993 1530 1020 1586 ff.
1038 1530 1112 1602 quod
1127 1531 1243 1602 quisque
1258 1531 1337 1585 iuris.
1353 1529 1549 1587 Verumtamen
1570 1530 1647 1587 valde
1661 1532 1743 1589 etiam
1758 1532 1793 1588 de

154 1618 309 1672 communi.
326 1617 392 1684 Quia
413 1619 530 1675 concilio
544 1616 662 1690 generali
677 1634 729 1673 non
744 1618 893 1691 derogatur
907 1619 957 1675 nisi
992 1617 1043 1674 bac
1057 1618 1239 1676 declaratione
1253 1618 1358 1675 dubito.
1375 1619 1442 1675 llam
1456 1634 1489 1675 ex
1503 1619 1550 1674 illa
1563 1622 1697 1691 sequitur,
1717 1621 1791 1679 illam

155 1721 207 1778 per
220 1721 376 1777 expressam
391 1707 560 1787 clausulam,
579 1716 611 1764 ut
623 1717 665 1764 est
680 1709 774 1781 regula
789 1709 958 1779 iurisperito·
991 1710 1177 1780 exceptionem
1191 1708 1311 1765 additam
1322 1723 1382 1764 ease
1393 1707 1427 1764 ad
1438 1708 1638 1780 ampliationem
1649 1713 1793 1768 confirma·

156 1810 220 1850 rum
236 1796 405 1867 communis,
421 1812 491 1869 quoa
506 1796 649 1868 supralib.
664 1799 709 1854 Vl.
725 1798 818 1854 retuli.
839 1799 908 1869 Sed,¹
925 1805 965 1856 ut.
992 1797 1087 1865 donis,
1103 1815 1158 1854 nou
1178 1798 1212 1855 ad
1232 1798 1448 1855 restrictionem:
1471 1808 1554 1872 atque
1574 1801 1642 1858 adeo
1664 1802 1794 1860 maiorem

156 1883 192 1939 ibi
207 1884 276 1958 dixi,
294 1884 341 1942 illa
354 1888 486 1943 sannatia
500 1887 660 1960 generaliter
673 1888 778 1945 incerta
791 1894 843 1960 ast,
856 1896 884 1944 el
898 1905 957 1961 spe·
993 1903 1054 1945 esse
1073 1888 1307 1946 confirmationem
1327 1888 1361 1944 ab
1381 1887 1478 1945 ecdem
1497 1889 1578 1962 Greg.
1602 1888 1673 1947 xlu.
1693 1891 1794 1949 iactam

155 1974 264 2032 cialiter
278 1977 304 2032 in
320 1975 466 2048 privilegiis
481 1977 651 2034 contrarium
673 1977 759 2034 tradit
778 1976 814 2034 ibi
828 1978 913 2034 Felin.
929 1981 957 2034 in
991 1993 1056 2034 cum
1073 1978 1118 2034 tali
1139 1979 1315 2050 exceptione,
1337 1995 1420 2052 quam
1442 1979 1499 2034 aine
1513 1977 1572 2050 illa3
1589 1981 1653 2052 quia
1669 1996 1733 2037 cum
1748 1980 1793 2038 illa

155 2063 298 2136 regula-l,
314 2081 342 2120 n.
357 2063 390 2135 i,
406 2071 435 2121 et
449 2070 480 2137 3,
495 2073 523 2122 et
536 2065 605 2122 inira
620 2082 647 2121 n.
673 2071 701 2125 ll
714 2109 721 2138 ,
736 2068 763 2122 in
777 2071 804 2124 2.
822 2066 953 2123 tollentia.
992 2067 1081 2124 solum
1096 2070 1198 2140 excipit
1211 2067 1311 2130 cancii.
1328 2067 1391 2124 trid.
1408 2073 1436 2124 et
1450 2068 1578 2125 concedit
1590 2069 1660 2142 alia,
1676 2072 1734 2126 sine
1749 2071 1793 2128 illa

154 2153 335 2211 Nihilominus
353 2161 443 2211 tamen
457 2155 591 2228 quidquid
606 2156 639 2212 ait
652 2155 686 2213 de
700 2155 758 2212 aliis
773 2157 895 2228 casibus,
909 2162 957 2213 aut
991 2172 1056 2214 vero
1067 2161 1158 2214 omnia
1168 2157 1356 2231 intelliguntur
1367 2163 1497 2229 excepta,
1510 2173 1684 2230 consequens
1698 2165 1790 2215 autem

155 2243 298 2315 rescriptis
313 2244 339 2298 ιιι
352 2245 490 2316 terminis,
505 2245 646 2317 inquibus
661 2261 734 2301 nunc
751 2245 901 2318 loquimur,
918 2247 956 2300 vi·
991 2247 1101 2303 ridetur
1121 2246 1199 2322 plane
1214 2245 1380 2318 absurdum,
1394 2253 1423 2302 et
1436 2251 1668 2302 contrementem
1685 2249 1793 2304 Pontifi-

155 2333 238 2390 detur
253 2335 361 2390 omniuo
375 2348 450 2404 vera,
466 2334 583 2405 scilicet,
598 2334 708 2408 quando
721 2333 859 2407 privilegia
870 2335 896 2390 in
910 2349 956 2405 ge·
991 2348 1073 2405 cum,
1087 2343 1118 2394 ut
1128 2335 1197 2392 idem
1209 2335 1361 2393 Rodericus
1371 2335 1554 2406 aparteetiam
1564 2335 1647 2392 sentit
1656 2337 1684 2393 in
1699 2336 1794 2394 eadem

155 2423 243 2480 nerali
265 2430 370 2481 tantum
388 2425 587 2481 confirmantur
606 2441 640 2482 ex
654 2431 730 2481 certa
746 2425 868 2480 scientia.
885 2424 954 2491 Quia
991 2433 1101 2499 quaest.
1117 2433 1149 2496 8,
1165 2433 1218 2482 art.
1238 2427 1263 2482 l.
1867 2417 1871 2422 ’

155 2528 212 2568 non
232 2519 275 2569 est
294 2513 454 2582 verisimile,
476 2514 550 2586 quod
572 2529 620 2586 per
635 2515 870 2570 confirmationem
887 2512 954 2571 adeo
1031 2517 1056 2572 ι.
1074 2515 1137 2571 bico
1157 2530 1240 2589 ergo,
1261 2514 1332 2570 illam
1351 2514 1540 2585 exceptionem
1559 2513 1678 2572 additam
1699 2511 1793 2573 casea

59 2672 61 2676 .
153 2605 302 2661 coniusam
322 2611 350 2660 at
368 2619 540 2660 communem
554 2605 705 2676 derogetur
718 2604 827 2676 speciali
842 2603 956 2673 disposi-
990 2604 1132 2674 Pontifice,
1149 2604 1214 2678 quia
1226 2602 1314 2659 volarit
1328 2618 1388 2658 esse
1402 2603 1487 2675 magia
1502 2609 1622 2675 certam,
1638 2611 1667 2660 at
1680 2620 1733 2660 nou
1747 2621 1791 2664 ra-

153 2695 224 2750 tioni
244 2693 351 2751 concilii
371 2693 505 2767 generalis
529 2692 681 2750 revocantis
695 2695 722 2748 ιιι
738 2691 895 2764 particulari
909 2692 957 2748 ali·
991 2693 1078 2766 linqui
1100 2692 1152 2748 sub
1172 2691 1344 2765 generalibus
1359 2691 1479 2764 regulis,
1496 2707 1567 2764 quae
1579 2694 1700 2750 incertae
1714 2701 1790 2768 sunt,

153 2801 212 2857 qua
230 2800 263 2840 ex
284 2784 364 2842 dictis
386 2784 525 2858 privilegii.
540 2785 607 2840 Nam
622 2781 718 2856 regula
732 2788 791 2848 est,
807 2788 838 2838 ut
851 2783 955 2853 species
992 2783 1139 2840 etinfinitis
1151 2781 1419 2854 interpretationibus
1429 2787 1458 2837 et
1466 2781 1638 2852 opinionibus
1650 2789 1715 2839 sunt
1725 2784 1791 2852 subf

153 2874 272 2947 deroget
291 2875 381 2946 generi
395 2875 503 2946 potius,
518 2889 601 2945 quam
616 2888 630 2928 e
645 2873 802 2944 contrario,
816 2887 883 2944 ergo
899 2887 956 2928 ma·
991 2873 1088 2929 iactae.
1108 2874 1176 2929 itam
1190 2872 1278 2928 voluit
1291 2870 1413 2928 Pontifex
1425 2869 1578 2943 specialiter
1590 2871 1794 2928 ostendere'vo·
1889 2931 1894 2940 ,

152 2965 228 3021 xime
245 2962 379 3020 servanda
393 2971 452 3033 est,
469 2963 579 3037 quando
593 2963 746 3020 auctoritas
757 2961 864 3019 concilii
875 2977 956 3035 gene·
989 2960 1124 3018 ltratstem
1137 2976 1215 3017 suam
1227 2962 1304 3017 circa
1318 2961 1472 3016 firmitatem
1487 2959 1666 3017 decretorum
1683 2962 1794 3019 concilii

153 3052 221 3110 ralia
236 3053 388 3110 intervenit.
402 3054 437 3108 Et
450 3052 510 3109 ideo
521 3067 636 3125 censeo,
650 3051 725 3126 quod
735 3051 955 3124 licetGregcrius
991 3051 1142 3122 tridentini,
1157 3058 1188 3108 ut
1208 3066 1261 3107 non
1282 3049 1372 3106 solum
1392 3048 1555 3122 generaliter
1576 3049 1647 3106 sicut
1660 3049 1725 3122 alia,
1743 3050 1792 3107 sed

152 3143 224 3200 xlll.
241 3149 268 3199 et
281 3144 384 3218 llystua
394 3143 427 3199 V.
441 3158 494 3198 non
506 3141 672 3198 addidissent
683 3141 755 3197 illam
768 3143 954 3212 exceptionem
990 3144 1072 3198 etiam
1094 3141 1204 3213 speciali
1225 3138 1306 3198 modo
1327 3138 1473 3196 videantur
1492 3148 1625 3211 excepta,
1647 3139 1700 3196 boc
1719 3141 1791 3198 enim

153 3233 190 3290 de
202 3232 345 3305 privilegiis
356 3233 502 3289 contrariis
514 3248 596 3289 conc.
610 3231 768 3303 tridentino,
779 3231 954 3288 nibilominus
992 3233 1122 3287 usitatum
1136 3245 1198 3286 esse
1213 3230 1239 3285 in
1253 3229 1313 3286 iure
1328 3229 1409 3285 sentit
1423 3228 1513 3284 Gloss.
1530 3235 1699 3299 pertextam
1714 3229 1750 3286 ibi
1763 3232 1791 3287 in

153 3337 211 3378 non
226 3330 317 3379 essent
330 3330 458 3380 revocata
472 3337 520 3394 per
534 3322 689 3394 generalem
704 3322 951 3379 confirmationem.
990 3322 1009 3378 l.
1023 3321 1113 3378 uitii.
1127 3319 1199 3394 quod
1212 3319 1328 3394 quisque
1341 3320 1417 3374 iuris.
1431 3319 1466 3374 Et
1477 3319 1610 3389 optimum
1624 3314 1788 3392 exemplum,
1824 3321 1827 3328 ’

150 3410 231 3478 Quod
244 3410 350 3468 tandem
362 3413 489 3484 agnoscit
500 3412 587 3469 Emm.
602 3411 704 3468 Roder.
714 3411 742 3466 d.
756 3428 784 3484 q.
799 3420 825 3479 8,
839 3418 893 3468 art.
907 3415 951 3469 ld.
989 3428 1021 3470 ac
1037 3411 1166 3468 indicium
1180 3409 1297 3466 sumitur
1311 3424 1343 3465 ex
1358 3407 1476 3482 quadam
1490 3408 1695 3464 confirmatione
1708 3410 1791 3480 privi-

151 3503 215 3558 Ncu
235 3501 313 3557 rideo
328 3493 435 3573 tamen,
448 3501 587 3573 quomodo
602 3516 667 3557 carm
682 3495 876 3564 bacdcctrina
891 3517 954 3572 pos·
988 3501 1123 3576 legicrum
1136 3501 1170 3558 ab
1183 3497 1279 3556 eodem
1293 3499 1374 3571 Greg.
1392 3498 1462 3554 lllll.
1478 3512 1611 3553 concessa
1625 3496 1734 3554 clericis
1748 3514 1791 3555 re-

153 3591 190 3646 sit
208 3590 359 3647 subsistere
373 3590 442 3660 alia,
458 3606 541 3664 quam
555 3592 611 3661 ipse
627 3596 754 3662 acceptat
766 3606 830 3646 cum
846 3606 953 3647 summa
990 3589 1276 3664 galeribus-Ministris
1288 3587 1473 3672 intirmorum3
1486 3586 1532 3642 ubi
1548 3587 1624 3658 prius
1634 3585 1709 3659 dicit,
1724 3602 1791 3646 ccu-

152 3679 246 3737 Rosel.
265 3679 338 3752 quod
353 3679 526 3751 persimilem
542 3679 777 3736 confirmationem
798 3680 951 3752 generalem
988 3683 1097 3737 b'rmare
1117 3679 1271 3752 privilegia,
1294 3693 1364 3750 quae
1387 3693 1440 3732 nou
1456 3681 1520 3732 sunt
1533 3675 1585 3732 sub
1600 3676 1662 3733 ullis
1679 3692 1791 3734 revoca-

151 3768 356 3842 privilegicrum
373 3768 504 3825 blinorum
516 3783 549 3825 ex
564 3777 639 3826 certa
653 3769 765 3826 scientia
779 3776 909 3826 revocata
920 3771 954 3826 sit
988 3771 1105 3827 tionibus
1120 3768 1333 3840 comprehensa,
1345 3776 1372 3822 et
1386 3765 1559 3822 nibilominus
1571 3765 1660 3837 addit,
1677 3782 1731 3824 nec
1742 3765 1798 3823 de·-

151 3859 288 3918 Glement.
306 3855 447 3919 Dudum,
464 3857 497 3914 de
511 3859 651 3930 sepulebr.
666 3860 756 3932 quoad
771 3867 896 3934 quartam
911 3861 953 3916 ιιι-
988 3864 1078 3922 cretis,
1091 3859 1208 3917 ccccliii
1222 3860 1376 3916 tridentini
1390 3862 1459 3914 aurat
1477 3860 1655 3923 contraria:
1670 3857 1720 3913 ubi
1734 3872 1790 3916 mae

152 3948 289 4020 uenalem,
308 3963 373 4004 cum
393 3947 437 4002 illa
455 3949 615 4005 constitutio
632 3949 715 4005 ctiam
732 3952 769 4006 sit
784 3949 892 4006 concilii
906 3965 952 4023 ge·
988 3950 1117 4007 nilestum
1128 3955 1181 4020 est,
1195 3964 1243 4020 per
1256 3947 1348 4020 priora
1360 3946 1496 4031 geperalia
1507 3946 1589 4002 verba
1600 3948 1690 4018 excipi
1708 3948 1791 4003 etiam

149 4038 268 4107 neralis,
288 4045 316 4094 et
329 4036 432 4094 directe
447 4037 558 4094 resistat
571 4036 617 4094 tali
628 4039 780 4113 privilegio,
792 4050 821 4097 et
831 4057 883 4097 non
895 4041 954 4098 iuc-
986 4042 1126 4115 privilegia
1147 4045 1276 4096 revocata
1295 4041 1322 4094 ιιι
1336 4037 1453 4094 concilio
1475 4037 1640 4106 tridentino,
1657 4042 1683 4092 ct
1696 4036 1792 4093 nibilo-

150 4129 188 4186 rit
202 4131 228 4184 ιιι
247 4127 357 4200 speciali
371 4135 511 4186 revocata.
528 4129 702 4186 Contrarium
714 4114 779 4202 ergo
792 4143 892 4188 censeo
907 4148 953 4188 ve·
987 4135 1079 4189 miuus
1102 4131 1210 4188 additur
1228 4128 1356 4202 specialis
1374 4126 1498 4198 exceptio
1512 4126 1621 4204 concilii
1642 4124 1789 4200 tridentini,

149 4233 230 4290 rum,
242 4217 407 4274 nisialiunde
417 4225 525 4274 constet
535 4211 569 4275 de
580 4219 690 4290 speciali
701 4220 876 4276 revocatione
887 4236 952 4276 con·
987 4220 1021 4277 ad
1034 4218 1214 4277 denotandam
1229 4217 1424 4290 specialitatem
1436 4218 1509 4288 sius,
1521 4223 1549 4272 et
1562 4215 1726 4288 singularem
1741 4216 1791 4272 cb-

151 4308 224 4380 cilii,
241 4314 272 4364 ut
290 4309 379 4379 ,magia
399 4322 433 4364 ex
453 4308 546 4364 ultimo
560 4314 664 4381 punctu
679 4308 761 4365 buius
775 4309 871 4381 capitis
885 4326 952 4367 con·
987 4311 1161 4368 servantiam.
1178 4309 1338 4366 confirmari
1352 4313 1445 4379 potest
1458 4305 1525 4362 baec
1540 4304 1673 4362 resolutio
1690 4319 1727 4360 ex
1742 4305 1791 4360 do·

150 4397 244 4455 stabit.
987 4401 1075 4456 ctrina
1089 4399 1294 4460 canonistarum
1314 4399 1380 4452 satis
1394 4402 1524 4465 recepta,
1541 4392 1615 4466 quud
1634 4393 1697 4449 licet
1710 4408 1791 4450 exce·

194 4490 223 4544 6.
239 4485 292 4543 Sed
306 4495 421 4560 quaeret
434 4485 541 4561 aliquis,
559 4502 612 4544 cur
625 4489 705 4562 Greg.
720 4487 789 4545 lull.
805 4497 834 4546 et
846 4491 951 4565 llystus
986 4489 1044 4561 plio
1065 4487 1153 4543 firmet
1173 4485 1296 4559 regulam
1319 4485 1345 4540 in
1360 4483 1543 4552 contrarium,
1560 4498 1613 4537 non
1630 4488 1720 4538 tamen
1735 4497 1791 4538 am·

150 4577 184 4634 V.
203 4574 366 4633 addiderunt
385 4576 459 4632 illam
478 4579 684 4650 exceptionem,
700 4579 723 4635 si
736 4578 839 4652 absque
853 4579 899 4636 illa
913 4581 952 4637 in·
987 4578 1055 4651 pliat
1068 4575 1140 4633 illam
1154 4576 1188 4633 ad
1200 4590 1326 4647 aa,quae
1338 4574 1389 4631 alio
1401 4575 1458 4630 iure
1470 4572 1575 4646 aequali
1588 4573 1698 4629 laterent
1710 4587 1791 4630 exce·

150 4664 298 4739 telligenda
314 4665 391 4722 ieret
406 4666 561 4737 Respondet
574 4667 674 4724 Roder.
689 4667 762 4726 dicto
776 4675 828 4724 art.
850 4675 893 4738 10,
906 4668 952 4724 ad·
988 4674 1044 4739 pta.
1060 4668 1148 4736 Quam
1159 4663 1240 4722 tradit
1252 4667 1378 4721 Pancrm.
1393 4665 1420 4719 io
1434 4679 1461 4719 c.
1475 4667 1512 4718 ιιι
1524 4666 1639 4728 caustro,
1655 4661 1689 4718 de
1701 4660 1790 4733 sepul.

150 4757 236 4814 ditem
255 4771 315 4813 esse
331 4757 365 4812 ad
378 4754 537 4813 firmandam
552 4743 673 4829 regulam
687 4759 715 4813 ιιι
728 4758 910 4828 contrarium,
925 4758 952 4815 id
987 4758 1012 4814 in
1025 4755 1169 4830 principio,
1184 4770 1233 4826 per
1242 4752 1368 4811 eumdem
1381 4753 1542 4810 textum-Et
1554 4751 1674 4807 buchar.
1684 4752 1710 4806 in
1720 4766 1747 4807 c.
1758 4755 1787 4807 2.

150 4853 210 4914 est,
227 4853 259 4903 ut
272 4846 486 4918 intelligerentur
499 4849 659 4906 confirmata
673 4849 763 4904 omnia
781 4849 832 4904 alia
846 4849 954 4920 privile·
987 4846 1021 4904 de
1035 4847 1110 4903 clue.
1127 4847 1214 4902 vicar.
1232 4845 1256 4900 in
1273 4848 1301 4913 6,
1316 4850 1344 4900 et
1359 4845 1384 4899 in
1399 4843 1477 4898 rubr.
1488 4841 1521 4897 de
1536 4840 1625 4913 regul.
1646 4843 1699 4896 iur.
1716 4857 1743 4913 q.
1759 4843 1789 4913 l,

150 4939 197 5012 gia
207 4935 264 4992 aliis
275 4937 398 4992 conciliis
410 4936 581 5007 generalibus
592 4938 792 4994 contraria.Sic
803 4941 874 4994 enim
887 4938 952 4995 alias
988 4937 1062 5015 circa
1076 4937 1166 4992 duem.
1182 4936 1247 4992 Lete
1262 4934 1347 4991 Fciiu.
1363 4935 1390 4989 in
1401 4949 1428 4988 c.
1442 4934 1593 5008 Quoniam
1601 4927 1788 5002 frequenter.

149 5026 286 5096 dicimus,
302 5025 375 5099 quod
390 5025 453 5083 licet
467 5027 493 5082 iu
507 5027 625 5100 generali
639 5030 818 5084 concessione
834 5035 953 5099 potesta·
989 5033 1021 5084 ut
1033 5028 1079 5083 lile
1093 5041 1146 5082 non
1161 5032 1279 5082 contest.
1295 5040 1323 5079 n.
1340 5029 1373 5095 2,
1388 5023 1435 5104 qui
1447 5023 1521 5078 Bart.
1539 5018 1615 5076 Beld.
1636 5018 1747 5076 Oidrad.
1763 5025 1790 5076 et

149 5117 188 5174 tis
203 5113 237 5171 ad
252 5114 465 5184 absolvendum,
478 5131 533 5172 uon
549 5117 658 5172 veniant
670 5131 753 5172 casua
768 5119 913 5188 reservati,
929 5118 952 5172 si
988 5117 1080 5189 plures
1094 5115 1161 5172 alios
1175 5115 1268 5172 relert.
1281 5113 1316 5170 Et
1327 5112 1391 5169 licet
1402 5111 1472 5168 lortc
1487 5110 1554 5166 baec
1566 5109 1645 5165 etiam
1662 5107 1790 5164 doctrina

151 5211 249 5290 umen,
266 5205 292 5262 in
312 5204 357 5262 illa
370 5205 488 5279 generali
503 5206 681 5263 concessione
696 5203 811 5264 addatur
825 5207 952 5280 exceptio
987 5223 1042 5264 uon
1055 5206 1090 5264 sit
1098 5211 1174 5264 certa
1184 5211 1212 5262 et
1221 5202 1377 5277 inlellibilis,
1390 5201 1453 5275 quia
1467 5207 1556 5258 totum
1566 5196 1666 5272 pendet
1677 5214 1710 5255 ex
1721 5214 1788 5256 cca·
