4260 6222
400 297 463 361 506
1095 309 1286 359 1111111111.

303 499 307 504 ,
361 441 413 498 bus
428 441 525 508 tactis3
542 445 570 496 et
583 439 648 511 quia
662 436 723 494 talis
738 437 876 495 revocatio
889 451 943 492 non
957 435 1081 493 continet
1093 435 1164 492 iuiu-
1200 435 1319 492 rioribus
1339 439 1481 493 ostensum
1500 441 1557 508 est;
1577 449 1643 508 ergo
1662 441 1753 508 potest
1774 451 1903 495 revocare
1915 441 1982 511 privi·

362 532 447 601 riam,
462 530 558 586 saltem
573 535 671 584 contra
685 527 911 584 commutetivam
926 526 1072 598 iustitiam,
1087 532 1116 583 et
1127 525 1162 582 ita
1198 523 1299 598 legium
1313 541 1364 582 suo
1379 524 1506 594 arbitrio,
1518 525 1592 582 sicut
1604 524 1673 582 illud
1682 526 1835 584 concedere
1852 533 1984 600 potestsua

362 621 388 676 iu
401 619 453 675 hoc
465 617 636 690 potissimum
648 617 773 672 consistit
783 613 932 672 dillerentia
943 617 1016 673 inter
1027 613 1079 672 boc
1091 630 1162 687 pun·
1201 613 1353 672 voluntate.
2052 631 2053 690 1

363 715 458 776 ctum,
474 714 502 761 et
516 704 718 777 praecedentia.
733 704 862 763 Secundo
877 711 969 776 potest
988 704 1116 778 intelligi,
1132 715 1165 762 ut
1236 703 1372 761 Probatur
1381 705 1587 778 consequentia:
1600 706 1664 779 quia
1674 706 1791 764 rationes
1802 708 1889 767 iactae
1905 708 1934 766 de
1946 727 1984 767 su·

362 797 446 854 etiam
461 796 536 852 licite
550 796 612 866 liat3
625 801 652 851 et
665 797 705 851 sic
720 796 875 852 necessaria
889 793 1000 868 quidem
1014 800 1058 851 cst
1073 794 1164 868 aliqua
1199 808 1293 866 premo
1316 794 1437 867 principe
1457 811 1522 853 cum
1547 797 1723 867 proportione
1744 799 1913 870 procedunt3
1932 801 1986 873 quia

361 884 479 942 honesto
496 899 599 954 causa,
617 890 647 941 ut
661 884 800 940 revocatio
814 883 942 941 decenter
957 875 1016 956 liat,
1028 883 1093 956 quia
1107 899 1163 942 non
1199 882 1252 940 tole
1263 884 1436 957 privilegium
1448 885 1528 942 etiam
1541 884 1637 957 pendet
1646 902 1680 944 ex
1694 887 1835 946 voluntate
1849 889 1985 946 conceden-

364 973 445 1030 decet
464 974 616 1046 principem
636 959 767 1048 revocare
787 971 956 1045 privilegium
979 988 1164 1030 eseconces·
1198 971 1243 1044 tis,
1260 978 1288 1028 et
1309 975 1374 1044 quia
1393 971 1436 1029 ille
1457 981 1547 1045 potest
1566 974 1665 1031 iterum
1684 991 1785 1046 ponere
1813 985 1985 1050 praeceptum,

363 1077 440 1131 sum,
457 1061 533 1117 nulla
546 1076 617 1117 nova
631 1062 789 1133 insurgente
803 1076 889 1120 causa
901 1102 909 1134 ,
923 1069 1086 1134 argumento
1099 1079 1161 1134 cap.
1198 1061 1240 1117 vel
1255 1061 1472 1134 prohibitionem,
1491 1077 1563 1136 quac
1577 1063 1699 1134 abstulit,
1716 1081 1779 1122 nam
1792 1066 1868 1122 illius
1886 1067 1989 1124 subsunt

363 1153 462 1218 Decet,
471 1150 504 1206 de
516 1151 618 1223 regulis
631 1151 699 1207 iuris
714 1151 741 1206 in
756 1153 784 1222 6,
798 1158 826 1208 11
846 1151 1018 1224 significatur
1032 1152 1163 1223 incapite
1200 1153 1336 1222 potestati.
1354 1152 1411 1209 11111
1430 1159 1522 1210 autem
1541 1156 1625 1210 intro
1637 1152 1748 1212 lianttcs
1761 1153 1845 1213 illius
1859 1155 1984 1222 sistendo,

363 1241 552 1313 supportem,
569 1239 602 1298 de
617 1239 742 1297 decimis.
753 1238 840 1311 Unde,
854 1239 876 1295 si
890 1241 1018 1312 princeps
1031 1240 1058 1296 id
1072 1239 1164 1310 iaciat,
1200 1242 1264 1312 quin
1279 1245 1432 1297 tractamus
1446 1240 1480 1298 de
1500 1233 1639 1315 privilegio
1653 1258 1727 1300 mere
1747 1246 1884 1318 gratuito,
1906 1251 1932 1301 11
1950 1247 1988 1318 qui

365 1337 446 1387 uctus
467 1329 592 1402 prolecto
612 1344 666 1385 non
679 1330 732 1384 erit
745 1327 866 1402 undique
882 1328 1031 1403 honestus,
1046 1331 1165 1403 1111111-
1199 1345 1253 1386 nnn
1273 1331 1373 1387 transit
1385 1331 1412 1386 in
1431 1336 1625 1402 contractum,
1640 1331 1683 1388 vel
1698 1331 1872 1390 donationem
1888 1335 1988 1390 transte-

365 1419 494 1477 decenter
513 1419 619 1492 operari
639 1416 728 1491 aliqua
748 1418 831 1490 culpa
851 1434 911 1476 esse
927 1419 1051 1492 videtur,
1067 1419 1165 1478 saitem
1200 1424 1305 1477 rentem
1320 1418 1471 1478 dominium
1482 1421 1510 1476 in
1524 1419 1651 1495 alterum;
1663 1437 1726 1478 nam
1740 1421 1794 1479 hoc
1809 1438 1876 1478 cum
1887 1425 1920 1478 sit
1933 1424 1987 1479 irre·

365 1509 488 1565 venialis.
501 1511 540 1565 Er
556 1508 608 1565 hoc
623 1523 689 1565 vero
703 1508 762 1566 solo
776 1509 864 1580 capite
876 1525 1017 1583 nunquam
1028 1511 1081 1568 erit
1092 1527 1164 1568 mor·
1200 1508 1324 1566 vocobile
1337 1524 1353 1566 o
1364 1510 1486 1581 principe
1500 1524 1641 1583 supremo,
1657 1510 1843 1584 multomagis
1857 1513 1908 1569 erit
1916 1511 1945 1567 ab
1957 1513 1988 1567 in·
2054 1497 2055 1510 ¹

365 1597 444 1671 talis,
460 1613 542 1655 secus
564 1614 628 1655 vero
648 1613 709 1654 esse
729 1604 821 1670 potest
839 1601 943 1657 ratione
966 1600 1103 1670 scandali,
1118 1605 1166 1658 aut
1201 1597 1308 1656 1111111.
1321 1598 1378 1654 lmo
1393 1599 1417 1655 in
1433 1613 1512 1668 casu,
1524 1600 1550 1654 in
1567 1614 1622 1671 quo
1633 1605 1726 1671 potest
1739 1602 1865 1657 revocari
1878 1617 1895 1656 a
1909 1615 1987 1674 supre-

365 1686 437 1760 11111,
453 1687 497 1744 111
509 1688 599 1760 gravis
614 1687 770 1744 nocumenti
783 1687 915 1761 proximi,
928 1689 1004 1762 quod
1018 1688 1083 1747 licet
1096 1689 1166 1746 iniu·
1201 1703 1256 1757 mo,
1272 1687 1381 1758 saepius
1395 1703 1448 1744 non
1463 1689 1566 1760 poterit
1579 1688 1613 1745 ab
1625 1687 1763 1754 interiore,
1776 1691 1907 1763 quianon
1920 1691 1986 1747 babet

366 1777 632 1847 stenoninterstur,
646 1778 1165 1851 contrscaritatemnonvitatur‚curn
1201 1783 1305 1834 tantem
1326 1782 1488 1849 potestatem
1512 1776 1623 1833 interior
1642 1781 1771 1850 princeps
1792 1777 1828 1835 ad
1857 1777 1986 1835 tollendum

364 1865 444 1922 tacite
464 1868 566 1940 possit,
582 1867 608 1922 in
627 1866 670 1922 his
684 1867 756 1924 enim
770 1867 880 1924 casibus
895 1867 996 1939 poterit
1009 1883 1070 1926 csse
1084 1868 1167 1942 culpa
1202 1865 1364 1937 dominium,
1379 1867 1421 1923 vel
1436 1868 1478 1924 ius
1495 1867 1661 1940 acquisitum
1677 1868 1800 1941 subdito,
1813 1871 1986 1943 111-1111111-

366 1955 488 2026 lethalis,
502 1963 580 2014 extra
599 1955 660 2013 illos
680 1971 745 2015 vero
766 1956 799 2014 ad
820 1973 960 2015 summum
974 1961 1029 2015 erit
1044 1959 1164 2031 venialis,
1201 1955 1248 2014 bet
1269 1971 1416 2029 supremus
1441 1956 1469 2012 in
1489 1972 1557 2013 casu
1579 1957 1703 2028 publicae
1724 1959 1904 2016 necessitatis.
1921 1961 1985 2015 Posui
2056 1986 2057 2010 t

365 2045 430 2102 etsi
444 2045 580 2118 quaelibet
597 2045 666 2104 ratio
688 2045 1166 2120 1111111111111111111,1111111111-
1200 2049 1280 2104 etiam
1300 2045 1396 2103 eadem
1417 2045 1510 2116 rerba,
1526 2052 1556 2103 ut
1576 2047 1706 2104 sistamus
1720 2049 1747 2104 in
1768 2063 1840 2120 puro
1866 2047 1986 2121 privilegio

367 2143 430 2208 tur,
446 2135 553 2192 nullum
567 2136 619 2192 erit
632 2141 791 2206 peccatum.
1199 2136 1350 2209 interioris3
1372 2150 1435 2192 nam
1449 2137 1473 2192 si
1492 2132 1559 2192 illud
1573 2136 1608 2192 sit
1620 2137 1816 2194 confirmatum
1830 2153 1847 2194 1
1865 2139 1986 2209 superiore

410 2228 452 2282 tt.
469 2227 556 2298 Atque
570 2239 602 2280 er
614 2223 655 2280 his
669 2224 734 2280 satis
745 2223 885 2283 declarata
895 2233 938 2284 est
948 2226 1062 2284 assertio
1074 2225 1166 2300 quoad
1200 2228 1304 2286 rationo
1319 2227 1548 2297 confirmationis,
1563 2233 1592 2283 et
1608 2229 1685 2284 iuxta
1699 2227 1814 2284 modum
1829 2228 1886 2285 eius
1904 2228 1986 2300 poterit

365 2315 427 2373 illos
441 2313 510 2371 duos
523 2313 671 2383 terminos,
682 2312 716 2369 de
727 2313 885 2388 privilegio
895 2315 1069 2374 reoooobtli.
1087 2317 1167 2374 Circo
1201 2317 1257 2374 lieri
1272 2315 1449 2374 irrevocabile
1463 2315 1497 2372 ub
1510 2316 1646 2388 interiere,
1661 2324 1694 2375 ut
1707 2332 1772 2375 cum
1784 2317 1907 2374 llostiea.
1919 2317 1987 2372 tradit

367 2404 492 2462 ultimum
506 2418 572 2461 vero
581 2401 614 2458 de
629 2401 819 2466 Concedente,
832 2404 1018 2463 adnotandum
1030 2405 1056 2461 in
1069 2407 1167 2478 primis
1201 2405 1317 2481 sylvest.
1326 2405 1410 2463 verbo
1421 2403 1624 2480 privilegium.
1641 2422 1669 2480 q.
1682 2411 1725 2478 10,
1747 2405 1945 2479 intelligendum
1954 2415 1986 2462 est
2057 2354 2058 2446 1

367 2501 423 2566 111,
436 2492 570 2565 designari
585 2493 783 2550 concedentem
794 2494 829 2551 ad
839 2494 1043 2554 excludendum
1056 2511 1165 2553 omnem
1201 2501 1294 2552 autem
1309 2495 1383 2552 iuxta
1394 2493 1647 2566 superiusdictade
1658 2494 1717 2568 lege
1733 2494 1778 2552 lib.
1790 2497 1837 2567 vt,
1847 2496 1984 2566 capxtlltt.

367 2585 536 2653 interiorem,
553 2583 618 2655 quia
632 2598 693 2658 non·
700 2589 791 2653 potest
804 2583 915 2641 interior
928 2585 1099 2642 voluntatem
1119 2603 1168 2643 su·
1201 2585 1322 2656 benique
1343 2582 1397 2639 dixi
1417 2588 1539 2640 serenda
1557 2587 1761 2658 proportione,
1788 2592 1821 2641 ut
1841 2585 1986 2656 comparatio

368 2675 500 2748 periuris,
515 2671 558 2728 vel
571 2669 711 2728 decretum
725 2671 784 2728 eius
798 2687 947 2745 revocare,
964 2680 996 2730 ut
1008 2689 1058 2746 per
1074 2691 1103 2732 se
1118 2691 1168 2732 no·
1201 2673 1247 2729 liat
1262 2673 1331 2729 inter
1347 2673 1489 2746 privilegia
1500 2673 1651 2745 unicuique
1665 2676 1795 2746 propris,
1818 2691 1879 2732 nam
1893 2677 1915 2730 si
1927 2690 1986 2731 com·
2058 2719 2059 2744 ,

369 2773 428 2821 tum
443 2761 563 2828 videtur,
579 2759 641 2816 licet
653 2763 728 2817 loun.
744 2759 830 2817 Faber
845 2760 923 2819 aliter
938 2763 1167 2838 sentiendoque
1202 2767 1354 2832 mutentur,
1369 2764 1422 2819 erit
1434 2760 1638 2833 dissimilitudo,
1656 2765 1792 2820 utstatim
1807 2763 1951 2836 explicabo.
2058 2759 2059 2830 ζ

369 2852 431 2911 vide
446 2855 545 2909 hnton.
560 2849 641 2906 Gabr.
658 2849 733 2906 dicta
747 2849 838 2906 concl.
858 2854 890 2923 i,
907 2867 934 2907 1.
952 2857 978 2908 8.
1000 2852 1101 2909 Deinde
1121 2853 1168 2910 ad·
1244 2853 1287 2908 13.
1301 2850 1783 2924 0111111111111111111111111111
1797 2853 1984 2924 praelatusnon

369 2949 465 3012 verto,
488 2939 540 2996 suh
560 2937 606 2994 illo
627 2936 820 3009 comprehendi
840 2955 1046 3012 successorem,
1064 2948 1096 2998 ut
1116 2942 1168 3000 lato
1203 2946 1414 3013 semperpotest
1427 2954 1558 2996 revocare
1572 2941 1630 2995 sine
1646 2954 1730 2997 causa
1750 2939 1985 3012 dispensationema

320 3023 321 3026 '
369 3027 555 3090 notathfllict.
569 3027 654 3084 decis.
669 3029 815 3100 numquis
826 3028 951 3086 succedit
964 3031 991 3086 in
1002 3030 1108 3103 aequali
1119 3049 1167 3104 po·
1202 3046 1231 3087 11
1245 3029 1501 3100 datam,licetPapa
1514 3043 1621 3099 semper
1633 3027 1661 3084 id
1675 3030 1773 3100 possit,
1785 3045 1854 3103 ergo
1871 3029 1985 3086 idemdis-
2059 3088 2060 3120 1

369 3127 481 3191 testate,
498 3113 1168 3194 11111111111111111111111111111,1111111111
1203 3120 1306 3176 crimen
1323 3117 1415 3191 quoad
1433 3115 1572 3190 privilegia
1590 3116 1819 3174 constituendum
1834 3125 1884 3176 est.
1902 3119 1985 3174 Conse-

369 3217 461 3284 potest
480 3222 595 3282 persona
609 3205 775 3278 praecedens
791 3207 950 3264 succedenti
965 3209 1166 3280 praeiudicare.
1202 3209 1315 3284 quentis
1334 3211 1443 3278 pateta
1470 3208 1584 3279 paritate
1607 3207 1729 3263 rationis.
1745 3207 1915 3265 huiccedens
1934 3221 1984 3274 pero

370 3303 437 3358 ltem
451 3307 494 3356 est
509 3303 628 3368 certum,
645 3296 697 3354 hoc
712 3298 828 3354 maxime
844 3295 943 3354 habere
956 3286 1089 3354 locum'iu
1102 3317 1168 3358 con·
1203 3297 1293 3371 quoad
1306 3296 1486 3369 posteriorem
1501 3303 1606 3372 partem
1618 3294 1653 3352 de
1667 3297 1739 3368 Papa
1751 3305 1881 3370 tanquam
1896 3302 1983 3352 certum

370 3389 485 3448 cedente
500 3386 616 3444 habente
631 3400 789 3456 supremam
804 3391 971 3458 potestatem
986 3387 1012 3442 in
1027 3403 1079 3444 suo
1094 3389 1168 3446 ordi·
1202 3387 1378 3459 supponitur,
1393 3385 1483 3457 quoad
1498 3384 1609 3442 alteram
1624 3400 1692 3442 vero
1703 3385 1736 3442 de
1751 3385 1870 3443 interiori
1884 3386 1982 3457 praelato

369 3495 419 3552 ne,
436 3486 468 3537 ut
486 3484 530 3534 est
549 3479 636 3548 Papo,
656 3474 698 3530 vel
716 3489 779 3544 1111,
794 3481 850 3531 111.
867 3477 904 3530 111
919 3475 1088 3534 interioribus
1102 3493 1168 3536 vero
1203 3477 1321 3533 sumitur
1340 3491 1373 3531 ex
1386 3474 1476 3532 Gloss.
1494 3474 1519 3530 in
1534 3489 1595 3544 cap.
1616 3476 1693 3531 Cum
1706 3490 1744 3530 erc
1758 3489 1805 3545 ec,
1822 3473 1856 3531 de
1875 3475 1983 3530 electione

370 3568 532 3626 habentibus
546 3567 717 3638 superiorem
730 3563 851 3620 dubitari
864 3565 892 3619 iu
906 3566 1002 3637 primis
1014 3572 1121 3638 potest,
1134 3583 1168 3624 an
1203 3565 1229 3620 in
1245 3569 1272 3635 6,
1284 3564 1367 3622 verbo
1382 3565 1581 3636 septennium,
1597 3562 1717 3634 dicente,
1738 3580 1794 3619 non
1811 3579 1889 3636 posse
1899 3565 1983 3634 episco

370 3663 487 3732 ipsemet
502 3655 657 3715 concedens
672 3655 760 3725 possit
773 3669 906 3711 revocare
921 3655 977 3711 sinc
991 3671 1076 3712 causa
1087 3657 1168 3728 privi·
1203 3670 1268 3726 pum
1281 3667 1411 3710 revocare
1427 3653 1563 3710 licentiam
1578 3649 1670 3708 datam
1689 3651 1813 3725 parocho
1829 3652 1877 3709 sibi
1897 3649 1981 3706 subdito

370 3748 474 3823 legium
488 3761 543 3804 ose
553 3742 822 3815 concessumhliqui
832 3745 903 3800 enirn
916 3737 1168 3816 negant,limitando
1203 3741 1238 3799 ad
1253 3758 1307 3798 non
1321 3739 1508 3813 residendum,
1523 3740 1566 3796 vel
1580 3740 1727 3797 sacerdotii
1741 3740 1867 3798 ordinem
1880 3739 1982 3797 dideren·

270 3841 277 3852 '
370 3840 397 3896 in
412 3837 464 3895 boc
483 3835 712 3903 conclusionem,
734 3838 767 3889 ut
785 3832 917 3904 procedat
930 3833 955 3887 in
969 3849 1024 3890 non
1036 3849 1169 3908 recogno·
1202 3830 1269 3888 dum
1290 3846 1338 3903 per
1358 3831 1541 3902 septennium.
1553 3831 1640 3897 Quam
1658 3829 1779 3902 glossam
1795 3830 1831 3887 ibi
1853 3832 1982 3902 sequuntur

372 3926 513 3983 scentibus
532 3925 723 3995 superiorem,
739 3937 794 3977 non
810 3928 903 3978 autem
919 3923 944 3979 in
959 3921 1027 3980 aliis.
1040 3925 1079 3980 lta
1095 3926 1168 3982 toan.
1202 3917 1357 3977 Archidiac.
1369 3920 1448 3974 bom.
1465 3924 1493 3974 et
1515 3919 1617 3975 Franc.
1632 3925 1661 3974 et
1683 3920 1802 3976 Roman.
1823 3918 1918 3991 singul.
1931 3916 1979 3973 111.

371 4017 457 4072 Faber
473 4017 500 4070 iu
512 4012 530 4068 l.
544 4015 644 4077 iussio,
658 4012 688 4068 C.
697 4011 731 4068 de
742 4011 828 4067 iudic.
838 4011 920 4068 Ruiu.
930 4026 1009 4067 cons.
1020 4015 1087 4084 110,
1100 4028 1126 4069 n.
1139 4018 1167 4086 9,
1202 4006 1374 4080 llespondeo,
1383 4005 1563 4064 diderentiam
1577 4023 1638 4064 esso
1649 4007 1719 4064 inter
1736 4006 1954 4080 dispensationem
1961 4011 1981 4058 et

372 4123 399 4160 v.
417 4109 442 4174 t,
459 4119 530 4176 quos
543 4101 639 4172 retent,
650 4106 678 4156 et
688 4100 813 4171 sequitur
823 4102 885 4156 hut.
899 4100 979 4155 Gabr.
994 4116 1078 4172 supra
1092 4118 1119 4157 n.
1137 4105 1164 4159 9.
1201 4097 1375 4171 privilegium
1387 4096 1603 4169 inferioris3quia
1613 4097 1725 4154 interior
1738 4096 1830 4154 solum
1842 4103 1980 4170 potestcon

413 4197 456 4251 12.
473 4193 504 4248 111
517 4207 582 4248 vero
601 4195 730 4246 sanctores
745 4188 847 4246 nullam
861 4191 995 4247 rationem
1009 4198 1056 4248 aut
1070 4190 1167 4248 lunda·
1201 4187 1299 4244 cedere
1313 4186 1485 4259 privilegium
1497 4186 1548 4242 iuri
1562 4202 1612 4243 suo
1626 4185 1773 4259 derogans,
1791 4187 1980 4270 dispensaretu-

370 4289 494 4340 mentum
515 4281 634 4338 11111111
653 4293 718 4336 auae
737 4278 904 4352 sententiae,
924 4293 1011 4350 nequo
1029 4294 1080 4352 ego
1100 4279 1167 4337 illud
1202 4284 1324 4334 lemnon
1345 4277 1438 4334 solum
1452 4283 1541 4347 potest
1555 4277 1581 4331 in
1602 4277 1661 4334 iure
1675 4291 1744 4347 suo,
1766 4276 1908 4334 sedetiam
1920 4282 1979 4340 saepe

369 4372 495 4445 reperio,
510 4385 561 4427 nec
581 4370 716 4425 rationem
737 4365 920 4440 differentius,
936 4371 958 4423 si
972 4383 1037 4425 cum
1053 4383 1167 4441 propor·
1200 4370 1227 4424 in
1243 4369 1301 4425 iure
1316 4367 1476 4443 superioris.
1489 4367 1516 4423 Si
1530 4381 1596 4439 ergo
1611 4363 1775 4432 antecedens
1794 4357 1979 4436 intelligaturde

371 4463 443 4519 tione
458 4461 504 4517 fiat
517 4457 698 4530 comparatio.
714 4457 749 4512 Et
763 4455 824 4513 ideo
834 4455 914 4528 dico,
927 4456 1051 4530 regulam
1062 4455 1164 4527 1111111,
1201 4456 1400 4531 dispensatione
1418 4454 1556 4513 interioris
1571 4455 1596 4510 in
1615 4455 1673 4512 iure
1688 4454 1818 4528 proprio,
1840 4453 1928 4512 talsum
1939 4453 1978 4516 est,

371 4557 402 4607 ut
415 4551 504 4622 posito
517 4555 562 4606 est
575 4546 607 4603 de
622 4546 665 4602 teli
681 4544 821 4616 privilegio
834 4584 841 4614 ,
852 4551 879 4601 et
893 4545 965 4602 iutra
980 4546 1050 4601 illius
1069 4546 1167 4603 limites
1201 4562 1263 4602 nam
1279 4553 1370 4618 potest
1383 4543 1417 4600 ab
1431 4543 1475 4600 illo
1490 4543 1547 4600 sine
1561 4558 1646 4600 causa
1659 4545 1795 4602 rovocari:
1812 4551 1841 4602 11
1854 4543 1912 4616 quia
1928 4539 1977 4594 1111

371 4636 508 4709 sistendo,
540 4636 633 4693 loctrm
660 4634 760 4690 babere
791 4635 817 4706 in
843 4633 967 4707 quolibet
990 4635 1168 4707 concedente,
1201 4633 1368 4706 dispensatio
1383 4633 1687 4704 servatproportionem
1698 4631 1732 4688 ed
1744 4634 1919 4705 privilegium,
1934 4624 1979 4682 inde

370 4729 477 4784 etiamsi
489 4741 635 4797 supremus
655 4725 782 4795 princeps
796 4738 849 4779 non
870 4724 919 4795 sit,
939 4721 1089 4779 dummodo
1104 4739 1169 4795 pro·
1201 4731 1293 4796 potest
1304 4721 1460 4794 retorqueri
1479 4727 1682 4794 argumentum,
1697 4722 1762 4793 quia
1776 4724 1851 4780 sicut
1866 4722 1925 4775 baec
1937 4714 1978 4772 dis·

369 4817 459 4890 portio
478 4821 612 4880 servetur.
629 4811 784 4883 Probatur,
800 4813 863 4883 quia
877 4811 1015 4882 praelatus
1031 4811 1073 4868 vel
1095 4813 1168 4883 prin·
1202 4813 1325 4885 pensatio
1340 4811 1463 4869 revocari
1479 4817 1586 4882 potest,
1605 4812 1644 4866 ita
1657 4816 1685 4867 11
1698 4809 1879 4884 privilegium·
1893 4807 1918 4864 Si
1931 4815 1979 4857 1111

371 4921 439 4977 ceps
452 4905 577 4975 superior
589 4900 677 4958 solum
689 4906 778 4972 potest
791 4900 943 4956 concedere
955 4901 1126 4974 privilegium
1141 4903 1166 4958 11
1202 4902 1236 4958 111
1250 4917 1341 4958 sermo
1357 4900 1391 4956 de
1405 4900 1605 4972 dispensatione
1618 4901 1644 4956 in
1659 4899 1717 4974 lege
1731 4900 1890 4970 superioris,
1902 4891 1979 4967 probr-

371 5011 415 5066 re,
432 5009 502 5066 quae
523 5009 539 5049 a
559 5007 609 5048 sua
629 4995 764 5060 potestate
785 4996 814 5045 et
834 4985 973 5045 vuluntate
993 4989 1124 5061 pendeat,
1140 4998 1167 5048 et
1201 4992 1253 5049 bile
1264 4989 1377 5064 quidem
1388 4997 1432 5047 est
1445 4989 1621 5059 antecedens,
1633 4997 1723 5046 temen
1738 4988 1784 5046 illo
1798 4988 1872 5059 dato,
1886 4987 1979 5055 negatur

371 5099 422 5138 uon
438 5083 551 5154 deroget
574 5080 626 5136 iuri
647 5078 812 5149 superioris,
828 5077 877 5162 ped
895 5076 930 5134 ad
948 5094 1086 5136 summum
1101 5079 1167 5137 solis
1201 5081 1487 5154 consequentiaque
1500 5079 1675 5136 interiornon
1690 5078 1820 5136 concedit
1834 5075 1978 5152 privilegium

372 5171 477 5246 legibus
491 5173 635 5245 ipsiusmet
650 5167 783 5226 interioris
794 5165 987 5240 concedentis,
1004 5175 1036 5225 ut
1046 5169 1072 5224 in
1085 5185 1166 5242 supe·
1201 5177 1299 5228 contra
1314 5169 1401 5242 legem
1416 5169 1579 5242 superioris,
1591 5176 1621 5226 et
1634 5167 1671 5226 ita
1684 5183 1736 5225 non
1753 5175 1875 5226 servatur
1886 5175 1977 5238 propor-
