4278 6242
403 330 468 396 108
1110 349 1260 402 amma.

410 483 455 539 lt.
470 479 520 539 Eat
538 493 607 553 crgo
627 479 725 554 quinta
743 475 885 552 limitatio,
908 491 959 535 seu
972 474 1110 534 distinotio
1129 475 1164 535 de
1199 484 1231 537 ut
1251 493 1307 536 una
1327 477 1486 552 probibeat,
1509 477 1561 538 alia
1581 495 1647 539 aero
1662 477 1739 539 illum
1754 480 1913 554 sustineat,
1929 479 2017 538 rolin

366 571 474 647 legibus
498 570 729 644 prohibentibus:
757 583 819 624 nam
842 565 977 641 quaedam
1003 565 1164 638 simpliciter
1202 568 1285 627 modo
1299 569 1430 643 puniendi
1444 569 1533 642 illum,
1545 571 1588 628 rei
1606 572 1812 648 praecipiendo,
1825 579 1858 631 ut
1873 573 2017 645 irritetur,
2068 605 2069 612 ι

365 661 525 736 prohibent,
547 660 623 718 nullo
642 659 749 718 adiecto
769 658 870 729 verbo,
891 672 947 732 quo
966 663 1060 714 actum
1079 657 1163 713 susti·
1201 663 1233 716 ut
1245 674 1376 732 expresse
1390 659 1457 720 dicit
1470 662 1546 719 loen.
1568 660 1656 718 Andr.
1673 663 1699 718 ιιι
1713 663 1803 720 diosa.
1819 663 1854 721 ad
1869 662 2013 736 regulam,

364 759 463 825 neant,
483 759 512 810 et
528 751 589 809 illae
603 757 752 808 censentur
763 751 892 823 irritare3
909 745 977 806 aliae
990 763 1056 805 cum
1071 747 1164 820 probi·
1200 765 1277 824 quoe
1291 754 1398 808 cosdro
1410 753 1468 818 ios,
1489 754 1537 822 dl,
1552 750 1586 809 de
1599 753 1691 825 regul.
1708 753 1762 811 iur.
1777 755 1806 811 in
1821 758 1849 813 e.
1863 755 1951 812 Tune
1966 770 2014 811 au·

366 846 469 903 bitioue
489 842 595 902 addunt
614 841 732 916 aliquid,
748 840 823 914 quod
838 839 895 898 sine
912 838 1003 896 valore
1017 843 1098 896 actus
1111 852 1165 894 non
1201 847 1257 898 tem
1272 841 1407 913 posterior
1421 840 1464 898 lex
1478 843 1619 900 sustinens
1631 843 1738 916 actum,
1754 859 1839 918 quern
1852 847 1935 918 prior
1951 845 2016 901 sim·

365 943 444 996 recte
468 933 633 1002 adderetur,
659 946 710 990 nec
735 931 835 989 habere
860 936 954 1002 posset
975 929 1069 987 locum
1088 929 1166 985 circa
1201 929 1311 1002 pliciter
1338 930 1516 1004 prohibebat,
1542 949 1596 990 nou
1621 934 1735 1008 derogat
1758 935 1849 1008 aliqua
1875 951 1913 992 ex
1941 943 2020 1008 parte

367 1032 461 1085 actum
482 1023 645 1094 invalidum,
660 1027 688 1081 et
701 1022 768 1080 tales
783 1021 857 1094 leges
876 1034 930 1076 non
945 1027 1063 1092 possunt
1076 1018 1166 1075 irrita·
1202 1021 1287 1094 priori
1308 1020 1376 1095 legi,
1399 1036 1450 1079 nec
1470 1023 1608 1095 concedit,
1624 1023 1699 1097 quod
1720 1023 1764 1083 illa
1779 1025 1951 1098 abstulerat,
1970 1027 2019 1084 sed

366 1123 414 1192 re,'
424 1133 458 1175 ne
472 1115 612 1174 contraria
624 1121 653 1172 et
666 1113 849 1186 repugnantia
862 1109 1004 1167 continere
1018 1108 1165 1166 convinca-
1203 1117 1313 1171 tantum
1333 1113 1478 1184 supponit,
1499 1113 1620 1186 priorem
1634 1114 1721 1188 legem
1735 1130 1789 1170 noa
1804 1115 1935 1173 irritasse
1956 1132 2020 1188 pro·

368 1217 426 1268 tur.
442 1209 483 1266 lta
497 1207 597 1265 docent
610 1207 679 1282 Cyn.
695 1207 770 1262 Bart.
786 1200 862 1260 bald.
879 1206 908 1258 ct
922 1200 979 1258 lere
994 1199 1037 1257 alii
1051 1201 1078 1256 in
1093 1199 1169 1257 dicta
1204 1200 1334 1274 bibendo,
1347 1207 1376 1259 et
1390 1203 1450 1261 ideo
1465 1201 1567 1276 aliquid
1581 1205 1702 1276 disponit
1716 1206 1793 1262 circa
1807 1205 1886 1264 illurn
1908 1212 2019 1276 aetum,
2063 1199 2069 1230 l

369 1299 390 1357 ι.
405 1295 612 1364 condomam,
627 1301 655 1352 et
669 1295 722 1352 late
736 1292 853 1370 sylvest.
871 1305 965 1362 supra.
976 1288 1027 1348 Sed
1043 1289 1168 1362 prolecto
1204 1293 1365 1350 sustinendo
1379 1293 1471 1364 illum,
1486 1294 1514 1351 id
1528 1300 1572 1351 est
1585 1295 1765 1368 supponendo
1780 1297 1927 1364 tenuisse·¹
1951 1313 2020 1370 ergo

369 1389 510 1447 distinctio
525 1402 580 1442 nou
594 1383 703 1442 sufficit
714 1381 747 1440 ad
765 1380 988 1439 satisfaciendum
1002 1378 1170 1437 difficultati·
1205 1383 1322 1440 verbum
1341 1383 1500 1456 probibendi
1521 1384 1546 1440 in
1567 1387 1652 1456 priori
1669 1386 1728 1460 lege
1743 1387 1869 1444 absolute
1885 1386 2019 1460 proposi·

368 1479 422 1537 bus
433 1476 668 1550 propositisllam
679 1478 778 1531 contra
789 1472 908 1543 primum
920 1468 1075 1526 membrum
1085 1469 1168 1526 etiam
1206 1481 1278 1545 tum,
1294 1489 1347 1531 nau
1363 1474 1454 1532 luerat
1468 1475 1607 1533 sufficiens
1620 1476 1655 1534 ad
1669 1476 1844 1534 irritandum.

370 1569 411 1626 sic
425 1568 582 1636 limitatum,
597 1563 754 1637 procedunt
767 1560 892 1632 exempla
906 1559 998 1629 allata,
1010 1557 1074 1633 quia
1088 1559 1114 1616 ιιι
1129 1559 1168 1616 eia
1241 1564 1362 1622 Tandem
1382 1563 1416 1623 ad
1437 1567 1528 1622 omnia
1546 1563 1620 1624 diota
1638 1567 1825 1623 confirmanda
1846 1573 1917 1624 utor
1932 1581 2021 1640 argu.

370 1659 445 1731 leges
455 1655 631 1730 prohibentes
642 1653 803 1726 simpliciter
814 1648 1075 1724 loquuntur,neque
1087 1648 1169 1706 rerba
1205 1659 1297 1711 mento
1311 1659 1422 1726 sumpto
1435 1669 1468 1712 ex
1483 1657 1595 1729 antiqua
1609 1655 1667 1729 lege
1680 1656 1835 1730 Ecclesiae,
1858 1673 1937 1732 quae
1955 1673 2019 1729 pro-

370 1747 594 1820 addunt,quibus
609 1744 763 1817 specialiter
778 1748 871 1800 aetum
887 1741 1095 1810 sustinere,aut
1108 1739 1170 1796 irri·
1205 1741 1314 1800 bibebat
1328 1744 1497 1801 matrimonia
1517 1744 1700 1817 clandestina,
1720 1749 1810 1820 capite
1828 1745 1934 1815 alacer,
1954 1764 2019 1804 cum

369 1847 429 1898 tare
449 1835 604 1895 rideantur.
623 1835 727 1892 Contra
748 1831 905 1890 secundum
924 1847 992 1889 vero
1016 1830 1171 1887 membrum
1207 1834 1313 1906 multis,
1330 1838 1377 1908 30,
1391 1851 1419 1908 q.
1434 1839 1460 1906 5,
1476 1850 1538 1907 cap.
1549 1839 1626 1894 Cum
1639 1835 1827 1906 emittetqde
1842 1838 2014 1896 clandestin.

370 1929 452 1986 obiici
464 1931 567 2000 potest,
575 1925 640 1999 quia
654 1923 795 1996 supposita
808 1921 854 1979 illa
869 1921 1016 1991 sententia,
1030 1936 1083 1976 oon
1097 1919 1172 1977 vide·
1206 1921 1365 1996 desponsat.
1383 1925 1431 1982 llla
1449 1927 1520 1982 enim
1542 1927 1584 1985 lex
1598 1926 1713 1999 directe,
1730 1930 1756 1986 ιιι
1770 1930 1872 2002 specie,
1886 1937 1921 1987 et
1936 1932 2018 1988 abso·

370 2027 418 2078 tur
438 2033 517 2093 posse
538 2017 635 2074 evitari
658 2013 838 2087 repugnantia
852 2014 879 2068 in
900 2009 953 2068 illis
969 2010 1086 2082 legibus.
1102 2007 1170 2068 Ne'm
1207 2013 1280 2084 lute,
1302 2021 1331 2072 ct
1349 2030 1415 2072 cum
1434 2018 1507 2073 omni
1522 2020 1734 2091 exaggeratione
1748 2019 1819 2075 intra
1833 2019 2022 2078 latitudinem

370 2111 394 2167 si
414 2108 530 2167 verbum
550 2103 709 2179 prohibendi
728 2110 773 2162 est
789 2101 931 2160 sufficiens
945 2099 979 2158 ad
994 2098 1166 2168 irritandum3
1208 2104 1414 2176 prohibitionis,
1435 2106 1545 2164 vetabat
1558 2105 1634 2164 illum
1650 2115 1760 2176 actum,
1774 2115 1806 2166 ut
1818 2115 1897 2181 patet
1911 2125 1948 2168 ex
1965 2109 2018 2165 illis

371 2214 437 2272 ergo
452 2213 484 2256 ex
495 2199 522 2253 ri
534 2211 599 2253 suae
610 2194 736 2268 propriae
747 2191 953 2265 significationis
966 2189 1100 2262 signifieat
1112 2190 1173 2246 irri-
1206 2195 1296 2253 verbis
1314 2198 1432 2269 penitus
1446 2197 1626 2259 inhibemus,
1644 2204 1671 2254 at
1686 2197 1863 2256 nihilominus
1877 2215 1938 2256 non
1954 2199 2019 2256 ῑηι.

371 2290 511 2355 tationem,
524 2301 608 2360 quam
619 2285 698 2354 lacit3
712 2298 778 2356 crgo
790 2281 972 2356 repugnantia
983 2281 1105 2337 continet
1116 2279 1171 2352 lex,
1207 2285 1282 2342 tabat
1296 2284 1372 2342 illum
1386 2301 1475 2360 usque
1490 2287 1524 2343 ad
1539 2287 1687 2345 concilium
1701 2289 1813 2346 trident.
1825 2292 1865 2347 'ut
1878 2295 1924 2348 est
1939 2297 2018 2347 certa
2068 2337 2069 2344 ,

372 2393 445 2454 quac
467 2379 545 2450 prius
565 2374 694 2448 probibet
706 2381 812 2443 actum,
829 2381 857 2430 ct
870 2376 966 2445 postea
980 2369 1106 2427 sustinet.
1122 2369 1173 2426 Vc·
1207 2377 1338 2432 sententia
1352 2375 1547 2449 theologorum
1560 2376 1629 2435 dict.
1645 2377 1672 2434 d.
1687 2384 1735 2438 28.
1747 2380 1835 2446 Quam
1860 2379 1938 2438 idem
1953 2395 2019 2436 con-

372 2474 528 2528 rumtamen
551 2466 604 2523 bno
625 2481 679 2523 nnn
701 2463 843 2522 concludit
863 2467 960 2519 contra
975 2460 1048 2518 illam
1063 2466 1173 2517 senten·
1207 2463 1300 2521 cilium
1315 2464 1339 2520 ιιι
1355 2465 1488 2536 principio
1500 2465 1572 2544 illius
1585 2466 1689 2524 decreti
1701 2468 1876 2540 approbarit.
1886 2470 2016 2542 Suntque

372 2559 449 2628 tiam3
461 2573 524 2615 nam
538 2554 698 2628 responderi
712 2560 812 2627 potest,
826 2556 943 2611 verbum
956 2551 1066 2628 quidem
1084 2549 1174 2624 probi·
1207 2553 1266 2611 eius
1278 2553 1362 2611 verba
1380 2554 1415 2612 ad
1428 2560 1597 2626 praesentem
1613 2572 1727 2614 causam
1744 2559 1897 2628 plurimum
1918 2565 2017 2615 ιιοιιιι-

373 2646 455 2708 bendi
475 2645 601 2705 absolute
620 2652 762 2717 sumptum
777 2642 962 2701 haberehunc
977 2643 1049 2714 vim,
1064 2658 1118 2698 non
1134 2648 1174 2697 ta·
1207 2642 1253 2714 da3
1269 2644 1348 2701 simul
1363 2647 1436 2702 enim
1449 2644 1543 2717 docet,
1560 2649 1756 2705 matrimonio
1769 2646 1965 2706 clandestino
1979 2646 2014 2704 lt-

373 2753 437 2796 men
452 2750 624 2810 repugnare,
644 2736 711 2808 quin
725 2734 762 2792 illi
777 2733 894 2791 addatur
909 2732 1027 2806 aliquid,
1044 2747 1100 2804 quo
1114 2731 1173 2788 eius
1208 2733 1275 2790 bero
1288 2736 1530 2793 contrabentium
1543 2735 1794 2810 consensufoctc.
1811 2743 1884 2796 roto
1896 2743 1928 2795 ei
1942 2753 2015 2796 cero

373 2827 533 2902 significatio
551 2831 580 2882 et
601 2825 642 2880 ris
658 2823 799 2881 limitetur.
816 2824 852 2882 Et
865 2823 900 2881 lla
914 2821 984 2880 dixit
998 2821 1116 2899 sylvest.
1134 2819 1173 2876 ιιι·
1200 2823 1299 2898 scisse
1312 2829 1518 2893 matrimonio,
1535 2826 1682 2900 quamdiu
1696 2827 1832 2885 Ecclesia
1848 2827 1909 2885 iilo
1923 2831 2014 2886 irritu

373 2924 420 2977 ete
434 2933 463 2990 q.
479 2921 527 2984 28,
543 2931 615 2972 vere.
630 2929 683 2986 epo
704 2929 785 2980 vero,
807 2911 916 2984 quando
937 2912 966 2968 lit
984 2911 1047 2969 talis
1061 2909 1173 2980 additio,
1208 2931 1269 2971 more
1277 2911 1364 2986 feeit.
1385 2916 1420 2973 Et
1439 2913 1591 2988 subiungit:
1609 2916 1810 2974 Nihilominus
1834 2923 1947 2977 acceto
1958 2920 2013 2974 Dei

375 3023 428 3065 non
449 3021 510 3064 esse
530 3003 737 3077 prohibitionem
758 3002 935 3073 simpliciter,
955 3001 1004 3058 sed
1017 2999 1173 3058 secundum
1208 3003 1346 3062 Ecclesia
1364 3021 1404 3062 em
1422 3009 1593 3063 iustissimis
1607 3010 1708 3064 causis
1727 3005 1785 3065 illc
1803 3025 1921 3084 semper
1936 3007 2014 3067 dete·

376 3097 456 3173 quid,
471 3102 544 3153 etex
558 3100 646 3167 parte.
662 3096 743 3152 Nam
762 3090 834 3150 iulis
847 3090 905 3159 lea,
923 3093 1023 3164 inquit,
1036 3107 1075 3148 eor
1084 3095 1175 3165 porte
1209 3099 1352 3160 stoicest,
1370 3099 1459 3166 utque
1469 3096 1630 3170 probibuit.
1641 3097 1714 3174 Ergo
1728 3097 1854 3154 absoluta
1865 3098 2014 3170 probibitio

370 3186 521 3266 probibet,
545 3191 574 3244 et
593 3200 631 3242 etc
647 3187 737 3259 porte
758 3180 903 3247 concedit:
916 3183 996 3240 etita
1009 3196 1064 3238 non
1078 3187 1120 3239 est
1132 3181 1174 3238 lex
1209 3197 1274 3241 oum
1284 3199 1461 3259 quacumque
1474 3186 1683 3259 exaggeratione
1697 3193 1725 3243 et
1738 3185 1918 3246 detestatione
1934 3195 2014 3246 sotiis

375 3277 533 3353 simpliciter
553 3274 720 3350 prohibens,
735 3273 769 3331 de
785 3288 840 3347 qua
853 3273 977 3348 loquitur
990 3273 1034 3330 lex
1048 3287 1109 3328 mom
1121 3269 1176 3327 dc·
1210 3289 1264 3330 non
1278 3275 1367 3332 irritat
1381 3274 1457 3331 illum
1470 3291 1505 3332 ex
1520 3283 1611 3332 mente
1626 3277 1745 3333 coucilii.

373 3368 465 3429 Mum.
1247 3364 1337 3432 Quare
1351 3364 1404 3420 boo
1418 3372 1580 3437 argumento
1595 3365 1711 3420 convicti
1725 3364 1811 3439 aliqui
1830 3367 2009 3437 respondent,

414 3459 467 3518 Sed
481 3456 573 3517 adhuc
587 3469 738 3530 possumus
751 3455 867 3526 instare,
882 3453 945 3526 quia
960 3469 1103 3526 uunquam
1118 3453 1173 3511 lere
1208 3469 1270 3510 esse
1290 3453 1408 3526 speciale
1427 3455 1454 3510 iu
1474 3453 1588 3510 materia
1602 3454 1784 3523 matrimonii,
1804 3469 1922 3529 eamque
1938 3457 2010 3514 eroi-

373 3550 434 3608 talis
450 3550 491 3606 lex
507 3549 625 3606 sustinet
637 3551 733 3604 aetum
749 3545 869 3613 directe,
884 3542 911 3600 id
924 3550 967 3601 est
981 3543 1171 3616 concedendo,
1208 3543 1333 3615 piendam
1347 3559 1407 3600 esse
1426 3559 1441 3598 a
1460 3543 1555 3614 regula
1568 3543 1635 3616 legia
1649 3560 1708 3600 ιιοιι
1721 3542 1857 3611 dubium,
1879 3545 1955 3618 quod
1972 3563 2013 3601 as·

373 3640 417 3698 vel
433 3637 556 3696 iaciendo
571 3633 683 3709 aliquid,
696 3633 744 3692 sed
758 3636 853 3706 potius
868 3635 1126 3707 praesupponendo,
1142 3641 1175 3692 ut
1209 3635 1407 3691 seruit'liecius
1423 3633 1449 3689 iu
1464 3647 1525 3705 cap.
1535 3637 1562 3691 2.
1575 3632 1611 3689 de
1625 3633 1753 3702 testibus,
1772 3649 1799 3689 n.
1812 3638 1838 3692 l.
1851 3635 1902 3693 Sed
1917 3652 2014 3709 quam·

375 3745 440 3787 cum
453 3727 599 3800 praecipit,
614 3733 707 3782 actum
722 3724 889 3796 prohibitum
903 3724 957 3782 hoc
972 3725 1014 3781 rel
1029 3724 1075 3782 illo
1090 3724 1173 3783 modo
1208 3726 1250 3781 ris
1270 3739 1367 3780 verum
1381 3723 1432 3794 sit,
1454 3723 1479 3778 iu
1495 3723 1663 3780 matrimonio
1680 3729 1790 3796 propter
1803 3726 1934 3783 materiae
1949 3744 2012 3800 gra-

374 3819 487 3887 irritari,
501 3817 543 3872 vel
558 3831 624 3872 cum
638 3815 766 3874 ellectum
780 3815 839 3871 eius
854 3815 1024 3887 agnoseit,et
1038 3815 1173 3886 praecipit
1209 3815 1366 3880 ritatem,et
1379 3811 1548 3883 periculum,
1560 3813 1647 3885 nangis
1661 3813 1817 3884 specificam
1831 3820 1861 3870 et
1874 3814 2010 3873 indubita-

375 3906 529 3974 cbservari,
554 3909 604 3960 aut
626 3903 678 3960 alio
693 3902 772 3960 simili
788 3902 883 3976 modo;
905 3903 966 3960 talia
980 3919 1047 3978 ergo
1062 3905 1103 3962 lex
1119 3920 1172 3961 non
1210 3909 1264 3960 tam
1286 3905 1389 3976 requiri
1407 3900 1529 3958 irritandi
1550 3901 1682 3970 sormam,
1706 3908 1796 3958 tamen
1818 3919 1872 3960 non
1890 3913 1935 3962 eat
1949 3922 2013 3977 pro·

375 3997 520 4056 contirmat
534 3992 995 4064 aetiampositivesednegattvese
1009 3992 1173 4066 babet,quis
1209 3995 1300 4065 prium
1320 3993 1401 4062 eius,
1429 3990 1506 4064 quod
1525 3991 1584 4047 sola
1604 3990 1747 4062 prohibitio
1774 3989 1806 4048 ad
1828 3993 2010 4051 irritationem

375 4073 429 4144 non
443 4084 548 4155 irritat·,
563 4097 628 4154 ergo
643 4081 734 4155 quoad
746 4080 952 4152 prohibitionem
971 4081 1133 4152 simpliciter
1146 4090 1175 4140 et
1208 4097 1263 4138 nou
1286 4080 1416 4138 sufficiat.
1431 4081 1498 4137 Nam
1517 4077 1674 4138 extenditur
1689 4080 1723 4138 ad
1738 4096 1832 4139 omnes
1847 4089 1928 4140 ectus
1942 4087 2011 4143 irre·

374 4175 498 4236 absolute
513 4170 650 4246 probibet,
666 4187 755 4244 neque
769 4169 871 4243 aliquid
886 4170 970 4236 addit,
984 4186 1039 4242 quo
1054 4171 1173 4243 probibi-
1209 4172 1381 4240 tractabiles,
1394 4186 1448 4228 acu·
1458 4169 1635 4244 initerabiles,
1648 4176 1679 4227 ut
1693 4168 1759 4228 dixit
1772 4173 1843 4229 Rota
1857 4171 1897 4229 lit.
1914 4173 1952 4230 de
1964 4174 2013 4232 de·

373 4269 476 4326 tionem
491 4263 597 4335 limitet,
610 4267 660 4318 aut
672 4260 797 4317 extrahat
811 4275 827 4316 a
841 4261 950 4333 propria
963 4259 1172 4334 significatione,
1209 4279 1254 4336 ap.
1269 4262 1379 4336 improb.
1396 4261 1482 4318 decis.
1497 4277 1544 4318 ιιιι.
1560 4260 1625 4317 alias
1640 4260 1790 4319 tidhnde
1804 4273 2011 4337 consequenter

373 4357 421 4415 sed
442 4355 532 4413 solum
552 4367 606 4409 non
625 4351 700 4408 addit
712 4351 907 4421 irritationem,
922 4356 951 4406 et
964 4348 1040 4423 quod
1055 4367 1108 4406 nou
1125 4349 1173 4407 ad·
1208 4351 1334 4421 videtur,
1356 4352 1439 4407 etiam
1452 4347 1559 4406 extendi
1574 4349 1608 4405 ad
1623 4349 1689 4406 alios
1703 4358 1794 4421 actus,
1810 4354 1858 4424 qui
1871 4352 1939 4410 licet
1953 4357 2013 4412 irri-

372 4446 434 4513 dat,
457 4441 559 4500 indicat
577 4457 611 4499 ex
631 4439 691 4497 aliis
704 4439 857 4509 clientibus,
874 4455 945 4512 quoa
960 4441 1170 4511 praesupponit.
1208 4443 1260 4497 taxi
1274 4441 1453 4513 possint,non
1470 4447 1560 4496 tamen
1575 4439 1721 4497 irritantur
1735 4456 1767 4497 ex
1780 4440 1804 4497 ιι
1820 4441 1905 4500 solius
1920 4446 2013 4516 prohi-

372 4537 445 4608 Ergo
459 4535 568 4604 siguum
582 4527 853 4601 est,probibitiouem
864 4528 897 4585 de
912 4545 942 4586 se
953 4535 1170 4600 quantumcum·
1210 4531 1338 4602 hittonis,
1359 4531 1424 4603 quis
1437 4530 1489 4589 iana
1504 4534 1626 4601 constat,
1641 4529 1852 4601 prohibitionem
1865 4547 1898 4589 ex
1913 4549 1943 4590 se
1958 4551 2012 4592 nou

371 4641 428 4699 que
451 4606 606 4681 absolutam
631 4634 684 4675 non
709 4617 835 4688 irritare,
856 4626 885 4675 et
902 4623 1103 4690 consequenter
1117 4635 1171 4676 non
1210 4621 1310 4678 babere
1332 4619 1402 4676 hanc
1423 4619 1496 4689 rim,
1519 4618 1569 4676 nisi
1584 4618 1657 4675 aliud
1671 4621 1695 4677 ei
1709 4619 1835 4702 addatur.
1853 4625 1923 4681 Nam
1937 4627 2012 4698 quod

371 4729 433 4772 esse
453 4725 504 4783 pro
519 4706 614 4781 regula
628 4705 832 4779 assignandum,
849 4712 879 4763 ιιι
892 4707 934 4763 lex
950 4707 1096 4778 prohibens
1110 4710 1172 4765 irri-
1206 4709 1289 4784 aliqui
1303 4708 1411 4779 dicunt,
1427 4707 1580 4779 spiritualia
1598 4707 1733 4766 difficilius
1747 4711 1826 4780 solvi,
1841 4728 1926 4786 quam
1942 4722 2011 4774 tem·

371 4807 422 4871 let,
433 4801 484 4857 nisi
498 4812 625 4870 expresse
641 4795 775 4852 sustineat
788 4802 896 4869 actum,
909 4795 957 4853 sed
969 4798 1060 4866 potius
1074 4813 1089 4853 e
1103 4813 1171 4854 cen·
1205 4799 1318 4871 poralis,
1335 4813 1431 4870 parum
1447 4796 1533 4854 iuvat.
1548 4789 1617 4853 Tum
1631 4798 1695 4872 quia
1709 4797 1776 4856 licet
1789 4799 1843 4857 boc
1859 4817 1958 4861 aerum
1973 4807 2009 4862 sit

369 4890 474 4959 traria,
498 4883 573 4960 quod
597 4901 652 4942 uon
677 4883 781 4953 irritet,
802 4885 854 4940 nisi
876 4885 916 4942 vel
938 4900 1068 4956 expresse
1086 4887 1168 4945 addat
1205 4887 1238 4945 de
1252 4888 1307 4958 bis,
1324 4901 1394 4960 quae
1415 4885 1630 4958 perhumanum
1651 4893 1816 4958 potestatem
1835 4891 1933 4949 irritari
1956 4911 2009 4952 non

369 4975 524 5037 clausulam
546 4974 714 5043 irritantem,
737 4972 778 5030 vel
799 4973 916 5047 aliquid,
932 4990 989 5047 quo
1006 4974 1080 5034 illam
1095 4977 1171 5034 snifi·
1205 4985 1338 5050 possunt,
1360 4982 1392 5033 ut
1414 4975 1490 5049 quod
1504 4976 1635 5034 sacerdos
1649 4987 1809 5051 consecret,
1825 4987 2006 5055 quantumvis
2034 4987 2043 4999 '

367 5071 472 5127 eleuter
478 5063 595 5123 indicet.
607 5064 642 5120 Et
656 5063 843 5135 confirmatum
858 5078 921 5121 nam
938 5064 982 5121 ille
995 5065 1093 5123 modus
1108 5084 1170 5124 sus·
1204 5067 1392 5140 prohibeatur,
1403 5071 1458 5121 etc.
1473 5070 1563 5124 tamen
1576 5066 1611 5123 de
1625 5067 1684 5123 aliis
1697 5083 1748 5124 non
1763 5076 1806 5126 eet
1819 5073 1868 5142 ita,
1883 5089 2010 5144 praescr·

366 5155 469 5216 tincndi
484 5160 577 5212 actum
593 5153 653 5228 lege
668 5151 835 5225 prohibitum
856 5168 911 5210 non
927 5153 1017 5212 sclrrm
1031 5157 1167 5232 contingit
1204 5157 1253 5216 tim
1268 5154 1377 5231 quando
1396 5161 1439 5212 eat
1457 5169 1549 5213 sermo
1563 5155 1596 5213 de
1611 5157 1760 5215 irritatione
1776 5163 1966 5236 antecedente,
1984 5167 2009 5224 id

366 5247 424 5306 fieri
438 5261 487 5321 per
501 5242 624 5304 eamdem
639 5241 745 5318 legem,
760 5239 807 5299 aad
822 5242 905 5300 etiam
919 5259 966 5316 per
982 5243 1115 5320 diversas,
1132 5246 1169 5305 ita
1203 5253 1247 5305 est
1267 5260 1338 5321 quse
1359 5243 1489 5318 impedit,
1511 5261 1544 5302 ue
1558 5251 1638 5303 actus
1653 5244 1750 5305 valeat.
1765 5248 1834 5306 Tum
1849 5253 1933 5310 etism
1945 5257 2009 5329 quia
