4278 6242
893 399 1047 448 meurs.
1326 389 1330 398 '
1677 383 1735 447 ιιι

139 525 291 584 verisimilis
312 529 452 598 appareat.
474 523 543 592 Ornia
564 522 628 580 licet
642 523 709 580 lcrte
723 521 851 580 doctores
866 521 944 580 aliam
982 529 1038 595 tur,
1054 522 1118 596 qula
1131 539 1214 596 supra
1228 523 1333 582 dictum
1349 531 1399 597 est,
1417 525 1553 582 interdum
1565 541 1644 599 posse
1657 525 1781 582 volunta·

136 618 321 689 adaequatam
344 615 478 670 rationem
498 613 567 686 legis
587 629 641 671 non
657 614 811 684 inveniant,
828 613 945 670 tortasse
980 619 1034 670 tem
1054 629 1115 670 esse
1134 615 1219 688 magis
1239 616 1411 687 restrictam,
1431 630 1513 688 quam
1529 615 1563 671 ειι
1576 617 1663 686 ratio,
1679 622 1705 670 ει
1719 613 1780 670 ιιεε

135 705 276 779 legislator
296 703 369 761 illam
385 702 492 772 babuit3
509 705 630 775 satisque
644 711 698 774 est,
714 702 789 777 quod
800 718 849 776 per
860 703 943 760 verba
980 716 1035 758 non
1050 717 1159 775 semper
1172 703 1282 760 extendi
1297 705 1382 776 legem
1398 703 1431 760 ad
1445 705 1546 775 omnia,
1560 704 1675 778 adquae
1687 712 1781 762 exten-

137 797 202 868 legis
220 795 400 868 significavit,
417 783 447 849 se
461 793 497 849 ita
511 793 673 865 generaliter
687 793 818 865 voluisse,
830 799 857 850 et
870 793 944 867 quod
979 791 1053 849 ditur
1071 794 1150 851 ratio.
1167 794 1239 866 Ergo
1255 795 1312 865 pari
1326 796 1429 850 ratione
1445 796 1612 851 econtrario
1627 801 1717 866 potest
1731 810 1779 851 ro·

136 883 243 942 nullum
267 884 378 956 signum
396 882 580 940 restrictionis
601 882 759 940 ostenderit.
782 884 848 952 Quia
868 881 945 956 quod
980 880 1070 938 luntas
1086 897 1145 938 esse
1160 883 1323 956 generalior,
1338 899 1421 956 quam
1436 886 1524 956 ratio,
1540 899 1607 956 ergo
1620 899 1672 940 noc
1684 884 1779 942 estlear

135 976 268 1049 principi
281 971 417 1048 placuit,
440 969 511 1046 lepis
529 971 617 1029 babet
629 976 774 1046 ciperem,
792 961 852 1046 lege
871 977 895 1046 t,
914 972 942 1032 o.
979 959 1167 1044 restringenda
1181 988 1214 1030 ex
1229 973 1344 1044 ratione,
1360 975 1425 1046 quia
1439 973 1481 1030 lex
1496 989 1546 1045 pro
1560 975 1663 1030 ratione
1674 973 1779 1030 indicat

138 1063 169 1120 de
183 1065 333 1120 constitut.
350 1063 467 1134 princip.
478 1067 506 1119 ει
519 1062 577 1120 lieri
591 1062 671 1120 etiam
687 1055 831 1136 potestat
846 1062 944 1122 leailla
979 1060 1140 1134 legislatoris
1158 1061 1337 1120 voluntatem.
1360 1062 1543 1119 confirmatur
1563 1062 1672 1120 tandem
1686 1105 1693 1134 ,
1715 1063 1780 1136 quia

139 1156 172 1211 sit
186 1170 219 1210 ex
236 1153 293 1224 bis,
309 1167 428 1226 quarum
443 1153 511 1208 ratio
525 1167 579 1208 non
594 1157 685 1226 potest
699 1153 821 1225 inveniri,
835 1152 944 1210 utdici-
979 1149 1045 1208 alias
1066 1159 1192 1209 cessante
1210 1153 1316 1210 ratione
1335 1152 1402 1230 legis
1421 1154 1447 1208 in
1463 1152 1641 1225 particulari,
1657 1159 1779 1210 cessaret

139 1250 180 1301 tur
200 1244 227 1300 in
250 1243 313 1318 lege
333 1245 569 1308 Nouamuiam,
588 1242 615 1299 lt.
632 1241 664 1299 ιε
685 1243 802 1317 legibus.
817 1243 873 1300 Nisi
889 1243 943 1300 lor·
979 1239 1108 1312 obligatio
1131 1241 1211 1316 legis:
1234 1240 1286 1300 boc
1308 1249 1470 1299 autemnon
1485 1242 1596 1316 itaest,
1611 1243 1780 1300 utinlradi·

138 1341 207 1390 tasse
219 1333 265 1390 lex
278 1333 450 1388 inueniretur
463 1331 572 1399 iniusta,
586 1333 609 1388 si
621 1330 695 1390 ultra
707 1332 786 1389 talem
798 1331 941 1406 rationem,
978 1345 1057 1401 eam,
1073 1345 1149 1404 ergo.

136 1424 216 1480 etiam
246 1425 415 1495 cogitatam,
441 1421 590 1494 obligaret:
611 1436 674 1478 nam
699 1429 766 1480 tunc
792 1421 944 1480 incidemus
1018 1421 1379 1498 daemonicolarum,
1402 1425 1580 1483 assertionem
1600 1439 1662 1481 esse
1682 1423 1779 1481 intelli-

137 1517 161 1570 ιε
180 1529 281 1570 εεεειε
297 1511 487 1584 praecedentis
502 1512 670 1570 assertionis.
688 1513 761 1568 llaec
775 1527 840 1584 ergo
855 1526 943 1569 asser·
978 1509 1093 1582 gendum
1104 1511 1137 1568 ιε
1152 1514 1256 1570 ratione
1270 1514 1336 1586 legis
1351 1514 1505 1589 adaequata
1518 1521 1545 1570 ει
1559 1514 1723 1584 intrinseca,
1739 1518 1777 1585 et,

138 1603 171 1659 tio
186 1602 220 1659 ιε
235 1601 345 1658 ratione
356 1615 485 1673 expressa
496 1601 522 1656 in
534 1600 593 1675 lege
605 1601 759 1658 necessario
770 1600 943 1676 intelligenda
978 1606 1010 1656 ut
1031 1601 1067 1656 ita
1087 1599 1194 1673 dicam,
1216 1597 1395 1660 constitutiva
1414 1603 1529 1676 proximi
1548 1602 1645 1659 obiecti
1659 1603 1734 1672 eius,
1750 1607 1780 1658 et

137 1703 192 1764 est,
208 1700 237 1749 et
253 1694 295 1748 sic
311 1690 417 1748 landari
432 1697 532 1763 potest,
548 1697 608 1748 tum
621 1691 685 1764 quia
699 1690 765 1748 lieet
777 1692 862 1749 verba
876 1691 942 1764 legis
978 1689 1031 1746 boc
1046 1690 1163 1763 probare
1179 1691 1344 1750 obiectiones
1359 1695 1482 1766 proxime
1497 1692 1596 1764 iactas,
1612 1699 1639 1748 et
1652 1694 1690 1749 ita
1699 1692 1779 1748 intel-

137 1782 276 1855 generalia
295 1781 370 1851 sint,
390 1795 438 1852 per
457 1779 613 1838 adiunctam
628 1782 764 1838 rationem
779 1781 941 1860 limitantur.
977 1779 1048 1837 lecta
1058 1783 1207 1838 assertione
1219 1781 1276 1838 illas
1288 1783 1367 1842 solvi.
1380 1785 1486 1857 ltaque,
1498 1781 1711 1853 sicutdiximus,
1722 1797 1778 1838 non

137 1871 261 1928 incivile
281 1875 381 1928 autera
395 1875 448 1936 est,
466 1872 527 1927 nisi
541 1868 677 1944 toto‘leqe
689 1875 862 1944 perspecto,
878 1885 943 1928 uno
977 1885 1184 1945 quamcumque
1198 1871 1363 1930 identitatem
1374 1875 1488 1932 rationis
1499 1871 1627 1930 sufficere
1640 1871 1674 1929 ad
1685 1879 1779 1930 exten·

137 1960 244 2036 alequa
257 1957 418 2036 particulo
432 1963 495 2016 ειεε
504 1963 669 2034 proposito,
683 1958 829 2027 iudicare,
844 1958 943 2017 oelre·
978 1962 1084 2018 sionem
1100 1961 1177 2036 legis,
1195 1960 1244 2018 sed
1258 1969 1386 2035 oportere
1401 1971 1433 2020 ει
1446 1963 1514 2021 ratio
1528 1965 1563 2021 sit
1573 1962 1737 2036 adaequata,
1750 1968 1780 2019 et

137 2049 294 2125 spondere,
312 2056 344 2106 ut
358 2049 459 2108 dicitur
473 2051 499 2106 in
512 2051 530 2107 l.
547 2054 595 2122 2⁴,
611 2050 639 2106 li.
655 2049 689 2108 de
703 2049 785 2122 legib.
801 2051 874 2124 Ergo
889 2065 943 2107 aon
978 2051 1013 2108 ita
1029 2052 1186 2126 intrinseca,
1203 2059 1235 2109 ut
1248 2053 1274 2108 in
1289 2053 1334 2110 illa
1347 2055 1544 2111 connexionem
1562 2052 1679 2110 babeant
1689 2053 1779 2109 omnia

138 2150 179 2198 est
191 2140 374 2198 iudicandum
389 2139 480 2197 detali
492 2140 561 2214 lege,
574 2141 668 2196 eiusce
680 2140 944 2215 obligationeexso·
978 2141 1175 2213 comprehensa
1195 2142 1247 2199 sub
1268 2143 1344 2215 lege,
1361 2146 1427 2217 quia
1446 2140 1581 2216 perillam
1601 2140 1777 2216 aliquomodo

138 2232 167 2289 lis
185 2232 280 2289 serbis
295 2231 476 2304 praeceptiris
490 2231 644 2288 sectrndum
657 2245 685 2287 se
697 2233 839 2303 spectatis,
851 2229 898 2287 εει
910 2245 944 2287 ex
978 2232 1189 2289 constituuntur
1204 2231 1255 2290 sub
1273 2232 1320 2289 tali
1334 2233 1456 2308 obieet03
1473 2236 1511 2290 ita
1525 2249 1590 2290 cum
1604 2233 1780 2305 proportione
1885 2261 1896 2280 ·

136 2321 186 2378 illis
204 2329 237 2379 ut
252 2321 376 2378 limitatio
389 2337 438 2394 per
451 2322 596 2396 rationem,
613 2337 683 2394 quae
698 2329 740 2378 est
754 2321 838 2379 veluti
854 2323 944 2379 anima
977 2321 1011 2378 de
1025 2322 1196 2380 restrictione
1211 2339 1367 2380 censemus.
1384 2324 1451 2391 Quia
1466 2325 1488 2379 si
1503 2325 1571 2380 ratio
1585 2339 1640 2379 nou
1655 2323 1689 2378 sit
1699 2321 1779 2378 adae·

137 2413 205 2482 eius,
225 2419 257 2470 ut
273 2413 300 2468 in
314 2412 504 2484 superioribus
519 2412 624 2470 dictum
639 2420 690 2470 εει.
706 2413 740 2469 at
750 2413 941 2485 confirmatur,
978 2418 1078 2484 quate,
1100 2411 1165 2469 licet
1186 2414 1222 2469 sit
1241 2414 1332 2470 minus
1346 2413 1517 2485 universalis,
1532 2428 1615 2484 quam
1630 2411 1731 2483 verlra,
1745 2427 1781 2470 ex

138 2504 201 2576 quia
218 2502 350 2559 noluntas
364 2502 496 2574 principis
506 2501 675 2559 rationabilis
687 2508 744 2559 est:
757 2501 884 2559 voluutas
895 2518 943 2558 au·
978 2503 1030 2558 alia
1049 2502 1172 2574 ratione,
1194 2501 1236 2559 vel
1258 2502 1359 2575 aliquid
1374 2503 1470 2559 rationi
1484 2500 1673 2576 adiungendo,
1690 2507 1782 2572 potest

138 2600 189 2648 tem
213 2607 273 2648 non
294 2591 356 2648 ault
375 2590 584 2662 rationabiliter,
607 2591 656 2647 nisi
676 2607 747 2664 quae
767 2592 819 2649 sub
839 2591 943 2648 ratione
978 2592 1212 2663 comprehendere
1227 2591 1278 2649 sub
1293 2593 1351 2666 lege
1366 2593 1466 2662 omnia,
1478 2608 1549 2666 quae
1561 2593 1685 2649 absoluto
1697 2593 1781 2665 signi·

139 2679 431 2753 comprehenduntur,
453 2682 614 2751 praesertim
634 2680 744 2754 quando
763 2679 834 2738 illam
850 2679 942 2752 babet,
978 2680 1051 2737 licat.
1061 2681 1161 2738 ιιειειε
1172 2684 1255 2739 ειιειε
1267 2683 1452 2740 necessarium
1464 2689 1517 2755 est,
1531 2689 1562 2739 ει
1575 2684 1645 2739 ratio
1657 2682 1779 2754 sitquasi

139 2775 165 2828 ει
184 2771 315 2844 proponit
335 2785 385 2842 pro
406 2785 537 2842 expresso
555 2770 657 2826 motivo
671 2777 700 2827 ει
713 2771 764 2826 line
779 2770 941 2843 adaequato.
978 2771 1156 2829 constitutiva
1171 2772 1271 2829 obiecti
1285 2772 1372 2846 legis,
1387 2773 1451 2845 quia
1464 2771 1530 2829 alias
1544 2787 1598 2828 non
1612 2779 1702 2843 potest
1715 2788 1781 2829 oeu-

138 2859 255 2918 Tandem
283 2861 479 2932 confirmatur,
495 2861 559 2933 quia
574 2859 685 2917 limitata
700 2875 785 2916 causa
800 2860 943 2918 limitatum
978 2862 1033 2918 seri
1047 2861 1210 2934 adaequata,
1226 2866 1257 2917 ut
1271 2860 1333 2918 licet
1347 2861 1470 2918 Ecclesia
1485 2862 1635 2934 praecipiat
1648 2863 1778 2920 ieiunium
1892 2915 1898 2923 .

139 2950 208 3021 parit
225 2949 371 3022 ellectum,
387 2949 434 3006 sed
450 2951 519 3005 ratio
532 2956 574 3006 est
584 2950 642 3006 sola
654 2965 738 3007 causa
748 2949 865 3021 volendi,
876 2966 943 3024 ergo
978 2955 1089 3025 propter
1109 2949 1312 3022 comprimenda
1333 2951 1415 3021 uitia,
1436 2967 1491 3008 non
1504 2957 1546 3008 est
1559 2951 1604 3008 illa
1618 2953 1685 3008 ratio
1700 2952 1780 3010 adae·

139 3037 265 3096 voluutas
286 3036 419 3095 limitatur
433 3038 616 3096 lualalimites
627 3041 754 3112 rationis,
765 3040 873 3097 etiamsi
884 3054 945 3097 rer·
979 3047 1078 3116 quate,
1099 3039 1170 3098 unde
1189 3039 1254 3098 licet
1272 3040 1316 3098 illa
1330 3040 1447 3113 deficiat,
1464 3042 1533 3099 ratio
1548 3041 1614 3114 legis
1629 3041 1782 3116 adaequata

139 3127 171 3184 ba
184 3129 248 3201 plus
270 3143 368 3185 sonare
383 3127 535 3185 rideantur.
979 3136 1070 3202 potest
1084 3131 1247 3204 subsistere,
1263 3146 1334 3204 quae
1348 3138 1391 3188 est
1403 3131 1530 3188 honestas
1545 3135 1740 3204 temperantiae
1751 3134 1779 3190 in

180 3223 205 3274 5.
221 3219 300 3276 llaec
315 3233 379 3274 rero
393 3218 508 3275 assertio
524 3215 687 3276 difficultate
702 3235 754 3275 uon
770 3225 857 3290 caret,
874 3234 945 3292 quae
980 3219 1027 3277 tali
1042 3225 1119 3290 actu,
1136 3235 1186 3278 seu
1201 3221 1323 3278 materia.
1337 3220 1414 3289 Quod
1429 3223 1451 3277 si
1467 3223 1578 3279 materia
1593 3221 1659 3294 legis
1675 3238 1729 3278 non
1744 3222 1781 3278 sit

142 3311 166 3363 ic
182 3310 281 3381 primis
292 3307 412 3366 sumitur
422 3323 455 3364 ex
467 3307 563 3365 Glossa
573 3309 599 3363 in
611 3307 630 3364 l.
642 3325 702 3365 nors
713 3311 856 3370 oninium,
871 3308 898 3365 li.
911 3307 945 3365 da
981 3315 1094 3381 prepter
1117 3326 1146 3367 se
1165 3311 1285 3381 intenta,
1301 3309 1349 3366 sed
1363 3318 1469 3368 tantum
1483 3317 1596 3383 propter
1609 3311 1698 3384 aliud,
1714 3317 1781 3368 tune

142 3396 222 3472 legib.
238 3399 267 3454 io
283 3398 346 3466 tine,
362 3396 482 3470 dicente,
498 3395 636 3454 interdum
650 3397 738 3470 legem
751 3397 882 3471 obligare,
898 3398 945 3455 ubl
980 3399 1133 3472 oportebit,
1155 3405 1186 3456 ut
1199 3401 1269 3457 ratio
1283 3401 1421 3458 contineat
1435 3399 1589 3473 proximum
1604 3407 1632 3457 et
1645 3401 1782 3474 adaequa·

140 3503 191 3544 non
216 3487 303 3544 babet
324 3488 417 3544 locum
430 3487 492 3544 eius
505 3489 585 3544 ratio.
603 3487 709 3560 allegat
722 3487 741 3545 l.
762 3492 787 3556 l,
803 3489 832 3545 li.
849 3488 881 3546 ιε
896 3503 949 3560 po·
981 3495 1040 3546 tum
1062 3490 1141 3545 licem
1163 3487 1245 3561 legis,
1267 3491 1333 3561 quia
1348 3495 1414 3546 tuae
1429 3488 1586 3546 censebitur
1599 3495 1729 3562 tanquam
1742 3490 1782 3546 in-

140 3579 228 3650 pular.
247 3575 262 3646 i
281 3576 408 3634 secundo
421 3575 494 3644 loco,
512 3577 597 3634 serbo
612 3593 712 3635 sexos.
725 3577 779 3635 Sed
790 3577 836 3634 illa
847 3578 888 3636 lex
898 3594 946 3650 pa·
981 3580 1129 3635 trinsecus.
1146 3580 1181 3635 Ut
1195 3579 1225 3648 iq
1237 3577 1310 3634 diota
1325 3576 1342 3633 Ι.
1354 3581 1528 3652 prospcatt,
1545 3580 1613 3635 ratio
1628 3577 1678 3634 illis
1692 3578 1782 3634 uerbis

140 3683 200 3724 rum
226 3669 322 3742 eogit;
344 3682 407 3723 nam
428 3665 464 3722 ibi
483 3667 644 3740 proponitur
658 3668 767 3724 occasio
781 3667 848 3742 legis
863 3670 946 3741 parti·
980 3673 1128 3738 contenta,
1144 3671 1189 3724 Ne
1208 3669 1364 3740 oroncipio
1382 3670 1551 3739 qooeettorat
1564 3666 1780 3734 subducantur,

140 3757 261 3830 rubris,
281 3757 350 3814 ratio
365 3764 458 3813 autam
477 3745 638 3813 universalis
652 3763 704 3814 est.
720 3758 803 3830 Magis
818 3772 885 3831 ergo
899 3773 945 3815 ur·
980 3774 1035 3816 non
1051 3759 1103 3815 luit
1117 3758 1275 3828 intrinseca,
1291 3765 1319 3815 et
1332 3759 1508 3814 constitutiva
1520 3757 1618 3815 obiecti
1628 3759 1707 3832 legis:
1720 3773 1783 3814 nam

140 3853 184 3920 get
203 3847 247 3904 lex
269 3848 444 3921 prospexit,
460 3845 488 3902 u.
505 3847 570 3918 qui,
585 3854 613 3903 ct
627 3862 642 3902 a
656 3846 772 3920 qurbus;
789 3847 813 3903 ia
830 3863 885 3920 qua
898 3864 946 3904 ex·
982 3848 1098 3906 materia
1118 3849 1178 3904 eius
1199 3846 1324 3904 absolute
1344 3845 1397 3904 luit
1418 3863 1561 3906 serrorum
1576 3847 1718 3920 alienatio,
1734 3861 1785 3904 seu
1849 3866 1852 3878 ·

23 3927 27 3934 ’
141 3951 232 4009 presse
261 3935 318 3992 dici
336 3935 461 4004 videtur,
477 3939 498 3991 ει
513 3935 596 3991 verba
609 3935 676 4009 legis
690 3936 853 3993 universalia
867 3942 944 4004 suot,
984 3937 1139 4009 distractio,
1154 3952 1225 4010 quae
1238 3937 1351 3994 materia
1365 3939 1392 3993 in
1407 3953 1436 3993 se
1452 3952 1505 3994 non
1521 3937 1639 3997 babebat
1651 3940 1785 3996 rationem

142 4026 190 4082 illis
212 4024 346 4082 standum
367 4039 446 4096 esse,
466 4025 574 4082 etiamsi
594 4025 620 4080 in
641 4024 776 4099 aliquibus
794 4028 865 4084 ratio
880 4027 945 4099 legis
982 4027 1176 4094 intrinsecam,
1197 4025 1233 4082 ob
1253 4041 1336 4099 quam
1357 4026 1567 4101 prohiberetur,
1589 4027 1640 4085 luit
1659 4043 1725 4100 ergo
1739 4027 1787 4082 illa

141 4129 192 4171 non
215 4116 256 4172 ita
275 4113 425 4186 procedere
444 4111 579 4171 rideatur.
599 4113 636 4172 ιι
649 4115 672 4170 ει
687 4116 729 4172 len
743 4115 872 4188 probibet
885 4132 946 4174 mu·
981 4117 1050 4174 ratio
1067 4116 1127 4173 linis
1147 4115 1319 4172 extrinsecus
1335 4116 1538 4188 prohibitionis,
1558 4119 1605 4190 qui
1625 4116 1689 4174 lieet
1702 4115 1786 4173 luerit

142 4203 196 4262 lieri
212 4204 248 4262 de
261 4203 398 4261 adulterio
408 4211 556 4261 accusatae
569 4204 686 4261 alienare
698 4221 804 4272 servos,
817 4220 849 4261 oe
861 4221 945 4279 quae·
981 4207 1160 4279 praecipuus,
1171 4212 1199 4263 et
1209 4205 1268 4262 ideo
1280 4207 1459 4278 exprimatur,
1468 4210 1558 4278 potuit
1569 4222 1622 4263 nou
1634 4221 1693 4263 esse
1705 4205 1785 4263 adae·

142 4295 220 4352 stioni
243 4292 452 4366 subducantur,
472 4292 575 4350 dicitur
590 4294 823 4366 comprehendere
836 4310 943 4368 omnes,
983 4303 1101 4371 quotus:
1125 4311 1188 4352 nam
1207 4297 1299 4368 potuit
1321 4295 1445 4353 absoluta
1458 4294 1600 4367 probibitio
1616 4294 1671 4352 fieri
1685 4294 1719 4351 ad
1735 4293 1785 4351 tol·

141 4385 248 4442 etiamsi
274 4383 327 4440 sint
346 4389 424 4440 extra
443 4383 625 4440 ministerium
644 4383 744 4440 domus
758 4385 786 4440 ιε
802 4399 886 4457 agro,
901 4383 945 4440 rel
983 4385 1077 4445 landas
1096 4385 1257 4442 occasiones
1278 4385 1424 4458 fraudum,
1445 4391 1474 4441 et
1486 4384 1693 4458 deceptionum,
1707 4389 1736 4440 ει
1748 4381 1784 4439 ει

140 4473 219 4548 alibi,
238 4476 298 4531 imo
311 4479 339 4530 et
352 4479 448 4545 postea
462 4479 654 4546 comparatos,
670 4475 735 4547 quia
748 4475 812 4532 licet
825 4475 892 4532 ratio
906 4472 944 4531 le·
983 4474 1253 4549 comprehendendos
1268 4490 1352 4532 casus
1365 4490 1458 4531 omnes
1470 4475 1611 4532 moraliter
1623 4474 1784 4548 contingen·

144 4566 182 4638 gis
202 4581 260 4624 non
282 4562 409 4621 rideatur
430 4562 493 4619 illos
507 4562 754 4637 comprehendere,
769 4564 853 4621 verba
867 4563 894 4620 id
908 4563 948 4621 la·
983 4574 1035 4624 ιεε.
1052 4566 1128 4625 Unde
1149 4567 1171 4623 si
1190 4565 1305 4623 velimus
1319 4565 1394 4622 illam
1408 4565 1542 4623 rationem
1556 4565 1737 4638 interpretari,
1753 4569 1786 4621 ut

144 4659 229 4714 ciunt.
251 4653 351 4731 Quod,
368 4653 468 4727 inquit,
481 4667 629 4727 perquam
644 4651 753 4712 darom
767 4657 819 4722 est,
837 4654 888 4712 εει
901 4657 948 4712 lto
973 4644 1019 4714 'sit
1040 4654 1191 4730 adaequata
1212 4655 1265 4728 legi
1287 4655 1478 4713 universaliter
1499 4656 1637 4728 loquenti,
1653 4653 1786 4713 sumenda

145 4749 292 4820 seriptum
311 4749 363 4801 est.
387 4744 467 4800 liatio
485 4749 576 4800 autem
592 4743 666 4800 reddi
682 4751 783 4818 potest,
798 4747 863 4817 quia
877 4746 947 4802 ratio
983 4747 1035 4803 erit
1050 4762 1105 4803 nou
1120 4752 1225 4803 tantum
1240 4744 1394 4802 secundum
1409 4751 1516 4817 actum,
1532 4745 1579 4802 sed
1592 4747 1672 4802 etiam
1684 4760 1785 4802 secura·

146 4833 211 4908 legis
225 4849 283 4892 non
297 4840 341 4890 est
354 4833 414 4900 lex,
430 4831 484 4888 imo
498 4847 549 4889 nec
564 4832 688 4904 proxima
702 4833 789 4890 virtus
805 4833 884 4908 legis,
900 4833 948 4890 sed
984 4835 1050 4894 dum
1070 4835 1320 4908 praesumptionem
1339 4835 1542 4893 et·secundum
1562 4837 1725 4907 potentiam,
1741 4834 1784 4891 rel

145 4921 211 4982 baec
232 4931 277 4980 est
297 4921 424 4980 voluntas
446 4920 625 4994 legislatoris,
647 4922 714 4979 baec
729 4930 820 4980 autem
835 4939 889 4981 noc
905 4930 948 4980 ert
985 4925 1114 4984 moralem
1141 4923 1364 4998 contingentiam.
1393 4927 1522 4992 Quamvis
1548 4927 1618 4982 enim
1640 4925 1783 4996 mancipia,

147 5027 253 5087 semper
267 5013 419 5085 adaequata
434 5012 546 5069 rationi:
563 5027 626 5069 nam
641 5027 723 5083 saepe
737 5014 891 5085 generalior
906 5020 949 5071 εει
984 5031 1055 5089 quae
1076 5021 1143 5071 suut
1162 5017 1188 5070 in
1211 5030 1296 5088 egro,
1320 5014 1360 5070 vel
1380 5021 1474 5086 postea
1486 5021 1634 5086 emuntur,
1650 5013 1785 5071 ordinarie

145 5103 288 5176 voluntas3
311 5118 364 5160 nec
383 5112 528 5174 propterea
545 5104 597 5158 erit
615 5101 823 5176 irrationabilis,
839 5109 888 5161 aut
901 5103 950 5161 lm·
984 5121 1040 5162 non
1059 5107 1166 5176 possint
1184 5119 1245 5161 esse
1267 5109 1351 5160 testes
1368 5103 1393 5159 ln
1407 5102 1456 5161 tali
1470 5105 1594 5176 crimine,
1610 5103 1784 5160 nibilominus

147 5195 279 5269 prudens,
293 5195 359 5267 quia
373 5192 408 5249 ad
424 5193 554 5249 maiorem
569 5193 744 5250 securitatem
755 5199 803 5250 aut
813 5196 949 5252 εεειειειιι
986 5197 1023 5252 ειι
1043 5194 1168 5251 ειεοιειε
1188 5192 1351 5265 probibitio,
1366 5207 1399 5249 ne
1414 5192 1458 5248 illo
1474 5193 1567 5250 colore
1582 5193 1784 5264 subducantur,

149 5290 238 5360 potest
253 5283 382 5341 voluntas
397 5280 469 5339 ultra
483 5282 615 5340 rationem
626 5282 745 5341 extendi.
758 5284 792 5340 Et
803 5284 950 5341 confirma·
986 5285 1032 5358 qui
1047 5289 1164 5357 possunt
1176 5296 1236 5340 essa
1253 5286 1348 5356 testes,
1363 5279 1498 5355 lingendo.
1515 5281 1599 5340 larissa
1610 5285 1638 5340 in
1649 5297 1728 5358 agro,
1741 5281 1784 5339 vel

228 5391 368 5445 dannanus
376 5389 468 5446 ιιειιει
476 5389 561 5434 -Pars
569 5389 597 5435 ιι.
1570 5389 1597 5436 2,
