<?xml version="1.0" encoding="UTF-8"?>
<!DOCTYPE html PUBLIC "-//W3C//DTD XHTML 1.0 Transitional//EN"
    "http://www.w3.org/TR/xhtml1/DTD/xhtml1-transitional.dtd">
<html xmlns="http://www.w3.org/1999/xhtml" xml:lang="en" lang="en">
 <head>
  <title>
</title>
<meta http-equiv="Content-Type" content="text/html;charset=utf-8" />
  <meta name='ocr-system' content='tesseract 3.04.00' />
  <meta name='ocr-capabilities' content='ocr_page ocr_carea ocr_par ocr_line ocrx_word'/>
</head>
<body>
  <div class='ocr_page' id='page_1' title='image "./tractatusdelegi00sugoog_0430.png"; bbox 0 0 4290 6222; ppageno 0'>
   <div class='ocr_carea' id='block_1_1' title="bbox 873 344 1738 430">
    <p class='ocr_par' dir='ltr' id='par_1_1' title="bbox 873 344 1738 430">
     <span class='ocr_line' id='line_1_1' title="bbox 873 344 1738 430; baseline 0.001 -22"><span class='ocrx_word' id='word_1_1' title='bbox 873 356 981 408; x_wconf 81' lang='lat' dir='ltr'>csrur</span> <span class='ocrx_word' id='word_1_2' title='bbox 993 359 1069 408; x_wconf 68' lang='grc' dir='ltr'>ιιι.</span> <span class='ocrx_word' id='word_1_3' title='bbox 1176 420 1182 430; x_wconf 44' lang='grc'><em>,</em></span> <span class='ocrx_word' id='word_1_4' title='bbox 1673 344 1738 410; x_wconf 82' lang='lat' dir='ltr'>tte</span> 
     </span>
    </p>
   </div>
   <div class='ocr_carea' id='block_1_2' title="bbox 57 481 1780 3592">
    <p class='ocr_par' dir='ltr' id='par_1_2' title="bbox 131 481 1780 738">
     <span class='ocr_line' id='line_1_2' title="bbox 131 481 1779 559; baseline 0.003 -21"><span class='ocrx_word' id='word_1_5' title='bbox 131 495 272 540; x_wconf 83' lang='lat' dir='ltr'>senarum</span> <span class='ocrx_word' id='word_1_6' title='bbox 292 484 471 557; x_wconf 74' lang='lat' dir='ltr'>acceptione,</span> <span class='ocrx_word' id='word_1_7' title='bbox 489 491 518 542; x_wconf 92' lang='lat' dir='ltr'>et</span> <span class='ocrx_word' id='word_1_8' title='bbox 535 486 750 559; x_wconf 88' lang='lat' dir='ltr'>improportione</span> <span class='ocrx_word' id='word_1_9' title='bbox 768 485 840 542; x_wconf 91' lang='lat' dir='ltr'>inter</span> <span class='ocrx_word' id='word_1_10' title='bbox 858 497 943 540; x_wconf 90' lang='lat' dir='ltr'>mem·</span> <span class='ocrx_word' id='word_1_11' title='bbox 977 481 1034 538; x_wconf 89' lang='lat' dir='ltr'>ius:</span> <span class='ocrx_word' id='word_1_12' title='bbox 1052 488 1126 540; x_wconf 89' lang='lat' dir='ltr'>tenet</span> <span class='ocrx_word' id='word_1_13' title='bbox 1139 483 1255 542; x_wconf 87' lang='lat' dir='ltr'>Saucius</span> <span class='ocrx_word' id='word_1_14' title='bbox 1269 483 1317 541; x_wconf 89' lang='lat' dir='ltr'>lib.</span> <span class='ocrx_word' id='word_1_15' title='bbox 1335 489 1362 543; x_wconf 78' lang='lat' dir='ltr'>t.</span> <span class='ocrx_word' id='word_1_16' title='bbox 1379 485 1507 544; x_wconf 81' lang='lat' dir='ltr'>demetr.</span> <span class='ocrx_word' id='word_1_17' title='bbox 1525 485 1594 559; x_wconf 89' lang='lat' dir='ltr'>disp.</span> <span class='ocrx_word' id='word_1_18' title='bbox 1611 489 1636 558; x_wconf 91' lang='lat' dir='ltr'>l,</span> <span class='ocrx_word' id='word_1_19' title='bbox 1652 501 1730 544; x_wconf 90' lang='lat' dir='ltr'>num.</span> <span class='ocrx_word' id='word_1_20' title='bbox 1753 489 1779 556; x_wconf 91' lang='lat' dir='ltr'>l,</span> 
     </span>
     <span class='ocr_line' id='line_1_3' title="bbox 131 571 1780 648; baseline 0.002 -21"><span class='ocrx_word' id='word_1_21' title='bbox 131 571 190 628; x_wconf 85' lang='lat' dir='ltr'>hro</span> <span class='ocrx_word' id='word_1_22' title='bbox 208 571 332 629; x_wconf 89' lang='lat' dir='ltr'>eiusdem</span> <span class='ocrx_word' id='word_1_23' title='bbox 352 575 478 645; x_wconf 90' lang='lat' dir='ltr'>corporis</span> <span class='ocrx_word' id='word_1_24' title='bbox 498 574 615 647; x_wconf 70' lang='lat' dir='ltr'>politici,</span> <span class='ocrx_word' id='word_1_25' title='bbox 630 591 696 648; x_wconf 77' lang='lat' dir='ltr'>ergo</span> <span class='ocrx_word' id='word_1_26' title='bbox 709 577 736 631; x_wconf 93' lang='lat' dir='ltr'>in</span> <span class='ocrx_word' id='word_1_27' title='bbox 750 574 823 648; x_wconf 87' lang='lat' dir='ltr'>omni</span> <span class='ocrx_word' id='word_1_28' title='bbox 837 572 942 645; x_wconf 76' lang='lat' dir='ltr'>privile·</span> <span class='ocrx_word' id='word_1_29' title='bbox 977 578 1005 628; x_wconf 90' lang='lat' dir='ltr'>et</span> <span class='ocrx_word' id='word_1_30' title='bbox 1021 572 1059 628; x_wconf 87' lang='lat' dir='ltr'>ita</span> <span class='ocrx_word' id='word_1_31' title='bbox 1076 573 1186 630; x_wconf 89' lang='lat' dir='ltr'>cautius</span> <span class='ocrx_word' id='word_1_32' title='bbox 1201 575 1276 645; x_wconf 90' lang='lat' dir='ltr'>ponit</span> <span class='ocrx_word' id='word_1_33' title='bbox 1288 574 1361 631; x_wconf 88' lang='lat' dir='ltr'>illam</span> <span class='ocrx_word' id='word_1_34' title='bbox 1376 575 1565 644; x_wconf 80' lang='lat' dir='ltr'>differentiam,</span> <span class='ocrx_word' id='word_1_35' title='bbox 1581 574 1656 648; x_wconf 89' lang='lat' dir='ltr'>quod</span> <span class='ocrx_word' id='word_1_36' title='bbox 1671 575 1780 645; x_wconf 85' lang='lat' dir='ltr'>privile·</span> 
     </span>
     <span class='ocr_line' id='line_1_4' title="bbox 131 659 1779 738; baseline 0.002 -22"><span class='ocrx_word' id='word_1_37' title='bbox 131 661 249 733; x_wconf 77' lang='lat' dir='ltr'><strong>giorum</strong></span> <span class='ocrx_word' id='word_1_38' title='bbox 263 677 361 734; x_wconf 81' lang='lat' dir='ltr'>genere</span> <span class='ocrx_word' id='word_1_39' title='bbox 375 671 417 720; x_wconf 90' lang='lat' dir='ltr'>cst</span> <span class='ocrx_word' id='word_1_40' title='bbox 432 664 525 738; x_wconf 89' lang='lat' dir='ltr'>aliqua</span> <span class='ocrx_word' id='word_1_41' title='bbox 538 681 625 724; x_wconf 86' lang='lat' dir='ltr'>cauea</span> <span class='ocrx_word' id='word_1_42' title='bbox 638 665 804 724; x_wconf 89' lang='lat' dir='ltr'>necessaria.</span> <span class='ocrx_word' id='word_1_43' title='bbox 833 716 837 724; x_wconf 85' lang='grc'><strong>,</strong></span> <span class='ocrx_word' id='word_1_44' title='bbox 977 659 1051 732; x_wconf 59' lang='lat' dir='ltr'>mum</span> <span class='ocrx_word' id='word_1_45' title='bbox 1071 661 1128 717; x_wconf 90' lang='lat' dir='ltr'>sine</span> <span class='ocrx_word' id='word_1_46' title='bbox 1147 676 1232 718; x_wconf 89' lang='lat' dir='ltr'>causa</span> <span class='ocrx_word' id='word_1_47' title='bbox 1245 663 1360 720; x_wconf 89' lang='lat' dir='ltr'>concedi</span> <span class='ocrx_word' id='word_1_48' title='bbox 1376 671 1478 736; x_wconf 91' lang='lat' dir='ltr'>potest,</span> <span class='ocrx_word' id='word_1_49' title='bbox 1494 681 1549 721; x_wconf 91' lang='lat' dir='ltr'>non</span> <span class='ocrx_word' id='word_1_50' title='bbox 1564 671 1655 721; x_wconf 73' lang='lat' dir='ltr'>mmen</span> <span class='ocrx_word' id='word_1_51' title='bbox 1669 663 1779 735; x_wconf 89' lang='lat' dir='ltr'>dispen-</span> 
     </span>
    </p>

    <p class='ocr_par' dir='ltr' id='par_1_3' title="bbox 57 751 1779 2431">
     <span class='ocr_line' id='line_1_5' title="bbox 178 751 1777 826; baseline 0.003 -20"><span class='ocrx_word' id='word_1_52' title='bbox 178 751 306 814; x_wconf 89' lang='lat' dir='ltr'>Secundo</span> <span class='ocrx_word' id='word_1_53' title='bbox 327 767 392 809; x_wconf 85' lang='lat' dir='ltr'>vero</span> <span class='ocrx_word' id='word_1_54' title='bbox 415 753 561 812; x_wconf 87' lang='lat' dir='ltr'>dicendum</span> <span class='ocrx_word' id='word_1_55' title='bbox 581 762 639 826; x_wconf 88' lang='lat' dir='ltr'>est,</span> <span class='ocrx_word' id='word_1_56' title='bbox 662 755 733 812; x_wconf 90' lang='lat' dir='ltr'>hanc</span> <span class='ocrx_word' id='word_1_57' title='bbox 753 767 865 812; x_wconf 90' lang='lat' dir='ltr'>oausam</span> <span class='ocrx_word' id='word_1_58' title='bbox 886 767 942 808; x_wconf 92' lang='lat' dir='ltr'>oon</span> <span class='ocrx_word' id='word_1_59' title='bbox 977 751 1059 820; x_wconf 88' lang='lat' dir='ltr'>satio,</span> <span class='ocrx_word' id='word_1_60' title='bbox 1074 765 1140 806; x_wconf 92' lang='lat' dir='ltr'>cum</span> <span class='ocrx_word' id='word_1_61' title='bbox 1155 751 1261 809; x_wconf 86' lang='lat' dir='ltr'>Rebuli.</span> <span class='ocrx_word' id='word_1_62' title='bbox 1277 755 1305 809; x_wconf 93' lang='lat' dir='ltr'>in</span> <span class='ocrx_word' id='word_1_63' title='bbox 1318 755 1483 812; x_wconf 82' lang='lat' dir='ltr'>concordat.</span> <span class='ocrx_word' id='word_1_64' title='bbox 1499 757 1527 810; x_wconf 91' lang='lat' dir='ltr'>in</span> <span class='ocrx_word' id='word_1_65' title='bbox 1541 755 1629 811; x_wconf 90' lang='lat' dir='ltr'>lorma</span> <span class='ocrx_word' id='word_1_66' title='bbox 1645 754 1777 825; x_wconf 86' lang='lat' dir='ltr'>mandati,</span> 
     </span>
     <span class='ocr_line' id='line_1_6' title="bbox 129 837 1778 914; baseline 0.002 -18"><span class='ocrx_word' id='word_1_67' title='bbox 129 856 200 896; x_wconf 88' lang='lat' dir='ltr'>esse</span> <span class='ocrx_word' id='word_1_68' title='bbox 214 842 251 896; x_wconf 91' lang='lat' dir='ltr'>ita</span> <span class='ocrx_word' id='word_1_69' title='bbox 268 843 462 914; x_wconf 76' lang='lat' dir='ltr'>necessariam,</span> <span class='ocrx_word' id='word_1_70' title='bbox 479 851 510 900; x_wconf 90' lang='lat' dir='ltr'>ut</span> <span class='ocrx_word' id='word_1_71' title='bbox 524 845 648 902; x_wconf 89' lang='lat' dir='ltr'>delectus</span> <span class='ocrx_word' id='word_1_72' title='bbox 663 844 734 901; x_wconf 91' lang='lat' dir='ltr'>illius</span> <span class='ocrx_word' id='word_1_73' title='bbox 748 842 846 900; x_wconf 89' lang='lat' dir='ltr'>reddat</span> <span class='ocrx_word' id='word_1_74' title='bbox 859 841 943 912; x_wconf 85' lang='lat' dir='ltr'>privi·</span> <span class='ocrx_word' id='word_1_75' title='bbox 977 838 1060 896; x_wconf 84' lang='lat' dir='ltr'>verbo</span> <span class='ocrx_word' id='word_1_76' title='bbox 1079 837 1326 914; x_wconf 74' lang='lat' dir='ltr'><strong><em>dispensationis,</em></strong></span> <span class='ocrx_word' id='word_1_77' title='bbox 1348 850 1375 900; x_wconf 91' lang='lat' dir='ltr'>et</span> <span class='ocrx_word' id='word_1_78' title='bbox 1393 843 1514 900; x_wconf 85' lang='lat' dir='ltr'>blandos.</span> <span class='ocrx_word' id='word_1_79' title='bbox 1536 844 1589 901; x_wconf 88' lang='lat' dir='ltr'>Sed</span> <span class='ocrx_word' id='word_1_80' title='bbox 1608 850 1705 900; x_wconf 86' lang='lat' dir='ltr'>contra</span> <span class='ocrx_word' id='word_1_81' title='bbox 1723 841 1778 900; x_wconf 91' lang='lat' dir='ltr'>hoc</span> 
     </span>
     <span class='ocr_line' id='line_1_7' title="bbox 129 927 1779 1007; baseline 0.003 -23"><span class='ocrx_word' id='word_1_82' title='bbox 129 927 240 1001; x_wconf 79' lang='lat' dir='ltr'>legium</span> <span class='ocrx_word' id='word_1_83' title='bbox 262 931 389 1004; x_wconf 90' lang='lat' dir='ltr'>irritum,</span> <span class='ocrx_word' id='word_1_84' title='bbox 406 933 428 988; x_wconf 93' lang='lat' dir='ltr'>si</span> <span class='ocrx_word' id='word_1_85' title='bbox 443 949 474 990; x_wconf 84' lang='lat' dir='ltr'>ex</span> <span class='ocrx_word' id='word_1_86' title='bbox 491 941 567 1005; x_wconf 89' lang='lat' dir='ltr'>parte</span> <span class='ocrx_word' id='word_1_87' title='bbox 583 938 700 1007; x_wconf 86' lang='lat' dir='ltr'>petentis</span> <span class='ocrx_word' id='word_1_88' title='bbox 715 949 769 990; x_wconf 89' lang='lat' dir='ltr'>eon</span> <span class='ocrx_word' id='word_1_89' title='bbox 782 931 944 989; x_wconf 86' lang='lat' dir='ltr'>interveniat</span> <span class='ocrx_word' id='word_1_90' title='bbox 976 928 1058 984; x_wconf 88' lang='lat' dir='ltr'>etiam</span> <span class='ocrx_word' id='word_1_91' title='bbox 1079 935 1160 1001; x_wconf 81' lang='lat' dir='ltr'>unget</span> <span class='ocrx_word' id='word_1_92' title='bbox 1178 932 1247 986; x_wconf 87' lang='lat' dir='ltr'>retio</span> <span class='ocrx_word' id='word_1_93' title='bbox 1269 932 1357 1001; x_wconf 90' lang='lat' dir='ltr'>locta,</span> <span class='ocrx_word' id='word_1_94' title='bbox 1378 933 1442 1004; x_wconf 89' lang='lat' dir='ltr'>quia</span> <span class='ocrx_word' id='word_1_95' title='bbox 1463 935 1485 990; x_wconf 90' lang='lat' dir='ltr'>si</span> <span class='ocrx_word' id='word_1_96' title='bbox 1500 934 1536 989; x_wconf 88' lang='lat' dir='ltr'>sit</span> <span class='ocrx_word' id='word_1_97' title='bbox 1549 948 1640 990; x_wconf 85' lang='lat' dir='ltr'>sermo</span> <span class='ocrx_word' id='word_1_98' title='bbox 1654 933 1687 988; x_wconf 92' lang='lat' dir='ltr'>de</span> <span class='ocrx_word' id='word_1_99' title='bbox 1703 939 1779 1005; x_wconf 90' lang='lat' dir='ltr'>poto·</span> 
     </span>
     <span class='ocr_line' id='line_1_8' title="bbox 130 1017 1778 1097; baseline 0.003 -23"><span class='ocrx_word' id='word_1_100' title='bbox 130 1017 276 1091; x_wconf 79' lang='lat' dir='ltr'>deceptio,</span> <span class='ocrx_word' id='word_1_101' title='bbox 292 1028 341 1076; x_wconf 93' lang='lat' dir='ltr'>aut</span> <span class='ocrx_word' id='word_1_102' title='bbox 352 1022 442 1096; x_wconf 88' lang='lat' dir='ltr'>iniqua</span> <span class='ocrx_word' id='word_1_103' title='bbox 454 1023 613 1096; x_wconf 90' lang='lat' dir='ltr'>occultatio,</span> <span class='ocrx_word' id='word_1_104' title='bbox 623 1026 686 1097; x_wconf 90' lang='lat' dir='ltr'>quio</span> <span class='ocrx_word' id='word_1_105' title='bbox 698 1033 762 1079; x_wconf 88' lang='lat' dir='ltr'>tunc</span> <span class='ocrx_word' id='word_1_106' title='bbox 774 1021 942 1094; x_wconf 77' lang='lat' dir='ltr'>privilegium</span> <span class='ocrx_word' id='word_1_107' title='bbox 977 1024 1063 1089; x_wconf 87' lang='lat' dir='ltr'>state,</span> <span class='ocrx_word' id='word_1_108' title='bbox 1080 1025 1110 1074; x_wconf 91' lang='lat' dir='ltr'>ut</span> <span class='ocrx_word' id='word_1_109' title='bbox 1131 1025 1210 1075; x_wconf 91' lang='lat' dir='ltr'>actus</span> <span class='ocrx_word' id='word_1_110' title='bbox 1230 1021 1335 1091; x_wconf 85' lang='lat' dir='ltr'>valent,</span> <span class='ocrx_word' id='word_1_111' title='bbox 1350 1024 1432 1079; x_wconf 90' lang='lat' dir='ltr'>etiam</span> <span class='ocrx_word' id='word_1_112' title='bbox 1448 1023 1613 1094; x_wconf 75' lang='lat' dir='ltr'>dispensatio</span> <span class='ocrx_word' id='word_1_113' title='bbox 1627 1030 1656 1080; x_wconf 91' lang='lat' dir='ltr'>et</span> <span class='ocrx_word' id='word_1_114' title='bbox 1669 1023 1778 1095; x_wconf 88' lang='lat' dir='ltr'>privile·</span> 
     </span>
     <span class='ocr_line' id='line_1_9' title="bbox 130 1106 1777 1183; baseline 0.001 -19"><span class='ocrx_word' id='word_1_115' title='bbox 130 1108 192 1164; x_wconf 90' lang='lat' dir='ltr'>erit</span> <span class='ocrx_word' id='word_1_116' title='bbox 214 1107 336 1181; x_wconf 92' lang='lat' dir='ltr'>nullum,</span> <span class='ocrx_word' id='word_1_117' title='bbox 358 1126 413 1166; x_wconf 90' lang='lat' dir='ltr'>non</span> <span class='ocrx_word' id='word_1_118' title='bbox 432 1119 487 1168; x_wconf 89' lang='lat' dir='ltr'>tom</span> <span class='ocrx_word' id='word_1_119' title='bbox 505 1130 538 1170; x_wconf 85' lang='lat' dir='ltr'>ex</span> <span class='ocrx_word' id='word_1_120' title='bbox 553 1113 663 1170; x_wconf 85' lang='lat' dir='ltr'>delectu</span> <span class='ocrx_word' id='word_1_121' title='bbox 677 1127 794 1182; x_wconf 89' lang='lat' dir='ltr'>causac,</span> <span class='ocrx_word' id='word_1_122' title='bbox 811 1125 893 1183; x_wconf 89' lang='lat' dir='ltr'>quam</span> <span class='ocrx_word' id='word_1_123' title='bbox 907 1123 940 1163; x_wconf 84' lang='lat' dir='ltr'>ex</span> <span class='ocrx_word' id='word_1_124' title='bbox 975 1106 1049 1178; x_wconf 81' lang='lat' dir='ltr'>glum</span> <span class='ocrx_word' id='word_1_125' title='bbox 1070 1114 1165 1164; x_wconf 91' lang='lat' dir='ltr'>contra</span> <span class='ocrx_word' id='word_1_126' title='bbox 1187 1109 1231 1164; x_wconf 93' lang='lat' dir='ltr'>ius</span> <span class='ocrx_word' id='word_1_127' title='bbox 1252 1116 1343 1180; x_wconf 88' lang='lat' dir='ltr'>potest</span> <span class='ocrx_word' id='word_1_128' title='bbox 1360 1111 1418 1168; x_wconf 91' lang='lat' dir='ltr'>dari</span> <span class='ocrx_word' id='word_1_129' title='bbox 1437 1114 1495 1168; x_wconf 89' lang='lat' dir='ltr'>sine</span> <span class='ocrx_word' id='word_1_130' title='bbox 1509 1127 1608 1169; x_wconf 88' lang='lat' dir='ltr'>causa:</span> <span class='ocrx_word' id='word_1_131' title='bbox 1625 1113 1646 1166; x_wconf 88' lang='lat' dir='ltr'>si</span> <span class='ocrx_word' id='word_1_132' title='bbox 1662 1126 1727 1167; x_wconf 80' lang='lat' dir='ltr'>vcro</span> <span class='ocrx_word' id='word_1_133' title='bbox 1742 1111 1777 1166; x_wconf 92' lang='lat' dir='ltr'>de</span> 
     </span>
     <span class='ocr_line' id='line_1_10' title="bbox 132 1196 1775 1272; baseline 0.002 -20"><span class='ocrx_word' id='word_1_134' title='bbox 132 1196 250 1253; x_wconf 89' lang='lat' dir='ltr'>delectu</span> <span class='ocrx_word' id='word_1_135' title='bbox 271 1198 420 1256; x_wconf 83' lang='lat' dir='ltr'>voluntatis</span> <span class='ocrx_word' id='word_1_136' title='bbox 440 1202 624 1258; x_wconf 72' lang='lat' dir='ltr'>concedentis.</span> <span class='ocrx_word' id='word_1_137' title='bbox 640 1204 717 1259; x_wconf 89' lang='lat' dir='ltr'>Prior</span> <span class='ocrx_word' id='word_1_138' title='bbox 732 1215 795 1272; x_wconf 90' lang='lat' dir='ltr'>pars</span> <span class='ocrx_word' id='word_1_139' title='bbox 808 1205 851 1255; x_wconf 88' lang='lat' dir='ltr'>est</span> <span class='ocrx_word' id='word_1_140' title='bbox 864 1203 940 1253; x_wconf 89' lang='lat' dir='ltr'>certa</span> <span class='ocrx_word' id='word_1_141' title='bbox 976 1202 1128 1264; x_wconf 76' lang='lat' dir='ltr'>potestate,</span> <span class='ocrx_word' id='word_1_142' title='bbox 1149 1205 1180 1253; x_wconf 93' lang='lat' dir='ltr'>nt</span> <span class='ocrx_word' id='word_1_143' title='bbox 1198 1205 1278 1256; x_wconf 90' lang='lat' dir='ltr'>actus</span> <span class='ocrx_word' id='word_1_144' title='bbox 1293 1201 1365 1256; x_wconf 90' lang='lat' dir='ltr'>licite</span> <span class='ocrx_word' id='word_1_145' title='bbox 1380 1201 1436 1267; x_wconf 83' lang='lat' dir='ltr'>fiat,</span> <span class='ocrx_word' id='word_1_146' title='bbox 1453 1201 1492 1257; x_wconf 90' lang='lat' dir='ltr'>sic</span> <span class='ocrx_word' id='word_1_147' title='bbox 1505 1202 1587 1258; x_wconf 90' lang='lat' dir='ltr'>etiam</span> <span class='ocrx_word' id='word_1_148' title='bbox 1601 1202 1775 1272; x_wconf 81' lang='lat' dir='ltr'>privilegium</span> 
     </span>
     <span class='ocr_line' id='line_1_11' title="bbox 132 1283 1776 1362; baseline 0.004 -21"><span class='ocrx_word' id='word_1_149' title='bbox 132 1287 166 1342; x_wconf 90' lang='lat' dir='ltr'>in</span> <span class='ocrx_word' id='word_1_150' title='bbox 181 1285 342 1359; x_wconf 82' lang='lat' dir='ltr'>privilegiis,</span> <span class='ocrx_word' id='word_1_151' title='bbox 362 1306 432 1360; x_wconf 90' lang='lat' dir='ltr'>quae</span> <span class='ocrx_word' id='word_1_152' title='bbox 447 1297 511 1347; x_wconf 91' lang='lat' dir='ltr'>sunt</span> <span class='ocrx_word' id='word_1_153' title='bbox 526 1307 594 1362; x_wconf 87' lang='lat' dir='ltr'>pura</span> <span class='ocrx_word' id='word_1_154' title='bbox 607 1291 737 1348; x_wconf 81' lang='lat' dir='ltr'>beneficia</span> <span class='ocrx_word' id='word_1_155' title='bbox 752 1292 808 1345; x_wconf 89' lang='lat' dir='ltr'>sine</span> <span class='ocrx_word' id='word_1_156' title='bbox 823 1289 939 1358; x_wconf 78' lang='lat' dir='ltr'>deroga·</span> <span class='ocrx_word' id='word_1_157' title='bbox 975 1283 1065 1340; x_wconf 90' lang='lat' dir='ltr'>solum</span> <span class='ocrx_word' id='word_1_158' title='bbox 1088 1285 1161 1341; x_wconf 90' lang='lat' dir='ltr'>ultra</span> <span class='ocrx_word' id='word_1_159' title='bbox 1181 1288 1225 1344; x_wconf 90' lang='lat' dir='ltr'>ius</span> <span class='ocrx_word' id='word_1_160' title='bbox 1245 1290 1359 1362; x_wconf 84' lang='lat' dir='ltr'>requirit</span> <span class='ocrx_word' id='word_1_161' title='bbox 1372 1305 1486 1346; x_wconf 87' lang='lat' dir='ltr'>oausam</span> <span class='ocrx_word' id='word_1_162' title='bbox 1502 1291 1644 1348; x_wconf 84' lang='lat' dir='ltr'>honestem</span> <span class='ocrx_word' id='word_1_163' title='bbox 1661 1297 1691 1347; x_wconf 93' lang='lat' dir='ltr'>ut</span> <span class='ocrx_word' id='word_1_164' title='bbox 1703 1291 1776 1348; x_wconf 90' lang='lat' dir='ltr'>licite</span> 
     </span>
     <span class='ocr_line' id='line_1_12' title="bbox 134 1373 1774 1452; baseline 0.003 -20"><span class='ocrx_word' id='word_1_165' title='bbox 134 1378 226 1446; x_wconf 88' lang='lat' dir='ltr'>tione,</span> <span class='ocrx_word' id='word_1_166' title='bbox 242 1381 730 1451; x_wconf 79' lang='lat' dir='ltr'>outrepugnontiaiuriscommunis3</span> <span class='ocrx_word' id='word_1_167' title='bbox 743 1379 807 1451; x_wconf 89' lang='lat' dir='ltr'>quia</span> <span class='ocrx_word' id='word_1_168' title='bbox 819 1378 939 1432; x_wconf 89' lang='lat' dir='ltr'>sicnusa</span> <span class='ocrx_word' id='word_1_169' title='bbox 974 1373 1065 1429; x_wconf 87' lang='lat' dir='ltr'>detor.</span> <span class='ocrx_word' id='word_1_170' title='bbox 1086 1376 1214 1432; x_wconf 85' lang='lat' dir='ltr'>Concedo</span> <span class='ocrx_word' id='word_1_171' title='bbox 1233 1385 1327 1435; x_wconf 93' lang='lat' dir='ltr'>autem</span> <span class='ocrx_word' id='word_1_172' title='bbox 1346 1395 1402 1436; x_wconf 90' lang='lat' dir='ltr'>non</span> <span class='ocrx_word' id='word_1_173' title='bbox 1423 1381 1565 1452; x_wconf 82' lang='lat' dir='ltr'>requirere</span> <span class='ocrx_word' id='word_1_174' title='bbox 1585 1385 1688 1437; x_wconf 76' lang='lat' dir='ltr'>mntem</span> <span class='ocrx_word' id='word_1_175' title='bbox 1707 1395 1774 1436; x_wconf 92' lang='lat' dir='ltr'>cau·</span> 
     </span>
     <span class='ocr_line' id='line_1_13' title="bbox 134 1463 1774 1541; baseline 0.004 -21"><span class='ocrx_word' id='word_1_176' title='bbox 134 1463 261 1533; x_wconf 86' lang='lat' dir='ltr'>deficiat,</span> <span class='ocrx_word' id='word_1_177' title='bbox 277 1481 330 1522; x_wconf 92' lang='lat' dir='ltr'>non</span> <span class='ocrx_word' id='word_1_178' title='bbox 345 1467 374 1524; x_wconf 81' lang='lat' dir='ltr'>tt</span> <span class='ocrx_word' id='word_1_179' title='bbox 386 1471 495 1540; x_wconf 89' lang='lat' dir='ltr'>propria</span> <span class='ocrx_word' id='word_1_180' title='bbox 509 1469 621 1540; x_wconf 88' lang='lat' dir='ltr'>iniuria,</span> <span class='ocrx_word' id='word_1_181' title='bbox 637 1468 684 1524; x_wconf 87' lang='lat' dir='ltr'>sed</span> <span class='ocrx_word' id='word_1_182' title='bbox 699 1468 730 1524; x_wconf 90' lang='lat' dir='ltr'>ad</span> <span class='ocrx_word' id='word_1_183' title='bbox 746 1481 886 1523; x_wconf 88' lang='lat' dir='ltr'>summum</span> <span class='ocrx_word' id='word_1_184' title='bbox 896 1470 940 1521; x_wconf 90' lang='lat' dir='ltr'>est</span> <span class='ocrx_word' id='word_1_185' title='bbox 975 1477 1049 1534; x_wconf 88' lang='lat' dir='ltr'>sam,</span> <span class='ocrx_word' id='word_1_186' title='bbox 1064 1478 1114 1524; x_wconf 85' lang='lat' dir='ltr'>nec</span> <span class='ocrx_word' id='word_1_187' title='bbox 1130 1465 1165 1521; x_wconf 92' lang='lat' dir='ltr'>ob</span> <span class='ocrx_word' id='word_1_188' title='bbox 1180 1466 1320 1523; x_wconf 89' lang='lat' dir='ltr'>delectum</span> <span class='ocrx_word' id='word_1_189' title='bbox 1334 1470 1394 1525; x_wconf 90' lang='lat' dir='ltr'>eius</span> <span class='ocrx_word' id='word_1_190' title='bbox 1408 1471 1539 1526; x_wconf 89' lang='lat' dir='ltr'>committi</span> <span class='ocrx_word' id='word_1_191' title='bbox 1555 1471 1690 1541; x_wconf 84' lang='lat' dir='ltr'>propriam</span> <span class='ocrx_word' id='word_1_192' title='bbox 1705 1471 1774 1527; x_wconf 90' lang='lat' dir='ltr'>iuiu-</span> 
     </span>
     <span class='ocr_line' id='line_1_14' title="bbox 137 1551 1773 1630; baseline 0.004 -22"><span class='ocrx_word' id='word_1_193' title='bbox 137 1553 223 1609; x_wconf 90' lang='lat' dir='ltr'>nimia</span> <span class='ocrx_word' id='word_1_194' title='bbox 236 1554 374 1626; x_wconf 81' lang='lat' dir='ltr'>quaedem</span> <span class='ocrx_word' id='word_1_195' title='bbox 385 1557 524 1628; x_wconf 80' lang='lat' dir='ltr'>elargitis,</span> <span class='ocrx_word' id='word_1_196' title='bbox 539 1573 610 1630; x_wconf 92' lang='lat' dir='ltr'>quae</span> <span class='ocrx_word' id='word_1_197' title='bbox 624 1557 697 1614; x_wconf 88' lang='lat' dir='ltr'>lacta</span> <span class='ocrx_word' id='word_1_198' title='bbox 711 1561 796 1627; x_wconf 90' lang='lat' dir='ltr'>tenet,</span> <span class='ocrx_word' id='word_1_199' title='bbox 813 1553 884 1611; x_wconf 78' lang='lat' dir='ltr'>lices</span> <span class='ocrx_word' id='word_1_200' title='bbox 891 1553 940 1609; x_wconf 90' lang='lat' dir='ltr'>mi·</span> <span class='ocrx_word' id='word_1_201' title='bbox 973 1551 1091 1624; x_wconf 85' lang='lat' dir='ltr'>stillam,</span> <span class='ocrx_word' id='word_1_202' title='bbox 1113 1561 1142 1610; x_wconf 89' lang='lat' dir='ltr'>et</span> <span class='ocrx_word' id='word_1_203' title='bbox 1161 1555 1186 1609; x_wconf 91' lang='lat' dir='ltr'>in</span> <span class='ocrx_word' id='word_1_204' title='bbox 1208 1555 1261 1612; x_wconf 92' lang='lat' dir='ltr'>hoo</span> <span class='ocrx_word' id='word_1_205' title='bbox 1277 1573 1357 1628; x_wconf 90' lang='lat' dir='ltr'>posse</span> <span class='ocrx_word' id='word_1_206' title='bbox 1372 1559 1503 1628; x_wconf 76' lang='lat' dir='ltr'>assignari</span> <span class='ocrx_word' id='word_1_207' title='bbox 1518 1557 1639 1630; x_wconf 78' lang='lat' dir='ltr'>aliquem</span> <span class='ocrx_word' id='word_1_208' title='bbox 1649 1558 1773 1616; x_wconf 87' lang='lat' dir='ltr'>dillereu·</span> 
     </span>
     <span class='ocr_line' id='line_1_15' title="bbox 134 1642 1774 1721; baseline 0.004 -23"><span class='ocrx_word' id='word_1_209' title='bbox 134 1659 191 1699; x_wconf 89' lang='lat' dir='ltr'>nus</span> <span class='ocrx_word' id='word_1_210' title='bbox 202 1643 351 1714; x_wconf 88' lang='lat' dir='ltr'>prudenter</span> <span class='ocrx_word' id='word_1_211' title='bbox 361 1645 416 1702; x_wconf 87' lang='lat' dir='ltr'>liat.</span> <span class='ocrx_word' id='word_1_212' title='bbox 430 1648 458 1702; x_wconf 95' lang='lat' dir='ltr'>ln</span> <span class='ocrx_word' id='word_1_213' title='bbox 471 1647 616 1720; x_wconf 83' lang='lat' dir='ltr'>privilegiis</span> <span class='ocrx_word' id='word_1_214' title='bbox 628 1655 720 1705; x_wconf 88' lang='lat' dir='ltr'>autem</span> <span class='ocrx_word' id='word_1_215' title='bbox 732 1644 936 1704; x_wconf 88' lang='lat' dir='ltr'>contrariisluri</span> <span class='ocrx_word' id='word_1_216' title='bbox 975 1642 1050 1697; x_wconf 84' lang='lat' dir='ltr'>uam.</span> <span class='ocrx_word' id='word_1_217' title='bbox 1066 1642 1141 1709; x_wconf 80' lang='lat' dir='ltr'>Quae</span> <span class='ocrx_word' id='word_1_218' title='bbox 1161 1644 1198 1700; x_wconf 92' lang='lat' dir='ltr'>ita</span> <span class='ocrx_word' id='word_1_219' title='bbox 1217 1646 1363 1702; x_wconf 88' lang='lat' dir='ltr'>commode</span> <span class='ocrx_word' id='word_1_220' title='bbox 1383 1648 1513 1719; x_wconf 81' lang='lat' dir='ltr'>explicari</span> <span class='ocrx_word' id='word_1_221' title='bbox 1531 1654 1622 1718; x_wconf 92' lang='lat' dir='ltr'>potest</span> <span class='ocrx_word' id='word_1_222' title='bbox 1632 1649 1703 1705; x_wconf 87' lang='lat' dir='ltr'>inter</span> <span class='ocrx_word' id='word_1_223' title='bbox 1717 1649 1774 1721; x_wconf 90' lang='lat' dir='ltr'>ipsa</span> 
     </span>
     <span class='ocr_line' id='line_1_16' title="bbox 135 1730 1774 1810; baseline 0.005 -23"><span class='ocrx_word' id='word_1_224' title='bbox 135 1734 281 1788; x_wconf 90' lang='lat' dir='ltr'>communi</span> <span class='ocrx_word' id='word_1_225' title='bbox 296 1733 377 1790; x_wconf 91' lang='lat' dir='ltr'>hahet</span> <span class='ocrx_word' id='word_1_226' title='bbox 391 1736 549 1792; x_wconf 87' lang='lat' dir='ltr'>nonnullum</span> <span class='ocrx_word' id='word_1_227' title='bbox 564 1736 773 1805; x_wconf 81' lang='lat' dir='ltr'>dubitationem,</span> <span class='ocrx_word' id='word_1_228' title='bbox 785 1735 849 1807; x_wconf 90' lang='lat' dir='ltr'>quia</span> <span class='ocrx_word' id='word_1_229' title='bbox 862 1732 939 1791; x_wconf 90' lang='lat' dir='ltr'>multi</span> <span class='ocrx_word' id='word_1_230' title='bbox 975 1730 1129 1805; x_wconf 77' lang='lat' dir='ltr'>privilegia,</span> <span class='ocrx_word' id='word_1_231' title='bbox 1147 1735 1212 1805; x_wconf 92' lang='lat' dir='ltr'>quia</span> <span class='ocrx_word' id='word_1_232' title='bbox 1230 1735 1255 1790; x_wconf 92' lang='lat' dir='ltr'>in</span> <span class='ocrx_word' id='word_1_233' title='bbox 1270 1735 1409 1808; x_wconf 80' lang='lat' dir='ltr'>privilegio</span> <span class='ocrx_word' id='word_1_234' title='bbox 1424 1736 1547 1810; x_wconf 80' lang='lat' dir='ltr'>rigoroso</span> <span class='ocrx_word' id='word_1_235' title='bbox 1561 1736 1708 1809; x_wconf 79' lang='lat' dir='ltr'>derogante</span> <span class='ocrx_word' id='word_1_236' title='bbox 1721 1737 1774 1796; x_wconf 91' lang='lat' dir='ltr'>iuri</span> 
     </span>
     <span class='ocr_line' id='line_1_17' title="bbox 135 1819 1772 1898; baseline 0.005 -24"><span class='ocrx_word' id='word_1_237' title='bbox 135 1826 250 1891; x_wconf 84' lang='lat' dir='ltr'>putent,</span> <span class='ocrx_word' id='word_1_238' title='bbox 260 1819 489 1894; x_wconf 88' lang='lat' dir='ltr'>dispensationem</span> <span class='ocrx_word' id='word_1_239' title='bbox 504 1824 569 1896; x_wconf 77' lang='lat' dir='ltr'>legis</span> <span class='ocrx_word' id='word_1_240' title='bbox 581 1827 715 1883; x_wconf 87' lang='lat' dir='ltr'>humanae</span> <span class='ocrx_word' id='word_1_241' title='bbox 726 1827 782 1880; x_wconf 89' lang='lat' dir='ltr'>sine</span> <span class='ocrx_word' id='word_1_242' title='bbox 794 1839 880 1880; x_wconf 89' lang='lat' dir='ltr'>causa</span> <span class='ocrx_word' id='word_1_243' title='bbox 891 1822 938 1879; x_wconf 90' lang='lat' dir='ltr'>da·</span> <span class='ocrx_word' id='word_1_244' title='bbox 975 1821 1127 1892; x_wconf 81' lang='lat' dir='ltr'>requiritur</span> <span class='ocrx_word' id='word_1_245' title='bbox 1140 1836 1226 1878; x_wconf 86' lang='lat' dir='ltr'>cause</span> <span class='ocrx_word' id='word_1_246' title='bbox 1236 1839 1268 1880; x_wconf 82' lang='lat' dir='ltr'>ex</span> <span class='ocrx_word' id='word_1_247' title='bbox 1282 1831 1357 1894; x_wconf 83' lang='lat' dir='ltr'>perte</span> <span class='ocrx_word' id='word_1_248' title='bbox 1368 1823 1453 1897; x_wconf 87' lang='lat' dir='ltr'>ipsius</span> <span class='ocrx_word' id='word_1_249' title='bbox 1465 1825 1605 1896; x_wconf 86' lang='lat' dir='ltr'>materiae,</span> <span class='ocrx_word' id='word_1_250' title='bbox 1619 1842 1667 1882; x_wconf 90' lang='lat' dir='ltr'>seu</span> <span class='ocrx_word' id='word_1_251' title='bbox 1679 1833 1772 1898; x_wconf 92' lang='lat' dir='ltr'>actus,</span> 
     </span>
     <span class='ocr_line' id='line_1_18' title="bbox 135 1910 1772 1987; baseline 0.005 -23"><span class='ocrx_word' id='word_1_252' title='bbox 135 1915 193 1964; x_wconf 88' lang='lat' dir='ltr'>tom</span> <span class='ocrx_word' id='word_1_253' title='bbox 207 1925 260 1966; x_wconf 91' lang='lat' dir='ltr'>non</span> <span class='ocrx_word' id='word_1_254' title='bbox 273 1910 362 1968; x_wconf 87' lang='lat' dir='ltr'>solum</span> <span class='ocrx_word' id='word_1_255' title='bbox 373 1928 433 1969; x_wconf 90' lang='lat' dir='ltr'>esse</span> <span class='ocrx_word' id='word_1_256' title='bbox 444 1914 576 1986; x_wconf 87' lang='lat' dir='ltr'>iniquam,</span> <span class='ocrx_word' id='word_1_257' title='bbox 587 1914 634 1971; x_wconf 91' lang='lat' dir='ltr'>sed</span> <span class='ocrx_word' id='word_1_258' title='bbox 645 1917 727 1972; x_wconf 90' lang='lat' dir='ltr'>etism</span> <span class='ocrx_word' id='word_1_259' title='bbox 738 1914 940 1986; x_wconf 80' lang='lat' dir='ltr'>nullom.Quod</span> <span class='ocrx_word' id='word_1_260' title='bbox 974 1917 1006 1966; x_wconf 90' lang='lat' dir='ltr'>ut</span> <span class='ocrx_word' id='word_1_261' title='bbox 1020 1911 1196 1969; x_wconf 87' lang='lat' dir='ltr'>honestetur:</span> <span class='ocrx_word' id='word_1_262' title='bbox 1213 1915 1240 1969; x_wconf 92' lang='lat' dir='ltr'>in</span> <span class='ocrx_word' id='word_1_263' title='bbox 1254 1915 1397 1986; x_wconf 83' lang='lat' dir='ltr'>privilegio</span> <span class='ocrx_word' id='word_1_264' title='bbox 1412 1922 1516 1985; x_wconf 91' lang='lat' dir='ltr'>autem,</span> <span class='ocrx_word' id='word_1_265' title='bbox 1532 1914 1607 1987; x_wconf 90' lang='lat' dir='ltr'>quod</span> <span class='ocrx_word' id='word_1_266' title='bbox 1617 1921 1659 1971; x_wconf 91' lang='lat' dir='ltr'>est</span> <span class='ocrx_word' id='word_1_267' title='bbox 1670 1931 1772 1985; x_wconf 91' lang='lat' dir='ltr'>purum</span> 
     </span>
     <span class='ocr_line' id='line_1_19' title="bbox 133 1998 1773 2077; baseline 0.005 -24"><span class='ocrx_word' id='word_1_268' title='bbox 133 1998 157 2053; x_wconf 91' lang='lat' dir='ltr'>si</span> <span class='ocrx_word' id='word_1_269' title='bbox 177 2009 254 2056; x_wconf 88' lang='lat' dir='ltr'>esset</span> <span class='ocrx_word' id='word_1_270' title='bbox 272 2015 384 2070; x_wconf 86' lang='lat' dir='ltr'>verum,</span> <span class='ocrx_word' id='word_1_271' title='bbox 407 2019 422 2058; x_wconf 90' lang='lat' dir='ltr'>a</span> <span class='ocrx_word' id='word_1_272' title='bbox 443 2003 548 2059; x_wconf 88' lang='lat' dir='ltr'>lortiori</span> <span class='ocrx_word' id='word_1_273' title='bbox 570 2003 640 2061; x_wconf 91' lang='lat' dir='ltr'>idem</span> <span class='ocrx_word' id='word_1_274' title='bbox 654 2003 802 2061; x_wconf 86' lang='lat' dir='ltr'>(licendum</span> <span class='ocrx_word' id='word_1_275' title='bbox 816 2011 891 2060; x_wconf 91' lang='lat' dir='ltr'>esset</span> <span class='ocrx_word' id='word_1_276' title='bbox 904 2002 938 2059; x_wconf 91' lang='lat' dir='ltr'>do</span> <span class='ocrx_word' id='word_1_277' title='bbox 975 1999 1155 2075; x_wconf 77' lang='lat' dir='ltr'>beneficium,</span> <span class='ocrx_word' id='word_1_278' title='bbox 1176 2018 1232 2058; x_wconf 90' lang='lat' dir='ltr'>non</span> <span class='ocrx_word' id='word_1_279' title='bbox 1253 2017 1362 2074; x_wconf 88' lang='lat' dir='ltr'>semper</span> <span class='ocrx_word' id='word_1_280' title='bbox 1381 2003 1531 2077; x_wconf 86' lang='lat' dir='ltr'>requiritur</span> <span class='ocrx_word' id='word_1_281' title='bbox 1550 2019 1635 2061; x_wconf 89' lang='lat' dir='ltr'>causa</span> <span class='ocrx_word' id='word_1_282' title='bbox 1647 2021 1680 2060; x_wconf 83' lang='lat' dir='ltr'>ex</span> <span class='ocrx_word' id='word_1_283' title='bbox 1695 2013 1773 2076; x_wconf 88' lang='lat' dir='ltr'>parte</span> 
     </span>
     <span class='ocr_line' id='line_1_20' title="bbox 134 2086 1773 2165; baseline 0.005 -24"><span class='ocrx_word' id='word_1_284' title='bbox 134 2086 184 2142; x_wconf 88' lang='lat' dir='ltr'>tali</span> <span class='ocrx_word' id='word_1_285' title='bbox 200 2087 360 2163; x_wconf 77' lang='lat' dir='ltr'>privilegio,</span> <span class='ocrx_word' id='word_1_286' title='bbox 380 2090 444 2162; x_wconf 88' lang='lat' dir='ltr'>qula</span> <span class='ocrx_word' id='word_1_287' title='bbox 462 2099 505 2148; x_wconf 88' lang='lat' dir='ltr'>cst</span> <span class='ocrx_word' id='word_1_288' title='bbox 523 2093 606 2149; x_wconf 80' lang='lat' dir='ltr'>veluti</span> <span class='ocrx_word' id='word_1_289' title='bbox 625 2107 787 2164; x_wconf 89' lang='lat' dir='ltr'>permanens</span> <span class='ocrx_word' id='word_1_290' title='bbox 805 2098 833 2149; x_wconf 90' lang='lat' dir='ltr'>et</span> <span class='ocrx_word' id='word_1_291' title='bbox 850 2093 938 2148; x_wconf 89' lang='lat' dir='ltr'>conti·</span> <span class='ocrx_word' id='word_1_292' title='bbox 974 2089 1118 2162; x_wconf 89' lang='lat' dir='ltr'>materiae,</span> <span class='ocrx_word' id='word_1_293' title='bbox 1139 2106 1188 2146; x_wconf 91' lang='lat' dir='ltr'>seu</span> <span class='ocrx_word' id='word_1_294' title='bbox 1209 2098 1290 2149; x_wconf 91' lang='lat' dir='ltr'>actus</span> <span class='ocrx_word' id='word_1_295' title='bbox 1309 2093 1451 2164; x_wconf 82' lang='lat' dir='ltr'>concessi,</span> <span class='ocrx_word' id='word_1_296' title='bbox 1472 2092 1520 2149; x_wconf 91' lang='lat' dir='ltr'>sed</span> <span class='ocrx_word' id='word_1_297' title='bbox 1533 2108 1566 2150; x_wconf 83' lang='lat' dir='ltr'>ex</span> <span class='ocrx_word' id='word_1_298' title='bbox 1582 2099 1658 2165; x_wconf 92' lang='lat' dir='ltr'>parte</span> <span class='ocrx_word' id='word_1_299' title='bbox 1672 2109 1773 2150; x_wconf 90' lang='lat' dir='ltr'>conce·</span> 
     </span>
     <span class='ocr_line' id='line_1_21' title="bbox 134 2175 1770 2256; baseline 0.004 -24"><span class='ocrx_word' id='word_1_300' title='bbox 134 2185 223 2234; x_wconf 86' lang='lat' dir='ltr'>nuato</span> <span class='ocrx_word' id='word_1_301' title='bbox 239 2176 404 2250; x_wconf 89' lang='lat' dir='ltr'>dispensatio</span> <span class='ocrx_word' id='word_1_302' title='bbox 418 2182 445 2236; x_wconf 92' lang='lat' dir='ltr'>in</span> <span class='ocrx_word' id='word_1_303' title='bbox 461 2181 530 2238; x_wconf 91' lang='lat' dir='ltr'>iure.</span> <span class='ocrx_word' id='word_1_304' title='bbox 546 2184 612 2240; x_wconf 91' lang='lat' dir='ltr'>ltem</span> <span class='ocrx_word' id='word_1_305' title='bbox 627 2184 692 2254; x_wconf 92' lang='lat' dir='ltr'>quia</span> <span class='ocrx_word' id='word_1_306' title='bbox 702 2182 867 2256; x_wconf 77' lang='lat' dir='ltr'>indulgentia</span> <span class='ocrx_word' id='word_1_307' title='bbox 880 2183 939 2238; x_wconf 88' lang='lat' dir='ltr'>sine</span> <span class='ocrx_word' id='word_1_308' title='bbox 972 2175 1073 2250; x_wconf 89' lang='lat' dir='ltr'>dentis,</span> <span class='ocrx_word' id='word_1_309' title='bbox 1089 2185 1120 2236; x_wconf 90' lang='lat' dir='ltr'>ut</span> <span class='ocrx_word' id='word_1_310' title='bbox 1131 2180 1282 2250; x_wconf 89' lang='lat' dir='ltr'>prudenter</span> <span class='ocrx_word' id='word_1_311' title='bbox 1291 2188 1320 2237; x_wconf 92' lang='lat' dir='ltr'>et</span> <span class='ocrx_word' id='word_1_312' title='bbox 1330 2180 1469 2238; x_wconf 88' lang='lat' dir='ltr'>moderate</span> <span class='ocrx_word' id='word_1_313' title='bbox 1480 2197 1531 2237; x_wconf 89' lang='lat' dir='ltr'>sua</span> <span class='ocrx_word' id='word_1_314' title='bbox 1541 2181 1699 2238; x_wconf 76' lang='lat' dir='ltr'>iiberalitate</span> <span class='ocrx_word' id='word_1_315' title='bbox 1710 2188 1770 2239; x_wconf 89' lang='lat' dir='ltr'>uta·</span> 
     </span>
     <span class='ocr_line' id='line_1_22' title="bbox 133 2266 1772 2344; baseline 0.004 -23"><span class='ocrx_word' id='word_1_316' title='bbox 133 2279 223 2322; x_wconf 84' lang='lat' dir='ltr'>causa</span> <span class='ocrx_word' id='word_1_317' title='bbox 242 2266 307 2324; x_wconf 91' lang='lat' dir='ltr'>date</span> <span class='ocrx_word' id='word_1_318' title='bbox 326 2276 370 2326; x_wconf 91' lang='lat' dir='ltr'>est</span> <span class='ocrx_word' id='word_1_319' title='bbox 387 2269 477 2342; x_wconf 89' lang='lat' dir='ltr'>nulla,</span> <span class='ocrx_word' id='word_1_320' title='bbox 498 2270 668 2344; x_wconf 79' lang='lat' dir='ltr'>privilegium</span> <span class='ocrx_word' id='word_1_321' title='bbox 690 2277 781 2328; x_wconf 90' lang='lat' dir='ltr'>autem</span> <span class='ocrx_word' id='word_1_322' title='bbox 794 2269 940 2327; x_wconf 88' lang='lat' dir='ltr'>estiodui·</span> <span class='ocrx_word' id='word_1_323' title='bbox 973 2271 1036 2336; x_wconf 79' lang='lat' dir='ltr'>tur3</span> <span class='ocrx_word' id='word_1_324' title='bbox 1058 2267 1235 2339; x_wconf 89' lang='lat' dir='ltr'>quodetiam</span> <span class='ocrx_word' id='word_1_325' title='bbox 1256 2284 1308 2327; x_wconf 90' lang='lat' dir='ltr'>suo</span> <span class='ocrx_word' id='word_1_326' title='bbox 1328 2269 1409 2327; x_wconf 88' lang='lat' dir='ltr'>medo</span> <span class='ocrx_word' id='word_1_327' title='bbox 1429 2270 1455 2326; x_wconf 92' lang='lat' dir='ltr'>in</span> <span class='ocrx_word' id='word_1_328' title='bbox 1469 2269 1560 2343; x_wconf 88' lang='lat' dir='ltr'>aliqua</span> <span class='ocrx_word' id='word_1_329' title='bbox 1572 2270 1772 2342; x_wconf 89' lang='lat' dir='ltr'>dispensatione</span> 
     </span>
     <span class='ocr_line' id='line_1_23' title="bbox 57 2353 1396 2431; baseline 0.001 -20"><span class='ocrx_word' id='word_1_330' title='bbox 57 2377 59 2382; x_wconf 95' lang='lat'>·</span> <span class='ocrx_word' id='word_1_331' title='bbox 133 2357 384 2430; x_wconf 81' lang='lat' dir='ltr'>gentisquaedem.</span> <span class='ocrx_word' id='word_1_332' title='bbox 973 2353 1173 2428; x_wconf 87' lang='lat' dir='ltr'>lecumhebet,</span> <span class='ocrx_word' id='word_1_333' title='bbox 1191 2359 1396 2431; x_wconf 86' lang='lat' dir='ltr'>utsupradixi.</span> 
     </span>
    </p>

    <p class='ocr_par' dir='ltr' id='par_1_4' title="bbox 131 2445 1771 3592">
     <span class='ocr_line' id='line_1_24' title="bbox 175 2445 1771 2522; baseline 0.003 -20"><span class='ocrx_word' id='word_1_334' title='bbox 175 2449 204 2502; x_wconf 84' lang='lat'>3.</span> <span class='ocrx_word' id='word_1_335' title='bbox 220 2448 398 2504; x_wconf 85' lang='lat' dir='ltr'>Nihilominus</span> <span class='ocrx_word' id='word_1_336' title='bbox 412 2449 528 2506; x_wconf 85' lang='lat' dir='ltr'>assertio</span> <span class='ocrx_word' id='word_1_337' title='bbox 546 2450 633 2522; x_wconf 88' lang='lat' dir='ltr'>posita</span> <span class='ocrx_word' id='word_1_338' title='bbox 650 2451 730 2507; x_wconf 89' lang='lat' dir='ltr'>etiem</span> <span class='ocrx_word' id='word_1_339' title='bbox 748 2451 775 2506; x_wconf 91' lang='lat' dir='ltr'>in</span> <span class='ocrx_word' id='word_1_340' title='bbox 790 2449 842 2506; x_wconf 93' lang='lat' dir='ltr'>hoc</span> <span class='ocrx_word' id='word_1_341' title='bbox 856 2450 939 2520; x_wconf 84' lang='lat' dir='ltr'>priri·</span> <span class='ocrx_word' id='word_1_342' title='bbox 1012 2448 1038 2502; x_wconf 82' lang='lat' dir='ltr'>l·</span> <span class='ocrx_word' id='word_1_343' title='bbox 1054 2445 1132 2502; x_wconf 84' lang='lat' dir='ltr'>Circa</span> <span class='ocrx_word' id='word_1_344' title='bbox 1147 2447 1324 2518; x_wconf 87' lang='lat' dir='ltr'>posteriorem</span> <span class='ocrx_word' id='word_1_345' title='bbox 1339 2453 1455 2518; x_wconf 89' lang='lat' dir='ltr'>partem,</span> <span class='ocrx_word' id='word_1_346' title='bbox 1467 2463 1517 2504; x_wconf 92' lang='lat' dir='ltr'>seu</span> <span class='ocrx_word' id='word_1_347' title='bbox 1530 2447 1716 2507; x_wconf 88' lang='lat' dir='ltr'>limitationem</span> <span class='ocrx_word' id='word_1_348' title='bbox 1727 2466 1771 2506; x_wconf 90' lang='lat' dir='ltr'>as·</span> 
     </span>
     <span class='ocr_line' id='line_1_25' title="bbox 134 2533 1770 2616; baseline 0.003 -25"><span class='ocrx_word' id='word_1_349' title='bbox 134 2534 211 2608; x_wconf 83' lang='lat' dir='ltr'>legio&#39;</span> <span class='ocrx_word' id='word_1_350' title='bbox 221 2542 266 2593; x_wconf 92' lang='lat' dir='ltr'>est</span> <span class='ocrx_word' id='word_1_351' title='bbox 279 2552 344 2594; x_wconf 83' lang='lat' dir='ltr'>sera</span> <span class='ocrx_word' id='word_1_352' title='bbox 357 2544 386 2594; x_wconf 91' lang='lat' dir='ltr'>et</span> <span class='ocrx_word' id='word_1_353' title='bbox 397 2541 581 2596; x_wconf 90' lang='lat' dir='ltr'>communior.</span> <span class='ocrx_word' id='word_1_354' title='bbox 596 2540 685 2597; x_wconf 87' lang='lat' dir='ltr'>liabet</span> <span class='ocrx_word' id='word_1_355' title='bbox 698 2548 792 2597; x_wconf 87' lang='lat' dir='ltr'>sutem</span> <span class='ocrx_word' id='word_1_356' title='bbox 806 2539 898 2596; x_wconf 89' lang='lat' dir='ltr'>locum</span> <span class='ocrx_word' id='word_1_357' title='bbox 909 2540 936 2594; x_wconf 93' lang='lat' dir='ltr'>in</span> <span class='ocrx_word' id='word_1_358' title='bbox 972 2533 1098 2590; x_wconf 81' lang='lat' dir='ltr'>serilonis</span> <span class='ocrx_word' id='word_1_359' title='bbox 1112 2535 1308 2593; x_wconf 84' lang='lat' dir='ltr'>advertendum</span> <span class='ocrx_word' id='word_1_360' title='bbox 1319 2546 1372 2606; x_wconf 87' lang='lat' dir='ltr'>est,</span> <span class='ocrx_word' id='word_1_361' title='bbox 1383 2537 1628 2616; x_wconf 80' lang='lat' dir='ltr'>tuncprivilegium</span> <span class='ocrx_word' id='word_1_362' title='bbox 1637 2540 1695 2595; x_wconf 90' lang='lat' dir='ltr'>siue</span> <span class='ocrx_word' id='word_1_363' title='bbox 1704 2541 1770 2596; x_wconf 87' lang='lat' dir='ltr'>sub·</span> 
     </span>
     <span class='ocr_line' id='line_1_26' title="bbox 133 2613 1770 2702; baseline 0.007 -29"><span class='ocrx_word' id='word_1_364' title='bbox 133 2625 277 2698; x_wconf 71' lang='lat' dir='ltr'>privilegio</span> <span class='ocrx_word' id='word_1_365' title='bbox 296 2613 430 2685; x_wconf 52' lang='lat' dir='ltr'>eximente</span> <span class='ocrx_word' id='word_1_366' title='bbox 450 2629 552 2698; x_wconf 64' lang='lat' dir='ltr'>sture,</span> <span class='ocrx_word' id='word_1_367' title='bbox 567 2627 642 2702; x_wconf 75' lang='lat' dir='ltr'>quod</span> <span class='ocrx_word' id='word_1_368' title='bbox 656 2628 754 2701; x_wconf 65' lang='lat' dir='ltr'>pendet</span> <span class='ocrx_word' id='word_1_369' title='bbox 767 2645 782 2684; x_wconf 73' lang='lat' dir='ltr'>a</span> <span class='ocrx_word' id='word_1_370' title='bbox 797 2628 937 2685; x_wconf 67' lang='lat' dir='ltr'>voluntate</span> <span class='ocrx_word' id='word_1_371' title='bbox 972 2622 1083 2680; x_wconf 86' lang='lat' dir='ltr'>sistente</span> <span class='ocrx_word' id='word_1_372' title='bbox 1096 2641 1183 2681; x_wconf 78' lang='lat' dir='ltr'>coisse</span> <span class='ocrx_word' id='word_1_373' title='bbox 1193 2625 1485 2690; x_wconf 85' lang='lat' dir='ltr'>concessumsalidum</span> <span class='ocrx_word' id='word_1_374' title='bbox 1496 2642 1568 2699; x_wconf 88' lang='lat' dir='ltr'>esse,</span> <span class='ocrx_word' id='word_1_375' title='bbox 1576 2629 1687 2702; x_wconf 89' lang='lat' dir='ltr'>quande</span> <span class='ocrx_word' id='word_1_376' title='bbox 1698 2631 1770 2700; x_wconf 90' lang='lat' dir='ltr'>prin-</span> 
     </span>
     <span class='ocr_line' id='line_1_27' title="bbox 132 2714 1771 2798; baseline 0.008 -35"><span class='ocrx_word' id='word_1_377' title='bbox 132 2715 224 2784; x_wconf 75' lang='lat' dir='ltr'>ipsius</span> <span class='ocrx_word' id='word_1_378' title='bbox 245 2715 424 2798; x_wconf 68' lang='lat' dir='ltr'>cpncedomts</span> <span class='ocrx_word' id='word_1_379' title='bbox 437 2717 622 2790; x_wconf 65' lang='lat' dir='ltr'>privilegium,</span> <span class='ocrx_word' id='word_1_380' title='bbox 638 2718 718 2775; x_wconf 69' lang='lat' dir='ltr'>[quita</span> <span class='ocrx_word' id='word_1_381' title='bbox 731 2719 801 2774; x_wconf 69' lang='lat' dir='ltr'>euim</span> <span class='ocrx_word' id='word_1_382' title='bbox 817 2723 936 2788; x_wconf 70' lang='lat' dir='ltr'>potestas</span> <span class='ocrx_word' id='word_1_383' title='bbox 971 2724 1036 2783; x_wconf 90' lang='lat' dir='ltr'>ceps</span> <span class='ocrx_word' id='word_1_384' title='bbox 1051 2714 1205 2772; x_wconf 76' lang='lat' dir='ltr'>voluntarie</span> <span class='ocrx_word' id='word_1_385' title='bbox 1224 2714 1291 2771; x_wconf 92' lang='lat' dir='ltr'>illud</span> <span class='ocrx_word' id='word_1_386' title='bbox 1311 2715 1452 2788; x_wconf 90' lang='lat' dir='ltr'>concedit,</span> <span class='ocrx_word' id='word_1_387' title='bbox 1468 2717 1534 2789; x_wconf 90' lang='lat' dir='ltr'>quia</span> <span class='ocrx_word' id='word_1_388' title='bbox 1548 2719 1656 2774; x_wconf 92' lang='lat' dir='ltr'>omnino</span> <span class='ocrx_word' id='word_1_389' title='bbox 1671 2719 1771 2790; x_wconf 87' lang='lat' dir='ltr'>pendet</span> 
     </span>
     <span class='ocr_line' id='line_1_28' title="bbox 131 2803 1769 2880; baseline 0.004 -22"><span class='ocrx_word' id='word_1_390' title='bbox 131 2803 262 2871; x_wconf 80' lang='lat' dir='ltr'>inferior,</span> <span class='ocrx_word' id='word_1_391' title='bbox 280 2811 312 2861; x_wconf 92' lang='lat' dir='ltr'>ut</span> <span class='ocrx_word' id='word_1_392' title='bbox 325 2805 395 2876; x_wconf 82' lang='lat' dir='ltr'>diri,</span> <span class='ocrx_word' id='word_1_393' title='bbox 411 2814 501 2876; x_wconf 89' lang='lat' dir='ltr'>potest</span> <span class='ocrx_word' id='word_1_394' title='bbox 514 2807 685 2880; x_wconf 80' lang='lat' dir='ltr'>privilegium</span> <span class='ocrx_word' id='word_1_395' title='bbox 699 2807 853 2863; x_wconf 88' lang='lat' dir='ltr'>concedere</span> <span class='ocrx_word' id='word_1_396' title='bbox 867 2821 937 2862; x_wconf 90' lang='lat' dir='ltr'>oon·</span> <span class='ocrx_word' id='word_1_397' title='bbox 971 2815 1004 2858; x_wconf 82' lang='lat' dir='ltr'>tx</span> <span class='ocrx_word' id='word_1_398' title='bbox 1018 2803 1160 2861; x_wconf 81' lang='lat' dir='ltr'>volontate</span> <span class='ocrx_word' id='word_1_399' title='bbox 1178 2807 1248 2862; x_wconf 89' lang='lat' dir='ltr'>eius.</span> <span class='ocrx_word' id='word_1_400' title='bbox 1264 2806 1332 2862; x_wconf 89' lang='lat' dir='ltr'>llinc</span> <span class='ocrx_word' id='word_1_401' title='bbox 1347 2821 1413 2876; x_wconf 77' lang='lat' dir='ltr'>erge</span> <span class='ocrx_word' id='word_1_402' title='bbox 1428 2805 1467 2876; x_wconf 86' lang='lat' dir='ltr'>lit,</span> <span class='ocrx_word' id='word_1_403' title='bbox 1484 2814 1516 2863; x_wconf 90' lang='lat' dir='ltr'>ut</span> <span class='ocrx_word' id='word_1_404' title='bbox 1529 2808 1550 2862; x_wconf 92' lang='lat' dir='ltr'>si</span> <span class='ocrx_word' id='word_1_405' title='bbox 1564 2806 1632 2862; x_wconf 91' lang='lat' dir='ltr'>lalsa</span> <span class='ocrx_word' id='word_1_406' title='bbox 1646 2823 1731 2864; x_wconf 89' lang='lat' dir='ltr'>causa</span> <span class='ocrx_word' id='word_1_407' title='bbox 1744 2809 1769 2866; x_wconf 90' lang='lat' dir='ltr'>ei</span> 
     </span>
     <span class='ocr_line' id='line_1_29' title="bbox 132 2891 1769 2968; baseline 0.003 -20"><span class='ocrx_word' id='word_1_408' title='bbox 132 2899 178 2948; x_wconf 91' lang='lat' dir='ltr'>tra</span> <span class='ocrx_word' id='word_1_409' title='bbox 198 2895 242 2950; x_wconf 89' lang='lat' dir='ltr'>ius</span> <span class='ocrx_word' id='word_1_410' title='bbox 263 2894 421 2964; x_wconf 89' lang='lat' dir='ltr'>superioris.</span> <span class='ocrx_word' id='word_1_411' title='bbox 441 2895 476 2950; x_wconf 84' lang='lat' dir='ltr'>iit</span> <span class='ocrx_word' id='word_1_412' title='bbox 494 2891 626 2952; x_wconf 81' lang='lat' dir='ltr'>itasolus</span> <span class='ocrx_word' id='word_1_413' title='bbox 644 2897 716 2968; x_wconf 87' lang='lat' dir='ltr'>Papa</span> <span class='ocrx_word' id='word_1_414' title='bbox 731 2902 823 2967; x_wconf 90' lang='lat' dir='ltr'>potest</span> <span class='ocrx_word' id='word_1_415' title='bbox 836 2911 936 2952; x_wconf 91' lang='lat' dir='ltr'>conce·</span> <span class='ocrx_word' id='word_1_416' title='bbox 971 2901 1154 2963; x_wconf 88' lang='lat' dir='ltr'>proponatur,</span> <span class='ocrx_word' id='word_1_417' title='bbox 1169 2895 1313 2951; x_wconf 88' lang='lat' dir='ltr'>concessio</span> <span class='ocrx_word' id='word_1_418' title='bbox 1331 2909 1383 2950; x_wconf 90' lang='lat' dir='ltr'>non</span> <span class='ocrx_word' id='word_1_419' title='bbox 1398 2895 1432 2950; x_wconf 89' lang='lat' dir='ltr'>sit</span> <span class='ocrx_word' id='word_1_420' title='bbox 1447 2894 1551 2964; x_wconf 85' lang='lat' dir='ltr'>ualida,</span> <span class='ocrx_word' id='word_1_421' title='bbox 1567 2899 1632 2967; x_wconf 88' lang='lat' dir='ltr'>quia</span> <span class='ocrx_word' id='word_1_422' title='bbox 1646 2896 1769 2968; x_wconf 78' lang='lat' dir='ltr'>deceptio</span> 
     </span>
     <span class='ocr_line' id='line_1_30' title="bbox 133 2979 1770 3058; baseline 0.002 -20"><span class='ocrx_word' id='word_1_423' title='bbox 133 2979 201 3038; x_wconf 87' lang='lat' dir='ltr'>dere</span> <span class='ocrx_word' id='word_1_424' title='bbox 217 2983 389 3056; x_wconf 79' lang='lat' dir='ltr'>privilegium</span> <span class='ocrx_word' id='word_1_425' title='bbox 403 2993 500 3040; x_wconf 89' lang='lat' dir='ltr'>centra</span> <span class='ocrx_word' id='word_1_426' title='bbox 511 2986 554 3041; x_wconf 92' lang='lat' dir='ltr'>ius</span> <span class='ocrx_word' id='word_1_427' title='bbox 566 3000 711 3042; x_wconf 87' lang='lat' dir='ltr'>commuue</span> <span class='ocrx_word' id='word_1_428' title='bbox 721 2987 897 3052; x_wconf 89' lang='lat' dir='ltr'>canonicum,</span> <span class='ocrx_word' id='word_1_429' title='bbox 909 2989 937 3040; x_wconf 92' lang='lat' dir='ltr'>et</span> <span class='ocrx_word' id='word_1_430' title='bbox 971 2981 1083 3052; x_wconf 91' lang='lat' dir='ltr'>impedit</span> <span class='ocrx_word' id='word_1_431' title='bbox 1097 2982 1292 3040; x_wconf 78' lang='lat' dir='ltr'>voluntarium.</span> <span class='ocrx_word' id='word_1_432' title='bbox 1306 2986 1458 3041; x_wconf 90' lang='lat' dir='ltr'>Possumus</span> <span class='ocrx_word' id='word_1_433' title='bbox 1469 2993 1559 3042; x_wconf 91' lang='lat' dir='ltr'>autem</span> <span class='ocrx_word' id='word_1_434' title='bbox 1571 2985 1596 3040; x_wconf 90' lang='lat' dir='ltr'>in</span> <span class='ocrx_word' id='word_1_435' title='bbox 1608 2984 1659 3040; x_wconf 89' lang='lat' dir='ltr'>hoo</span> <span class='ocrx_word' id='word_1_436' title='bbox 1670 3002 1770 3058; x_wconf 78' lang='lat' dir='ltr'>genere</span> 
     </span>
     <span class='ocr_line' id='line_1_31' title="bbox 132 3066 1768 3150; baseline 0.005 -26"><span class='ocrx_word' id='word_1_437' title='bbox 132 3073 176 3126; x_wconf 89' lang='lat' dir='ltr'>sic</span> <span class='ocrx_word' id='word_1_438' title='bbox 192 3069 225 3126; x_wconf 90' lang='lat' dir='ltr'>de</span> <span class='ocrx_word' id='word_1_439' title='bbox 242 3071 300 3127; x_wconf 89' lang='lat' dir='ltr'>aliis</span> <span class='ocrx_word' id='word_1_440' title='bbox 316 3073 567 3144; x_wconf 89' lang='lat' dir='ltr'>proportionaliter,</span> <span class='ocrx_word' id='word_1_441' title='bbox 583 3075 752 3146; x_wconf 87' lang='lat' dir='ltr'>quianullus</span> <span class='ocrx_word' id='word_1_442' title='bbox 766 3074 873 3130; x_wconf 80' lang='lat' dir='ltr'>inferior</span> <span class='ocrx_word' id='word_1_443' title='bbox 888 3090 936 3144; x_wconf 92' lang='lat' dir='ltr'>po·</span> <span class='ocrx_word' id='word_1_444' title='bbox 970 3066 1137 3143; x_wconf 82' lang='lat' dir='ltr'>distinguere</span> <span class='ocrx_word' id='word_1_445' title='bbox 1151 3073 1288 3143; x_wconf 89' lang='lat' dir='ltr'>duplicem</span> <span class='ocrx_word' id='word_1_446' title='bbox 1302 3088 1427 3143; x_wconf 92' lang='lat' dir='ltr'>causam,</span> <span class='ocrx_word' id='word_1_447' title='bbox 1439 3076 1768 3150; x_wconf 15' lang='lat' dir='ltr'>etc-onsequenteretiam</span> 
     </span>
     <span class='ocr_line' id='line_1_32' title="bbox 134 3159 1768 3238; baseline 0.004 -24"><span class='ocrx_word' id='word_1_448' title='bbox 134 3163 191 3214; x_wconf 89' lang='lat' dir='ltr'>test</span> <span class='ocrx_word' id='word_1_449' title='bbox 206 3159 232 3215; x_wconf 91' lang='lat' dir='ltr'>in</span> <span class='ocrx_word' id='word_1_450' title='bbox 245 3162 290 3218; x_wconf 94' lang='lat' dir='ltr'>ius</span> <span class='ocrx_word' id='word_1_451' title='bbox 304 3162 454 3232; x_wconf 89' lang='lat' dir='ltr'>superioris</span> <span class='ocrx_word' id='word_1_452' title='bbox 469 3161 637 3238; x_wconf 81' lang='lat' dir='ltr'>dispensare,</span> <span class='ocrx_word' id='word_1_453' title='bbox 650 3165 700 3219; x_wconf 91' lang='lat' dir='ltr'>nisi</span> <span class='ocrx_word' id='word_1_454' title='bbox 713 3165 737 3218; x_wconf 92' lang='lat' dir='ltr'>in</span> <span class='ocrx_word' id='word_1_455' title='bbox 748 3165 858 3220; x_wconf 85' lang='lat' dir='ltr'>casibus</span> <span class='ocrx_word' id='word_1_456' title='bbox 869 3179 935 3220; x_wconf 94' lang='lat' dir='ltr'>cou·</span> <span class='ocrx_word' id='word_1_457' title='bbox 969 3160 1107 3232; x_wconf 90' lang='lat' dir='ltr'>duplicem</span> <span class='ocrx_word' id='word_1_458' title='bbox 1122 3161 1322 3233; x_wconf 89' lang='lat' dir='ltr'>deceptionem.</span> <span class='ocrx_word' id='word_1_459' title='bbox 1338 3163 1397 3220; x_wconf 89' lang='lat' dir='ltr'>Una</span> <span class='ocrx_word' id='word_1_460' title='bbox 1414 3169 1457 3218; x_wconf 91' lang='lat' dir='ltr'>cst</span> <span class='ocrx_word' id='word_1_461' title='bbox 1475 3177 1560 3219; x_wconf 87' lang='lat' dir='ltr'>causa</span> <span class='ocrx_word' id='word_1_462' title='bbox 1574 3179 1622 3234; x_wconf 92' lang='lat' dir='ltr'>per</span> <span class='ocrx_word' id='word_1_463' title='bbox 1636 3179 1680 3236; x_wconf 90' lang='lat' dir='ltr'>se,</span> <span class='ocrx_word' id='word_1_464' title='bbox 1696 3165 1768 3220; x_wconf 90' lang='lat' dir='ltr'>scili-</span> 
     </span>
     <span class='ocr_line' id='line_1_33' title="bbox 132 3249 1764 3326; baseline 0.003 -22"><span class='ocrx_word' id='word_1_465' title='bbox 132 3251 241 3320; x_wconf 85' lang='lat' dir='ltr'>eessis,</span> <span class='ocrx_word' id='word_1_466' title='bbox 256 3249 298 3306; x_wconf 82' lang='lat' dir='ltr'>vel</span> <span class='ocrx_word' id='word_1_467' title='bbox 318 3251 496 3319; x_wconf 66' lang='lat' dir='ltr'>necessariis,</span> <span class='ocrx_word' id='word_1_468' title='bbox 511 3259 621 3324; x_wconf 81' lang='lat' dir='ltr'>propter</span> <span class='ocrx_word' id='word_1_469' title='bbox 634 3269 704 3325; x_wconf 91' lang='lat' dir='ltr'>quos</span> <span class='ocrx_word' id='word_1_470' title='bbox 717 3269 769 3310; x_wconf 91' lang='lat' dir='ltr'>non</span> <span class='ocrx_word' id='word_1_471' title='bbox 784 3253 866 3312; x_wconf 90' lang='lat' dir='ltr'>datur</span> <span class='ocrx_word' id='word_1_472' title='bbox 880 3257 935 3326; x_wconf 88' lang='lat' dir='ltr'>pri·</span> <span class='ocrx_word' id='word_1_473' title='bbox 970 3258 1016 3306; x_wconf 91' lang='lat' dir='ltr'>oet</span> <span class='ocrx_word' id='word_1_474' title='bbox 1029 3249 1089 3319; x_wconf 87' lang='lat' dir='ltr'>illa,</span> <span class='ocrx_word' id='word_1_475' title='bbox 1105 3265 1177 3322; x_wconf 90' lang='lat' dir='ltr'>quae</span> <span class='ocrx_word' id='word_1_476' title='bbox 1194 3257 1286 3308; x_wconf 82' lang='lat' dir='ltr'>movet</span> <span class='ocrx_word' id='word_1_477' title='bbox 1304 3250 1337 3306; x_wconf 91' lang='lat' dir='ltr'>ad</span> <span class='ocrx_word' id='word_1_478' title='bbox 1359 3251 1526 3324; x_wconf 79' lang='lat' dir='ltr'>privilegium</span> <span class='ocrx_word' id='word_1_479' title='bbox 1546 3251 1764 3324; x_wconf 72' lang='lat' dir='ltr'>concedendum,</span> 
     </span>
     <span class='ocr_line' id='line_1_34' title="bbox 134 3338 1768 3414; baseline 0.004 -22"><span class='ocrx_word' id='word_1_480' title='bbox 134 3338 275 3410; x_wconf 76' lang='lat' dir='ltr'>vilegium.</span> <span class='ocrx_word' id='word_1_481' title='bbox 290 3339 360 3395; x_wconf 87' lang='lat' dir='ltr'>ilinc</span> <span class='ocrx_word' id='word_1_482' title='bbox 373 3356 441 3412; x_wconf 79' lang='lat' dir='ltr'>ergo</span> <span class='ocrx_word' id='word_1_483' title='bbox 454 3349 530 3410; x_wconf 90' lang='lat' dir='ltr'>patet</span> <span class='ocrx_word' id='word_1_484' title='bbox 543 3341 609 3398; x_wconf 87' lang='lat' dir='ltr'>ratio</span> <span class='ocrx_word' id='word_1_485' title='bbox 623 3343 792 3414; x_wconf 85' lang='lat' dir='ltr'>assertionis,</span> <span class='ocrx_word' id='word_1_486' title='bbox 807 3346 872 3414; x_wconf 83' lang='lat' dir='ltr'>quis</span> <span class='ocrx_word' id='word_1_487' title='bbox 886 3359 935 3401; x_wconf 84' lang='lat' dir='ltr'>ou·</span> <span class='ocrx_word' id='word_1_488' title='bbox 969 3338 1076 3394; x_wconf 86' lang='lat' dir='ltr'>aliaest</span> <span class='ocrx_word' id='word_1_489' title='bbox 1095 3355 1181 3396; x_wconf 88' lang='lat' dir='ltr'>cause</span> <span class='ocrx_word' id='word_1_490' title='bbox 1194 3353 1243 3411; x_wconf 90' lang='lat' dir='ltr'>per</span> <span class='ocrx_word' id='word_1_491' title='bbox 1257 3339 1397 3410; x_wconf 89' lang='lat' dir='ltr'>accidens,</span> <span class='ocrx_word' id='word_1_492' title='bbox 1412 3339 1518 3396; x_wconf 88' lang='lat' dir='ltr'>scilicet</span> <span class='ocrx_word' id='word_1_493' title='bbox 1530 3355 1691 3412; x_wconf 81' lang='lat' dir='ltr'>removens,</span> <span class='ocrx_word' id='word_1_494' title='bbox 1705 3357 1768 3413; x_wconf 89' lang='lat' dir='ltr'>pro·</span> 
     </span>
     <span class='ocr_line' id='line_1_35' title="bbox 133 3426 1765 3504; baseline 0.002 -22"><span class='ocrx_word' id='word_1_495' title='bbox 133 3435 196 3482; x_wconf 85' lang='lat' dir='ltr'>otor</span> <span class='ocrx_word' id='word_1_496' title='bbox 220 3426 286 3499; x_wconf 75' lang='lat' dir='ltr'>legis</span> <span class='ocrx_word' id='word_1_497' title='bbox 306 3434 395 3497; x_wconf 91' lang='lat' dir='ltr'>potest</span> <span class='ocrx_word' id='word_1_498' title='bbox 413 3428 484 3484; x_wconf 89' lang='lat' dir='ltr'>illam</span> <span class='ocrx_word' id='word_1_499' title='bbox 503 3445 536 3486; x_wconf 81' lang='lat' dir='ltr'>ex</span> <span class='ocrx_word' id='word_1_500' title='bbox 555 3441 632 3500; x_wconf 85' lang='lat' dir='ltr'>parte</span> <span class='ocrx_word' id='word_1_501' title='bbox 653 3430 763 3500; x_wconf 80' lang='lat' dir='ltr'>tollere,</span> <span class='ocrx_word' id='word_1_502' title='bbox 783 3431 857 3504; x_wconf 83' lang='lat' dir='ltr'>quod</span> <span class='ocrx_word' id='word_1_503' title='bbox 871 3433 936 3489; x_wconf 81' lang='lat' dir='ltr'>tacit</span> <span class='ocrx_word' id='word_1_504' title='bbox 971 3426 1076 3495; x_wconf 89' lang='lat' dir='ltr'>hibens,</span> <span class='ocrx_word' id='word_1_505' title='bbox 1091 3428 1117 3484; x_wconf 93' lang='lat' dir='ltr'>id</span> <span class='ocrx_word' id='word_1_506' title='bbox 1131 3437 1185 3498; x_wconf 87' lang='lat' dir='ltr'>est,</span> <span class='ocrx_word' id='word_1_507' title='bbox 1199 3427 1343 3484; x_wconf 82' lang='lat' dir='ltr'>occultans</span> <span class='ocrx_word' id='word_1_508' title='bbox 1355 3427 1540 3484; x_wconf 89' lang='lat' dir='ltr'>conditionem</span> <span class='ocrx_word' id='word_1_509' title='bbox 1551 3427 1681 3500; x_wconf 88' lang='lat' dir='ltr'>aliquam,</span> <span class='ocrx_word' id='word_1_510' title='bbox 1694 3445 1765 3501; x_wconf 91' lang='lat' dir='ltr'>quae</span> 
     </span>
     <span class='ocr_line' id='line_1_36' title="bbox 133 3515 1768 3592; baseline 0.001 -22"><span class='ocrx_word' id='word_1_511' title='bbox 133 3515 307 3588; x_wconf 80' lang='lat' dir='ltr'>privilegium</span> <span class='ocrx_word' id='word_1_512' title='bbox 323 3516 516 3590; x_wconf 73' lang='lat' dir='ltr'>concedendo,</span> <span class='ocrx_word' id='word_1_513' title='bbox 533 3524 561 3574; x_wconf 92' lang='lat' dir='ltr'>et</span> <span class='ocrx_word' id='word_1_514' title='bbox 574 3519 698 3590; x_wconf 83' lang='lat' dir='ltr'>quamvis</span> <span class='ocrx_word' id='word_1_515' title='bbox 713 3521 803 3592; x_wconf 91' lang='lat' dir='ltr'>inique</span> <span class='ocrx_word' id='word_1_516' title='bbox 816 3521 841 3577; x_wconf 91' lang='lat' dir='ltr'>id</span> <span class='ocrx_word' id='word_1_517' title='bbox 853 3521 935 3579; x_wconf 89' lang='lat' dir='ltr'>iaciat</span> <span class='ocrx_word' id='word_1_518' title='bbox 969 3517 991 3572; x_wconf 76' lang='lat' dir='ltr'>tl</span> <span class='ocrx_word' id='word_1_519' title='bbox 1004 3516 1169 3587; x_wconf 64' lang='lat' dir='ltr'>nutriretur,</span> <span class='ocrx_word' id='word_1_520' title='bbox 1186 3515 1329 3587; x_wconf 70' lang='lat' dir='ltr'>impedisti</span> <span class='ocrx_word' id='word_1_521' title='bbox 1339 3515 1462 3587; x_wconf 76' lang='lat' dir='ltr'>cognita,</span> <span class='ocrx_word' id='word_1_522' title='bbox 1475 3529 1509 3570; x_wconf 83' lang='lat' dir='ltr'>ne</span> <span class='ocrx_word' id='word_1_523' title='bbox 1519 3516 1690 3589; x_wconf 77' lang='lat' dir='ltr'>privilegium</span> <span class='ocrx_word' id='word_1_524' title='bbox 1701 3532 1768 3572; x_wconf 89' lang='lat' dir='ltr'>ecn-</span> 
     </span>
    </p>
   </div>
   <div class='ocr_carea' id='block_1_3' title="bbox 35 3603 1767 3686">
    <p class='ocr_par' dir='ltr' id='par_1_5' title="bbox 35 3603 1767 3686">
     <span class='ocr_line' id='line_1_37' title="bbox 35 3603 1767 3686; baseline 0.001 -26"><span class='ocrx_word' id='word_1_525' title='bbox 35 3679 39 3686; x_wconf 92' lang='lat'><em>.</em></span> <span class='ocrx_word' id='word_1_526' title='bbox 133 3606 192 3660; x_wconf 88' lang='lat' dir='ltr'>sine</span> <span class='ocrx_word' id='word_1_527' title='bbox 217 3619 319 3674; x_wconf 84' lang='lat' dir='ltr'>ceusu,</span> <span class='ocrx_word' id='word_1_528' title='bbox 334 3607 398 3676; x_wconf 92' lang='lat' dir='ltr'>quia</span> <span class='ocrx_word' id='word_1_529' title='bbox 411 3611 499 3662; x_wconf 91' lang='lat' dir='ltr'>tamen</span> <span class='ocrx_word' id='word_1_530' title='bbox 514 3622 579 3663; x_wconf 90' lang='lat' dir='ltr'>eum</span> <span class='ocrx_word' id='word_1_531' title='bbox 592 3608 691 3664; x_wconf 79' lang='lat' dir='ltr'>ellectu</span> <span class='ocrx_word' id='word_1_532' title='bbox 707 3618 796 3666; x_wconf 89' lang='lat' dir='ltr'>mutat</span> <span class='ocrx_word' id='word_1_533' title='bbox 810 3611 934 3667; x_wconf 81' lang='lat' dir='ltr'>voluuta-</span> <span class='ocrx_word' id='word_1_534' title='bbox 968 3603 1125 3661; x_wconf 86' lang='lat' dir='ltr'>cederetur.</span> <span class='ocrx_word' id='word_1_535' title='bbox 1143 3605 1183 3661; x_wconf 83' lang='lat' dir='ltr'>lu</span> <span class='ocrx_word' id='word_1_536' title='bbox 1198 3604 1316 3674; x_wconf 89' lang='lat' dir='ltr'>priorem</span> <span class='ocrx_word' id='word_1_537' title='bbox 1331 3617 1444 3664; x_wconf 85' lang='lat' dir='ltr'>oausam</span> <span class='ocrx_word' id='word_1_538' title='bbox 1460 3603 1578 3674; x_wconf 86' lang='lat' dir='ltr'>pertinet</span> <span class='ocrx_word' id='word_1_539' title='bbox 1591 3604 1658 3660; x_wconf 87' lang='lat' dir='ltr'>lslsa</span> <span class='ocrx_word' id='word_1_540' title='bbox 1672 3619 1767 3661; x_wconf 89' lang='lat' dir='ltr'>narra·</span> 
     </span>
    </p>
   </div>
   <div class='ocr_carea' id='block_1_4' title="bbox 131 3689 1768 5197">
    <p class='ocr_par' dir='ltr' id='par_1_6' title="bbox 131 3689 1768 5197">
     <span class='ocr_line' id='line_1_38' title="bbox 135 3689 1768 3778; baseline 0.001 -30"><span class='ocrx_word' id='word_1_541' title='bbox 135 3700 208 3762; x_wconf 90' lang='lat' dir='ltr'>tem,</span> <span class='ocrx_word' id='word_1_542' title='bbox 229 3709 244 3750; x_wconf 95' lang='lat' dir='ltr'>a</span> <span class='ocrx_word' id='word_1_543' title='bbox 263 3709 319 3766; x_wconf 93' lang='lat' dir='ltr'>qua</span> <span class='ocrx_word' id='word_1_544' title='bbox 333 3689 510 3751; x_wconf 83' lang='lat' dir='ltr'>essentialiter</span> <span class='ocrx_word' id='word_1_545' title='bbox 525 3695 623 3767; x_wconf 91' lang='lat' dir='ltr'>pendet</span> <span class='ocrx_word' id='word_1_546' title='bbox 635 3696 760 3778; x_wconf 72' lang='lat' dir='ltr'>obligatio</span> <span class='ocrx_word' id='word_1_547' title='bbox 775 3698 858 3771; x_wconf 86' lang='lat' dir='ltr'>legis,</span> <span class='ocrx_word' id='word_1_548' title='bbox 875 3701 934 3756; x_wconf 91' lang='lat' dir='ltr'>ideo</span> <span class='ocrx_word' id='word_1_549' title='bbox 969 3695 1017 3764; x_wconf 84' lang='lat' dir='ltr'>iio,</span> <span class='ocrx_word' id='word_1_550' title='bbox 1034 3709 1081 3765; x_wconf 79' lang='lat' dir='ltr'>pet</span> <span class='ocrx_word' id='word_1_551' title='bbox 1095 3709 1177 3766; x_wconf 90' lang='lat' dir='ltr'>quam</span> <span class='ocrx_word' id='word_1_552' title='bbox 1193 3691 1295 3765; x_wconf 90' lang='lat' dir='ltr'>aliquid</span> <span class='ocrx_word' id='word_1_553' title='bbox 1310 3693 1484 3763; x_wconf 85' lang='lat' dir='ltr'>proponitur,</span> <span class='ocrx_word' id='word_1_554' title='bbox 1500 3699 1530 3748; x_wconf 90' lang='lat' dir='ltr'>ut</span> <span class='ocrx_word' id='word_1_555' title='bbox 1543 3698 1653 3750; x_wconf 83' lang='lat' dir='ltr'>moreat</span> <span class='ocrx_word' id='word_1_556' title='bbox 1665 3694 1768 3765; x_wconf 90' lang='lat' dir='ltr'>princi-</span> 
     </span>
     <span class='ocr_line' id='line_1_39' title="bbox 132 3782 1765 3860; baseline 0.001 -24"><span class='ocrx_word' id='word_1_557' title='bbox 132 3783 216 3837; x_wconf 87' lang='lat' dir='ltr'>etiam</span> <span class='ocrx_word' id='word_1_558' title='bbox 237 3798 301 3838; x_wconf 91' lang='lat' dir='ltr'>cnm</span> <span class='ocrx_word' id='word_1_559' title='bbox 315 3782 415 3840; x_wconf 86' lang='lat' dir='ltr'>ellectu</span> <span class='ocrx_word' id='word_1_560' title='bbox 430 3782 548 3840; x_wconf 88' lang='lat' dir='ltr'>validum</span> <span class='ocrx_word' id='word_1_561' title='bbox 563 3785 690 3842; x_wconf 79' lang='lat' dir='ltr'>concedat</span> <span class='ocrx_word' id='word_1_562' title='bbox 704 3787 883 3860; x_wconf 75' lang='lat' dir='ltr'>privilegium.</span> <span class='ocrx_word' id='word_1_563' title='bbox 900 3791 935 3845; x_wconf 83' lang='lat' dir='ltr'>Et</span> <span class='ocrx_word' id='word_1_564' title='bbox 968 3798 1047 3855; x_wconf 85' lang='lat' dir='ltr'>pem,</span> <span class='ocrx_word' id='word_1_565' title='bbox 1063 3783 1137 3856; x_wconf 91' lang='lat' dir='ltr'>quod</span> <span class='ocrx_word' id='word_1_566' title='bbox 1159 3797 1253 3839; x_wconf 83' lang='lat' dir='ltr'>uerum</span> <span class='ocrx_word' id='word_1_567' title='bbox 1275 3797 1330 3837; x_wconf 94' lang='lat' dir='ltr'>non</span> <span class='ocrx_word' id='word_1_568' title='bbox 1349 3786 1401 3837; x_wconf 91' lang='lat' dir='ltr'>est.</span> <span class='ocrx_word' id='word_1_569' title='bbox 1421 3783 1457 3839; x_wconf 88' lang='lat' dir='ltr'>Et</span> <span class='ocrx_word' id='word_1_570' title='bbox 1477 3782 1635 3839; x_wconf 85' lang='lat' dir='ltr'>huiusmodi</span> <span class='ocrx_word' id='word_1_571' title='bbox 1649 3782 1765 3849; x_wconf 81' lang='lat' dir='ltr'>falsitas,</span> 
     </span>
     <span class='ocr_line' id='line_1_40' title="bbox 133 3869 1766 3946; baseline 0.001 -20"><span class='ocrx_word' id='word_1_572' title='bbox 133 3869 207 3927; x_wconf 91' lang='lat' dir='ltr'>idem</span> <span class='ocrx_word' id='word_1_573' title='bbox 231 3871 435 3943; x_wconf 78' lang='lat' dir='ltr'>supradictum</span> <span class='ocrx_word' id='word_1_574' title='bbox 450 3879 493 3928; x_wconf 92' lang='lat' dir='ltr'>est</span> <span class='ocrx_word' id='word_1_575' title='bbox 505 3871 540 3928; x_wconf 91' lang='lat' dir='ltr'>de</span> <span class='ocrx_word' id='word_1_576' title='bbox 552 3873 767 3946; x_wconf 71' lang='lat' dir='ltr'>dispensatione,</span> <span class='ocrx_word' id='word_1_577' title='bbox 783 3877 860 3935; x_wconf 89' lang='lat' dir='ltr'>etita</span> <span class='ocrx_word' id='word_1_578' title='bbox 874 3894 934 3935; x_wconf 90' lang='lat' dir='ltr'>ces·</span> <span class='ocrx_word' id='word_1_579' title='bbox 970 3888 1018 3943; x_wconf 90' lang='lat' dir='ltr'>per</span> <span class='ocrx_word' id='word_1_580' title='bbox 1032 3888 1060 3928; x_wconf 92' lang='lat' dir='ltr'>se</span> <span class='ocrx_word' id='word_1_581' title='bbox 1076 3871 1229 3946; x_wconf 91' lang='lat' dir='ltr'>loquendo,</span> <span class='ocrx_word' id='word_1_582' title='bbox 1245 3871 1335 3927; x_wconf 88' lang='lat' dir='ltr'>reddit</span> <span class='ocrx_word' id='word_1_583' title='bbox 1347 3871 1454 3926; x_wconf 89' lang='lat' dir='ltr'>irritum</span> <span class='ocrx_word' id='word_1_584' title='bbox 1470 3871 1652 3944; x_wconf 80' lang='lat' dir='ltr'>privilegium,</span> <span class='ocrx_word' id='word_1_585' title='bbox 1667 3887 1694 3928; x_wconf 92' lang='lat' dir='ltr'>c.</span> <span class='ocrx_word' id='word_1_586' title='bbox 1711 3873 1766 3928; x_wconf 81' lang='lat' dir='ltr'>Su·</span> 
     </span>
     <span class='ocr_line' id='line_1_41' title="bbox 133 3958 1767 4037; baseline 0.008 -23"><span class='ocrx_word' id='word_1_587' title='bbox 133 3965 179 4016; x_wconf 89' lang='lat' dir='ltr'>set</span> <span class='ocrx_word' id='word_1_588' title='bbox 188 3958 337 4017; x_wconf 86' lang='lat' dir='ltr'>(lillicultes</span> <span class='ocrx_word' id='word_1_589' title='bbox 348 3977 431 4033; x_wconf 88' lang='lat' dir='ltr'>supra</span> <span class='ocrx_word' id='word_1_590' title='bbox 442 3963 538 4032; x_wconf 88' lang='lat' dir='ltr'>posita.</span> <span class='ocrx_word' id='word_1_591' title='bbox 550 3964 585 4019; x_wconf 85' lang='lat' dir='ltr'>Et</span> <span class='ocrx_word' id='word_1_592' title='bbox 594 3963 628 4020; x_wconf 93' lang='lat' dir='ltr'>de</span> <span class='ocrx_word' id='word_1_593' title='bbox 638 3963 803 4037; x_wconf 76' lang='lat' dir='ltr'>indulgentie</span> <span class='ocrx_word' id='word_1_594' title='bbox 811 3983 862 4023; x_wconf 92' lang='lat' dir='ltr'>suo</span> <span class='ocrx_word' id='word_1_595' title='bbox 872 3967 932 4025; x_wconf 93' lang='lat' dir='ltr'>loco</span> <span class='ocrx_word' id='word_1_596' title='bbox 966 3977 1020 4037; x_wconf 85' lang='lat' dir='ltr'>per</span> <span class='ocrx_word' id='word_1_597' title='bbox 1033 3961 1158 4023; x_wconf 84' lang='lat' dir='ltr'>litteris,</span> <span class='ocrx_word' id='word_1_598' title='bbox 1175 3976 1203 4018; x_wconf 89' lang='lat' dir='ltr'>c.</span> <span class='ocrx_word' id='word_1_599' title='bbox 1219 3958 1268 4018; x_wconf 85' lang='lat' dir='ltr'>Ad</span> <span class='ocrx_word' id='word_1_600' title='bbox 1281 3975 1387 4026; x_wconf 75' lang='lat' dir='ltr'>cures,</span> <span class='ocrx_word' id='word_1_601' title='bbox 1404 3959 1438 4016; x_wconf 91' lang='lat' dir='ltr'>de</span> <span class='ocrx_word' id='word_1_602' title='bbox 1452 3961 1578 4030; x_wconf 63' lang='lat' dir='ltr'>melitii·</span> <span class='ocrx_word' id='word_1_603' title='bbox 1594 3975 1621 4016; x_wconf 76' lang='lat'>0·</span> <span class='ocrx_word' id='word_1_604' title='bbox 1636 3965 1702 4017; x_wconf 84' lang='lat' dir='ltr'>Nou</span> <span class='ocrx_word' id='word_1_605' title='bbox 1713 3977 1767 4034; x_wconf 74' lang='lat' dir='ltr'>PO-</span> 
     </span>
     <span class='ocr_line' id='line_1_42' title="bbox 131 4048 1767 4130; baseline 0.006 -24"><span class='ocrx_word' id='word_1_606' title='bbox 131 4048 242 4106; x_wconf 88' lang='lat' dir='ltr'>dictum</span> <span class='ocrx_word' id='word_1_607' title='bbox 257 4056 315 4122; x_wconf 88' lang='lat' dir='ltr'>est,</span> <span class='ocrx_word' id='word_1_608' title='bbox 330 4050 461 4122; x_wconf 74' lang='lat' dir='ltr'>elingere</span> <span class='ocrx_word' id='word_1_609' title='bbox 474 4050 595 4108; x_wconf 87' lang='lat' dir='ltr'>divinum</span> <span class='ocrx_word' id='word_1_610' title='bbox 610 4053 662 4123; x_wconf 90' lang='lat' dir='ltr'>ius,</span> <span class='ocrx_word' id='word_1_611' title='bbox 678 4060 705 4110; x_wconf 89' lang='lat' dir='ltr'>et</span> <span class='ocrx_word' id='word_1_612' title='bbox 719 4054 779 4112; x_wconf 89' lang='lat' dir='ltr'>ideo</span> <span class='ocrx_word' id='word_1_613' title='bbox 791 4059 932 4130; x_wconf 87' lang='lat' dir='ltr'>requirere</span> <span class='ocrx_word' id='word_1_614' title='bbox 968 4055 1032 4121; x_wconf 77' lang='lat' dir='ltr'>lest,</span> <span class='ocrx_word' id='word_1_615' title='bbox 1051 4051 1085 4108; x_wconf 79' lang='lat' dir='ltr'>de</span> <span class='ocrx_word' id='word_1_616' title='bbox 1100 4050 1194 4123; x_wconf 72' lang='lat' dir='ltr'>praeb-</span> <span class='ocrx_word' id='word_1_617' title='bbox 1210 4051 1238 4107; x_wconf 93' lang='lat' dir='ltr'>in</span> <span class='ocrx_word' id='word_1_618' title='bbox 1254 4055 1281 4120; x_wconf 80' lang='lat'>6,</span> <span class='ocrx_word' id='word_1_619' title='bbox 1298 4065 1324 4105; x_wconf 74' lang='lat'>0·</span> <span class='ocrx_word' id='word_1_620' title='bbox 1344 4052 1426 4125; x_wconf 62' lang='grc' dir='ltr'>(Μία</span> <span class='ocrx_word' id='word_1_621' title='bbox 1439 4051 1534 4116; x_wconf 69' lang='lat' dir='ltr'>circa,</span> <span class='ocrx_word' id='word_1_622' title='bbox 1548 4049 1582 4106; x_wconf 73' lang='lat' dir='ltr'>de</span> <span class='ocrx_word' id='word_1_623' title='bbox 1593 4065 1726 4122; x_wconf 68' lang='lat' dir='ltr'>coimus·</span> <span class='ocrx_word' id='word_1_624' title='bbox 1738 4058 1767 4108; x_wconf 72' lang='lat' dir='ltr'>ti</span> 
     </span>
     <span class='ocr_line' id='line_1_43' title="bbox 132 4137 1766 4212; baseline -0.001 -16"><span class='ocrx_word' id='word_1_625' title='bbox 132 4154 247 4198; x_wconf 90' lang='lat' dir='ltr'>causam</span> <span class='ocrx_word' id='word_1_626' title='bbox 263 4139 296 4196; x_wconf 88' lang='lat' dir='ltr'>ad</span> <span class='ocrx_word' id='word_1_627' title='bbox 311 4140 429 4196; x_wconf 85' lang='lat' dir='ltr'>valorem</span> <span class='ocrx_word' id='word_1_628' title='bbox 444 4155 537 4198; x_wconf 89' lang='lat' dir='ltr'>suum.</span> <span class='ocrx_word' id='word_1_629' title='bbox 967 4140 1044 4197; x_wconf 89' lang='lat' dir='ltr'>allio.</span> <span class='ocrx_word' id='word_1_630' title='bbox 1059 4141 1105 4197; x_wconf 91' lang='lat' dir='ltr'>ubi</span> <span class='ocrx_word' id='word_1_631' title='bbox 1118 4141 1206 4198; x_wconf 88' lang='lat' dir='ltr'>Gloss.</span> <span class='ocrx_word' id='word_1_632' title='bbox 1220 4145 1248 4195; x_wconf 91' lang='lat' dir='ltr'>et</span> <span class='ocrx_word' id='word_1_633' title='bbox 1261 4139 1343 4196; x_wconf 90' lang='lat' dir='ltr'>latius</span> <span class='ocrx_word' id='word_1_634' title='bbox 1353 4140 1480 4194; x_wconf 88' lang='lat' dir='ltr'>Panurm.</span> <span class='ocrx_word' id='word_1_635' title='bbox 1493 4137 1557 4194; x_wconf 83' lang='lat' dir='ltr'>ind.</span> <span class='ocrx_word' id='word_1_636' title='bbox 1572 4153 1599 4194; x_wconf 91' lang='lat' dir='ltr'>o.</span> <span class='ocrx_word' id='word_1_637' title='bbox 1616 4141 1698 4212; x_wconf 76' lang='lat' dir='ltr'>(latin</span> <span class='ocrx_word' id='word_1_638' title='bbox 1708 4141 1766 4194; x_wconf 84' lang='lat' dir='ltr'>cir-</span> 
     </span>
     <span class='ocr_line' id='line_1_44' title="bbox 173 4225 1767 4308; baseline 0.006 -24"><span class='ocrx_word' id='word_1_639' title='bbox 173 4229 252 4288; x_wconf 89' lang='lat' dir='ltr'>Unde</span> <span class='ocrx_word' id='word_1_640' title='bbox 266 4229 352 4286; x_wconf 87' lang='lat' dir='ltr'>obiter</span> <span class='ocrx_word' id='word_1_641' title='bbox 366 4229 463 4300; x_wconf 87' lang='lat' dir='ltr'>iniero,</span> <span class='ocrx_word' id='word_1_642' title='bbox 480 4231 535 4286; x_wconf 90' lang='lat' dir='ltr'>lere</span> <span class='ocrx_word' id='word_1_643' title='bbox 550 4229 652 4288; x_wconf 91' lang='lat' dir='ltr'>nullam</span> <span class='ocrx_word' id='word_1_644' title='bbox 666 4247 726 4290; x_wconf 88' lang='lat' dir='ltr'>esse</span> <span class='ocrx_word' id='word_1_645' title='bbox 739 4233 930 4308; x_wconf 80' lang='lat' dir='ltr'>differentiam,</span> <span class='ocrx_word' id='word_1_646' title='bbox 967 4246 1018 4298; x_wconf 78' lang='lat' dir='ltr'>ca,</span> <span class='ocrx_word' id='word_1_647' title='bbox 1037 4237 1067 4286; x_wconf 68' lang='lat' dir='ltr'>tl</span> <span class='ocrx_word' id='word_1_648' title='bbox 1080 4231 1107 4284; x_wconf 76' lang='grc' dir='ltr'>ἰῠ</span> <span class='ocrx_word' id='word_1_649' title='bbox 1123 4243 1150 4285; x_wconf 75' lang='lat'>⁰·</span> <span class='ocrx_word' id='word_1_650' title='bbox 1164 4226 1212 4285; x_wconf 86' lang='lat' dir='ltr'>Ad</span> <span class='ocrx_word' id='word_1_651' title='bbox 1225 4225 1425 4294; x_wconf 53' lang='lat' dir='ltr'>audiendam,</span> <span class='ocrx_word' id='word_1_652' title='bbox 1444 4231 1472 4283; x_wconf 83' lang='lat'>2·</span> <span class='ocrx_word' id='word_1_653' title='bbox 1488 4225 1521 4282; x_wconf 68' lang='grc'>(16</span> <span class='ocrx_word' id='word_1_654' title='bbox 1535 4227 1651 4299; x_wconf 64' lang='lat' dir='ltr'>resilit)-</span> <span class='ocrx_word' id='word_1_655' title='bbox 1666 4227 1711 4284; x_wconf 78' lang='lat' dir='ltr'>ubi</span> <span class='ocrx_word' id='word_1_656' title='bbox 1724 4235 1767 4284; x_wconf 75' lang='grc' dir='ltr'>θῖ-</span> 
     </span>
     <span class='ocr_line' id='line_1_45' title="bbox 132 4314 1765 4396; baseline -0.001 -21"><span class='ocrx_word' id='word_1_657' title='bbox 132 4334 217 4392; x_wconf 88' lang='lat' dir='ltr'>quam</span> <span class='ocrx_word' id='word_1_658' title='bbox 232 4319 315 4390; x_wconf 89' lang='lat' dir='ltr'>aliqui</span> <span class='ocrx_word' id='word_1_659' title='bbox 331 4320 469 4390; x_wconf 81' lang='lat' dir='ltr'>assignent</span> <span class='ocrx_word' id='word_1_660' title='bbox 484 4321 552 4376; x_wconf 90' lang='lat' dir='ltr'>inter</span> <span class='ocrx_word' id='word_1_661' title='bbox 567 4321 738 4395; x_wconf 77' lang='lat' dir='ltr'>privilegium</span> <span class='ocrx_word' id='word_1_662' title='bbox 752 4331 782 4381; x_wconf 92' lang='lat' dir='ltr'>et</span> <span class='ocrx_word' id='word_1_663' title='bbox 793 4324 932 4396; x_wconf 87' lang='lat' dir='ltr'>dispensa·</span> <span class='ocrx_word' id='word_1_664' title='bbox 967 4320 1019 4376; x_wconf 80' lang='lat' dir='ltr'>ioci</span> <span class='ocrx_word' id='word_1_665' title='bbox 1034 4318 1120 4376; x_wconf 81' lang='lat' dir='ltr'>Felin.</span> <span class='ocrx_word' id='word_1_666' title='bbox 1137 4333 1202 4374; x_wconf 91' lang='lat' dir='ltr'>cum</span> <span class='ocrx_word' id='word_1_667' title='bbox 1217 4318 1286 4384; x_wconf 88' lang='lat' dir='ltr'>aliis,</span> <span class='ocrx_word' id='word_1_668' title='bbox 1298 4324 1328 4372; x_wconf 90' lang='lat' dir='ltr'>et</span> <span class='ocrx_word' id='word_1_669' title='bbox 1341 4317 1367 4370; x_wconf 92' lang='lat' dir='ltr'>in</span> <span class='ocrx_word' id='word_1_670' title='bbox 1380 4314 1409 4371; x_wconf 91' lang='lat' dir='ltr'>d.</span> <span class='ocrx_word' id='word_1_671' title='bbox 1425 4332 1453 4372; x_wconf 92' lang='lat' dir='ltr'>c.</span> <span class='ocrx_word' id='word_1_672' title='bbox 1471 4318 1567 4390; x_wconf 80' lang='lat' dir='ltr'>Super</span> <span class='ocrx_word' id='word_1_673' title='bbox 1582 4314 1698 4374; x_wconf 77' lang='lat' dir='ltr'>litteris.</span> <span class='ocrx_word' id='word_1_674' title='bbox 1711 4320 1765 4374; x_wconf 82' lang='lat' dir='ltr'>lie·</span> 
     </span>
     <span class='ocr_line' id='line_1_46' title="bbox 133 4404 1767 4492; baseline -0.002 -27"><span class='ocrx_word' id='word_1_675' title='bbox 133 4409 248 4478; x_wconf 89' lang='lat' dir='ltr'>tionem,</span> <span class='ocrx_word' id='word_1_676' title='bbox 264 4406 338 4479; x_wconf 92' lang='lat' dir='ltr'>quod</span> <span class='ocrx_word' id='word_1_677' title='bbox 353 4407 418 4464; x_wconf 88' lang='lat' dir='ltr'>illud</span> <span class='ocrx_word' id='word_1_678' title='bbox 433 4410 491 4464; x_wconf 89' lang='lat' dir='ltr'>sine</span> <span class='ocrx_word' id='word_1_679' title='bbox 505 4425 589 4466; x_wconf 90' lang='lat' dir='ltr'>causa</span> <span class='ocrx_word' id='word_1_680' title='bbox 604 4413 775 4484; x_wconf 88' lang='lat' dir='ltr'>conceditur,</span> <span class='ocrx_word' id='word_1_681' title='bbox 787 4414 854 4492; x_wconf 81' lang='lat' dir='ltr'>hqec</span> <span class='ocrx_word' id='word_1_682' title='bbox 866 4430 931 4471; x_wconf 83' lang='lat' dir='ltr'>vero</span> <span class='ocrx_word' id='word_1_683' title='bbox 967 4412 1005 4466; x_wconf 94' lang='lat' dir='ltr'>tio</span> <span class='ocrx_word' id='word_1_684' title='bbox 1025 4422 1091 4463; x_wconf 82' lang='lat' dir='ltr'>vero</span> <span class='ocrx_word' id='word_1_685' title='bbox 1112 4407 1178 4463; x_wconf 89' lang='lat' dir='ltr'>sotis</span> <span class='ocrx_word' id='word_1_686' title='bbox 1198 4411 1308 4462; x_wconf 90' lang='lat' dir='ltr'>constat</span> <span class='ocrx_word' id='word_1_687' title='bbox 1326 4421 1359 4461; x_wconf 83' lang='lat' dir='ltr'>os</span> <span class='ocrx_word' id='word_1_688' title='bbox 1373 4404 1465 4460; x_wconf 87' lang='lat' dir='ltr'>dictis.</span> <span class='ocrx_word' id='word_1_689' title='bbox 1482 4406 1597 4476; x_wconf 86' lang='lat' dir='ltr'>Oportet</span> <span class='ocrx_word' id='word_1_690' title='bbox 1610 4411 1717 4476; x_wconf 89' lang='lat' dir='ltr'>autem,</span> <span class='ocrx_word' id='word_1_691' title='bbox 1733 4413 1767 4462; x_wconf 89' lang='lat' dir='ltr'>ut</span> 
     </span>
     <span class='ocr_line' id='line_1_47' title="bbox 133 4494 1766 4574; baseline -0.002 -19"><span class='ocrx_word' id='word_1_692' title='bbox 133 4499 255 4556; x_wconf 88' lang='lat' dir='ltr'>minime.</span> <span class='ocrx_word' id='word_1_693' title='bbox 270 4499 339 4554; x_wconf 83' lang='lat' dir='ltr'>Nam</span> <span class='ocrx_word' id='word_1_694' title='bbox 359 4499 383 4552; x_wconf 89' lang='lat' dir='ltr'>si</span> <span class='ocrx_word' id='word_1_695' title='bbox 401 4496 437 4552; x_wconf 88' lang='lat' dir='ltr'>sit</span> <span class='ocrx_word' id='word_1_696' title='bbox 455 4512 544 4554; x_wconf 88' lang='lat' dir='ltr'>sermo</span> <span class='ocrx_word' id='word_1_697' title='bbox 562 4499 597 4555; x_wconf 90' lang='lat' dir='ltr'>de</span> <span class='ocrx_word' id='word_1_698' title='bbox 610 4499 714 4572; x_wconf 89' lang='lat' dir='ltr'>abusu,</span> <span class='ocrx_word' id='word_1_699' title='bbox 729 4504 810 4559; x_wconf 88' lang='lat' dir='ltr'>etiam</span> <span class='ocrx_word' id='word_1_700' title='bbox 822 4501 932 4574; x_wconf 89' lang='lat' dir='ltr'>dispeu·</span> <span class='ocrx_word' id='word_1_701' title='bbox 964 4497 1011 4555; x_wconf 88' lang='lat' dir='ltr'>illa</span> <span class='ocrx_word' id='word_1_702' title='bbox 1029 4511 1125 4568; x_wconf 88' lang='lat' dir='ltr'>ceusa,</span> <span class='ocrx_word' id='word_1_703' title='bbox 1147 4510 1219 4567; x_wconf 88' lang='lat' dir='ltr'>quoe</span> <span class='ocrx_word' id='word_1_704' title='bbox 1233 4495 1302 4551; x_wconf 87' lang='lat' dir='ltr'>lalso</span> <span class='ocrx_word' id='word_1_705' title='bbox 1318 4494 1496 4565; x_wconf 89' lang='lat' dir='ltr'>proponitur,</span> <span class='ocrx_word' id='word_1_706' title='bbox 1514 4509 1576 4549; x_wconf 84' lang='lat' dir='ltr'>vere</span> <span class='ocrx_word' id='word_1_707' title='bbox 1592 4495 1652 4550; x_wconf 85' lang='lat' dir='ltr'>telis</span> <span class='ocrx_word' id='word_1_708' title='bbox 1668 4497 1718 4566; x_wconf 87' lang='lat' dir='ltr'>sit,</span> <span class='ocrx_word' id='word_1_709' title='bbox 1735 4503 1766 4552; x_wconf 90' lang='lat' dir='ltr'>ut</span> 
     </span>
     <span class='ocr_line' id='line_1_48' title="bbox 132 4580 1765 4668; baseline -0.002 -24"><span class='ocrx_word' id='word_1_710' title='bbox 132 4589 202 4644; x_wconf 90' lang='lat' dir='ltr'>satio</span> <span class='ocrx_word' id='word_1_711' title='bbox 216 4585 329 4652; x_wconf 85' lang='lat' dir='ltr'>concedi</span> <span class='ocrx_word' id='word_1_712' title='bbox 342 4591 431 4657; x_wconf 88' lang='lat' dir='ltr'>potest</span> <span class='ocrx_word' id='word_1_713' title='bbox 444 4588 502 4643; x_wconf 88' lang='lat' dir='ltr'>sine</span> <span class='ocrx_word' id='word_1_714' title='bbox 515 4603 612 4658; x_wconf 89' lang='lat' dir='ltr'>causa,</span> <span class='ocrx_word' id='word_1_715' title='bbox 629 4590 651 4644; x_wconf 88' lang='lat' dir='ltr'>si</span> <span class='ocrx_word' id='word_1_716' title='bbox 666 4607 730 4648; x_wconf 86' lang='lat' dir='ltr'>sero</span> <span class='ocrx_word' id='word_1_717' title='bbox 746 4593 780 4648; x_wconf 90' lang='lat' dir='ltr'>sit</span> <span class='ocrx_word' id='word_1_718' title='bbox 794 4606 885 4650; x_wconf 91' lang='lat' dir='ltr'>sermo</span> <span class='ocrx_word' id='word_1_719' title='bbox 895 4592 930 4650; x_wconf 93' lang='lat' dir='ltr'>de</span> <span class='ocrx_word' id='word_1_720' title='bbox 966 4594 1074 4644; x_wconf 82' lang='lat' dir='ltr'>moveat</span> <span class='ocrx_word' id='word_1_721' title='bbox 1087 4585 1248 4658; x_wconf 74' lang='lat' dir='ltr'>principem,</span> <span class='ocrx_word' id='word_1_722' title='bbox 1263 4598 1325 4638; x_wconf 90' lang='lat' dir='ltr'>nam</span> <span class='ocrx_word' id='word_1_723' title='bbox 1341 4583 1363 4637; x_wconf 93' lang='lat' dir='ltr'>si</span> <span class='ocrx_word' id='word_1_724' title='bbox 1374 4581 1480 4668; x_wconf 84' lang='lat' dir='ltr'>absque</span> <span class='ocrx_word' id='word_1_725' title='bbox 1491 4580 1536 4638; x_wconf 86' lang='lat' dir='ltr'>illa</span> <span class='ocrx_word' id='word_1_726' title='bbox 1546 4589 1610 4639; x_wconf 80' lang='lat' dir='ltr'>seint</span> <span class='ocrx_word' id='word_1_727' title='bbox 1620 4583 1686 4638; x_wconf 91' lang='lat' dir='ltr'>aliae</span> <span class='ocrx_word' id='word_1_728' title='bbox 1698 4599 1765 4640; x_wconf 89' lang='lat' dir='ltr'>cau·</span> 
     </span>
     <span class='ocr_line' id='line_1_49' title="bbox 132 4671 1764 4753; baseline -0.002 -20"><span class='ocrx_word' id='word_1_729' title='bbox 132 4676 253 4749; x_wconf 72' lang='lat' dir='ltr'>legitimo</span> <span class='ocrx_word' id='word_1_730' title='bbox 269 4691 337 4747; x_wconf 84' lang='lat' dir='ltr'>usu,</span> <span class='ocrx_word' id='word_1_731' title='bbox 354 4675 436 4731; x_wconf 87' lang='lat' dir='ltr'>etiam</span> <span class='ocrx_word' id='word_1_732' title='bbox 451 4677 623 4750; x_wconf 76' lang='lat' dir='ltr'>privilegium</span> <span class='ocrx_word' id='word_1_733' title='bbox 638 4681 751 4753; x_wconf 89' lang='lat' dir='ltr'>requirit</span> <span class='ocrx_word' id='word_1_734' title='bbox 764 4697 892 4751; x_wconf 72' lang='lat' dir='ltr'>causam,</span> <span class='ocrx_word' id='word_1_735' title='bbox 909 4685 931 4740; x_wconf 87' lang='lat' dir='ltr'>si</span> <span class='ocrx_word' id='word_1_736' title='bbox 966 4692 1026 4747; x_wconf 84' lang='lat' dir='ltr'>sae,</span> <span class='ocrx_word' id='word_1_737' title='bbox 1047 4682 1159 4747; x_wconf 91' lang='lat' dir='ltr'>propter</span> <span class='ocrx_word' id='word_1_738' title='bbox 1173 4689 1242 4746; x_wconf 85' lang='lat' dir='ltr'>quas</span> <span class='ocrx_word' id='word_1_739' title='bbox 1258 4672 1423 4728; x_wconf 88' lang='lat' dir='ltr'>concederet</span> <span class='ocrx_word' id='word_1_740' title='bbox 1436 4671 1563 4742; x_wconf 90' lang='lat' dir='ltr'>princeps</span> <span class='ocrx_word' id='word_1_741' title='bbox 1581 4672 1764 4744; x_wconf 79' lang='lat' dir='ltr'>privilegium,</span> 
     </span>
     <span class='ocr_line' id='line_1_50' title="bbox 132 4759 1766 4842; baseline -0.003 -21"><span class='ocrx_word' id='word_1_742' title='bbox 132 4764 250 4837; x_wconf 90' lang='lat' dir='ltr'>denique</span> <span class='ocrx_word' id='word_1_743' title='bbox 265 4766 300 4820; x_wconf 89' lang='lat' dir='ltr'>sit</span> <span class='ocrx_word' id='word_1_744' title='bbox 312 4779 404 4820; x_wconf 88' lang='lat' dir='ltr'>sermo</span> <span class='ocrx_word' id='word_1_745' title='bbox 418 4763 452 4820; x_wconf 90' lang='lat' dir='ltr'>de</span> <span class='ocrx_word' id='word_1_746' title='bbox 467 4765 575 4836; x_wconf 84' lang='lat' dir='ltr'>valore,</span> <span class='ocrx_word' id='word_1_747' title='bbox 590 4767 661 4824; x_wconf 91' lang='lat' dir='ltr'>sicut</span> <span class='ocrx_word' id='word_1_748' title='bbox 677 4769 845 4842; x_wconf 82' lang='lat' dir='ltr'>privilegium</span> <span class='ocrx_word' id='word_1_749' title='bbox 861 4772 933 4829; x_wconf 83' lang='lat' dir='ltr'>valet</span> <span class='ocrx_word' id='word_1_750' title='bbox 965 4767 1070 4824; x_wconf 78' lang='lat' dir='ltr'>etamsi</span> <span class='ocrx_word' id='word_1_751' title='bbox 1089 4779 1143 4820; x_wconf 91' lang='lat' dir='ltr'>una</span> <span class='ocrx_word' id='word_1_752' title='bbox 1157 4780 1210 4819; x_wconf 91' lang='lat' dir='ltr'>non</span> <span class='ocrx_word' id='word_1_753' title='bbox 1228 4762 1341 4830; x_wconf 85' lang='lat' dir='ltr'>existat,</span> <span class='ocrx_word' id='word_1_754' title='bbox 1357 4765 1448 4832; x_wconf 87' lang='lat' dir='ltr'>petest</span> <span class='ocrx_word' id='word_1_755' title='bbox 1460 4759 1607 4833; x_wconf 90' lang='lat' dir='ltr'>aliquando</span> <span class='ocrx_word' id='word_1_756' title='bbox 1623 4775 1684 4816; x_wconf 90' lang='lat' dir='ltr'>esse</span> <span class='ocrx_word' id='word_1_757' title='bbox 1700 4760 1766 4817; x_wconf 85' lang='lat' dir='ltr'>vali·</span> 
     </span>
     <span class='ocr_line' id='line_1_51' title="bbox 133 4848 1764 4930; baseline -0.001 -22"><span class='ocrx_word' id='word_1_758' title='bbox 133 4856 193 4910; x_wconf 89' lang='lat' dir='ltr'>sine</span> <span class='ocrx_word' id='word_1_759' title='bbox 212 4868 298 4909; x_wconf 90' lang='lat' dir='ltr'>causa</span> <span class='ocrx_word' id='word_1_760' title='bbox 317 4852 429 4925; x_wconf 84' lang='lat' dir='ltr'>datum,</span> <span class='ocrx_word' id='word_1_761' title='bbox 448 4855 484 4910; x_wconf 91' lang='lat' dir='ltr'>ita</span> <span class='ocrx_word' id='word_1_762' title='bbox 505 4862 532 4910; x_wconf 89' lang='lat' dir='ltr'>et</span> <span class='ocrx_word' id='word_1_763' title='bbox 552 4856 734 4928; x_wconf 86' lang='lat' dir='ltr'>dispensatio,</span> <span class='ocrx_word' id='word_1_764' title='bbox 754 4861 931 4930; x_wconf 87' lang='lat' dir='ltr'>proportione</span> <span class='ocrx_word' id='word_1_765' title='bbox 965 4857 1030 4914; x_wconf 89' lang='lat' dir='ltr'>dum</span> <span class='ocrx_word' id='word_1_766' title='bbox 1045 4855 1225 4927; x_wconf 79' lang='lat' dir='ltr'>privilegium,</span> <span class='ocrx_word' id='word_1_767' title='bbox 1238 4867 1292 4908; x_wconf 93' lang='lat' dir='ltr'>non</span> <span class='ocrx_word' id='word_1_768' title='bbox 1306 4850 1429 4906; x_wconf 85' lang='lat' dir='ltr'>obstante</span> <span class='ocrx_word' id='word_1_769' title='bbox 1441 4848 1669 4922; x_wconf 85' lang='lat' dir='ltr'>aliqualelsitatc,</span> <span class='ocrx_word' id='word_1_770' title='bbox 1685 4865 1764 4922; x_wconf 85' lang='lat' dir='ltr'>proe-</span> 
     </span>
     <span class='ocr_line' id='line_1_52' title="bbox 133 4939 1762 5017; baseline -0.001 -18"><span class='ocrx_word' id='word_1_771' title='bbox 133 4950 253 5000; x_wconf 82' lang='lat' dir='ltr'>servato.</span> <span class='ocrx_word' id='word_1_772' title='bbox 273 4942 364 5017; x_wconf 75' lang='lat' dir='ltr'>Aliqui</span> <span class='ocrx_word' id='word_1_773' title='bbox 385 4958 450 4999; x_wconf 85' lang='lat' dir='ltr'>vere</span> <span class='ocrx_word' id='word_1_774' title='bbox 470 4943 673 5002; x_wconf 86' lang='lat' dir='ltr'>distinctionem</span> <span class='ocrx_word' id='word_1_775' title='bbox 692 4945 765 5002; x_wconf 92' lang='lat' dir='ltr'>illam</span> <span class='ocrx_word' id='word_1_776' title='bbox 787 4945 932 5005; x_wconf 90' lang='lat' dir='ltr'>admitten·</span> <span class='ocrx_word' id='word_1_777' title='bbox 966 4947 1059 5003; x_wconf 90' lang='lat' dir='ltr'>sertim</span> <span class='ocrx_word' id='word_1_778' title='bbox 1080 4946 1102 5001; x_wconf 89' lang='lat' dir='ltr'>si</span> <span class='ocrx_word' id='word_1_779' title='bbox 1121 4960 1154 5001; x_wconf 85' lang='lat' dir='ltr'>ex</span> <span class='ocrx_word' id='word_1_780' title='bbox 1172 4943 1340 5017; x_wconf 80' lang='lat' dir='ltr'>ignorantie,</span> <span class='ocrx_word' id='word_1_781' title='bbox 1360 4949 1388 4996; x_wconf 89' lang='lat' dir='ltr'>et</span> <span class='ocrx_word' id='word_1_782' title='bbox 1407 4941 1511 5011; x_wconf 90' lang='lat' dir='ltr'>absque</span> <span class='ocrx_word' id='word_1_783' title='bbox 1524 4939 1587 4995; x_wconf 93' lang='lat' dir='ltr'>dolo</span> <span class='ocrx_word' id='word_1_784' title='bbox 1602 4942 1762 5008; x_wconf 88' lang='lat' dir='ltr'>misceatur,</span> 
     </span>
     <span class='ocr_line' id='line_1_53' title="bbox 132 5031 1399 5109; baseline -0.003 -19"><span class='ocrx_word' id='word_1_785' title='bbox 132 5031 196 5090; x_wconf 90' lang='lat' dir='ltr'>dam</span> <span class='ocrx_word' id='word_1_786' title='bbox 207 5047 269 5089; x_wconf 89' lang='lat' dir='ltr'>csse</span> <span class='ocrx_word' id='word_1_787' title='bbox 279 5033 459 5105; x_wconf 86' lang='lat' dir='ltr'>putentinter</span> <span class='ocrx_word' id='word_1_788' title='bbox 469 5033 653 5109; x_wconf 80' lang='lat' dir='ltr'>privilegium,</span> <span class='ocrx_word' id='word_1_789' title='bbox 664 5034 738 5108; x_wconf 88' lang='lat' dir='ltr'>quod</span> <span class='ocrx_word' id='word_1_790' title='bbox 749 5051 802 5094; x_wconf 90' lang='lat' dir='ltr'>oon</span> <span class='ocrx_word' id='word_1_791' title='bbox 813 5043 857 5093; x_wconf 86' lang='lat' dir='ltr'>est</span> <span class='ocrx_word' id='word_1_792' title='bbox 866 5053 932 5094; x_wconf 90' lang='lat' dir='ltr'>con·</span> <span class='ocrx_word' id='word_1_793' title='bbox 965 5038 1041 5094; x_wconf 81' lang='lat' dir='ltr'>iuxta</span> <span class='ocrx_word' id='word_1_794' title='bbox 1054 5035 1128 5092; x_wconf 87' lang='lat' dir='ltr'>dicte</span> <span class='ocrx_word' id='word_1_795' title='bbox 1141 5033 1175 5090; x_wconf 90' lang='lat' dir='ltr'>de</span> <span class='ocrx_word' id='word_1_796' title='bbox 1188 5032 1399 5105; x_wconf 88' lang='lat' dir='ltr'>dispensatione.</span> 
     </span>
     <span class='ocr_line' id='line_1_54' title="bbox 131 5117 1763 5197; baseline -0.004 -16"><span class='ocrx_word' id='word_1_797' title='bbox 131 5130 175 5181; x_wconf 88' lang='lat' dir='ltr'>trs</span> <span class='ocrx_word' id='word_1_798' title='bbox 193 5125 253 5193; x_wconf 93' lang='lat' dir='ltr'>ius,</span> <span class='ocrx_word' id='word_1_799' title='bbox 272 5128 300 5178; x_wconf 91' lang='lat' dir='ltr'>et</span> <span class='ocrx_word' id='word_1_800' title='bbox 317 5121 565 5197; x_wconf 87' lang='lat' dir='ltr'>dispensationem,</span> <span class='ocrx_word' id='word_1_801' title='bbox 588 5140 621 5182; x_wconf 92' lang='lat' dir='ltr'>ac</span> <span class='ocrx_word' id='word_1_802' title='bbox 636 5125 749 5182; x_wconf 90' lang='lat' dir='ltr'>subinde</span> <span class='ocrx_word' id='word_1_803' title='bbox 767 5127 848 5182; x_wconf 88' lang='lat' dir='ltr'>etiam</span> <span class='ocrx_word' id='word_1_804' title='bbox 862 5127 931 5184; x_wconf 89' lang='lat' dir='ltr'>inter</span> <span class='ocrx_word' id='word_1_805' title='bbox 1004 5125 1150 5182; x_wconf 86' lang='lat' dir='ltr'>Posteriori</span> <span class='ocrx_word' id='word_1_806' title='bbox 1164 5137 1264 5180; x_wconf 88' lang='lat' dir='ltr'>causae</span> <span class='ocrx_word' id='word_1_807' title='bbox 1274 5118 1471 5194; x_wconf 85' lang='lat' dir='ltr'>correspondet</span> <span class='ocrx_word' id='word_1_808' title='bbox 1482 5117 1617 5174; x_wconf 85' lang='lat' dir='ltr'>diminuta</span> <span class='ocrx_word' id='word_1_809' title='bbox 1629 5118 1763 5188; x_wconf 78' lang='lat' dir='ltr'>narratio,</span> 
     </span>
    </p>
   </div>
   <div class='ocr_carea' id='block_1_5' title="bbox 132 5205 1764 5292">
    <p class='ocr_par' dir='ltr' id='par_1_7' title="bbox 132 5205 1764 5292">
     <span class='ocr_line' id='line_1_55' title="bbox 132 5205 1764 5292; baseline -0.005 -19"><span class='ocrx_word' id='word_1_810' title='bbox 132 5213 322 5292; x_wconf 74' lang='lat' dir='ltr'>privilegium,</span> <span class='ocrx_word' id='word_1_811' title='bbox 338 5213 415 5291; x_wconf 88' lang='lat' dir='ltr'>quod</span> <span class='ocrx_word' id='word_1_812' title='bbox 430 5221 475 5272; x_wconf 93' lang='lat' dir='ltr'>est</span> <span class='ocrx_word' id='word_1_813' title='bbox 486 5221 585 5274; x_wconf 87' lang='lat' dir='ltr'>contra</span> <span class='ocrx_word' id='word_1_814' title='bbox 598 5215 653 5291; x_wconf 91' lang='lat' dir='ltr'>ius,</span> <span class='ocrx_word' id='word_1_815' title='bbox 669 5215 711 5274; x_wconf 84' lang='lat' dir='ltr'>vel</span> <span class='ocrx_word' id='word_1_816' title='bbox 726 5222 833 5274; x_wconf 86' lang='lat' dir='ltr'>tentum</span> <span class='ocrx_word' id='word_1_817' title='bbox 846 5231 931 5289; x_wconf 86' lang='lat' dir='ltr'>supra</span> <span class='ocrx_word' id='word_1_818' title='bbox 965 5232 1037 5292; x_wconf 92' lang='lat' dir='ltr'>quae</span> <span class='ocrx_word' id='word_1_819' title='bbox 1053 5221 1109 5288; x_wconf 90' lang='lat' dir='ltr'>est,</span> <span class='ocrx_word' id='word_1_820' title='bbox 1131 5211 1241 5288; x_wconf 89' lang='lat' dir='ltr'>qu&#39;sndo</span> <span class='ocrx_word' id='word_1_821' title='bbox 1254 5209 1356 5286; x_wconf 86' lang='lat' dir='ltr'>aliquid</span> <span class='ocrx_word' id='word_1_822' title='bbox 1374 5207 1548 5280; x_wconf 88' lang='lat' dir='ltr'>occultatur,</span> <span class='ocrx_word' id='word_1_823' title='bbox 1562 5205 1639 5282; x_wconf 90' lang='lat' dir='ltr'>quod</span> <span class='ocrx_word' id='word_1_824' title='bbox 1652 5206 1674 5264; x_wconf 88' lang='lat' dir='ltr'>si</span> <span class='ocrx_word' id='word_1_825' title='bbox 1689 5208 1764 5280; x_wconf 81' lang='lat' dir='ltr'>prin-</span> 
     </span>
    </p>
   </div>
   <div class='ocr_carea' id='block_1_6' title="bbox 0 0 2150 6212">
    <p class='ocr_par' dir='ltr' id='par_1_8' title="bbox 0 0 2150 6212">
     <span class='ocr_line' id='line_1_56' title="bbox 0 0 2150 6212; baseline 0 0"><span class='ocrx_word' id='word_1_826' title='bbox 0 0 2150 6212; x_wconf 95' lang='lat' dir='ltr'> </span> 
     </span>
    </p>
   </div>
  </div>
 </body>
</html>
