4278 6242
469 355 531 422 101
1177 365 1325 418 amnas.

431 502 527 552 contra
539 495 611 566 leges
627 493 798 552 instituentes
810 492 1016 550 substantialem
1028 491 1227 548 solemnitatem
1266 491 1385 562 sumptio
1405 491 1516 562 propria
1541 497 1667 549 versatur
1686 491 1759 548 circa
1778 494 1848 551 iacta
1862 497 2016 572 particularia,
2062 511 2063 558 t

429 589 558 656 tanquam
569 582 732 654 simpliciter
745 585 927 639 necessariam
939 582 973 638 ad
984 595 1081 638 eornm
1094 581 1227 650 valorem,
1264 579 1306 636 lex
1326 584 1418 635 autem
1438 577 1483 634 illa
1505 579 1667 650 generaliter
1683 580 1737 636 lata
1751 580 1784 637 de
1798 581 1871 638 nullo
1885 583 1946 640 lacto
1957 591 2022 657 parti-

426 688 488 728 esse
509 669 598 727 nullos
611 685 644 726 ex
666 669 775 728 delectu
792 670 853 729 talis
874 669 1062 741 solemnitatis,
1077 669 1184 725 etiamsi
1204 669 1230 725 in
1263 668 1354 724 culari
1370 668 1530 739 praesumit,
1542 667 1593 724 sed
1609 673 1713 724 tantum
1730 669 1754 724 in
1770 670 1885 742 generali
1898 673 2023 742 peniculon

427 776 457 818 re
473 749 537 816 filant
550 775 584 816 es
599 775 663 816 vero
674 759 813 834 consensu
828 766 856 817 et
869 762 927 816 sina
940 759 996 816 ullo
1012 758 1121 815 delectu
1133 763 1230 813 eontra
1263 758 1441 825 considerat,
1456 757 1530 828 quod
1546 757 1572 813 in
1586 758 1712 813 omnibus
1727 759 1872 830 invenitur,
1887 759 1937 816 sire
1949 764 1970 816 in
1983 763 2023 818 sin·
2062 739 2063 820 l

328 859 330 866 ’
426 846 1230 922 legemnaturalem.Probaturprimorationelacta,quia
1264 847 1336 920 gulis
1360 848 1501 919 parveniat
1524 845 1555 903 ad
1580 845 1725 916 ellectum,
1746 847 1882 918 eirenen,
1901 850 2025 906 etideede

427 939 453 994 iu
465 937 559 994 nattis
574 938 685 994 casibus
703 938 859 994 necessario
872 939 909 993 ita
919 938 1065 994 dicendum
1080 942 1132 1008 est,
1143 942 1171 992 et
1183 951 1228 992 ea·
1263 937 1387 1008 periculo
1403 954 1456 994 non
1470 943 1512 993 est
1523 936 1719 1007 praesumptio,
1733 936 1780 992 sed
1794 935 1979 994 certitudosic
1990 943 2026 1010 igi·
2062 935 2063 1016 l

425 1027 488 1102 dent
505 1033 547 1084 est
560 1028 628 1083 ratio
641 1027 674 1083 de
689 1026 886 1082 omnibus.list
900 1032 990 1082 autem
1002 1024 1137 1099 generalis
1148 1024 1228 1095 ratio,
1264 1031 1310 1082 tur
1325 1025 1368 1083 lex
1381 1026 1437 1096 illa,
1454 1031 1590 1098 quatenus
1606 1040 1621 1081 a
1635 1024 1768 1095 principio
1782 1025 1877 1095 lentur,
1889 1041 1936 1080 non
1948 1027 2023 1082 lunda·
2062 1017 2063 1054 l

424 1118 489 1190 quia
503 1115 548 1172 illa
568 1115 655 1173 torma
669 1120 713 1172 est
732 1115 920 1172 substantialis
933 1130 969 1172 ex
989 1116 1158 1171 institutione
1172 1112 1223 1170 hu·
1262 1121 1308 1170 tur
1321 1116 1348 1170 in
1364 1115 1699 1187 praesumptionelleque
1713 1115 1794 1169 etiarn
1808 1119 1900 1186 postea
1913 1115 1934 1170 in
1947 1115 2025 1170 edocti·

424 1221 505 1263 mena
524 1206 610 1277 iusta,
626 1221 692 1279 crgo
707 1205 763 1264 sine
778 1203 823 1261 illa
844 1209 924 1262 aetus
937 1210 979 1260 est
998 1203 1144 1274 invalidus,
1159 1204 1224 1276 quia
1261 1203 1314 1260 bus
1333 1203 1564 1275 particularibus,
1585 1201 1695 1275 quando
1718 1202 1806 1258 irritat
1826 1202 1941 1274 singulos
1954 1211 2027 1272 actus,

424 1310 479 1350 non
495 1299 585 1366 potest
595 1292 698 1366 aliquid
710 1292 860 1349 subsistere
873 1295 929 1348 sine
945 1292 1114 1349 substantiali
1125 1292 1223 1348 torma.
1262 1293 1286 1348 in
1302 1294 1523 1364 praesumptione
1541 1290 1686 1362 tundatur,
1701 1289 1749 1346 sed
1764 1293 1790 1346 in
1805 1306 1847 1360 eo,
1857 1290 1926 1363 quod
1939 1299 2025 1347 certon
2062 1331 2063 1388 ἢ

423 1381 471 1440 Vel
487 1381 606 1452 clarius,
622 1380 665 1438 lex
679 1380 798 1437 humana
811 1397 845 1438 ex
860 1381 932 1438 iusta
944 1395 1030 1436 eausa
1045 1387 1135 1452 potest
1148 1379 1225 1436 inba·
1263 1387 1316 1452 est,
1329 1381 1468 1453 nimirum,
1479 1381 1552 1437 bunc
1566 1385 1658 1437 autem
1674 1373 1769 1436 carere
1784 1379 1945 1437 solemnitate
1958 1397 1970 1436 a
1982 1382 2025 1436 iure
2062 1393 2063 1444 t

423 1470 541 1544 bilitare,
555 1472 792 1543 seuimpotentam
804 1469 917 1527 reddere
932 1469 1100 1526 voluntatem
1113 1467 1224 1539 subditi,
1262 1469 2028 1544 requisitalt‘ecenimtulisactusirritaturalege,quia
2062 1449 2063 1538 l

423 1565 522 1616 utnon
537 1561 623 1630 possit
637 1559 786 1616 transferre
799 1557 962 1628 dominium,
977 1559 1027 1614 nisi
1042 1559 1086 1614 tali
1102 1560 1183 1636 modo
1197 1563 1226 1615 et
1261 1559 1286 1614 in
1301 1574 1333 1614 eo
1349 1561 1555 1614 intervenerunt
1568 1556 1813 1628 fraudes,eto.nec
1828 1559 1947 1630 quiahoc
1961 1558 2028 1614 debis
2062 1545 2063 1636 J

423 1663 491 1704 cum
501 1646 600 1704 talibus
614 1647 845 1719 circumstantiis,
857 1663 924 1720 ergo
937 1649 960 1702 si
975 1646 1017 1705 lex
1030 1648 1067 1703 ito
1078 1648 1131 1704 boc
1147 1647 1226 1704 abso·
1260 1647 1487 1705 contrahentibus
1502 1647 1549 1703 hia
1561 1654 1590 1704 et
1603 1663 1677 1704 nuno
1689 1653 1890 1719 praesumatur,
1899 1646 1942 1704 sed
1958 1647 2027 1703 solun
2062 1641 2063 1731 l

423 1737 481 1793 lute
497 1735 630 1807 disponit,
645 1744 673 1793 et
686 1743 730 1794 est
742 1737 830 1808 iusta,
846 1751 953 1806 semper
967 1735 994 1792 id
1009 1741 1156 1806 operatur:
1172 1750 1223 1790 nec
1260 1737 1325 1808 quia
1345 1743 1423 1794 caret
1438 1735 1624 1807 solemnitate,
1640 1735 1773 1808 quidquid
1788 1736 1824 1791 sit
1837 1734 1870 1792 de
1883 1735 1955 1791 modo
1967 1741 2029 1790 natu·

327 1825 332 1832 “
423 1840 570 1896 possumus
585 1840 634 1881 nos
648 1813 708 1881 ean't
723 1823 836 1881 limitare
848 1824 880 1881 ad
896 1840 979 1881 casus
993 1824 1184 1896 particulares,
1197 1826 1224 1879 in
1260 1825 1311 1882 reli
1331 1825 1357 1879 in
1378 1841 1410 1880 eo
1432 1831 1561 1896 serrato,
1582 1824 2027 1898 aelemisso.ltemilleactusnon
2062 1837 2063 1882 1

422 1915 524 1987 quibus
535 1929 565 1969 rc
580 1929 644 1969 vera
658 1914 794 1970 invenitur
807 1915 923 1984 malum,
934 1913 1009 1987 quod
1025 1915 1147 1987 timetur,
1159 1929 1225 1970 curn
1260 1914 1385 1970 irritatur
1398 1912 1449 1968 nisi
1464 1913 1490 1968 in
1504 1915 1604 1968 virtute
1620 1912 1686 1985 legis
1702 1911 1783 1985 latae,
1794 1921 1823 1969 et
1839 1911 1910 1969 iuxta
1924 1912 2028 1978 ratianep

421 2003 465 2061 lex
478 2003 537 2076 ipsa
555 2003 607 2059 boc
623 2019 676 2060 non
697 2003 855 2076 distingunt,
871 2019 920 2062 nec
935 2020 968 2062 ex
990 2005 1107 2075 ratione,
1123 2004 1153 2062 in
1169 2019 1224 2075 qun
1259 2002 1333 2058 eius:
1351 2001 1397 2059 illa
1412 2007 1574 2058 autemnon
1589 2001 1708 2057 luitlata
1722 1999 2028 2073 expressumptione,sed

419 2093 522 2149 iustitia
533 2091 592 2147 eius
606 2091 747 2163 tundatur,
760 2091 786 2148 id
800 2092 890 2164 colligi
904 2093 1002 2163 possit,
1017 2099 1048 2147 ut
1062 2108 1124 2148 mos
1137 2091 1224 2172 expli·
1260 2108 1292 2158 ex
1306 2081 1378 2146 iust‘a
1394 2105 1479 2146 causa
1493 2095 1586 2161 certa,
1603 2104 1674 2161 qttae
1688 2105 1772 2147 causa
1786 2093 1868 2146 etiam
1884 2089 1908 2145 in
1922 2075 1967 2145 11οό
1980 2095 2030 2144 actu

423 2182 586 2240 cabitur.lit
600 2181 790 2252 confirmatur,
803 2181 867 2254 quia
881 2180 947 2237 alias
963 2180 1030 2238 tales
1045 2181 1118 2252 leges
1132 2186 1223 2237 essent
1260 2181 1420 2255 particulari
1433 2181 1581 2250 invenitur,
1594 2179 1699 2235 etiamsi
1715 2180 1740 2235 in
1755 2180 1800 2237 illo
1812 2187 1920 2236 cessent
1933 2177 2030 2246 lraudes,
2062 2169 2063 2256 l

422 2270 499 2327 valde
520 2269 674 2326 inefficaces
695 2275 722 2326 et
742 2285 838 2340 perum
854 2271 951 2338 utiles,
975 2269 1017 2326 vix
1031 2272 1102 2326 enim
1124 2275 1219 2341 posset
1258 2270 1322 2342 quia
1336 2269 1369 2326 de
1385 2284 1414 2325 se
1428 2275 1488 2325 crat
1501 2269 1641 2340 expositus
1656 2269 1781 2339 periculo
1795 2268 1913 2338 illarum,
1924 2267 1988 2341 quod
1999 2283 2031 2322 so·
2062 2258 2063 2310 l

423 2359 526 2432 aliquid
540 2366 640 2417 contra
654 2358 713 2415 illas
729 2357 878 2432 fieri,quod
893 2375 946 2414 non
961 2365 1056 2430 posset
1068 2358 1160 2431 aliquo
1176 2373 1223 2415 eo·
1260 2359 1317 2416 lum
1332 2359 1374 2416 lex
1391 2358 1586 2426 consideravit,
1600 2364 1629 2414 et
1641 2360 1713 2415 iuste
1728 2359 1818 2431 potuit
1834 2359 1934 2414 irritare
1953 2363 2028 2412 notun
2062 2351 2063 2414 l

420 2448 508 2506 loreto
524 2449 604 2506 titulo
620 2449 765 2519 sustineri,
780 2447 915 2520 facileque
929 2443 1079 2504 formarent
1098 2447 1221 2504 homines
1257 2447 1335 2503 aliter
1355 2447 1459 2504 lactum
1479 2445 1693 2517 independenter
1708 2463 1726 2504 a
1740 2447 1838 2504 loturo
1852 2453 1956 2504 eventu.
1970 2447 2026 2518 Ergo

419 2536 567 2595 dictamina
579 2536 760 2594 eonscientiae
772 2536 805 2594 de
819 2537 917 2594 talibus
931 2535 1018 2594 titulis
1029 2535 1062 2593 ad
1077 2553 1141 2592 suas
1154 2551 1221 2592 con·
1257 2535 1339 2592 etiam
1359 2537 1386 2591 in
1408 2535 1454 2592 tali
1475 2541 1540 2592 actu
1561 2535 1720 2606 particulari
1742 2535 1767 2594 id
1787 2537 1866 2608 lecit,
1882 2539 1943 2608 quia
1955 2537 1989 2591 les
2000 2541 2032 2589 est
2062 2543 2063 2619 1

419 2628 546 2684 scientias
575 2626 727 2698 pacandus,
751 2626 792 2682 rel
820 2626 935 2682 sortasse
963 2624 1104 2682 saliendas.
1127 2628 1219 2699 Atque
1256 2625 2032 2699 iusta,etratioeiusnonoessat3etquamvisecssaret
2062 2623 2063 2696 1

417 2715 486 2774 baec
502 2716 596 2788 regula
608 2716 703 2773 eadent
721 2717 826 2772 ratione
841 2715 966 2787 procedit
977 2717 1003 2772 in
1017 2714 1123 2788 legibus
1138 2716 1218 2772 abso·
1256 2713 1281 2768 in
1297 2713 1473 2785 particulari,
1489 2729 1544 2770 non
1559 2713 1737 2786 impediretur
1751 2715 1869 2772 effeetus
1882 2719 1948 2772 eius.

417 2804 475 2862 luta
499 2805 670 2861 irritantibus
696 2810 792 2876 actus,
814 2819 885 2876 quos
909 2803 1067 2875 simpliciter
1092 2804 1218 2876 probibet
1296 2811 1322 2861 ο.
1338 2805 1373 2860 Et
1386 2803 1543 2860 declaratur
1558 2819 1573 2859 a
1588 2803 1680 2868 simili:
1692 2820 1755 2862 nant
1768 2805 1810 2862 les
1828 2807 2026 2876 canonicaque
2062 2811 2063 2890 1

397 2945 401 2956 ,
417 2894 522 2950 etiamsi
535 2895 562 2950 in
576 2894 734 2966 particulari
751 2909 803 2950 non
818 2887 991 2949 intercedant
1004 2909 1037 2950 ea
1051 2894 1133 2966 malo,
1147 2909 1218 2966 quae
1255 2892 1380 2965 prohibet
1403 2899 1497 2949 actum
1519 2892 1653 2966 aliquem,
1674 2895 1741 2967 quia
1759 2894 1843 2951 babet
1858 2897 1982 2967 speciem,
1995 2891 2026 2948 rel

417 2984 461 3040 lex
483 2985 578 3053 timet,
600 2984 664 3056 quia
684 2979 876 3040 eodemmodo
896 2981 1120 3054 proceditratio,
1142 2984 1218 3039 nimi·
1253 2981 1407 3054 periculum
1428 2981 1569 3054 simoniae,
1585 2987 1696 3054 propter
1711 2983 1822 3040 vitanda
1838 2983 1953 3055 pericula
1965 2985 2030 3037 sino·

417 3086 502 3136 runa,
524 3070 599 3144 quod
620 3070 662 3128 lex
683 3086 737 3127 non
757 3070 854 3127 nititur
877 3071 902 3127 in
924 3069 1080 3142 particulari
1103 3078 1215 3144 euentu,
1252 3071 1313 3129 niae
1335 3069 1477 3144 obligatio
1493 3071 1666 3144 particulari,
1681 3073 1762 3129 etiam
1778 3072 1827 3130 ubi
1842 3073 2030 3136 certeconstat,

417 3158 465 3217 sed
484 3161 638 3232 generalem
660 3161 792 3217 rationem
819 3159 993 3232 considerat,
1014 3175 1085 3234 quae
1106 3176 1214 3233 semper
1252 3161 1356 3219 nullam
1378 3161 1522 3235 simoniam
1541 3162 1597 3220 fieri
1620 3169 1718 3219 eontra
1737 3163 1827 3235 legem
1842 3162 1996 3220 naturalem:
2009 3170 2030 3219 et
2062 3159 2063 3204 ὲ

402 3237 553 3321 subsistit,
566 3249 630 3306 lieet
643 3250 669 3304 in
685 3249 845 3320 particulari
860 3256 959 3306 cesset.
971 3251 1005 3305 Et
1019 3251 1056 3305 ita
1070 3249 1217 3306 incidimus
1252 3249 1314 3308 telis
1335 3257 1415 3308 actus
1436 3253 1489 3306 erit
1509 3250 1674 3307 simoniacus
1693 3267 1725 3308 es
1741 3253 1765 3307 vi
1779 3251 1846 3324 legis
1861 3253 1997 3322 positivae,
2010 3259 2030 3308 et

417 3339 447 3394 in'
460 3338 564 3396 axioma
578 3353 739 3410 commune,
754 3339 830 3412 quod
844 3338 910 3412 legis
925 3339 1038 3399 allectus
1058 3355 1112 3396 non
1131 3339 1216 3411 impe·
1253 3345 1455 3410 consequenter
1468 3339 1587 3410 «irritus,
1608 3338 1630 3395 si
1651 3356 1699 3411 per
1713 3339 1801 3412 legem
1816 3340 1899 3398 luerit
1911 3341 2026 3410 irritatus,
2062 3399 2063 3402 Ἴ

415 3427 500 3502 ditur,
516 3429 578 3486 licet
591 3430 661 3486 ratio
681 3427 741 3486 eius
760 3429 787 3484 rin
808 3429 966 3501 particulari
988 3434 1088 3500 cesset,
1105 3427 1215 3502 quando
1252 3430 1316 3500 quia
1338 3427 1380 3508 lex
1401 3427 1448 3484 illa
1468 3443 1522 3484 non
1542 3427 1673 3485 lundntur
1693 3429 1719 3485 in
1734 3432 1955 3503 praesumptione
1967 3430 2029 3498 lacti,
2062 3417 2063 3472 1

414 3518 485 3575 ratio
503 3519 637 3592 generalis
652 3518 793 3588 subsistit,
809 3524 837 3575 et
851 3517 894 3574 lex
909 3521 999 3589 potest
1012 3519 1039 3572 in
1058 3516 1216 3589 particulari
1252 3515 1298 3572 sed
1320 3517 1346 3573 in
1365 3523 1440 3574 certa
1461 3516 1575 3572 scientia
1595 3505 1711 3589 pe'riouli
1729 3524 1757 3574 et
1771 3520 1796 3574 in
1812 3519 1929 3590 generali
1943 3518 2029 3575 ratione
2062 3525 2063 3528 ’

414 3609 471 3664 sine
498 3610 603 3664 animae
630 3606 785 3664 discrimine
812 3609 929 3678 serrari,
950 3613 981 3663 ut
1008 3613 1081 3663 reete
1109 3607 1214 3663 notarit
1251 3605 1352 3662 vitandi
1372 3604 1510 3678 pericula,
1531 3604 1571 3660 sio
1586 3607 1747 3676 ergoestin
1762 3606 1887 3680 legibus,
1902 3608 2031 3679 dequibus
2062 3609 2063 3632 ³

416 3698 514 3754 Covar.
530 3699 556 3752 in
570 3695 647 3754 dicto
661 3712 723 3768 cap.
740 3698 818 3753 Cum
832 3709 920 3767 esses,
936 3710 963 3751 n.
979 3700 1005 3752 8.
1252 3694 1444 3772 loquimur.lit
1456 3694 1510 3778 bono
1525 3700 1602 3751 recte
1617 3694 1724 3752 ridetur
1738 3696 1930 3755 considerasse
1943 3701 2028 3754 toton.
2062 3683 2063 3694 ¹

454 3786 530 3843 Unde
544 3785 600 3842 duo
613 3792 679 3841 sunt
693 3787 809 3840 maxime
824 3782 1022 3839 consideranda
1036 3783 1062 3838 in
1077 3781 1130 3840 boe
1145 3800 1216 3856 pun·
1249 3785 1357 3840 Gomm.
1373 3785 1400 3840 in
1419 3784 1436 3839 Ι.
1454 3787 1480 3840 3.
1500 3785 1601 3852 iberi,
1618 3800 1646 3839 n.
1668 3787 1729 3842 l23.
1747 3785 1773 3840 in
1794 3785 1866 3858 dne,
1886 3801 1948 3842 cum
1965 3784 2029 3854 disit,

414 3881 471 3932 cto.
487 3876 578 3932 tinum
593 3881 651 3944 est,
668 3872 716 3929 bas
731 3873 823 3945 leges,
838 3871 871 3928 de
887 3871 986 3944 quibus
1001 3877 1169 3942 tractamus,
1184 3888 1214 3929 re
1249 3873 1297 3929 bas
1317 3870 1391 3945 leges
1416 3887 1470 3928 non
1491 3871 1599 3934 fundari
1613 3873 1639 3928 in
1654 3875 1887 3948 praesumptione,
1903 3876 1984 3932 sedin
1996 3889 2029 3944 re,
2062 3919 2063 3926 ,

413 3979 479 4022 vora
494 3978 546 4020 non
561 3962 667 4020 lunderi
682 3962 708 4018 in
722 3960 955 4033 praesumptione,
969 3959 1054 4016 sedin
1068 3961 1207 4019 solidare·
1248 3960 1281 4017 de
1305 3977 1360 4034 qua
1383 3965 1460 4016 certo
1484 3967 1615 4018 constare
1636 3967 1759 4034 poterat,
1779 3963 1857 4036 quod
1873 3967 1989 4039 sequitur
2000 3962 2028 4018 ibi

414 4057 508 4126 ritate,
533 4059 561 4110 et
583 4050 641 4108 ideo
670 4065 777 4122 semper
803 4051 935 4123 consequi
958 4049 1087 4106 ellectum
1116 4068 1207 4108 sunna.
1247 4052 1353 4123 Burgos
1366 4049 1400 4106 de
1415 4053 1512 4121 Paz,n.
1528 4052 1610 4121 14713
1627 4057 1655 4107 et
1668 4050 1739 4108 idem
1753 4060 1848 4123 aperte
1863 4057 1944 4112 sentit
1953 4055 2026 4110 llolin.

412 4142 491 4211 Quod
505 4141 621 4198 indicari
635 4139 709 4196 dicto
725 4139 770 4196 lib.
784 4140 829 4212 lll,
845 4155 871 4196 o.
884 4140 965 4212 llllll,
976 4145 1004 4196 et
1018 4155 1091 4196 nune
1105 4141 1212 4213 explico
1248 4146 1330 4196 tract.
1349 4145 1377 4197 2.
1394 4137 1430 4196 de
1443 4142 1513 4196 iust.
1534 4137 1604 4211 disp.
1621 4145 1667 4199 81.
1689 4142 1716 4196 in
1738 4139 1890 4200 rationibus
1910 4141 2028 4199 secundae

413 4235 439 4290 in
454 4234 527 4289 huno
543 4231 666 4290 modum:
679 4231 743 4303 quia
759 4230 943 4302 praesumptio
958 4236 1048 4302 potest
1062 4229 1087 4285 in
1102 4229 1212 4302 legista·
1248 4229 1400 4301 opinionis,
1416 4244 1484 4302 quas
1499 4231 1526 4285 in
1541 4227 1592 4286 bae
1607 4237 1684 4300 parte
1699 4228 1829 4304 admittit,
1848 4237 1876 4288 et
1888 4234 1914 4288 in
1928 4247 1956 4288 re
1969 4231 2028 4288 idern
2062 4267 2063 4276 ,

412 4329 471 4379 tore
485 4321 610 4394 cogitari,
628 4320 669 4376 rel
684 4319 716 4375 ad
732 4317 871 4376 serendam
886 4319 984 4393 legem,
1000 4318 1041 4376 vel
1058 4319 1089 4376 ad
1105 4319 1212 4376 irritan·
1247 4320 1329 4374 sentit
1339 4320 1436 4376 Covar.
1447 4319 1471 4374 in
1481 4318 1558 4375 dicto
1573 4335 1633 4392 cap.
1651 4321 1728 4377 Cum
1739 4336 1826 4383 esses,
1839 4329 1867 4380 et
1881 4322 2030 4390 Ledesm.t,
2062 4355 2063 4360 κ

411 4413 478 4468 durn
492 4411 566 4467 huno
582 4417 675 4466 actum
690 4409 716 4464 iu
737 4409 906 4480 particulari,
921 4410 948 4465 in
968 4425 1024 4482 quo
1038 4415 1149 4466 cessant
1168 4409 1208 4464 in·
1246 4425 1273 4480 p.
1293 4412 1321 4477 i,
1336 4414 1445 4482 quaest.
1467 4411 1511 4481 ts,
1527 4414 1578 4465 art.
1600 4412 1624 4477 l,
1639 4407 1707 4464 dub.
1726 4413 1769 4468 12.
1787 4409 1821 4466 ad
1840 4413 1865 4485 t,
1880 4417 1907 4468 et
1923 4413 2028 4468 sentiunt

411 4499 572 4570 commoda,
593 4513 663 4572 quae
684 4497 726 4554 lex
740 4497 870 4554 timebat:
894 4496 919 4554 in
933 4503 1030 4554 neutro
1045 4504 1136 4555 autem
1151 4513 1209 4554 mo·
1246 4513 1358 4570 ornnes,
1381 4499 1429 4570 qui
1445 4502 1562 4567 tenent,
1585 4495 1634 4552 laos
1655 4503 1816 4554 contractus
1837 4515 1898 4557 asse
1912 4499 1996 4557 nullos
2008 4498 2028 4551 in

410 4587 446 4646 do
465 4588 598 4645 invenitur
617 4586 802 4659 praesumptio
823 4602 840 4643 a
860 4587 973 4644 veritate
987 4586 1157 4666 discordans.
1172 4589 1210 4644 lie
1246 4585 1626 4659 utroqueloro,quiacitatis
1638 4586 1798 4643 auctoribus
1810 4587 1863 4646 late
1875 4589 2028 4645 referuntur.

411 4677 494 4750 priori
513 4681 602 4748 patet,
624 4677 688 4749 quia
709 4675 783 4732 aliud
803 4683 846 4732 est
866 4675 1019 4748 perieulum
1041 4676 1114 4750 meli,
1136 4675 1209 4734 alitrd
1283 4675 1410 4734 Secundo
1427 4671 1658 4732 considerandum
1671 4682 1724 4746 est,
1736 4676 1810 4748 quod
1826 4677 1889 4734 lieet
1902 4675 2027 4749 proposita

410 4765 682 4837 malumipsum31ex
698 4771 789 4822 autem
804 4764 869 4823 licet
883 4765 998 4837 leretur,
1015 4779 1048 4821 ne
1062 4765 1133 4822 mala
1147 4782 1209 4823 eve·
1242 4768 1337 4838 regula
1356 4764 1520 4839 generaliter
1540 4777 1604 4820 vera
1625 4763 1675 4834 sit,
1695 4766 1720 4819 ln
1735 4766 1916 4836 applicatione
1929 4767 1984 4824 eius
1996 4762 2024 4819 ad

409 4856 503 4924 nient,
517 4868 572 4910 non
593 4861 683 4911 tamen
697 4853 784 4911 fertur
798 4869 831 4911 er
846 4856 1065 4928 praesumptione
1081 4855 1200 4928 illorum,
1243 4853 1423 4928 particulares
1438 4853 1511 4924 leges
1526 4852 1768 4909 necessarium-est
1783 4855 1867 4912 rerba
1881 4857 1978 4927 legum,
1993 4855 2029 4906 in·

412 4943 461 5000 sed
474 4958 507 5000 er
523 4950 601 5000 certa
615 4943 728 5000 seientia
741 4943 855 5016 periculi
874 4941 1003 5014 illorum,
1019 4945 1205 5015 praesumptio
1243 4945 1439 5015 tentionem,et
1452 4943 1593 4999 materiam
1606 4940 1866 5015 considerareque
1881 4961 1932 5001 non
1947 4955 2029 5000 omnes

409 5037 498 5088 autem
518 5048 574 5088 non
593 5031 660 5089 dicit
680 5039 785 5089 certam
806 5032 965 5100 scientiam,
988 5031 1036 5088 sed
1060 5033 1203 5090 coniectu-
1243 5031 1277 5090 ad
1289 5032 1556 5090 eumdemelieetum
1569 5029 2027 5112 ordinantur,etquaedamirritant

408 5136 479 5192 rana,
495 5136 562 5193 ergo
576 5121 645 5179 ratio
661 5121 732 5179 illius
746 5121 813 5195 legis
828 5137 882 5178 non
895 5129 937 5178 est
949 5123 1146 5193 praesumptio,
1156 5122 1203 5178 sed
1243 5121 1404 5194 simpliciter
1417 5126 1444 5176 at
1459 5119 1584 5178 absolute
1598 5127 1761 5177 contractus
1771 5121 1873 5179 intuitu
1886 5117 2027 5178 communis

408 5216 487 5268 certa
510 5211 624 5270 seientia
648 5211 775 5284 periculi.
792 5211 827 5269 Et
840 5212 1032 5283 confirmetur,
1048 5211 1112 5285 quia
1125 5226 1206 5284 prae·
1242 5211 1321 5286 boni,
1338 5209 1479 5282 inquibus
1494 5209 1651 5267 indistinete
1665 5210 1790 5281 procedit
1804 5211 1900 5285 regula
1913 5212 1988 5270 dats:
2001 5209 2030 5264 ut
