4290 6222
416 335 480 402 430
1103 353 1204 404 amna
1219 354 1294 405 vrn.

373 475 495 533 notitiam
510 489 564 531 non
578 473 685 531 sullicit
699 474 813 532 assertio
826 473 954 548 dicentis,
967 490 996 534 se
1010 475 1111 534 babere
1121 479 1176 549 prl-

374 564 519 636 vilegium,
534 561 637 619 etiamsi
648 563 683 618 sit
697 577 814 633 persona
828 564 914 622 bonae
929 564 1015 622 lamae
1029 574 1059 623 et
1071 564 1123 622 fide
1136 564 1176 622 dl·

374 669 441 728 gna,
458 659 490 709 ut
503 652 687 709 communiter
700 667 765 708 cum
779 655 874 710 Innoc.
891 653 1005 711 tradunt
1019 655 1176 711 canonistas

373 744 400 800 in
415 759 442 798 c.
455 747 505 801 Ea
512 745 611 816 parte,
625 739 660 799 de
670 743 748 798 verb.
761 743 906 817 significat.
919 745 954 802 Et
966 746 1036 801 ratio
1046 751 1099 814 est,
1112 746 1177 817 quia

373 847 453 890 namo
469 833 548 889 estin
559 833 668 905 propria
680 847 766 889 causa
778 835 855 890 testis
866 836 940 890 omni
951 834 1110 907 exceptione
1121 851 1187 892 ma·¹

374 925 426 994 ior,
446 930 475 981 et
488 925 553 996 quia
567 923 687 995 Angelus
702 929 811 981 satanam
825 925 1003 998 transfigurat
1014 939 1043 980 se
1056 925 1082 980 in
1094 939 1176 998 ange·

374 1014 432 1070 lum
451 1013 541 1084 lucis,
557 1020 586 1068 et
599 1011 684 1069 multa
698 1013 769 1069 mala
782 1014 995 1070 committuntur
1010 1015 1062 1070 snb
1080 1013 1177 1070 dolosa
1209 1042 1214 1048 ·

374 1102 465 1174 specio
480 1101 647 1174 sanctitatis,
657 1108 686 1159 et
697 1101 756 1159 idco
767 1117 821 1159 non
832 1102 920 1159 solum
930 1117 983 1158 non
995 1107 1104 1159 tanettm
1116 1101 1177 1175 quis

338 1175 347 1194 ⁸
372 1192 488 1249 credero
513 1190 613 1247 dicenti
635 1205 663 1246 se
684 1190 783 1248 babere
804 1191 974 1264 privilegium
994 1190 1028 1247 ad
1048 1190 1177 1248 ellectum

373 1280 533 1338 admittendi
553 1295 634 1337 usum
649 1281 722 1350 ains,
733 1295 830 1338 rerum
844 1283 925 1338 etiam
940 1294 991 1337 nec
1005 1287 1081 1336 recte
1093 1280 1177 1337 faciet

375 1377 430 1428 mm
453 1369 530 1427 lacile
551 1367 703 1439 credendo,
720 1370 881 1442 regulariter
897 1368 1047 1442 loquendo,
1064 1375 1177 1441 propter

374 1458 496 1532 pericula
523 1464 551 1516 et
570 1458 700 1531 lraudes,
715 1473 786 1532 quae
801 1459 965 1516 intervenire
980 1466 1106 1530 possunt.
1123 1458 1177 1516 bli-

376 1547 486 1620 quando
508 1562 573 1605 vero
593 1535 621 1604 id
641 1549 697 1604 fieri
717 1549 818 1620 poterit
830 1563 863 1605 ex
879 1548 1052 1620 urbanitate,
1067 1549 1177 1621 quando

374 1653 430 1694 non
447 1638 572 1693 occurrit
585 1637 733 1710 peculiaris
747 1653 831 1694 causa
846 1637 1027 1710 suspicionis,
1044 1654 1097 1696 non
1111 1653 1176 1695 vero

374 1741 408 1783 ex
421 1725 595 1801 obligatione.
606 1725 646 1782 Ad
656 1726 727 1782 bana
735 1741 802 1798 ergo
813 1726 968 1784 necessaria
978 1732 1021 1784 est
1034 1727 1076 1782 rel
1086 1732 1177 1784 osten·

376 1817 416 1871 sio
438 1815 586 1887 privilegii,
601 1815 644 1872 rai
658 1816 711 1872 alia
724 1816 864 1888 probatio,
879 1831 950 1888 quae
964 1813 1091 1888 prudenti
1106 1815 1177 1872 arbi·

375 1904 426 1960 tric
445 1910 473 1960 et
491 1904 562 1962 bona
580 1904 632 1962 fide
647 1905 836 1978 procedendo,
851 1905 992 1963 sulliciens
1005 1906 1177 1962 existimetur

374 1993 401 2050 in
417 1993 596 2051 conscientia.

415 2083 501 2140 ldulto
514 2097 580 2140 rerc
595 2085 681 2156 magis
695 2085 723 2140 in
744 2083 803 2140 loro
821 2083 946 2141 exteriori
964 2084 1119 2141 neccssaria
1133 2089 1177 2140 est

375 2174 495 2230 ostensio
512 2172 609 2229 indulti
625 2188 673 2245 per
688 2173 901 2230 instrumentum
915 2173 1119 2245 autbentiousn,
1134 2173 1178 2230 vel

374 2263 401 2318 in
418 2275 447 2316 se
465 2261 695 2331 demonstratum,
707 2261 750 2318 vet
764 2262 859 2319 saitem
871 2277 918 2336 per
933 2267 1016 2320 testes
1031 2262 1177 2333 probatum

376 2343 452 2408 iu'xta
477 2351 603 2422 superius
623 2349 697 2407 dicta
710 2365 772 2424 cap.
788 2352 827 2424 ll,
841 2359 869 2408 et
883 2351 982 2408 tradita
995 2351 1179 2408 communiter

376 2456 392 2496 a
411 2439 572 2496 doctoribus
594 2440 629 2496 ibi
651 2441 759 2512 citatis,
774 2447 804 2498 et
817 2457 832 2497 n
847 2442 964 2516 Sylrest.
981 2439 1065 2498 verbo
1079 2455 1177 2500 encas·

371 2531 450 2604 pito,
471 2544 499 2601 q.
517 2534 550 2600 5,
564 2533 592 2584 et
608 2531 634 2598 l,
650 2545 684 2586 est
699 2544 759 2603 cap.
780 2532 858 2587 Cum
871 2545 1032 2606 perennem,
1051 2529 1084 2586 de
1098 2529 1178 2602 priri·

377 2617 431 2690 leg.
449 2619 474 2673 in
492 2622 521 2688 6,
536 2617 582 2674 ubi
596 2617 709 2692 Glossa,
724 2619 862 2690 doctores,
875 2625 902 2676 et
915 2619 1061 2677 Panormit.
1075 2621 1102 2676 in
1113 2635 1175 2691 cap.

380 2709 458 2766 Cum
469 2706 614 2774 ordinem,
623 2705 657 2763 de
668 2709 796 2780 rescript.
808 2711 901 2765 innoc.
911 2711 1010 2765 buton.
1023 2709 1134 2765 ilenria.
1150 2714 1179 2766 at

1245 485 1301 530 tum
1319 479 1397 532 buius
1416 482 1509 532 tertiae
1531 483 1769 534 sententiae—ii.
1792 484 1890 546 Quarta
1916 491 2020 534 senem

1245 550 1291 600 tia.
1305 578 1340 587 -
1349 551 1375 601 6.
1389 551 1483 613 Quinta
1501 553 1645 616 sententia,
1658 565 1724 616 quae
1742 553 1883 618 distinguit
1898 566 1934 604 ex
1948 561 2021 618 parte

1246 618 1356 671 allectus
1372 621 1513 684 privilegii.
1528 622 1713 672 -ltiscrlmen
1726 623 1794 674 inter
1808 625 1985 688 privilegium
1997 631 2023 673 et

1245 690 1406 740 collationem
1420 689 1622 742 beneficii—l.
1633 693 1689 742 Alia
1702 693 1827 755 expositio
1837 692 1918 744 buius
1928 692 2023 743 dberi·

1245 759 1402 810 minis—tl.
1417 760 1491 811 Serta
1504 761 1647 822 sententia,
1661 774 1728 825 quae
1740 763 1819 812 aliter
1831 762 1979 826 distinguit
1991 775 2021 812 er

1247 835 1322 892 parte
1334 829 1402 880 modi
1414 830 1570 881 concedendi
1582 831 1757 894 prlrilegium.
1768 860 1803 869 -
1812 833 1850 882 ltu
1870 832 1916 882 lex
1929 845 2024 882 sensus

1247 899 1414 963 quaestionis.
1428 925 1461 936 —
1470 899 1508 950 bd
1527 900 1638 964 aliquem
1649 900 1770 952 ellectum
1782 847 1919 965 prisiiegtt
1936 902 2024 965 roqui-

1247 967 1316 1018 ritur
1328 969 1486 1032 acceptatio,
1498 968 1530 1018 ad
1543 970 1621 1019 alitam
1634 983 1696 1021 nero
1706 984 1755 1021 non
1768 973 1928 1034 requiritur.
1938 997 1976 1007 -
1987 970 2023 1020 ld

1246 1049 1321 1099 quem
1333 1037 1454 1088 ellectum
1466 1038 1611 1102 requiritur
1624 1040 1714 1090 notitia
1729 1039 1869 1104 privilegii.
1881 1068 1922 1077 —
1931 1041 1961 1090 9.
1978 1041 2025 1090 lla·

1247 1111 1291 1156 tur
1309 1108 1336 1156 in
1355 1120 1473 1171 supremo
1492 1109 1608 1173 principe
1621 1115 1735 1172 potestas
1746 1108 1823 1160 dandi
1837 1110 2024 1174 privilegium,

1246 1176 1314 1239 qnod
1327 1190 1402 1228 suum
1414 1176 1534 1228 ellectum
1550 1185 1687 1242 operetur,
1701 1185 1838 1242 antequam
1851 1179 1884 1230 ad
1899 1181 2025 1230 notitiam

1246 1245 1403 1309 privilegiati
1421 1247 1563 1310 perveniat.
1574 1273 1610 1282 -
1621 1248 1664 1300 tc.
1684 1248 1811 1299 Probatur
1829 1250 1918 1312 primo
1938 1261 2023 1299 asser-

1248 1316 1374 1366 tio—ll.
1389 1317 1516 1367 Probatur
1528 1315 1732 1368 secundo—ll.
1747 1318 1874 1369 Probatur
1889 1319 2024 1370 tertio.-

1247 1383 1289 1434 13.
1303 1385 1467 1447 Regulariter
1485 1399 1535 1436 non
1553 1385 1704 1438 conceditur
1722 1387 1889 1451 privilegium
1910 1387 1947 1436 ad
1965 1401 2025 1450 ope·

1246 1454 1352 1505 randum
1370 1468 1444 1506 suum
1463 1455 1582 1506 ellectum
1598 1462 1658 1506 ante
1671 1457 1789 1508 notitiam
1803 1458 1843 1506 rel
1858 1458 2025 1521 acceptatio-

1246 1535 1304 1572 nem
1316 1525 1587 1588 privilegiarii.—ll.
1598 1526 1726 1578 Probatur
1739 1524 1802 1576 baec
1811 1525 1935 1578 doctrina
1952 1527 2023 1578 eirca

1248 1593 1412 1657 privilegium
1425 1607 1572 1645 concessum
1586 1607 1631 1659 per
1645 1596 1728 1658 legem
1741 1597 1781 1645 rel
1795 1597 2023 1646 statutum-An

1247 1663 1330 1711 valeat
1349 1663 1477 1714 absolutio
1493 1663 1552 1713 data
1572 1675 1587 1712 a
1606 1664 1769 1729 privilegiato
1788 1666 1963 1729 priuilegium
1981 1678 2023 1714 ne-

1246 1733 1396 1782 sciente-
1407 1732 1450 1783 lli.
1464 1732 1570 1794 Quando
1582 1735 1719 1798 privilegia
1732 1745 1778 1798 per
1791 1733 1897 1786 modum
1913 1737 2023 1799 praemii

1247 1800 1341 1852 babent
1353 1801 1474 1853 ellectum
1486 1803 1582 1866 absque
1595 1804 1688 1854 notitia
1701 1803 1906 1867 accipientis-
1915 1806 1962 1857 lss.
1974 1803 2022 1856 llu-

1246 1870 1326 1920 bium.
1338 1897 1372 1909 —-
1386 1872 1534 1935 Responsio.
1550 1899 1585 1909 —
1601 1873 1643 1923 ll.
1667 1873 1794 1925 obiectio.
1810 1901 1845 1911 —
1860 1874 1936 1935 Lex,
1957 1886 2022 1938 quae

1245 1940 1345 1990 conlert
1358 1937 1497 2004 praemium
1507 1942 1563 2004 ipso
1573 1941 1650 2002 lacto,
1658 1956 1708 1994 non
1719 1941 1844 1993 landatur
1857 1944 1885 1993 in
1896 1950 2023 2008 paeto.-

1249 2009 1291 2059 ln.
1307 2009 1384 2061 Aliud
1401 2009 1517 2061 dubium.
1529 2037 1562 2048 -
1574 2011 1617 2062 la.
1633 2012 1755 2063 iudicium
1774 2013 1801 2062 in
1819 2014 1980 2077 quaestione
1992 2013 2023 2062 de

1247 2079 1398 2144 privilegio,
1413 2092 1459 2145 per
1472 2081 1539 2144 quod
1553 2089 1733 2132 remunerator
1753 2095 1817 2146 opus
1830 2081 1933 2133 lactum
1945 2089 1973 2133 et
1986 2082 2021 2132 la-

1247 2148 1375 2200 ciendum.
1388 2177 1420 2187 —
1432 2149 1476 2201 20.
1491 2150 1660 2212 Privilegium
1670 2151 1734 2202 dans
1747 2152 1787 2202 ius
1800 2153 1953 2217 aequiritur
1967 2159 2021 2216 post

1249 2219 1450 2282 acceptationem
1465 2231 1510 2284 per
1521 2232 1548 2270 se
1562 2221 1603 2270 vel
1616 2234 1661 2284 per
1672 2221 1765 2280 alium;
1777 2227 1838 2271 ante
1848 2223 1973 2273 notitiam
1983 2223 2022 2271 a'c·

1247 2289 1362 2351 quiritur
1380 2302 1426 2352 per
1445 2289 1523 2338 alium
1542 2301 1591 2340 non
1604 2303 1649 2354 per
1661 2303 1698 2340 se.
1709 2318 1744 2327 -
1755 2290 1819 2341 Usus
1832 2291 2022 2354 privilegilre-

1246 2358 1328 2420 quirit
1341 2358 1682 2422 notitiam-Privilegium
1694 2358 1760 2410 adie
1769 2361 1950 2412 concessionis
1959 2373 2021 2425 quo-

1248 2427 1321 2478 modo
1343 2427 1513 2478 fructuosum.
1525 2454 1559 2464 -
1574 2427 1618 2478 2¹.
1633 2429 1801 2492 Pririleginm
1813 2429 1940 2481 auterens
1958 2444 2021 2480 caus

1247 2497 1373 2559 quomodo
1384 2504 1555 2562 operatum-
1563 2497 1606 2548 22.
1617 2498 1744 2549 obiectio.
1751 2498 2019 2564 -ltespondctun-

1247 2565 1290 2617 23.
1312 2566 1382 2616 Aliae
1402 2567 1569 2618 abiectiones.
1581 2567 1789 2619 —Probabillus
1807 2577 1865 2629 est,
1886 2571 2020 2620 matrinae

1247 2636 1317 2685 nium
1329 2649 1379 2686 non
1392 2637 1477 2687 valere
1490 2649 1521 2686 ex
1533 2636 1724 2701 dispensatione
1733 2644 1794 2688 ante
1807 2639 1930 2690 notitiam
1941 2639 2020 2704 prisi-

1248 2705 1319 2768 legli.
1330 2732 1365 2741 -
1375 2705 1418 2756 et.
1438 2705 1504 2768 Quid
1522 2707 1554 2757 de
1573 2708 1711 2772 privilegiu
1728 2709 1909 2772 exemptionis.
1920 2709 2020 2759 -Tri·

1247 2776 1306 2840 pler
1318 2779 1498 2826 sententia.-
1508 2775 1550 2828 25.
1566 2776 1692 2834 obiectio.
1703 2777 1793 2829 —2c.
1808 2777 1903 2846 llltirna
1916 2786 2020 2829 senten-

1248 2846 1285 2895 tia
1298 2845 1553 2909 approbatum—27.
1566 2847 1670 2898 Utilitas
1682 2847 1812 2911 privilegii
1825 2854 1886 2897 ante
1899 2855 2018 2913 accepta-

1248 2915 1343 2966 tionem
1355 2915 1385 2964 ad
1398 2914 1540 2966 revocanda
1554 2919 1647 2977 omnia,
1661 2929 1727 2980 quae
1739 2925 1801 2968 sunt
1813 2917 1899 2970 cidem
1912 2918 2020 2981 pririle·

1247 2984 1290 3048 gio
1303 2986 1433 3036 contraria
1445 2999 1459 3035 a
1472 2993 1587 3051 tempore
1600 2987 1783 3038 concessionis.

379 2795 423 2852 alii
444 2797 470 2852 in
492 2796 567 2854 dicto
589 2812 651 2867 cap.
673 2802 723 2855 Ee
738 2803 837 2871 porte.
854 2798 905 2866 Qut
922 2797 1026 2856 addunt
1040 2798 1179 2856 limitatio·

376 2901 457 2958 nem,
477 2886 614 2952 dicentes,
637 2885 689 2942 boc
708 2901 768 2942 esse
782 2888 984 2958 necessarium,
1000 2886 1109 2960 quando
1123 2891 1180 2961 pri·

376 2974 506 3048 vilegium
524 2991 578 3032 aon
592 2981 634 3031 est
650 2974 758 3046 publice
773 2979 922 3034 notorium.
937 2977 1014 3034 Unde
1029 2975 1176 3050 insinuant,

377 3064 515 3136 publicam
530 3064 651 3121 notitiam
665 3079 726 3122 esse
740 3065 923 3136 subicientem
935 3066 1134 3138 probationem,
1147 3075 1180 3125 ut

376 3160 443 3210 tunc
458 3156 577 3210 ostensio
592 3155 723 3229 privilegii
737 3156 868 3227 postulari
881 3173 934 3212 non
946 3156 1042 3214 debent
1055 3200 1061 3226 ,
1075 3173 1126 3214 nec
1137 3158 1178 3214 iu·
1256 3158 1282 3214 l.
1299 3155 1385 3213 Venio
1400 3154 1432 3212 ad
1447 3156 1559 3212 alteram
1575 3156 1679 3228 part'em
1693 3156 1727 3216 tle
1742 3154 1899 3231 privilagio,
1919 3166 1951 3216 ut
1965 3159 2016 3230 pri-

376 3252 417 3301 ste
430 3245 526 3316 possit.
538 3244 615 3313 Quod
628 3245 829 3318 intelligendum
841 3262 902 3302 esse
914 3247 1055 3318 existimo,
1068 3247 1178 3320 quando
1213 3245 1341 3318 vilegium
1356 3251 1414 3314 est,
1431 3245 1459 3301 id
1472 3253 1529 3309 est,
1546 3251 1577 3302 ut
1590 3245 1764 3304 favorabilem
1778 3247 1909 3304 ellectum
1924 3249 1951 3304 in
1967 3251 2017 3316 pri

374 3325 486 3407 publica
503 3335 598 3391 notitia
611 3351 665 3392 non
679 3341 785 3392 tantum
799 3342 843 3392 est
855 3352 904 3408 per
918 3336 1017 3412 lamam
1030 3336 1114 3410 lquae
1130 3353 1178 3408 per
1213 3334 1349 3408 vilegiario
1364 3340 1509 3406 operatur,
1520 3341 1549 3392 et
1559 3332 1606 3391 dat
1616 3335 1654 3392 illi
1666 3335 1825 3392 facultatem
1836 3336 1881 3392 illo
1893 3338 2015 3411 gauden-

375 3439 404 3480 se
418 3440 472 3481 non
488 3424 553 3482 iacit
570 3424 753 3482 sufficientem
772 3427 982 3498 probationem,
992 3425 1040 3482 sed
1054 3425 1088 3483 nd
1104 3442 1179 3484 sum·
1213 3423 1322 3494 tli3nam
1335 3423 1360 3479 in
1373 3423 1471 3494 illo,ut
1481 3423 1520 3479 sic
1531 3424 1718 3506 censiderato,
1731 3424 1814 3482 babet
1825 3425 1921 3482 locum
1934 3441 2013 3499 quae·

374 3531 452 3571 mum
472 3514 682 3587 semiplenam),
705 3515 752 3572 sed
771 3519 854 3573 etiam
874 3531 924 3589 per
945 3531 1027 3573 usum
1048 3516 1179 3590 privilegii
1213 3516 1282 3584 stio,
1294 3511 1405 3586 quando
1421 3513 1531 3584 incipiat
1544 3516 1651 3585 operari
1666 3530 1748 3571 suurn
1759 3515 1902 3572 ellectum.
1916 3517 1954 3572 lle
1968 3518 2015 3571 tri-

374 3619 550 3662 communem
560 3610 588 3661 et
599 3611 705 3662 notum.
715 3607 790 3663 Tunc
802 3606 872 3662 enim
886 3606 942 3678 ipse
955 3621 1023 3662 risus
1034 3606 1179 3661 confirmat
1213 3604 1266 3660 bus
1281 3609 1373 3659 autam
1387 3602 1555 3674 temporibus
1569 3603 1686 3660 dubitari
1700 3609 1805 3677 potest,
1817 3602 1942 3672 scilicet,
1957 3621 2016 3660 ana

375 3693 561 3767 privilegium,
578 3700 605 3750 el
618 3696 764 3752 conlirmat
777 3696 829 3752 ius:
846 3695 919 3754 unde
933 3696 955 3751 si
969 3701 1062 3751 tantus
1077 3697 1131 3766 sit,
1145 3701 1180 3764 ut
1214 3698 1336 3765 tempora
1352 3691 1556 3761 concessionis,
1574 3691 1617 3748 rel
1631 3693 1874 3765 promulgationis,
1889 3694 1934 3750 vel
1949 3697 2016 3751 noti·

375 3782 509 3838 notoriam
530 3785 774 3856 praescriptionem
796 3785 912 3858 legitime
934 3782 1089 3856 induxerit,
1106 3784 1179 3841 illius
1213 3782 1274 3862 tiap.
1291 3781 1487 3852 Verumtamen
1506 3779 1540 3838 de
1560 3786 1682 3853 tempore
1700 3781 1929 3856 promulgationis
1944 3783 2015 3840 nulla

375 3869 515 3941 probatio,
532 3871 574 3927 ael
595 3872 705 3943 publica
726 3873 820 3930 notitia
841 3872 978 3944 sufficiet,
996 3873 1017 3928 si
1031 3887 1096 3928 vero
1111 3867 1195 3929 οοη-Ι
1213 3875 1255 3929 est
1275 3869 1319 3926 bic
1340 3868 1463 3926 babendo
1483 3869 1567 3941 ratic,
1583 3871 1648 3944 quin
1668 3870 1694 3927 in
1713 3869 1858 3928 ordinariis
1872 3873 2015 3945 privilegiis

376 3957 443 4014 dum
459 3960 495 4015 sit
510 3966 700 4018 consummata
715 3963 911 4034 praescriptio,
927 3963 968 4019 rel
982 3979 1036 4019 non
1051 3965 1087 4020 sit
1100 3968 1177 4020 noto·
1213 3961 1326 4033 puratis
1342 3973 1431 4031 neque
1446 3964 1487 4014 est
1498 3961 1664 4033 necessaria,
1676 3975 1765 4033 neque
1776 3961 1806 4016 lit
1817 3961 2013 4036 promulgatio,

375 4049 435 4118 ria,
451 4047 570 4105 subiciet
583 4049 627 4107 ille
642 4068 727 4123 usus,
742 4059 774 4108 ut
789 4067 842 4108 non
857 4053 980 4123 privetur
994 4052 1056 4126 quis
1070 4067 1179 4125 posscs-
1214 4055 1244 4105 ut
1258 4049 1364 4106 dictum
1379 4054 1431 4104 est.
1445 4049 1474 4103 ln
1490 4047 1634 4121 privilegiis
1648 4056 1740 4106 autem
1752 4048 1864 4120 publice
1875 4051 2014 4108 concessis

377 4137 454 4194 sione
468 4142 497 4194 et
510 4154 565 4195 usu
579 4141 623 4195 sui
637 4140 778 4213 privilegii,
791 4140 861 4197 intra
871 4140 1010 4198 sulllclens
1024 4147 1132 4214 tempus
1144 4140 1178 4198 ad
1213 4153 1263 4210 pes
1276 4137 1365 4212 legem
1379 4152 1554 4194 communem
1568 4143 1595 4194 et
1608 4139 1763 4212 propriam,
1780 4139 1843 4198 licet
1860 4141 2014 4213 necessaria

376 4226 527 4285 tollendum
549 4227 632 4301 illud,
649 4235 679 4285 ut
693 4229 772 4286 latios
786 4229 905 4304 sylvest.
921 4246 1006 4304 supra
1020 4247 1048 4304 q.
1066 4235 1099 4304 b,
1114 4230 1178 4288 alle·
1212 4229 1250 4284 sit
1263 4226 1463 4301 promulgati03
1478 4224 1652 4284 nibilominus
1668 4243 1718 4299 per
1731 4227 1805 4285 illam
1817 4228 1928 4288 ridetur
1940 4231 2014 4304 priri-

374 4331 443 4391 gans
457 4316 568 4392 plures,
585 4321 770 4400 prosequitur.

1212 4423 1275 4463 nam
1289 4413 1369 4464 antea
1386 4421 1442 4462 non
1459 4411 1502 4462 est
1516 4406 1685 4466 sullicianter
1697 4408 1788 4480 lacta,
1803 4411 1870 4482 quia
1887 4411 2013 4468 voluntas

1212 4497 1342 4568 principis
1363 4503 1442 4553 antm
1462 4511 1516 4552 non
1529 4501 1572 4552 est
1586 4495 1756 4554 sufficienter
1768 4499 1913 4570 proposita
1927 4506 1956 4556 et
1970 4499 2015 4556 ds·

1212 4586 1326 4643 clarata.
1342 4587 1377 4643 Et
1390 4586 1426 4642 ita
1437 4590 1494 4642 lota
1504 4589 1628 4658 quaestio
1637 4593 1765 4643 versatur
1776 4586 1845 4643 inter
1856 4589 2015 4645 concessio·

380 4677 486 4734 [strum
496 4674 689 4752 privilegium
699 4674 833 4734 modum
840 4676 1047 4753 privilegiasse
1058 4685 1170 4742 notum,
1212 4690 1290 4746 uem,
1301 4681 1331 4732 et
1339 4675 1474 4747 notitiam,
1487 4672 1583 4743 idest,
1596 4683 1691 4732 utrum
1702 4677 1794 4734 statim
1805 4691 1821 4733 a
1834 4679 2013 4736 concessione

638 4493 778 4564 CAPUT
802 4495 908 4565 XXV.

1148 4359 1151 4366 .
1213 4316 1276 4390 legii
1296 4316 1438 4374 concessio
1460 4319 1645 4374 consummari
1666 4331 1700 4374 ex
1725 4325 1804 4391 parts
1828 4319 2013 4392 concedentis,
2113 4379 2114 4382 ,

416 4782 471 4824 nee
484 4765 523 4823 ob
536 4763 589 4822 ilia
607 4769 797 4840 acceptorum
810 4765 944 4840 sonim
957 4767 1177 4844 illtpossttait-
1213 4771 1274 4822 anta
1295 4764 1417 4822 notitiam
1439 4763 1569 4838 privilegii
1589 4770 1778 4840 consequatur
1796 4766 1858 4838 quis
1872 4766 2011 4838 ellectum,
2111 4789 2112 4844 i

412 4854 491 4931 quod
506 4858 563 4914 ius.
1140 4931 1146 4942 ι
1214 4871 1263 4911 sou
1279 4853 1394 4929 gratiam
1409 4853 1559 4927 privilegii,
1572 4854 1615 4911 rel
1627 4852 1716 4929 lquod
1728 4853 1838 4927 perinde
1848 4857 1903 4930 est)
1918 4871 1953 4913 an
1963 4856 2013 4930 pri·

1215 4943 1341 5016 vilegium
1356 4951 1488 5015 operetur
1502 4943 1577 5000 circa
1589 4945 1770 5018 ignorantem.

942 5101 949 5108 g
1252 5033 1343 5090 Prima
1366 5039 1395 5090 et
1419 5033 1573 5090 communis
1599 5035 1806 5107 sabbatismi,
1831 5037 2012 5094 necessariam

377 5147 402 5198 1·
417 5146 501 5198 prima
519 5151 547 5198 et
560 5147 701 5198 eommunis
712 5147 850 5197 sementia,
861 5173 893 5184 ..
905 5146 932 5197 2·
945 5147 1061 5199 Secunda
1073 5155 1178 5200 genten.
1213 5137 1276 5182 0⁸80
1297 5123 1421 5181 notitiam
1441 5123 1576 5197 privilegii
1595 5123 1631 5183 fid
1645 5123 1872 5200 consequendum
1886 5125 2012 5184 effectum
2110 5163 2111 5182 i

409 5217 530 5278 tinea.
544 5217 632 5269 tertia
644 5218 857 5308 sententia-t.
869 5216 1014 5272 tnbrmatm
1027 5217 1177 5277 tundamen-
1212 5213 1295 5275 illius.
1307 5215 1346 5275 tta
1355 5213 1445 5273 Gloss.
1454 5215 1480 5272 in
1490 5229 1552 5287 enp.
1562 5218 1612 5273 lia
1619 5219 1717 5291 purte,
1732 5214 1765 5272 da
1776 5229 1904 5274 concess.
1917 5215 2009 5290 praeb.

657 4983 891 5049 summarium
