4190 6234
814 402 1005 455 csrnrxrv.
1634 383 1675 445 63

108 534 158 591 dsn
176 531 327 590 Ecclesiam
340 532 376 589 ab
396 531 547 591 infidelibus
568 533 608 590 rel
628 532 783 603 haereticis,
800 535 891 604 potest
926 527 1092 602 particulare
1106 527 1147 584 ius
1168 524 1317 601 obtinendi,
1333 541 1381 585 seu
1401 523 1524 584 lucrandi
1544 527 1714 598 pensionem,

109 641 215 682 summus
230 623 352 680 Pontifex
367 625 508 694 imponere
524 623 681 695 temporalia
695 623 812 692 tributa,¹
824 622 890 695 quia
925 635 996 694 quae
1015 621 1178 692 supponitur
1192 619 1244 676 iarn
1264 618 1399 704 imposita.
1416 615 1491 676 Unde
1512 619 1593 676 etiarn
1607 629 1716 682 certum

107 715 149 770 sub
160 731 188 769 ea
204 715 310 770 ratione
326 712 407 770 habel
421 730 578 786 supremam
592 720 757 786 potestatem
769 714 849 769 ctiam
863 713 889 767 in
924 710 989 768 mibi
1008 717 1060 783 est,
1077 727 1110 768 ex
1130 709 1181 766 bac
1195 711 1337 781 posteriori
1357 709 1554 766 consuetudine
1573 728 1628 768 non
1648 713 1716 771 bene

108 803 297 876 temporalibus.
317 805 411 862 Potest
425 812 518 862 autem
539 804 640 861 directe
656 819 779 861 summus
801 804 890 860 Ponti·
925 801 1016 858 inferri
1031 802 1161 874 priorem.
1175 798 1250 856 ldulli
1264 800 1334 856 enim
1350 800 1487 873 principes
1501 794 1651 876 interiores,
1663 805 1717 862 imo

105 895 141 950 len
155 901 260 966 propter
270 892 399 951 eumdem
415 895 507 964 finem,
520 895 562 952 rel
577 895 603 951 in
617 893 768 951 subsidium
783 893 832 949 sibi
843 908 891 949 ne·
925 899 953 948 et
967 891 1087 965 privatae
1101 906 1232 963 personae
1246 889 1345 947 babent
1355 905 1387 948 ex
1398 891 1594 949 consuetudine
1604 896 1647 951 ius
1657 897 1715 953 exi·

107 988 237 1042 cesanum
260 984 369 1042 tributa
390 985 526 1056 imponere
547 999 631 1057 super
644 972 787 1041 Ecclesiae
808 983 888 1053 bona,
925 981 1007 1055 genili
1022 980 1112 1054 aliqua
1124 980 1225 1038 tributa
1239 980 1359 1054 antiqua,
1372 981 1414 1038 rel
1426 997 1440 1037 a
1451 997 1514 1055 rege
1529 983 1717 1060 imposita,ch

107 1078 175 1144 sicut,
190 1074 335 1132 tractando
348 1073 384 1131 de
398 1075 527 1145 decimis,
543 1075 674 1148 diximus,
689 1091 770 1148 posse
784 1080 890 1147 partem
925 1070 959 1128 de
973 1087 1094 1144 quorum
1108 1071 1196 1142 initio,
1212 1076 1261 1128 aut
1274 1077 1387 1128 auctore
1401 1087 1454 1127 non
1469 1079 1586 1144 constat,
1603 1076 1649 1150 qui
1663 1093 1717 1133 non

107 1164 254 1222 decimarum
269 1165 322 1221 sibi
336 1181 490 1238 reservare,
508 1165 570 1239 quia
584 1166 611 1220 in
624 1164 669 1222 illo
683 1163 777 1221 ordine
793 1180 841 1236 per
860 1177 889 1220 se
924 1161 1023 1219 babent
1046 1167 1223 1235 potestatem,
1246 1160 1288 1219 rel
1313 1160 1540 1221 consuetudinem
1563 1166 1719 1238 imponendi

107 1264 129 1312 et
138 1256 228 1312 directe
238 1261 284 1311 est
296 1271 448 1327 supremus
462 1257 587 1328 princeps
603 1255 686 1313 totius
699 1253 849 1326 Ecclesiae,
862 1260 891 1310 et
923 1269 996 1310 nova
1016 1252 1130 1310 tributa.
1147 1252 1266 1326 ideoque
1280 1251 1345 1309 licet
1363 1253 1432 1310 ratio
1447 1253 1518 1311 iacta
1538 1256 1636 1328 probet
1649 1260 1719 1316 anti·

108 1359 232 1418 supremus
246 1344 424 1418 dispensator
438 1345 575 1403 bonorum
589 1347 659 1417 eius,
675 1351 702 1401 et
721 1344 780 1401 ideo
795 1359 889 1416 supre—
924 1359 1011 1417 quum
1033 1343 1182 1418 tributum,
1198 1341 1231 1398 de
1251 1345 1331 1400 cuins
1350 1343 1425 1401 initio
1445 1354 1558 1404 nonest
1577 1355 1717 1429 memoria,

108 1437 250 1492 manebam
262 1437 289 1490 in
305 1436 363 1494 boc
375 1436 458 1493 babet
470 1442 643 1510 potestatem.
655 1434 744 1510 illiqui
759 1451 823 1492 vero
834 1437 890 1509 epi·
923 1435 1045 1507 reputari
1063 1434 1179 1505 iustum,
1195 1438 1224 1490 el
1236 1431 1355 1506 legitima
1369 1441 1502 1505 potestate
1516 1436 1717 1518 introductum,

108 1529 168 1599 scopi
179 1525 227 1582 boc
237 1542 292 1584 non
306 1533 438 1600 possunt,
451 1527 721 1600 cap.Proleibcmas‚
737 1526 770 1583 de
784 1528 888 1585 censib.
924 1530 951 1581 et
968 1524 1028 1582 ideo
1043 1526 1113 1597 exigi
1133 1525 1203 1581 iuste
1217 1538 1296 1596 posse
1308 1540 1322 1579 a
1336 1540 1513 1599 quocumque
1527 1529 1641 1590 habente
1656 1535 1719 1591 titu-

108 1618 236 1674 Concilium
251 1623 347 1674 autem
362 1620 448 1674 etiarn
463 1618 589 1690 generale
603 1621 629 1674 in
648 1623 755 1675 tantum
769 1617 795 1674 id
815 1625 890 1690 pote·
924 1613 981 1670 lum
1001 1615 1043 1671 vel
1065 1613 1294 1672 consrietudinem
1315 1614 1461 1688 legitimam
1482 1619 1617 1679 obtinendi
1638 1625 1719 1684 talem

107 1710 145 1776 rit,
155 1707 177 1763 in
189 1715 324 1781 quantum
338 1708 426 1765 inerit
436 1723 452 1764 a
464 1708 593 1764 Pontifice
608 1723 773 1765 concessum
787 1707 827 1763 vel
843 1724 891 1780 ap·
924 1705 1091 1777 pensionem,
1107 1703 1195 1762 adbuc
1214 1712 1340 1777 superest
1353 1707 1484 1780 quaestio,
1501 1725 1534 1766 an
1551 1728 1620 1769 nova
1634 1714 1719 1789 impo-

109 1800 243 1871 probntum.
263 1800 364 1857 Potest
378 1804 518 1871 praeterea
531 1798 657 1856 Ecclesia
671 1798 828 1870 declarare,
844 1799 890 1872 qui
925 1795 986 1851 sitio
1000 1796 1095 1853 tributi
1110 1796 1165 1852 lieri
1182 1797 1250 1853 iuste
1261 1797 1346 1868 possit
1360 1812 1376 1852 a
1389 1813 1441 1854 non
1456 1815 1584 1871 supremo
1596 1805 1719 1878 principe

109 1890 221 1962 principes
242 1889 411 1961 temporales
431 1897 550 1960 possunt
570 1889 707 1962 imponere
727 1890 842 1959 tributa,
864 1894 892 1944 ct
924 1886 1056 1958 allegante
1075 1885 1302 1944 consuetudinem
1325 1889 1548 1949 immemorialem
1566 1893 1719 1968 imponendi

108 1981 240 2052 probibere,
259 1995 296 2036 ne
311 1981 357 2036 alii
372 1979 522 2052 imponant,
538 1985 570 2036 ut
583 1980 648 2036 tecit
662 1979 809 2036 concilium
824 1979 890 2034 late·
925 1977 1038 2034 tributa.

110 2086 204 2128 renense
214 2072 240 2127 in
257 2069 335 2127 dicto
347 2085 410 2143 cap.
419 2073 647 2136 lausanensem
658 2069 695 2125 ita
704 2069 783 2126 ctiam
797 2067 891 2124 intelli·
963 2071 1025 2127 l.ln
1036 2084 1091 2141 qua
1101 2067 1268 2126 dubitatione
1279 2065 1384 2126 lledina
1394 2069 1459 2127 dict.
1472 2086 1498 2127 c.
1512 2069 1544 2129 de
1555 2081 1656 2132 reste.
1673 2080 1717 2153 13,

110 2162 166 2232 pilur
184 2162 283 2218 dictum
303 2167 394 2232 caput
408 2161 506 2235 Super
525 2157 715 2232 quibasdam.
728 2161 763 2216 Et
776 2157 889 2232 singulis
924 2165 981 2225 §at
990 2162 1092 2232 ipitur,
1106 2159 1234 2229 affirmat,
1246 2158 1297 2216 tale
1310 2159 1441 2217 tributum
1454 2161 1557 2220 iustum
1568 2181 1638 2223 csse.
1647 2169 1720 2226 Fun-

109 2251 225 2307 annissub
240 2251 408 2324 gravissima
422 2251 581 2308 censuralit
595 2249 689 2307 similis
703 2248 847 2322 probibitio
863 2249 889 2306 in
924 2249 1007 2307 datur
1028 2250 1173 2324 praecipue
1188 2251 1212 2306 in
1233 2249 1307 2306 dicta
1322 2252 1409 2322 capite
1421 2255 1515 2327 Super
1528 2255 1714 2329 quibasdam,

110 2343 169 2400 llulla
180 2344 288 2399 coenae.
924 2341 997 2413 quod
1012 2341 1091 2416 longe
1103 2340 1182 2406 aliter
1195 2341 1327 2415 inlelligit,
1338 2359 1445 2416 quamn
1459 2345 1537 2402 nobis
1550 2345 1719 2408 declaratum

139 2438 162 2490 3.
174 2432 284 2490 additur
298 2447 370 2489 vero
384 2434 412 2488 in
427 2432 503 2491 dieto
516 2448 579 2505 cap.
591 2435 687 2508 Super
699 2430 886 2508 quibusdam,
924 2433 972 2487 sit.
985 2433 1024 2488 lis
1038 2430 1085 2486 illo
1099 2433 1172 2488 enim
1191 2433 1280 2503 capite
1299 2433 1409 2506 colligit,
1425 2437 1615 2494 auctoritatem
1633 2442 1721 2514 impo-

112 2539 152 2579 non
166 2524 246 2580 solum
260 2521 308 2580 illa
322 2538 389 2580 esse
403 2523 476 2580 iusta
491 2523 605 2594 tributa,
617 2522 650 2579 de
665 2523 764 2596 quibus
779 2529 891 2581 constat
925 2521 1006 2578 nendi
1021 2521 1121 2580 tributa
1136 2537 1198 2578 esse
1211 2523 1238 2578 in
1253 2525 1428 2596 imperatore,
1440 2541 1516 2599 rege,
1532 2529 1615 2605 Papa,
1627 2533 1721 2589 conci·

112 2629 157 2668 csse
175 2613 292 2685 imposita
314 2629 332 2670 a
356 2613 477 2687 regibus,
493 2613 535 2670 rel
555 2614 723 2686 principibus
742 2614 888 2687 supremis,
925 2611 973 2683 lio,
987 2619 1015 2669 et
1030 2613 1055 2668 in
1070 2614 1182 2685 antiqua
1196 2615 1405 2672 consuetudine.
1420 2617 1455 2672 Et
1468 2619 1504 2673 ita
1518 2621 1612 2692 sentit,
1628 2625 1720 2681 Ponti-

112 2701 148 2760 sed
158 2704 230 2760 etiam
242 2704 297 2776 illa,
312 2703 353 2760 de
371 2703 473 2776 quibas
488 2719 540 2759 non
561 2710 682 2776 constat,
698 2720 714 2760 a
734 2719 790 2776 quo
804 2704 891 2776 impo-
925 2702 1003 2758 ficem
1015 2702 1040 2758 in
1052 2719 1084 2759 eo
1099 2710 1173 2760 testu
1186 2703 1368 2776 principaliter
1378 2703 1454 2780 loqui
1464 2705 1497 2764 de
1509 2711 1586 2765 novis
1598 2712 1716 2785 tributis,

113 2795 150 2847 sita
161 2795 217 2865 sint,
233 2793 390 2852 dummodo
403 2809 441 2850 cs
454 2792 672 2859 consuetudine,
687 2793 723 2850 de
737 2796 822 2850 coires
833 2797 891 2850 ini·
925 2807 996 2866 quae
1016 2793 1192 2863 imponuntur
1212 2809 1245 2850 ex
1262 2794 1287 2850 ri
1308 2797 1449 2866 potestatis
1471 2803 1653 2873 praescriptae
1671 2821 1719 2878 per

112 2885 141 2940 tia
152 2901 202 2940 son
212 2889 296 2942 est-at
309 2887 473 2951 meritorio,
487 2887 546 2940 sion
558 2882 740 2941 introducto.
749 2887 834 2941 Cuius
848 2899 891 2940 ra·
925 2882 1151 2940 consuetudinem
1162 2884 1219 2940 sine
1233 2884 1286 2942 alio
1297 2883 1388 2956 titulo;
1401 2885 1465 2944 licet
1475 2889 1555 2958 paulo
1571 2892 1719 2967 interium

112 2975 194 3046 tlocst,
213 2978 277 3048 quia
295 2975 348 3033 ubi
368 2989 419 3031 nec
441 2982 561 3048 constat,
583 2990 633 3032 nec
655 2981 782 3032 constare
802 2981 903 3046 potest·
919 2970 960 3028 dc
971 2972 1123 3040 veteribus,
1137 2973 1353 3048 iatealur,etiam
1367 2991 1426 3032 esse
1437 2976 1541 3036 licitum
1554 2983 1661 3054 exigere
1671 2987 1719 3042 tri-

113 3062 282 3138 deininstitia,
297 3065 457 3124 secerndum
471 3067 515 3122 ius
533 3067 719 3138 praesumitur
732 3065 847 3122 iustitia:
864 3067 891 3122 in
925 3061 992 3118 buta
1006 3063 1116 3138 antiqua
1130 3063 1155 3119 in
1174 3064 1232 3120 sola
1246 3064 1432 3124 immemoriali
1446 3071 1644 3130 consuetudine
1659 3075 1719 3132 iun·

113 3152 245 3212 huiusmodi
258 3163 358 3214 autern
369 3171 438 3214 casu
452 3162 580 3214 constare
591 3172 645 3212 non
660 3163 764 3228 potest,
775 3157 828 3214 tale
845 3158 891 3213 tri·
926 3150 999 3222 data,
1011 3155 1076 3226 quia
1089 3161 1155 3211 tunc
1168 3169 1217 3226 pro
1229 3156 1424 3227 recipientibus
1435 3158 1505 3216 iuste
1519 3167 1716 3241 praesumitur,

113 3241 191 3304 butam
204 3250 258 3304 sine
276 3247 404 3322 legitima
422 3244 557 3320 potestate
572 3261 632 3304 esse
651 3247 820 3320 impositum,
835 3249 891 3304 imo
927 3253 954 3300 ct
965 3243 990 3298 in
1002 3241 1014 3311 i
1024 3240 1170 3316 sedsortc,
1185 3243 1334 3302 obiiciendo
1346 3254 1443 3304 contra
1453 3247 1504 3307 boc
1516 3251 1621 3310 dictum
1632 3258 1718 3316 odla-

113 3351 162 3392 cnn
174 3337 236 3396 adeo
251 3336 452 3410 praevaluerit,
469 3344 500 3395 ut
517 3354 566 3410 per
579 3338 768 3410 longissimum
784 3344 892 3410 tompus
920 3349 977 3410 per
995 3331 1181 3406 quibusdam,
1206 3336 1363 3408 respondet,
1382 3353 1437 3394 non
1458 3356 1517 3397 csse
1538 3347 1719 3422 contrarium,

114 3434 181 3486 abta
197 3431 398 3486 communitate
412 3427 533 3486 solutum
548 3429 596 3498 sit,
611 3429 798 3500 praesumitur
820 3429 891 3485 iuste
925 3422 972 3481 sed
993 3427 1084 3497 potius
1105 3424 1291 3499 approbando,
1313 3425 1358 3484 illa
1378 3443 1453 3486 nora
1467 3432 1568 3489 tribula
1585 3438 1716 3507 innuere,

114 3517 319 3589 'commatrem
337 3517 402 3592 quia
423 3518 603 3590 praescriptio
617 3519 774 3591 praesertim
794 3520 889 3576 imme·
926 3517 977 3586 ait,
997 3518 1088 3574 stiam
1101 3517 1174 3574 baec
1187 3519 1313 3590 antiquo
1326 3521 1401 3575 inste
1414 3523 1506 3594 recipi
1520 3541 1614 3598 posse.
1630 3530 1723 3586 Potest

115 3607 215 3664 marialis
229 3609 276 3666 dat
294 3610 340 3666 ius
362 3607 518 3677 sufficiens3
542 3606 587 3665 illa
607 3616 699 3666 autem
719 3608 892 3666 consuetudo
927 3620 977 3677 pro
992 3605 1044 3664 hac
1064 3607 1195 3664 sententia
1209 3607 1288 3664 citari
1307 3610 1456 3672 Panormit.
1470 3612 1495 3668 in
1509 3612 1584 3672 dicto
1598 3631 1660 3690 cap.
1672 3624 1722 3678 lo·

116 3697 204 3756 inducit
224 3699 487 3771 praescriptionem,
510 3705 538 3756 et
562 3697 621 3758 ideo
642 3701 769 3770 diximus,
789 3701 892 3774 requiri
926 3711 1081 3761 novamus.
1096 3714 1126 3753 n.
1138 3700 1166 3768 6,
1179 3705 1314 3770 quatenus
1329 3699 1406 3772 dicit,
1418 3705 1722 3773 potestatembnncim·
1772 3757 1777 3770 .

116 3785 194 3846 bonam
213 3789 305 3864 tidem,
322 3791 392 3864 quia
404 3790 433 3847 in
452 3790 524 3847 omni
539 3791 749 3863 praescriptione
768 3806 894 3850 necessa·
927 3784 1043 3860 ponendi
1058 3788 1159 3846 tributa
1169 3803 1249 3860 posse
1263 3791 1475 3864 praescriptione
1491 3797 1609 3884 acquiri,
1622 3805 1651 3856 et
1661 3801 1721 3858 iura

116 3878 145 3933 ria
155 3887 201 3936 cst.
926 3877 1057 3950 principis
1072 3893 1152 3949 posse
1171 3879 1368 3936 consuetudine
1383 3881 1507 3956 obtineri,
1523 3885 1557 3942 de
1577 3888 1658 3945 cuius
1673 3890 1721 3947 ini·

145 3968 265 4029 Occurrit
275 3977 373 4029 autam
383 3969 429 4027 bic
443 3985 524 4044 grane
535 3969 660 4042 dubium,
672 3988 706 4028 an
719 3972 790 4029 idern
801 3972 895 4031 dicen·
927 3970 965 4025 tio
979 3983 1032 4025 non
1046 3973 1120 4024 extet
1133 3971 1276 4039 memoria,
1292 3969 1368 4027 iuxta
1381 3970 1533 4030 doctrinam
1547 3977 1646 4034 Bartoli
1659 3980 1686 4035 in
1699 3979 1718 4036 l.

118 4055 169 4114 darn
178 4063 210 4117 sit
222 4060 256 4119 dc
269 4066 411 4134 potestate
426 4060 579 4133 imponendi
589 4077 692 4119 norum
706 4063 850 4135 tributum,
860 4079 894 4121 ex
926 4055 1083 4131 Insaniam,
1102 4059 1131 4116 r.
1143 4058 1177 4115 de
1191 4059 1268 4131 publ.
1278 4060 1336 4118 iud.
1345 4068 1372 4119 at
1385 4064 1480 4122 lnnoc.
1494 4066 1520 4122 in
1535 4083 1597 4140 cap.
1605 4074 1667 4144 Epo
1681 4073 1718 4128 P.

118 4148 286 4209 immemoriali
308 4150 521 4224 consuetudine,
535 4152 639 4209 etiamsi
653 4153 687 4224 is,
702 4153 748 4224 qui
765 4152 831 4210 illud
845 4153 893 4210 im·
927 4147 961 4206 de
981 4148 1032 4206 lide
1053 4149 1181 4206 instrum.
1197 4150 1360 4222 Expressius
1383 4151 1410 4209 id
1430 4154 1513 4212 docet
1531 4160 1679 4218 Panormit.
1692 4162 1721 4219 in

115 4243 186 4313 ponit,
200 4259 251 4300 non
266 4244 303 4302 sit
324 4257 473 4314 supremus
488 4243 514 4298 in
535 4242 739 4314 temporalibus.
753 4243 803 4300 Est
823 4244 894 4300 enim
927 4238 1001 4296 dicto
1016 4241 1146 4314 c.Ssper
1159 4239 1345 4313 quibasdam,
1361 4258 1388 4299 n.
1405 4250 1429 4315 l,
1440 4251 1469 4302 et
1482 4250 1509 4303 2.
1522 4247 1563 4304 Ex
1576 4264 1632 4321 quo
1647 4250 1722 4308 vide-

117 4336 199 4388 rttente
210 4330 521 4404 considerandum,baec
532 4330 658 4388 duocsse
668 4331 746 4388 valde
756 4331 892 4406 distincta,
928 4337 974 4388 tur
988 4328 1086 4387 lledin.
1101 4331 1249 4402 sumpsisse
1264 4331 1335 4388 illius
1350 4339 1442 4390 textum
1456 4337 1718 4408 interpretationem.

118 4419 235 4494 inponere
248 4422 450 4494 tributum,rel
461 4424 567 4496 exigere
583 4425 637 4478 iani
649 4423 851 4496 impositumqet
861 4425 896 4480 si·
926 4418 1057 4479 Earndem
1071 4421 1232 4478 sententiam
1246 4426 1320 4478 tenet
1332 4421 1359 4479 d.
1372 4424 1499 4481 Antonin.
1513 4427 1541 4483 in
1555 4433 1582 4486 2.
1595 4445 1622 4502 p.
1635 4433 1677 4488 tit.
1694 4435 1720 4506 l,

117 4511 197 4570 niliter
207 4513 276 4571 alind
287 4513 467 4585 esse‚babere
478 4511 703 4571 consuetudinem
713 4514 894 4572 immemoria-
929 4529 956 4571 c.
969 4516 1012 4585 ts,
1028 4511 1041 4583 i
1054 4517 1079 4571 8.
1096 4511 1122 4567 in
1136 4511 1242 4568 inubi
1256 4513 1282 4568 in
1297 4513 1407 4585 speciali
1421 4514 1543 4590 loquitur
1557 4516 1591 4575 de
1605 4523 1722 4595 quibus·

118 4599 159 4660 len
169 4604 283 4678 erigendi
297 4602 410 4678 aliquod
425 4604 570 4678 tribulum,
583 4603 657 4678 quod
671 4620 703 4663 ex
717 4601 812 4662 eadem
826 4621 894 4663 con·
929 4603 991 4661 dam
1006 4600 1220 4674 impositionibus
1238 4602 1460 4677 particularibus,
1472 4622 1542 4680 quas
1563 4608 1669 4684 aliquae
1683 4615 1723 4670 cl·

119 4695 242 4754 suetudine
255 4697 423 4770 supponitur
433 4695 486 4753 iam
499 4697 670 4769 impositum3
684 4695 757 4754 aliud
771 4712 835 4752 vero
847 4696 895 4752 ba·
929 4695 1025 4750 vitales
1045 4693 1135 4749 iacere
1156 4692 1245 4748 solent
1258 4709 1308 4766 pro
1329 4694 1385 4751 suis
1407 4705 1512 4755 tantum
1533 4702 1674 4776 membris,
1691 4714 1725 4765 ut

119 4780 170 4840 bere
184 4786 413 4845 consuetudinem
427 4776 645 4846 immemorialem
659 4787 813 4861 imponendi
826 4804 897 4844 nova
929 4784 963 4842 ad
977 4798 1138 4841 communes
1156 4784 1334 4840 necessitates
1354 4787 1538 4846 contribuant.
1559 4794 1638 4868 (lain
1655 4791 1723 4856 licet

120 4873 212 4950 ubuts,
226 4885 255 4935 et
273 4883 477 4951 consequenter
495 4876 541 4934 illa
560 4884 655 4950 postes
673 4877 806 4950 erigendi.
823 4880 896 4935 llaec
930 4877 994 4938 boc,
1010 4874 1108 4947 inquit,
1124 4871 1276 4931 ordinarie
1289 4891 1347 4932 nors
1362 4880 1476 4950 possint
1485 4877 1592 4951 facere
1610 4888 1673 4942 sine
1686 4885 1723 4944 li·

121 4965 177 5023 nnin
194 4974 313 5040 poteslas
328 4970 386 5025 sine
406 4966 490 5025 dubio
502 4975 545 5024 est
564 4969 650 5025 multo
665 4969 762 5039 maior,
777 4974 810 5026 ut
829 4968 896 5025 bene
931 4968 1028 5024 centio
1036 4967 1195 5040 principis,
1213 4980 1297 5022 secas
1310 4967 1374 5034 erit,
1393 4971 1419 5024 si
1435 4967 1591 5041 itosacere
1605 4989 1724 5035 consae·

121 5063 230 5115 nonrunt
240 5059 339 5116 castro
359 5058 434 5117 dicto
449 5057 495 5114 lib.
513 5062 538 5130 l,
553 5074 580 5115 c.
596 5060 640 5129 to,
656 5065 685 5115 et
698 5057 801 5114 lledina
820 5055 896 5116 dicto
929 5059 1023 5114 verint
1036 5060 1106 5114 note
1119 5055 1272 5112 bominem
1285 5062 1470 5116 messoriam.

123 5158 145 5199 t.
161 5150 199 5217 ti,
214 5143 226 5214 i
242 5146 392 5223 sedforte,
408 5155 467 5205 tum
481 5148 544 5221 quia
556 5153 598 5205 est
616 5155 737 5221 potestas
752 5148 898 5222 legislatira
969 5141 1083 5204 Ratione
1094 5151 1184 5218 potest
1197 5143 1264 5202 baec
1276 5147 1409 5205 sententia
1419 5148 1537 5223 suaderi,
1550 5154 1647 5230 primo,
1659 5159 1724 5233 quia

123 5235 318 5310 aldominatira,
334 5245 364 5296 et
380 5236 538 5296 extenditur
552 5239 585 5296 ad
605 5238 698 5312 plures
711 5248 803 5313 actus,
817 5245 845 5298 et
863 5238 898 5297 ad
931 5237 1026 5296 eadem
1041 5237 1109 5294 ratio
1128 5252 1189 5293 esse
1203 5234 1310 5294 ridetur
1329 5238 1420 5312 quoad
1434 5244 1675 5317 praescriptionem
1689 5249 1723 5308 de

125 5339 192 5388 noras
201 5331 388 5408 impositiones
399 5327 551 5406 tracones,
564 5329 614 5390 alla
629 5345 693 5390 rero
703 5337 747 5391 est
759 5329 898 5407 quoddam
930 5329 988 5389 iure
1002 5325 1109 5402 petendi
1125 5325 1258 5387 tributum
1272 5330 1429 5406 antiquum,
1440 5338 1469 5390 et
1481 5331 1515 5392 de
1529 5340 1662 5409 potestate
1673 5340 1723 5400 im.
