4232 6220
395 341 458 406 dii
1108 351 1262 402 xmaax.

257 478 269 494 '
354 488 481 557 possunt
493 481 642 548 cecidere,
661 478 712 537 sed
721 480 821 553 petias
835 479 934 534 timete
946 491 1022 544 eum,
1041 478 1091 548 qni
1102 491 1156 550 po·
1190 485 1268 535 caret
1283 477 1371 552 aliqua
1384 477 1560 537 difficultate:
1583 479 1633 536 hae
1647 479 1719 539 duae
1732 481 1802 554 leges
1815 483 1943 540 ridentur
1957 483 1986 538 in

355 577 412 630 test
433 577 461 628 et
485 589 593 643 eorpus
615 576 642 628 et
667 572 806 628 calorem
826 566 950 642 perdere
962 571 994 623 in
1005 568 1149 641 patanae,
1190 566 1987 644 hocsehaberetauquamexcedensetercessum,etnon
2001 636 2018 658 ο

354 661 449 720 llattb.
467 664 510 720 ta.
522 663 645 735 Denique
659 659 694 716 'ad
708 659 761 716 hoc
775 665 861 730 caput
875 657 992 729 pertinet
1004 655 1155 713 differentia
1189 663 1234 713 est
1247 655 1327 713 facile
1344 656 1553 732 iudicare,quae
1569 659 1726 732 simpliciter
1735 662 1849 719 excedat
1861 662 1886 717 in
1900 677 1986 718 onere

354 753 499 824 utriusque
518 751 586 826 legis
610 755 638 808 in
659 748 739 806 modo
761 737 908 804 inducendi
923 745 1047 804 subditos
1062 744 1095 802 ed
1110 746 1153 802 sui
1189 750 1216 801 et
1228 745 1402 805 difficultate.
1417 749 1445 805 Si
1459 749 1530 805 enirn
1545 748 1751 808 consideremus
1764 757 1874 808 esterrm
1886 767 1985 824 opera,

352 843 589 913 observationem,
616 855 678 897 nam
701 838 744 895 lex
768 844 847 895 aetus
872 838 1058 907 pertimerem
1073 834 1153 892 valde
1188 841 1216 891 et
1228 835 1400 909 corporalem
1421 837 1543 896 laborem
1562 854 1595 896 ac
1609 842 1845 912 exercitationem,
1861 842 1918 898 sine
1932 840 1988 898 du-

351 930 494 1000 serrilem,
510 938 537 987 et
551 931 629 1003 quasi
643 929 805 996 humanum,
820 925 862 982 ler
878 931 969 982 autem
985 941 1056 981 nora
1070 926 1154 982 masi·
1187 923 1233 980 bio
1257 924 1308 983 fuit
1333 925 1419 984 multo
1443 929 1585 985 onerosior
1601 927 1644 986 lex
1659 934 1752 1002 retus,
1771 930 1833 1002 quia
1849 929 1986 1003 plurimes

351 1033 395 1074 me
409 1034 457 1091 per
472 1035 594 1077 amorem
610 1017 732 1074 homines
747 1014 924 1088 inducit,non
940 1014 1041 1070 omisso
1056 1014 1152 1071 timore
1187 1015 1374 1072 caeremonias
1388 1017 1601 1087 sacrificiorum,
1618 1026 1858 1090 sacramentorum,
1875 1027 1903 1076 et
1916 1020 1985 1076 alia-

351 1107 454 1164 altioris
478 1109 595 1180 ordinis,
617 1109 757 1180 magisque
777 1104 878 1161 divino.
895 1104 970 1172 Quae
988 1101 1152 1160 excellentia
1185 1118 1248 1159 rum
1263 1105 1502 1163 observantiarum
1515 1107 1714 1180 praecipiebat,
1728 1113 1756 1163 et
1769 1109 1912 1179 praecipue
1927 1109 1985 1165 cir·

350 1197 424 1253 circa
442 1199 559 1268 priorem
577 1197 755 1256 assertionem
769 1195 852 1252 huius
866 1194 965 1266 eapitis
979 1194 1046 1252 satis
1060 1191 1152 1252 decla·
1185 1193 1383 1252 cumcisionem
1396 1195 1503 1268 carnis,
1525 1209 1596 1268 quae
1609 1194 1687 1252 valde
1701 1203 1760 1253 erat
1774 1203 1890 1254 austero.
1914 1199 1984 1254 item

349 1293 409 1344 rato
423 1295 475 1344 ast.
682 1287 685 1294 '
1185 1281 1227 1338 lex
1250 1283 1393 1357 zelotipiae
1416 1294 1444 1344 et
1466 1286 1567 1342 similes
1583 1285 1662 1343 valde
1681 1285 1803 1344 difficiles
1825 1295 1916 1362 erant,
1939 1289 1984 1345 lex

392 1378 436 1434 ll.
450 1377 526 1434 Nono
540 1375 650 1434 excedit
662 1374 705 1433 lex
718 1390 788 1431 nora
803 1379 922 1432 veterem
941 1374 967 1429 in
986 1373 1151 1445 proprietate
1185 1379 1277 1430 autem
1288 1389 1359 1431 uova
1370 1391 1402 1432 ex
1415 1375 1457 1432 his
1467 1373 1649 1433 ex'tertortbus
1659 1391 1749 1448 pauca
1764 1377 1890 1448 praecipit
1899 1393 1985 1449 prae-

349 1465 560 1524 univarsalitatis
571 1482 604 1523 ex
615 1471 691 1538 parte
702 1465 828 1522 locorum
842 1470 870 1521 at
880 1477 1070 1535 personarum,
1086 1462 1151 1535 quia
1184 1467 1227 1520 ter
1239 1479 1282 1536 ea,
1294 1481 1365 1538 quae
1379 1473 1445 1523 sunt
1458 1464 1526 1539 legis
1541 1470 1665 1534 naturae,
1678 1471 1708 1522 ut
1719 1472 1825 1524 constat
1837 1483 1870 1524 ex
1883 1467 1981 1538 dictis,

349 1553 391 1611 lex
405 1563 486 1612 vetus
500 1571 552 1627 pro
566 1556 624 1612 solo
637 1553 799 1612 iudaeorum
811 1552 925 1625 populo,
941 1567 1012 1608 nova
1022 1567 1087 1610 sero
1099 1568 1150 1624 pro
1183 1558 1212 1609 et
1223 1560 1300 1611 notat
1313 1539 1484 1628 Augustinus
1497 1570 1542 1628 ep.
1554 1560 1562 1614 l
1573 1558 1650 1626 itt,et
1670 1556 1731 1627 llll,
1747 1570 1806 1627 cap.
1830 1557 1872 1626 tt,
1888 1561 1917 1611 et
1935 1560 1979 1613 15.

348 1644 473 1700 omnibus
485 1642 639 1700 hominibus
652 1643 818 1700 etuniverso
833 1640 1150 1714 orbedstaest3utrum·
1183 1631 1282 1700 contra
1301 1646 1450 1716 Faustum,
1475 1660 1538 1716 cap.
1557 1648 1600 1702 13.
1617 1647 1651 1700 ht
1663 1659 1729 1702 vero
1751 1659 1784 1701 ex
1808 1643 1984 1700 interioribus

348 1746 402 1804 que
425 1733 496 1790 anim
517 1734 542 1788 in
558 1731 746 1805 superioribus
761 1737 901 1790 ostensum
913 1737 971 1802 est,
988 1736 1016 1788 et
1029 1737 1149 1804 constat,
1184 1731 1294 1790 actibus
1308 1735 1395 1792 multa
1407 1734 1540 1808 praecipit
1552 1732 1717 1803 difficiliora,
1731 1741 1762 1791 ut
1774 1741 1850 1792 notat
1866 1733 1893 1790 d.
1909 1734 1983 1790 Tho·

347 1821 580 1880 universalitatem
599 1821 668 1898 legis
682 1822 715 1884 ad
729 1824 788 1879 eius
801 1820 988 1878 excellentiam
1003 1821 1146 1890 pertinere.
1184 1837 1243 1878 mas
1257 1839 1286 1896 q.
1306 1826 1370 1897 tot,
1385 1827 1464 1881 artic.
1486 1826 1514 1894 l,
1529 1823 1577 1880 'ubi
1596 1823 1705 1896 fatetur,
1721 1829 1861 1896 praecepta
1892 1838 1983 1881 norae

346 1910 445 1969 Similis
456 1919 499 1970 eat
509 1912 615 1970 decime
629 1911 786 1970 excellentia
799 1918 908 1982 sumpta
919 1927 952 1968 ex
963 1908 1015 1966 alia
1029 1912 1150 1983 propris-
1184 1909 1251 1983 tegis
1271 1912 1361 1984 quoad
1385 1911 1455 1969 hanc
1476 1917 1581 1984 partam
1596 1927 1657 1969 essa
1670 1912 1802 1984 gratiora.
1817 1911 1915 1969 Reddit
1928 1928 1982 1968 au·

346 2007 401 2059 tate
416 2003 637 2060 immutabilitatis
651 2017 683 2057 ac
699 2001 886 2073 perpetuitatis
902 1998 984 2056 huius
995 1999 1148 2074 legisllam
1184 2005 1237 2056 tem
1251 2001 1397 2074 rationem,
1414 2004 1477 2074 quia
1491 2001 1535 2058 lea
1548 2017 1621 2064 nora
1633 2015 1760 2075 expresse
1774 1999 1893 2073 prohibet
1908 2001 1982 2057 inte·

346 2090 411 2149 licet
431 2090 473 2150 fex
495 2099 577 2150 vetus
598 2091 674 2164 prius
688 2090 751 2147 dats
765 2091 810 2161 sit,
825 2105 909 2163 quam
923 2104 1009 2160 nora,
1025 2088 1092 2146 illud
1106 2097 1149 2147 ts·
1181 2088 1268 2145 riores
1282 2091 1364 2147 animi
1379 2098 1482 2161 motum
1498 2089 1572 2164 quod
1585 2105 1639 2146 non
1653 2092 1690 2148 ita
1702 2104 1827 2162 expresse
1837 2089 1878 2146 les
1896 2096 1980 2146 retus

344 2197 408 2238 meu
428 2198 478 2240 nec
499 2183 533 2239 ad
553 2181 738 2238 excellentiam
753 2179 899 2252 pertinuit,
915 2195 966 2236 nec
979 2186 1023 2236 est
1037 2179 1145 2252 signum
1181 2177 1311 2250 faciebat,
1332 2186 1361 2237 et
1381 2179 1446 2237 licet
1465 2178 1613 2252 aliquando
1628 2178 1794 2251 prohiberet,
1815 2193 1869 2235 non
1883 2179 1980 2249 punie-

343 2272 414 2343 eius,
429 2273 493 2344 quia
506 2270 708 2342 imperfectiora
720 2271 878 2326 solentesse
888 2270 1064 2342 generatione
1074 2269 1146 2341 prin·
1180 2269 1237 2326 bat.
1254 2269 1306 2326 Sed
1327 2270 1349 2326 ai
1368 2269 1430 2343 quis
1445 2275 1519 2326 recte
1532 2259 1703 2334 consideret',
1719 2268 1763 2325 hio
1776 2283 1906 2326 excessus
1921 2285 1978 2324 non

343 2376 384 2432 ra,
397 2362 470 2418 sieut
484 2359 624 2431 dispositio
639 2358 776 2430 praecedit
789 2357 916 2430 formam,
929 2363 1012 2430 atque
1027 2356 1146 2424 adhunc
1180 2365 1241 2415 erat
1253 2359 1282 2415 in
1295 2359 1378 2414 rebus
1393 2359 1557 2430 praeceptis,
1568 2357 1609 2413 rel
1624 2355 1827 2429 prohibitis,sed
1840 2357 1865 2413 in
1881 2357 1976 2414 modo.

342 2448 455 2506 madum
471 2448 618 2520 praecessit
635 2447 680 2506 lex
695 2454 774 2505 vetars
788 2461 901 2503 norum.
918 2449 953 2503 llt
966 2460 1031 2503 vero
1052 2461 1148 2518 perpe·
1179 2448 1247 2503 Nem
1271 2447 1313 2505 lex
1333 2455 1413 2505 vatus
1432 2448 1514 2505 etiam
1532 2446 1695 2518 prohibebat
1715 2443 1976 2521 concupiscentiam,

344 2539 431 2594 tultae
457 2541 497 2595 rei
522 2543 667 2610 postquam
692 2537 717 2592 in
744 2553 794 2592 suo
813 2550 874 2594 esse
888 2533 1025 2606 producta
1039 2541 1096 2606 est,
1113 2535 1146 2592 ed
1179 2542 1208 2594 at
1227 2537 1411 2610 praecipiebat
1429 2536 1602 2596 dilectionem
1617 2531 1738 2609 'proximi
1757 2536 1893 2610 absolute,
1918 2539 1978 2595 sire

343 2627 536 2699 perfectionem
556 2628 615 2683 eius
636 2627 763 2698 pertinet.
779 2626 814 2682 Et
835 2625 888 2682 boc
909 2623 993 2681 modo
1017 2625 1146 2683 excelluit
1179 2631 1250 2682 esset
1264 2628 1386 2698 amicus,
1403 2626 1460 2684 sive
1474 2627 1617 2698 inimicus,
1637 2615 1766 2699 ufsupra
1784 2631 1906 2682 neutum
1920 2633 1975 2698 est,

342 2715 386 2774 lex
404 2732 475 2773 uara
488 2731 573 2789 supra
586 2721 722 2787 veterem,
740 2722 772 2772 ut
787 2715 813 2771 in
828 2713 1014 2786 superioribus
1034 2713 1086 2770 fate
1099 2729 1145 2773 ex·
1180 2731 1212 2771 ac
1236 2714 1353 2788 denique
1378 2715 1569 2788 praecipiendo
1584 2703 1674 2774 ¹tetam
1695 2716 1779 2789 legem
1809 2717 1976 2787 naturalem,

341 2804 473 2876 plicatum
486 2813 538 2862 est.
555 2803 624 2862 hddi
641 2807 724 2862 etiam
742 2810 834 2876 potest
851 2802 996 2860 undecima
1009 2802 1145 2860 excellan-
1178 2811 1379 2877 consequenter
1392 2805 1513 2877 vetabat,
1530 2802 1663 2878 quidquid
1683 2805 1720 2862 illi
1740 2807 1906 2862 contrarium
1918 2813 1975 2878 est,

342 2897 380 2952 tia
397 2910 430 2952 ex
448 2894 496 2950 alia
518 2894 585 2966 legis
598 2894 644 2949 liei
659 2893 840 2964 proprietate,
856 2901 993 2966 quatenus
1009 2893 1143 2950 immacu·
1178 2901 1211 2952 ut
1230 2901 1297 2952 sunt
1315 2893 1395 2952 etiam
1414 2902 1495 2952 actus
1514 2895 1621 2952 interni.
1637 2894 1703 2962 Quia
1714 2909 1777 2951 vero
1793 2892 1837 2950 lex
1848 2910 1917 2951 nova
1928 2911 1976 2950 ex·

342 2983 397 3040 lata
411 2984 524 3041 dicitur.
540 2985 607 3042 Nam
618 2981 688 3040 licet
701 2981 767 3039 haec
782 2985 935 3055 proprietas
946 2985 1027 3040 etiam
1042 2986 1068 3040 in
1084 2985 1143 3058 lege
1177 2987 1299 3059 pressius
1322 2984 1461 3056 prohibuit
1481 2987 1561 3052 iram,
1583 2983 1693 3054 odium,
1716 2983 1975 3055 concupiscentiam,

341 3073 426 3130 reteri
440 3073 547 3130 inventa
557 3071 648 3142 fuerit,
657 3071 750 3128 maiori
765 3077 855 3128 tamen
865 3071 1034 3142 perfectione
1049 3072 1074 3129 ln
1095 3089 1144 3129 no·
1177 3074 1260 3130 etiam
1275 3089 1325 3145 per
1339 3072 1432 3129 solum
1446 3072 1612 3130 desiderium
1627 3074 1783 3144 internum,
1803 3070 1862 3128 ideo
1874 3087 1908 3128 es
1922 3072 1976 3128 hae

342 3177 391 3237 ra,
411 3165 476 3235 quia
497 3162 570 3219 sicut
584 3167 702 3234 aruaque
715 3161 769 3217 luit
783 3167 879 3217 sancta
893 3166 923 3218 et
936 3161 1100 3236 spiritualis,
1115 3169 1143 3220 at
1177 3147 1255 3233 parte
1269 3160 1370 3218 dicitur
1384 3159 1587 3233 quodammodo
1602 3161 1720 3232 gravium
1735 3165 1762 3216 et
1777 3160 1802 3214 in
1826 3159 1877 3216 hoe
1892 3174 1976 3216 sensu

341 3249 514 3308 nihilominus
530 3251 571 3308 lex
585 3265 656 3308 nora
669 3257 713 3307 est
726 3250 860 3323 sanctior,
875 3255 905 3308 et
917 3251 1097 3324 spiritualior,
1111 3258 1143 3309 ut
1177 3251 1289 3308 locutus
1303 3256 1346 3306 est
1359 3249 1440 3307 disus
1454 3249 1587 3322 Thomas,
1604 3255 1632 3306 et
1646 3249 1682 3306 ita
1694 3249 1772 3305 etiam
1791 3255 1976 3320 exposuerunt

341 3355 375 3396 ex
394 3341 520 3398 omnibus
538 3340 619 3398 dictis
638 3339 705 3396 satis
725 3345 849 3412 constat,
876 3341 916 3398 ita
938 3339 1006 3397 licet
1024 3347 1142 3414 nunqua
1177 3340 1277 3414 Lyrna.
1293 3339 1319 3395 iu
1334 3338 1451 3411 praelat.
1467 3337 1501 3395 ad
1514 3338 1637 3411 evangel.
1650 3344 1678 3395 et
1690 3337 1817 3394 dbuleus.
1838 3337 1910 3394 liett-
1926 3341 1974 3407 ll,

341 3431 378 3485 sit
389 3428 576 3504 immaculata,
588 3428 761 3486 nihilomiuus
773 3433 945 3501 ncrapolest
958 3443 1019 3486 esse
1037 3430 1144 3504 purior,
1176 3444 1205 3501 q.
1223 3432 1275 3500 68,
1295 3426 1741 3503 etehrysostom.tn1mpartecro
1772 3425 1860 3484 homil.
1878 3430 1920 3484 lb.
1944 3427 1973 3482 in

340 3526 370 3576 et
388 3521 474 3592 magis
487 3517 673 3576 immaculata.
688 3518 820 3576 Consistit
837 3524 929 3576 autem
948 3517 992 3575 hic
1010 3533 1143 3577 excessus
1176 3517 1253 3575 llatt.
1266 3523 1294 3573 et
1303 3523 1484 3589 sumpserunt
1494 3531 1528 3574 ex
1542 3519 1613 3588 hug.
1626 3521 1773 3575 19.contra
1789 3516 1970 3574 Faustam.

339 3609 366 3665 in
379 3608 593 3666 duobus.Primo
606 3610 672 3680 quia
686 3606 789 3664 nullam
799 3608 1017 3679 permissionem,
1030 3610 1071 3666 rel
1087 3609 1144 3666 dis-
1214 3605 1294 3664 Ultra
1313 3605 1383 3666 hane
1404 3611 1497 3664 autem
1515 3603 1704 3663 difficultatem
1716 3605 1823 3663 videtur
1848 3619 1906 3663 esse
1920 3607 1973 3662 alia

340 3699 530 3771 pausationem
540 3695 670 3755 concedit
690 3696 716 3752 in
730 3694 783 3769 his,
795 3711 864 3769 quae
876 3702 967 3753 rectae
978 3696 1075 3754 rationi
1088 3712 1143 3754 non
1176 3697 1264 3753 maior
1278 3697 1305 3751 in
1318 3695 1379 3769 lege
1393 3709 1465 3751 nova
1477 3709 1509 3752 ex
1523 3694 1659 3768 aliquibus
1674 3695 1780 3751 actibus
1803 3695 1927 3768 iomanis,
1943 3701 1972 3751 et

340 3794 512 3860 consonant,
535 3787 608 3843 sicut
626 3785 669 3842 lex
687 3791 767 3842 vetus
791 3784 928 3848 interdum
948 3784 1074 3843 faciebat.
1096 3786 1143 3842 Se·
1177 3785 1236 3842 aliis
1249 3784 1414 3842 externisln
1430 3785 1541 3840 internis
1555 3781 1676 3857 quidem,
1691 3783 1755 3858 quia
1772 3784 1897 3856 praecipit
1908 3799 1971 3841 cre·

341 3875 434 3933 eundo
447 3877 475 3931 in
488 3874 609 3931 consiliis
622 3873 808 3947 perfectiouis,
822 3874 986 3946 praesertim
1004 3874 1143 3948 virginita·
1169 3874 1243 3932 'dere
1258 3873 1356 3931 altiora
1368 3873 1511 3950 mysteria,
1526 3881 1554 3930 et
1568 3872 1648 3948 longe
1662 3873 1826 3946 difficillima,
1841 3879 1873 3930 ut
1885 3873 1971 3930 Trini-

342 3966 398 4033 tisa
424 3979 488 4022 nam
501 3965 527 4020 in
542 3962 600 4036 lage
614 3966 698 4020 reteri
708 3963 916 4036 iquodammodo
936 3963 1142 4036 praeferebatur
1177 3965 1249 4034 tatis,
1261 3964 1467 4035 lucarnationis,
1482 3970 1511 4020 et
1523 3963 1721 4044 Eucharistiae,
1736 3965 1771 4021 Et
1784 3977 1816 4020 er
1831 3961 1879 4019 hac
1889 3970 1969 4034 parte

341 4052 873 4128 coniugiumvirginitsti,quiahomines
886 4053 957 4110 illius
971 4060 1061 4112 status
1076 4070 1143 4126 pro·
1175 4055 1294 4111 exterior
1318 4069 1386 4110 usus
1410 4058 1646 4110 sacramentorum
1668 4058 1711 4109 est
1733 4051 1812 4126 longe
1826 4050 1966 4120 difficilior,

341 4145 477 4201 creatione
492 4143 609 4200 liliorum
623 4145 769 4215 praecipue
785 4144 929 4217 racabaat3
942 4145 967 4201 in
984 4143 1035 4202 hac
1048 4151 1141 4203 autom
1175 4143 1239 4216 quia
1253 4143 1373 4215 postulet
1386 4157 1512 4215 maguam
1527 4142 1623 4215 fidem,
1638 4149 1667 4198 et
1680 4142 1859 4214 sanctitatem,
1873 4149 1900 4198 et
1912 4141 1968 4196 dis·

343 4233 403 4308 lege
417 4233 570 4308 praefertur
584 4233 726 4305 virginitas
740 4237 879 4305 tamquam
894 4237 981 4306 aptior
995 4215 1029 4290 ad
1043 4249 1143 4292 racan-
1175 4233 1336 4306 positionem
1357 4231 1390 4290 ad
1411 4230 1498 4304 illam,
1520 4231 1547 4287 ln
1560 4247 1616 4306 quo
1630 4231 1754 4304 specialis
1768 4229 1910 4288 difficultas
1924 4236 1966 4287 est

341 4323 408 4380 dum
429 4325 500 4396 beo,
519 4331 548 4380 et
567 4321 600 4379 ad
622 4320 818 4394 perfectionem
831 4324 938 4378 animae
953 4322 1139 4398 obtinendam,
1174 4322 1200 4378 in
1222 4321 1393 4379 convenienti
1413 4335 1470 4378 usu
1489 4319 1687 4378 Eucharistiae.
1708 4317 1806 4377 Deinde
1827 4321 1854 4376 in
1878 4333 1967 4375 sacra·

342 4428 414 4488 quaa
432 4429 480 4484 per
499 4411 569 4469 hauc
591 4409 679 4482 legem
698 4411 814 4468 maxime
834 4409 1003 4486 intenditur,
1025 4411 1141 4488 ideoque
1175 4418 1266 4470 meato
1287 4409 1465 4469 consessionis
1479 4424 1576 4482 magna
1591 4409 1723 4482 quaedam
1738 4407 1880 4466 difficultas
1894 4408 1967 4464 inve·

342 4503 438 4576 purior
451 4507 479 4558 et
491 4501 695 4558 immaculatiar
707 4506 759 4558 est.
1175 4502 1265 4574 uitur3
1287 4517 1350 4559 nam
1369 4500 1448 4557 valde
1462 4504 1598 4572 repugnat
1612 4505 1743 4566 naturae,
1759 4503 1790 4554 ut
1801 4513 1848 4569 per
1861 4511 1889 4554 se
1901 4511 1967 4554 can·

386 4589 606 4649 tenacissima
619 4589 778 4646 excellentia
789 4589 857 4663 legis
873 4605 958 4647 nevae
973 4592 1093 4649 sumitur
1105 4607 1139 4650 ex
1175 4597 1238 4647 stat.
1254 4592 1398 4648 Praeterea
1417 4590 1444 4646 lu
1463 4587 1673 4650 dissolubilitate
1692 4589 1853 4648 matrimonii
1868 4587 1966 4642 inseni-

342 4681 394 4739 alia
408 4681 674 4753 proprietate,quam
689 4678 725 4735 illi
741 4679 836 4737 tribuit
850 4679 977 4738 Christus
991 4680 1137 4741 llaltb.ll.
1173 4687 1219 4738 tur
1234 4680 1300 4737 haec
1316 4678 1357 4736 lex
1372 4678 1491 4752 gravior,
1504 4684 1531 4734 et
1542 4678 1567 4734 in
1579 4677 1704 4734 absoluta
1718 4677 1892 4748 prohibitione
1903 4691 1967 4732 usu-

343 4771 453 4829 dicens:
475 4775 584 4842 lapsam
605 4783 705 4827 meum
725 4784 815 4826 suove
834 4773 890 4837 eat,
909 4773 937 4826 et
951 4786 1024 4827 caus
1041 4786 1140 4828 meum
1174 4785 1277 4827 rarum.
1293 4770 1411 4842 Denique
1430 4783 1486 4842 quo
1500 4754 1726 4840 magis'eradicat
1743 4766 1921 4836 omniaritia,
1935 4779 1967 4820 eo

345 4859 424 4926 leoe‚·
444 4875 460 4916 e
479 4859 618 4916 contrario
632 4873 697 4914 vero
711 4857 753 4914 lex
767 4865 846 4916 retus
860 4855 928 4916 a'deo
943 4875 1059 4918 onerosa
1075 4861 1138 4936 luit,
1174 4859 1311 4916 diflicilius
1333 4859 1438 4929 impleri
1459 4863 1560 4929 potest.
1583 4857 1775 4914 Verumtamen
1796 4855 1860 4912 haec
1880 4855 1967 4912 omnia

343 4957 376 5007 ut
388 4949 422 5006 de
437 4949 481 5006 illa
493 4947 592 5006 dixerit
605 4950 702 5005 Petrus
718 4948 813 5004 Actor.
831 4953 874 5006 15:
895 4951 995 5023 (team
1008 4965 1062 5006 aec
1074 4965 1136 5018 atos,
1174 4948 1296 5007 eamdem
1308 4947 1410 5005 habent
1420 4946 1763 5019 responsionem,fatcmur
1772 4947 1841 5002 enim
1851 4959 1882 5000 ex
1892 4949 1968 5016 parte

343 5054 397 5096 nec
415 5043 518 5112 potres
538 5040 633 5094 nostri
651 5041 773 5111 portare
785 5043 955 5110 potuimus:
974 5043 1003 5094 et
1016 5037 1140 5111 pluribus
1174 5046 1288 5097 actuum
1303 5038 1483 5107 internorum,
1498 5041 1527 5092 et
1541 5034 1694 5108 aliquorum
1708 5041 1889 5103 externorum,
1901 5047 1968 5105 qua·

344 5127 402 5185 aliis
415 5126 573 5184 testimoniis
586 5125 657 5182 hane
676 5124 856 5184 differentiam
872 5127 1015 5184 confirmat
1028 5129 1140 5203 Cypria·
1173 5134 1254 5184 tenus
1267 5127 1301 5184 ab
1316 5127 1490 5184 interioribus
1504 5124 1633 5198 pendent,
1648 5123 1718 5181 hanc
1733 5124 1816 5196 legem
1829 5138 1888 5180 esse
1900 5122 1970 5178 dilli-

343 5233 397 5278 nus
408 5216 427 5276 l.
442 5214 511 5275 aad
520 5214 661 5284 Quirinum
671 5229 698 5271 c.
713 5217 777 5274 tte.
788 5214 967 5274 Nihilominus
981 5222 1070 5275 tamen
1084 5233 1139 5276 non
1174 5216 1309 5291 mliorem,
1328 5217 1467 5275 nonenim
1481 5220 1588 5289 poterat
1600 5228 1661 5272 esse
1675 5212 1835 5288 perfectior,
1850 5213 1913 5287 quin
1927 5227 1970 5268 es·
