4232 6220
823 405 929 454 111111
942 405 1017 455 xix.
1401 454 1408 465 ,
1623 383 1685 449 6119

89 533 250 603 damnabile,
274 529 368 604 quod,
382 536 451 607 post
468 536 636 606 passionem
654 536 683 589 et
695 534 885 589 resurrectio·
923 535 976 587 test
996 533 1088 585 autem
1108 543 1169 586 esse
1182 528 1308 602 religiose
1322 528 1498 594 observabilis
1515 527 1575 585 talis
1595 528 1723 600 111,11111

89 639 152 679 nem
179 623 294 679 Christi
317 620 404 688 dato,
427 637 465 676 nc
484 619 677 694 manifestato
696 626 886 679 sacramento
921 624 1079 692 permaneat
1092 620 1118 674 iu
1131 626 1206 676 statu
1224 635 1303 676 verae
1318 620 1400 693 legis,
1412 635 1477 692 ergo
1489 636 1539 675 neo
1556 624 1647 688 potest
1664 633 1725 676 esse

89 715 205 784 gratioe
226 709 387 768 secundum
405 709 539 768 ordinem
558 709 768 776 Melchisedec,
785 709 886 767 adhuc
921 711 959 765 sic
977 707 1170 777 observabilis,
1183 710 1234 770 pisi
1250 710 1302 764 vim
1317 709 1452 783 obligandi
1467 709 1592 765 retineat.
1605 708 1662 765 hlia
1683 725 1725 764 re-

88 801 247 874 portabant,
269 806 463 857 sacramenta
479 807 580 858 veteru
598 818 656 858 non
674 817 712 858 ec
732 805 885 858 consuetu·
920 799 1068 870 pugnantia
1089 796 1199 853 moralis
1219 796 1353 854 invenitur
1372 801 1396 854 in
1413 801 1546 855 sententia
1563 799 1719 870 Augustius

89 889 155 946 dine
173 888 382 956 solemnitatis,
397 890 448 946 sed
463 907 500 946 ecc
515 893 689 948 necessitate
703 889 810 960 solutis
825 905 885 946 esse
922 901 983 941 nam
1003 886 1059 958 lpse
1079 885 1178 952 docui,
1193 902 1246 941 non
1262 886 1346 944 luisse
1362 888 1500 944 mortifera
1513 887 1606 959 legalia
1622 903 1637 942 a
1651 888 1724 958 prin·

89 976 245 1036 serounde:
255 978 318 1048 hoo,
331 979 536 1052 inquam,recte
548 987 639 1052 potest
651 981 763 1052 intelligi
774 980 806 1036 de
818 985 886 1036 tem·
920 974 1005 1046 cipio,
1018 982 1049 1032 ut
1062 975 1088 1030 iu
1107 976 1261 1032 actionibus
1274 977 1459 1047 apostolorum
1472 967 1669 1034 simulationem
1681 979 1720 1032 vi·

89 1083 149 1138 pore
163 1076 226 1139 post
252 1069 372 1140 perlecto
391 1069 596 1142 promulgatum
616 1068 801 1142 evangelium,
818 1075 885 1124 lune
921 1071 1006 1138 taret3
1023 1081 1090 1138 ergo
1104 1065 1198 1122 eadem
1213 1065 1315 1122 ratione
1331 1066 1431 1123 docere
1445 1066 1553 1138 debuit,
1569 1082 1622 1122 riou
1638 1066 1722 1122 luisse

89 1159 172 1228 enim,
185 1165 214 1214 ct
227 1175 278 1214 non
292 1165 371 1214 antea
385 1158 546 1230 simpliciter
558 1159 610 1215 dici
619 1165 717 1231 potest,
731 1175 886 1215 sacramen·
922 1161 987 1212 tunc
1000 1161 1119 1223 mortua,
1130 1154 1197 1211 alias
1208 1170 1260 1210 non
1273 1161 1366 1226 posset
1376 1155 1577 1212 simulationem
1587 1156 1719 1229 elingere,

90 1255 143 1304 tum
155 1249 260 1320 gratiae
271 1249 356 1306 luisse
366 1248 460 1305 datum
472 1255 501 1305 et
512 1249 725 1307 manifestatum.
735 1248 811 1306 Unde
823 1249 886 1304 ilie-
920 1259 985 1300 cum
1000 1244 1130 1315 apostoli,
1146 1249 1275 1318 tauquam
1291 1244 1355 1318 legis
1366 1246 1567 1316 observatores,
1581 1261 1720 1302 caeremo-

91 1353 220 1411 ronyurus
235 1339 261 1394 in
274 1338 381 1410 epistol.
400 1341 446 1395 811.
464 1340 618 1410 Augustino
634 1339 743 1408 tribuit,
759 1336 886 1411 11111111-
921 1333 1002 1390 nialia
1013 1341 1233 1412 exercerent,ut
1247 1351 1330 1407 supra
1343 1336 1524 1392 ostendimus.
1537 1335 1593 1392 Alia
1604 1335 1721 1408 denique

88 1435 173 1495 cerel,
189 1428 303 1501 gentiles
318 1443 379 1483 asse
393 1428 459 1500 legis
474 1443 557 1483 onere
572 1427 669 1484 liberos
679 1471 686 1498 ,
698 1428 809 1483 iudaeos
821 1442 885 1502 vero
920 1427 1101 1496 repugnantia
1120 1423 1231 1480 moralis
1250 1431 1292 1480 est
1305 1427 1340 1505 'iu
1365 1424 1543 1482 lundanaento
1563 1426 1719 1498 Angustiae

89 1513 136 1588 legi
150 1531 210 1572 esse
225 1515 381 1586 subiectos3
398 1515 490 1588 qarod,
506 1517 528 1572 si
547 1532 642 1573 verum
656 1523 713 1587 est,
730 1517 885 1573 necessario
921 1529 984 1570 nam
997 1514 1019 1568 si
1033 1513 1205 1586 expediebat,
1223 1514 1308 1587 legem
1323 1514 1396 1571 illam
1412 1515 1566 1572 nonstatim
1579 1516 1719 1573 herimar·

89 1604 258 1662 referendum
279 1611 320 1661 est
338 1605 371 1661 ad
391 1605 457 1660 iilud
477 1607 595 1676 primum
615 1612 725 1676 tempus
743 1603 886 1663 inchoatae
918 1601 1043 1674 tileram,
1060 1607 1091 1658 ut
1105 1619 1170 1659 cum
1184 1601 1287 1659 honore
1302 1604 1479 1674 sepeliretur3
1492 1619 1558 1679 ergo
1570 1604 1665 1662 eadem
1676 1621 1722 1660 ra·

88 1683 392 1768 promulgationis‘legis
407 1710 508 1763 norae,
521 1698 585 1767 quia
604 1703 667 1767 post
681 1695 746 1752 illud
770 1703 885 1768 uterque
921 1692 994 1748 tione
1008 1689 1155 1764 oportebat
1168 1691 1288 1764 obligare
1301 1691 1415 1749 iudaeos
1430 1692 1463 1749 ad
1476 1710 1556 1748 usum
1572 1693 1643 1750 illius
1656 1695 1720 1766 legis

88 1782 202 1852 populus
223 1799 311 1856 aeque
330 1782 379 1840 luit
394 1783 460 1842 liber
475 1783 509 1839 ab
523 1801 605 1842 onere
621 1785 703 1858 legis,
719 1801 784 1857 ergo
800 1786 823 1840 in
840 1784 884 1841 illo
920 1797 970 1855 pro
984 1780 1029 1839 illo
1043 1787 1181 1854 tempore,
1198 1782 1235 1838 ita
1251 1789 1280 1838 ut
1294 1797 1347 1838 non
1362 1790 1475 1854 possent
1489 1783 1562 1839 licite
1577 1783 1650 1840 illam
1665 1792 1722 1840 stu·

87 1872 169 1941 primo
187 1879 308 1944 tempore
324 1873 411 1929 iudaei
423 1888 475 1929 non
487 1880 566 1930 erant
576 1873 652 1930 liberi
664 1874 697 1931 ab
708 1889 790 1931 onere
805 1874 882 1947 legis,
920 1873 968 1928 tina
980 1872 1098 1927 abiicere
1110 1873 1136 1926 in
1151 1871 1210 1928 eius
1220 1871 1356 1928 infamiam
1374 1880 1404 1930 et
1416 1872 1552 1946 iniuriam,
1567 1889 1599 1930 ae
1615 1875 1637 1930 si
1652 1875 1722 1931 mala

86 1975 148 2031 ergo
166 1959 206 2018 lex
222 1977 275 2018 non
290 1969 350 2019 erat
364 1969 484 2019 mortua.
500 1963 622 2036 benique
640 1963 750 2021 seclusa
766 1964 885 2021 auctori·
919 1967 1010 2032 esset,
1025 1976 1091 2035 ergo
1103 1961 1198 2017 eadem
1210 1961 1453 2036 rationeoportuit,
1466 1977 1525 2020 eam
1537 1979 1586 2037 pro
1598 1963 1721 2021 11111111-

87 2057 152 2119 tate,
166 2049 242 2107 nulla
267 2056 310 2108 est
327 2053 411 2122 ratio,
428 2068 499 2125 quae
514 2059 598 2125 cogat
612 2069 661 2110 nos
675 2052 782 2123 dicere,
798 2053 884 2126 legem
919 2065 986 2124 pore
1000 2050 1089 2108 vivam
1104 2065 1272 2122 permanere.

87 2142 198 2196 veterem
213 2139 299 2196 luisse
310 2147 519 2198 mortuamante
531 2141 637 2214 plenam
649 2142 885 2216 legisnovaepro·
960 2145 987 2198 1.
1003 2141 1061 2196 Η11
1081 2147 1217 2211 punctum
1238 2139 1374 2210 postulat,
1395 2147 1428 2198 ut
1446 2140 1630 2214 explicemus,
1645 2141 1721 2215 quod

85 2227 295 2301 mitigationem,
312 2232 378 2302 quia
392 2230 465 2302 leges
478 2231 540 2287 illae
555 2248 609 2287 non
625 2231 759 2289 habebant
773 2234 885 2290 intense
920 2244 1004 2300 supra
1026 2230 1052 2284 in
1074 2228 1148 2286 bunc
1172 2227 1264 2286 locum
1277 2229 1449 2302 remisimus,
1465 2231 1604 2305 quomodo
1619 2232 1662 2289 lex
1677 2231 1722 2290 illa

86 2317 218 2376 lormalem
245 2323 468 2392 repugnantiam,
484 2313 604 2384 etheus
625 2328 733 2393 poterat
753 2321 836 2394 velle,
853 2329 885 2379 ut
920 2325 1028 2374 mortua
1048 2333 1108 2375 esse
1128 2319 1261 2390 inceperit
1280 2335 1296 2374 a
1316 2317 1360 2376 die
1374 2321 1561 2377 Pentecostes'.
1577 2322 1612 2378 Ut
1625 2327 1719 2377 autem

85 2408 160 2464 simul
180 2415 388 2482 permanerent,
399 2416 427 2466 et
439 2409 606 2481 obligarent:
622 2410 787 2484 videturque
800 2410 827 2467 id
841 2428 884 2468 sa·
919 2407 971 2464 laoe
986 2407 1115 2464 distinete
1129 2407 1317 2480 resolvamus,
1330 2413 1440 2480 oportet
1453 2411 1480 2465 in
1495 2408 1555 2483 lege
1570 2411 1614 2467 illa
1627 2426 1720 2483 respe-

86 2497 118 2551 tis
133 2497 253 2554 voluisse
271 2515 321 2572 pro
342 2499 387 2555 illo
402 2499 489 2570 primo
508 2505 645 2572 tempore,
661 2499 771 2558 terendo
785 2517 884 2559 novam
919 2503 967 2553 ctu
983 2495 1223 2553 caeremonialium
1238 2498 1288 2553 trie
1302 2495 1486 2570 distinguere,
1497 2498 1603 2556 scilicet
1614 2499 1717 2573 ohliga-

86 2584 183 2657 legem,
199 2594 227 2644 et
237 2603 291 2644 non
307 2603 435 2660 expresse
449 2580 604 2646 revocando
615 2589 746 2660 primam,
761 2590 883 2647 1111111-
919 2585 1034 2652 tionem,
1047 2586 1256 2658 institutionem,
1269 2591 1297 2642 et
1307 2585 1429 2643 lanatum
1441 2603 1492 2645 seu
1502 2587 1640 2660 ellectum,
1654 2595 1721 2646 sunt

86 2677 181 2734 viorem
204 2679 354 2736 terminum
368 2677 553 2758 (assignando,
573 2693 634 2750 quo
644 2678 804 2737 adeeniente
823 2695 883 2737 ces·
917 2677 990 2732 enim
1004 2677 1070 2732 haec
1085 2677 1134 2731 tria
1149 2675 1279 2732 distincta
1293 2683 1319 2731 et
1330 2676 1505 2750 separabilia,
1519 2683 1546 2734 11
1556 2677 1617 2735 ideo
1628 2685 1720 2750 potest

83 2771 161 2822 earet.
918 2765 1046 2838 intelligi,
1062 2763 1136 2838 quod
1157 2765 1199 2821 111
1214 2764 1362 2838 derogetur
1378 2766 1471 2840 quoad
1486 2781 1573 2823 unum
1589 2769 1718 2836 istorum,

122 2859 149 2912 2.
165 2853 246 2912 hliud
266 2861 293 2911 et
308 2871 390 2928 grane
403 2855 681 2926 tundamentumst,
695 2858 823 2931 quianon
837 2875 884 2932 ap·
918 2861 948 2911 et
967 2871 1020 2911 non
1041 2854 1133 2928 quoad
1153 2853 1244 2920 aliud,
1259 2863 1287 2910 et
1308 2855 1343 2910 ita
1362 2854 1437 2928 quod
1453 2856 1489 2912 sit
1503 2863 1610 2912 mortua
1624 2857 1716 2930 quoad

85 2951 170 3018 paret,
189 2943 330 3016 quomodo
345 2945 387 3001 illa
401 2945 474 3018 duo,
491 2945 605 3018 scilicet,
621 2961 682 3002 esse
695 2954 845 3019 mortuam,
857 2956 884 3007 et
919 2945 1128 3017 obligationem,
1144 2951 1173 3000 et
1186 2960 1239 3001 uon
1254 2943 1346 3016 quoad
1360 2945 1574 3019 institutionem,
1589 2946 1630 3003 vel
1647 2947 1720 3004 utili·

83 3047 133 3086 non
155 3033 340 3104 mortiferam,
355 3033 396 3090 vel
418 3035 484 3091 haec
504 3034 577 3102 dno,
593 3051 653 3092 esse
668 3035 755 3109 legem
770 3037 883 3108 permis·
919 3041 1013 3107 tatem,
1031 3041 1122 3108 potest
1134 3035 1216 3090 etiarn
1231 3033 1358 3106 intelligi,
1372 3035 1504 3109 utquoad
1516 3039 1606 3092 omnia
1621 3038 1719 3093 moria·

83 3135 153 3192 sam,
173 3137 220 3178 seu
241 3122 315 3179 licite
333 3123 545 3194 observabilem,
561 3131 589 3181 et
608 3141 665 3202 non
679 3141 740 3182 esse
761 3126 884 3201 obligan·
901 3131 982 3196 tur,
998 3141 1047 3182 seu
1063 3124 1223 3197 abrogetur.
1239 3125 1409 3195 Augustinus
1423 3139 1506 3198 ergo,
1527 3127 1549 3180 si
1565 3133 1666 3183 attente
1681 3125 1719 3184 le-

84 3217 149 3282 tem,
169 3211 253 3268 simul
274 3214 489 3288 coniungantur.
504 3214 627 3271 Primum
644 3221 717 3285 patet
736 3217 815 3272 simili
829 3217 884 3273 dis·
917 3222 1016 3288 gutur,
1033 3215 1121 3271 solum
1138 3213 1261 3285 loquitur
1274 3212 1308 3270 111
1323 3214 1498 3286 abrogatione
1512 3215 1602 3287 quoad
1618 3215 1722 3289 obliga·

9 3317 10 3320 ¹
81 3313 162 3356 eursu
188 3317 274 3374 supra
295 3301 388 3374 iacto,
404 3316 466 3358 nam
481 3303 504 3357 si
518 3303 560 3358 lex
575 3302 621 3360 illa
636 3311 816 3378 mortuaest,
831 3305 883 3364 iana
919 3304 1022 3360 tionem
1038 3303 1121 3375 legis,
1134 3309 1162 3359 et
1175 3305 1201 3358 in
1217 3303 1269 3358 boc
1285 3318 1369 3359 sensu
1381 3305 1475 3375 sentit,
1491 3304 1576 3360 luisse
1589 3304 1675 3377 legem
1689 3305 1723 3362 il·

82 3397 250 3448 sacramenta
270 3391 329 3447 eius
344 3391 407 3446 nibil
422 3397 516 3462 erant,
530 3397 558 3447 et
577 3392 711 3449 sacrificia
725 3396 784 3450 eius
801 3395 881 3452 etiam
917 3391 971 3448 lam
993 3398 1144 3464 mortuam,
1159 3389 1268 3463 quando
1288 3392 1411 3447 nondum
1432 3399 1493 3447 erat
1512 3393 1669 3464 mortifere,
1691 3401 1721 3452 et

82 3485 269 3550 cessaverant,
289 3479 448 3537 introducto
462 3482 514 3536 iam
529 3482 611 3538 unico
624 3484 720 3540 missae
736 3484 880 3556 sacriticlo;
917 3481 979 3537 ideo
1000 3479 1081 3550 dixit,
1098 3481 1222 3551 potuisse
1246 3479 1390 3553 aliquando
1412 3481 1485 3537 illam
1500 3481 1587 3556 legem
1605 3483 1720 3558 servari,
1764 3473 1769 3486 ’

82 3581 143 3639 ergo
157 3585 188 3625 111
202 3577 302 3626 natura
324 3570 362 3626 rei
376 3571 564 3626 necessarium
578 3570 645 3642 luit,
661 3575 798 3628 utstatim
813 3587 882 3629 usus
919 3569 1071 3628 dummodo
1086 3586 1139 3626 non
1155 3576 1285 3641 unquam
1300 3572 1472 3644 necessaria,
1489 3572 1537 3628 sed
1557 3579 1589 3628 ut
1609 3572 1681 3630 bona
1693 3580 1723 3631 et

83 3656 172 3714 talium
190 3659 425 3717 caeremoniarum
442 3660 524 3716 luerit
537 3663 745 3732 superstitiosus
758 3669 786 3719 et
800 3665 890 3721 ratio·.
917 3661 1046 3734 religiosa
1067 3659 1273 3717 observaretur.
1293 3662 1330 3716 lle
1350 3659 1408 3717 aliis
1422 3667 1515 3717 nartem
1528 3661 1638 3719 duobus
1653 3680 1722 3737 pun·

81 3749 106 3800 ui
121 3755 192 3804 reete
213 3751 382 3806 contrarius.
400 3751 467 3805 item
482 3751 505 3804 si
520 3749 561 3805 1111
577 3749 619 3806 1111
634 3759 744 3808 mortua
755 3759 824 3823 erat,
839 3768 884 3809 er·
917 3751 968 3806 otis
982 3748 1046 3806 nihil
1066 3764 1195 3820 expresse
1215 3747 1296 3806 dixit:
1319 3748 1425 3806 ridetur
1440 3758 1531 3808 1111111
1547 3767 1580 3808 11
1595 3752 1720 3810 11111111

82 3838 184 3905 gneius
208 3838 399 3896 caeremoniae
413 3843 492 3893 erant
510 3837 577 3893 lalsa
591 3839 668 3912 signa
679 3840 760 3897 divini
775 3841 879 3913 cultus,
917 3840 977 3895 eius
991 3839 1098 3912 colligi,
1111 3839 1186 3896 aliter
1199 3853 1261 3895 esse
1275 3838 1442 3912 loquendum
1454 3841 1487 3897 de
1503 3840 1563 3914 lege
1575 3842 1665 3914 quoad
1678 3859 1721 3900 se·

81 3928 141 3996 quia
154 3927 205 3983 iam
226 3935 386 3984 cessaverat
398 3942 496 3983 eorum
507 3927 658 4000 institutio,
672 3945 721 3987 seu
732 3931 880 4002 impositio,
917 3927 1040 3985 cundum
1062 3927 1234 3998 membrum,
1256 3927 1282 3983 111
1304 3934 1347 3984 111
1365 3929 1566 3987 institutionem
1581 3946 1723 3989 caeremo-

80 4015 140 4086 quia
157 4015 209 4074 hoc
225 4019 318 4089 ipsum
333 4025 390 4089 ast,
407 4017 494 4090 legem
512 4031 573 4073 esse
593 4025 746 4090 mortuam3
763 4036 828 4094 ergo
843 4022 882 4077 nti
917 4016 1044 4090 niallam,
1061 4018 1173 4072 tertium
1189 4032 1253 4074 vero
1268 4015 1301 4072 do
1317 4016 1427 4086 fructu,
1444 4033 1494 4075 seu
1509 4020 1626 4078 utilitate
1642 4021 1721 4095 legis,

80 4102 144 4178 iltis,
164 4114 223 4164 erat
245 4123 292 4179 per
314 4121 343 4162 se
357 4115 384 4164 11
397 4106 545 4162 intrinsece
560 4106 670 4162 malum.
688 4107 765 4175 Quod
781 4109 803 4164 si
819 4111 881 4181 quis
916 4121 971 4163 non
987 4105 1069 4162 babet
1080 4107 1107 4161 in
1123 4107 1261 4177 praesenti
1275 4105 1441 4177 peculiarem
1456 4107 1604 4180 rationem,
1624 4109 1673 4167 sed
1687 4125 1720 4168 ex

81 4192 191 4254 11111111
214 4197 308 4268 dicat,
325 4195 391 4254 illud
413 4197 498 4252 luisse
515 4195 618 4252 licitum
633 4212 664 4253 ex
680 4195 881 4270 dispensatione
917 4195 1054 4267 prioribus
1068 4195 1184 4267 pendet,
1200 4202 1230 4252 ut
1244 4196 1269 4251 in
1284 4196 1373 4267 capite
1389 4195 1485 4253 ultimo
1501 4197 1582 4254 huius
1600 4198 1659 4256 libri
1673 4199 1721 4259 de·

80 4282 181 4356 diviua,
194 4303 251 4342 nou
264 4286 395 4358 loquetur
404 4286 431 4342 in
446 4286 540 4357 primis
554 4284 630 4343 iuxta
641 4286 814 4344 intentionem
826 4291 881 4346 hu·
917 4285 1080 4342 clarabitur.

79 4375 187 4445 gustini.
207 4377 245 4434 Et
258 4373 355 4432 deinde
368 4381 490 4447 oportet,
504 4379 538 4430 ut
549 4373 777 4446 dispensationem
792 4383 883 4435 osten·
956 4379 984 4433 1.
999 4375 1065 4431 bico
1078 4389 1145 4448 ergo
1160 4377 1264 4446 primo:
1281 4377 1373 4448 Longe
1387 4374 1555 4446 probabilius
1565 4385 1619 4450 est,
1633 4379 1720 4452 legem

80 4461 140 4534 dat,
156 4483 188 4523 ne
206 4465 360 4524 voluntarie
378 4464 519 4539 loquatur.
535 4468 574 4520 hc
588 4463 704 4537 denique
718 4467 740 4523 11
754 4465 798 4523 1111
813 4482 881 4523 usus
916 4472 1038 4523 veterem
1052 4468 1178 4536 coepisse
1193 4464 1334 4537 abrogari,
1350 4480 1383 4521 ac
1398 4472 1536 4542 mrtuam
1550 4482 1612 4524 esse
1627 4469 1720 4541 quoad

80 4561 121 4610 est
137 4563 234 4614 contra
256 4556 388 4616 notionem
410 4553 579 4624 naturalem,
595 4569 649 4610 non
668 4553 749 4614 cadet
760 4557 786 4610 in
802 4556 881 4612 illum
917 4554 1210 4627 obligationem,simul
1223 4569 1256 4610 ac
1268 4553 1309 4611 lex
1320 4570 1391 4611 nove
1402 4541 1493 4626 coepit
1504 4555 1722 4630 obligare.liaec

80 4647 186 4714 propria
208 4645 392 4717 dispensatio,
414 4643 461 4699 sed
482 4644 576 4714 potius
595 4641 742 4700 dicendum
762 4645 828 4713 erit,
844 4644 881 4700 le·
916 4651 960 4702 est
979 4645 1113 4701 sententia
1133 4643 1293 4716 Augustini,
1311 4651 1341 4700 ut
1362 4643 1431 4715 disi,
1447 4652 1476 4700 et
1490 4647 1528 4702 ita
1542 4660 1606 4703 cum
1624 4647 1722 4704 intelli·

79 4735 224 4802 gemilium
242 4751 296 4792 non
313 4735 395 4790 luisse
409 4749 460 4805 pro
474 4731 521 4788 illo
537 4737 659 4801 tompore
673 4732 820 4804 sublatam,
837 4733 881 4789 vel
916 4740 1000 4806 gunt,
1018 4739 1049 4790 et
1062 4739 1218 4806 seponuntur
1231 4747 1327 4789 omnes
1343 4729 1464 4806 theologi
1475 4735 1563 4804 citati,
1576 4743 1604 4792 et
1614 4743 1724 4794 constat

79 4829 225 4896 mortuam,
246 4821 597 4880 utusnseaeremoniarum
607 4822 666 4877 eius
679 4822 743 4877 nibil
753 4837 801 4893 pro
813 4828 880 4879 tuno
916 4822 1012 4894 etiam,
1029 4821 1120 4894 quoad
1132 4822 1184 4878 boc
1199 4823 1395 4896 Hieronymum
1409 4823 1435 4877 in
1447 4822 1543 4880 eadem
1562 4823 1646 4882 luisse
1661 4841 1724 4882 sen-

80 4907 188 4970 haberet
206 4915 304 4971 rationi
319 4912 500 4969 contrarium.
514 4909 622 4966 Etimlo
637 4909 715 4967 111111
729 4911 881 4969 ostenditur
916 4913 1008 4969 tentia.
1029 4914 1086 4968 lrno
1107 4910 1191 4984 aliqui
1212 4916 1327 4982 putant,
1343 4911 1413 4967 banc
1429 4918 1532 4982 partem
1549 4928 1609 4970 esse
1623 4915 1656 4971 de
1671 4914 1722 4972 lide

80 4999 128 5057 alia
141 5003 364 5076 repugnantiain
378 5001 443 5066 boo,
460 4999 534 5073 quod
550 4999 592 5054 lex
606 4998 650 5054 illa
665 5001 882 5071 perseveraverit
917 5009 1037 5072 certam3
1056 5017 1118 5057 nam
1133 5003 1159 5056 iu
1174 4999 1291 5073 quodam
1307 5005 1428 5056 tractatu
1442 5000 1474 5057 111
1487 5001 1660 5075 quadruplici
1676 5022 1722 5080 sy-

79 5091 168 5161 quoad
183 5092 338 5166 religiosam
352 5087 880 5162 observationem,quandononperse·
915 5090 988 5148 nodo
1012 5091 1216 5162 apostolorum,
1239 5089 1285 5162 qui
1306 5088 1423 5146 habetur
1443 5088 1470 5144 in
1491 5092 1623 5163 principio
1644 5094 1722 5165 primi

79 5179 287 5254 rerabatquoad
303 5179 506 5252 obligationem.
517 5177 708 5250 ilepug'uantia
720 5185 812 5236 autem
824 5186 879 5254 est,
917 5181 983 5237 tomi
1005 5179 1206 5248 conciliorum,
1222 5184 1250 5234 et
1271 5177 1363 5234 1111111
1383 5177 1486 5236 dicitur
1506 5181 1581 5238 111111
1597 5183 1721 5254 glossam

80 5270 142 5342 quia
159 5286 214 5326 non
229 5276 392 5342 potestesse
407 5284 471 5325 1111
487 5268 543 5341 lex,
558 5269 625 5340 quin
636 5267 751 5343 obliget3
766 5285 819 5328 non
831 5287 880 5346 po·
921 5269 1103 5341 ordinariam,
1121 5269 1229 5342 ponitur
1249 5273 1349 5342 quarta
1366 5267 1488 5344 synodus
1506 5271 1656 5341 primitivae
1669 5274 1721 5332 Ec·

154 5373 542 5432 sacramentonum-emir.
1446 5379 1474 5426 'n
