4260 6222
836 389 1015 442 mccxxx.
1642 377 1701 443 att

106 513 231 583 scilicet,
252 519 392 590 posterius
418 518 587 593 privilegium
612 517 677 576 nihil
701 515 788 575 valeat
814 521 912 574 contra
951 532 1078 588 possessa
1089 523 1220 590 tanquam
1232 518 1354 590 propria,
1364 518 1614 590 probabilissimum
1625 522 1749 594 proiecto

105 606 203 678 prius,
216 621 305 679 neque
318 605 355 664 illi
368 607 498 682 deroget,
510 613 570 665 tom
582 609 646 682 quia
659 607 740 664 etiarn
753 614 820 662 tunc
837 621 916 679 prae·
950 611 1002 679 est,
1020 605 1095 680 quod
1109 609 1236 664 Panorm.
1247 608 1288 664 'ait
1301 609 1327 662 in
1341 607 1416 666 dicto
1430 624 1492 681 cap.
1509 609 1640 672 Veniens.
1659 628 1685 667 n.
1703 618 1747 684 12,

106 697 233 753 sumitur
246 699 373 769 princeps
384 699 511 770 ignorare
521 697 598 770 prius
609 697 794 770 privilegium,
810 701 837 752 et
847 710 914 751 con·
951 711 1033 768 quern
1042 694 1087 752 aiii
1100 703 1265 770 sequuntur,
1277 702 1345 754 tunc
1356 713 1409 753 non
1420 698 1571 770 procedere
1582 699 1748 772 praedictam

106 793 260 858 sequenter
281 761 419 875 postapfi
437 802 497 844 esse
519 786 724 858 surreptitium,
740 793 768 841 et
782 799 834 839 non
850 798 915 838 con·
949 791 1053 856 partem
1073 785 1194 858 regulas.
1214 785 1282 852 Quia
1306 793 1422 844 nonest
1445 788 1604 860 verisimile,
1628 790 1749 846 voluisse

106 874 198 932 unere
213 875 358 934 virtualem
368 876 538 934 voluntatem
548 872 834 950 principisderogandi
844 873 914 946 prio·
949 874 1101 944 principem
1121 874 1319 946 praeiudicium
1340 873 1438 932 inierre
1458 877 1556 933 tertiae
1576 893 1707 949 personae
1721 881 1749 934 in

108 964 144 1034 xi3
154 966 306 1022 tumeliam
317 967 382 1039 quia
393 981 442 1038 per
452 966 706 1039 priusprivilegium
718 972 761 1021 est
771 963 917 1036 iusacqoi·
949 977 979 1018 re
993 963 1045 1019 iam
1065 977 1117 1020 sua
1138 963 1195 1019 eine
1210 963 1304 1020 maiori
1320 965 1490 1038 cognitione,
1507 973 1535 1023 et
1549 969 1749 1044 examinatione

108 1053 198 1110 situm
214 1055 411 1128 privilegiario,
424 1055 499 1127 quod
513 1072 567 1113 non
583 1065 712 1114 censetur
726 1055 853 1126 princeps
867 1067 916 1108 au·
951 1064 1062 1108 causae.
1078 1053 1114 1108 Et
1126 1051 1164 1108 ita
1178 1052 1314 1124 explicata
1327 1051 1395 1111 haec
1409 1048 1544 1112 sententia
1558 1061 1601 1112 est
1614 1055 1691 1114 valde
1707 1072 1750 1114 ra·

108 1141 185 1199 terre
203 1145 274 1201 velle
288 1143 433 1201 sineillius
446 1145 551 1202 notitia.
566 1147 654 1219 Atque
674 1143 745 1202 hanc
759 1148 866 1216 partem
877 1147 916 1198 te·
951 1140 1017 1199 tioni
1031 1147 1226 1200 consentanea.

110 1238 160 1288 net
181 1231 269 1290 Gloss.
286 1234 451 1301 inSumma,
466 1239 519 1308 25,
535 1240 642 1308 quaest.
658 1239 688 1307 2,
706 1241 734 1292 et
747 1235 774 1289 in
788 1247 847 1304 reg.
864 1233 916 1290 Ge·
1256 1261 1258 1266 ·

110 1323 197 1389 neri,
216 1321 606 1397 deregul.iux.in6,etex
626 1329 702 1396 parte
722 1321 848 1395 sequitur
866 1322 915 1376 Pa·
1036 1333 1039 1338 ·
1084 1365 1089 1372 .
1233 1318 1372 1388 CAPUT
1395 1319 1466 1388 XL,

111 1411 288 1468 normitanus
306 1412 398 1469 statim
412 1412 552 1470 citandus.

155 1503 183 1558 7.
198 1501 379 1559 Nihilominus
399 1509 512 1575 propter
532 1503 603 1560 lianc
622 1501 854 1573 comparationem
868 1515 917 1572 po·
1059 1509 1189 1588 erando
1202 1513 1331 1588 inceperis
1343 1518 1491 1572 revocatio
1501 1514 1650 1590 praccepta
1748 1533 1750 1542 ¹

111 1591 158 1646 sui
180 1591 295 1649 alteram
316 1598 421 1665 partem
442 1592 568 1667 regulae:
592 1607 654 1650 nam
676 1589 793 1663 speciale
807 1589 917 1662 privile·
1167 1615 1256 1659 suum
1269 1600 1413 1678 effectum
1426 1605 1539 1660 sortire,

109 1680 199 1752 glum,
209 1679 272 1738 licet
286 1697 342 1738 non
353 1682 439 1754 possit
449 1682 476 1738 in
489 1690 576 1739 toturn
588 1683 694 1739 auterre
705 1680 917 1753 generaleprae-

108 1768 232 1840 cedens,
247 1769 420 1828 nihilominus
435 1775 528 1843 potest
541 1786 575 1827 ex
588 1771 636 1827 illa
649 1769 762 1842 speciali
777 1775 855 1841 parte
866 1769 916 1824 mi·
1240 1767 1467 1832 summarium

109 1873 199 1916 nuere
213 1856 281 1916 illud
292 1903 299 1931 ,
311 1867 339 1917 et
348 1859 401 1918 hoo
412 1859 493 1917 modo
504 1860 671 1941 probabilius
682 1875 840 1927 censemus,
853 1874 916 1930 pos-

111 1961 141 2002 se
166 1948 308 2022 privilegio
328 1950 448 2022 generali
468 1951 550 2007 tacite
570 1949 696 2024 derogari
716 1967 765 2022 per
779 1951 917 2022 posterius
954 1927 978 1978 ¹·
992 1928 1027 2009 ¹2⁰
1040 1925 1134 2009 essem
1147 1911 1513 2010 '⁶'⁰⁰.²¹i⁰⁰⁸¹⁸·'ffi⁵¹i¹¹⁰¹i⁰
1531 1929 1754 2012 ⁰⁰¹³¹¹d²·‘.'¹''¹‘

109 2035 242 2106 speciale.
269 2037 346 2105 Quae
366 2039 497 2096 sententia
518 2040 687 2113 frequentius
708 2045 819 2112 recepta
834 2040 915 2095 estin
986 1997 1374 2131 {ffissfflnpfflffiffe-u'
1384 2000 1752 2130 {fvffiuffifflngffi

109 2125 189 2182 dicto
204 2142 266 2199 cap.
283 2130 308 2184 t.
321 2135 350 2184 et
360 2126 434 2185 dicto
445 2144 507 2200 cap.
519 2131 645 2196 cccmus,
659 2135 687 2186 et
697 2144 757 2186 eam
769 2133 844 2185 tenet
854 2127 916 2201 Syl·
987 2137 1111 2201 principis
1125 2137 1263 2188 sufficiens.
1276 2136 1452 2187 -Sententia
1465 2138 1517 2186 soti
1537 2145 1563 2187 ea
1582 2138 1705 2190 Medione.
1718 2167 1753 2178 -

110 2222 184 2272 vest.
202 2215 322 2274 reterens
333 2218 504 2276 Hostiensem
516 2220 600 2276 verbo
609 2219 811 2294 priuileptum,
825 2234 853 2292 q.
871 2223 915 2276 ili.
988 2208 1013 2258 3.
1029 2207 1080 2256 ¹¹⁰¹
1093 2219 1216 2257 ¹0l⁰⁰²¹¹⁵
1228 2206 1363 2271 privilegia
1375 2218 1424 2256 ¹¹⁰¹]
1437 2209 1526 2256 statim
1537 2206 1614 2258 habet
1628 2223 1703 2260 suum
1715 2210 1753 2259 el-

111 2306 150 2363 Et
168 2305 276 2364 videtur
299 2322 427 2380 expresse
445 2307 555 2381 probari
572 2311 598 2364 in
614 2324 675 2380 cap.
692 2307 822 2375 Dudum,
839 2311 918 2380 loos
940 2296 945 2309 ’
986 2274 1752 2413 {ffiffi,2¹³{nffleffiffifflfficpzssffiffld}

110 2398 217 2467 pecs.
235 2401 264 2450 et
276 2411 338 2469 cap.
358 2399 500 2471 Quam
516 2397 577 2464 tibi,
594 2397 628 2454 uc
642 2396 789 2470 praebend·
805 2397 832 2452 tn
848 2400 876 2470 6,
891 2402 919 2453 et
988 2416 1085 2478 nisum,
1107 2415 1168 2466 vaces
1190 2415 1376 2465 anvancruuner
1394 2416 1539 2478 ignoretur.
1550 2441 1585 2452 -
1596 2417 1622 2468 a.
1635 2418 1753 2469 onvoeaio

111 2487 143 2542 in
169 2491 289 2558 utroque
311 2484 446 2559 allegatur
466 2489 623 2543 communis
636 2487 748 2560 regula,
764 2486 856 2559 generi
869 2500 918 2558 per
987 2498 1018 2536 ex
1030 2484 1209 2536 Panormitano
1221 2491 1247 2535 et
1260 2484 1358 2535 Feliss0·
1369 2510 1404 2520 -
1414 2487 1440 2535 6·
1454 2483 1593 2536 Bellicam
1604 2488 1638 2538 ab
1651 2487 1752 2540 ¹1⁰mi¹1⁰

112 2573 235 2644 speciem
256 2573 398 2647 derogari,
413 2575 518 2632 etiamsi
532 2577 559 2631 in
575 2577 685 2647 speciali
700 2575 774 2633 nulla
788 2575 833 2632 fiat
845 2589 918 2631 men·
987 2567 1033 2606 ⁵⁹¹¹
1047 2554 1168 2619 privatim
1182 2553 1264 2617 Μ’
1278 2553 1379 2618 qu³⁰d⁰
1392 2555 1503 2605 mmm*
1515 2555 1645 2607 effectum.
1654 2583 1688 2594 “
1699 2555 1752 2607 uil-

113 2665 153 2720 tio
170 2663 319 2736 generdis,
333 2668 361 2721 et
373 2663 532 2722 declaratur
547 2664 572 2720 ia
592 2665 738 2738 privilegiis
757 2667 838 2722 etiam
852 2678 915 2736 pro·
986 2623 1592 2745 ἓξὲξΒᾯΓέἓὲξηξίΠξΙ-υἰέθεζῗξξιῐῑῖθῑῑθω
1604 2639 1709 2692 Piretis-
1723 2627 1750 2677 4·

113 2751 229 2810 cedere:
248 2767 310 2809 nam
327 2753 388 2808 iura
407 2753 490 2810 citata
504 2769 632 2826 expresse
647 2754 800 2828 loquuntur
814 2752 848 2809 de
863 2755 919 2825 pri·

113 2840 215 2914 vilegio
239 2840 364 2914 speciali,
379 2849 441 2913 post
460 2843 587 2914 generale
601 2859 745 2900 concesso.
761 2845 839 2901 Ratio
854 2858 918 2900 vero
995 2842 1019 2896 ¹.
1036 2838 1198 2911 suppositis,
1216 2853 1287 2910 quae
1299 2836 1333 2894 de
1348 2837 1440 2910 legum
1455 2839 1619 2908 irritatione,
1633 2847 1661 2898 et
1674 2840 1752 2897 abro-

93 2947 180 2988 ·esse
199 2937 308 3003 potest,
329 2933 393 3005 quia
413 2933 540 3005 princeps
560 2933 739 2990 concedendo
763 2933 917 3006 generalem
952 2931 1076 3002 gatiano,
1092 2933 1121 2984 et
1133 2927 1167 2984 de
1181 2927 1363 2984 concessione
1378 2927 1580 3002 privilegiorum
1592 2932 1618 2986 in
1630 2930 1754 3003 superin-

114 3022 328 3092 lasorem,.non
348 3027 482 3078 censetur
501 3023 552 3078 sibi
574 3022 681 3080 auterre
701 3029 865 3095 potestatem
880 3023 919 3079 is·
952 3019 1030 3076 ribus
1050 3017 1123 3074 dicta
1143 3022 1224 3086 sunt,
1241 3015 1363 3073 breviter
1382 3024 1471 3088 potest
1484 3033 1615 3089 praesens
1629 3020 1753 3092 quaestio
1865 3019 1867 3023 '

115 3107 204 3166 ciendi
227 3108 344 3166 alienam
363 3108 509 3181 specialem
528 3113 658 3183 gratiam,
674 3111 718 3168 ilia
731 3111 849 3185 generali
864 3128 917 3168 non
953 3107 1084 3181 expediri.
1097 3104 1326 3178 Distinguendum
1337 3120 1404 3177 ergo
1415 3113 1457 3162 est
1468 3107 1754 3180 intergeneralemre·

115 3197 250 3254 obstante.
268 3199 303 3254 Et
322 3190 447 3254 ob'hanc
469 3214 582 3256 causam
602 3207 754 3273 potuerunt
773 3199 917 3257 Pontitices
953 3196 1125 3254 vocationem
1146 3195 1351 3267 privilegiorum
1373 3195 1472 3252 iactam
1493 3212 1542 3268 per
1566 3197 1704 3268 publicam
1718 3196 1756 3253 ie·

116 3285 154 3343 ita
177 3285 313 3357 explicare
330 3293 463 3357 meumm,
478 3293 507 3343 et
526 3290 720 3345 concessiones
740 3304 821 3362 suas,
837 3288 919 3346 habet
952 3303 1032 3361 gem,
1055 3291 1084 3342 et
1101 3283 1234 3357 privatam
1256 3285 1459 3342 revocationem
1476 3286 1594 3342 alicuius
1608 3285 1750 3360 privilegii:

115 3375 188 3430 enim
201 3377 335 3431 rationem
347 3377 411 3432 satis
422 3379 668 3450 congruam,quia
679 3378 722 3434 illa
732 3384 840 3435 nonest
850 3393 916 3435 con·
952 3391 1015 3431 nam
1036 3374 1069 3431 de
1089 3372 1142 3428 illis
1163 3370 1344 3429 diversimode
1363 3374 1531 3431 censendum
1552 3382 1614 3446 est,
1633 3377 1707 3432 sicut
1719 3374 1753 3432 de

116 3465 242 3520 travictas
255 3465 363 3537 propria
380 3466 573 3537 voluntatum,
590 3465 636 3524 sed
655 3477 698 3526 est
719 3467 853 3541 quaedam
872 3483 918 3524 ex·
954 3463 1132 3521 concessione
1144 3460 1276 3535 privilegii
1287 3461 1414 3518 diximus.
1424 3463 1515 3520 Primo
1526 3480 1593 3537 ergo
1606 3464 1753 3522 dicendum

116 3554 210 3624 ceptio
225 3553 369 3626 agenerali
380 3557 482 3627 gratia,
496 3570 578 3627 quam
590 3557 796 3628 exceptionem,
811 3572 859 3612 seu
871 3571 918 3626 po·
952 3564 1012 3626 est,
1028 3555 1050 3616 si
1064 3552 1202 3626 privilegia
1217 3566 1264 3622 per
1279 3550 1416 3624 publicam
1431 3552 1518 3627 legem
1529 3561 1706 3626 revocentur,
1718 3554 1753 3610 il·
1810 3543 1814 3549 ’

116 3648 241 3699 testatem
266 3642 300 3699 ad
320 3643 393 3700 illam
411 3643 561 3701 taciendam
575 3644 662 3701 voluit
674 3660 782 3717 semper
797 3644 918 3701 Pontifex
952 3643 1007 3700 lam
1027 3641 1231 3706 revocationem
1252 3655 1307 3696 non
1327 3639 1427 3698 habere
1445 3641 1590 3716 ellectum,
1605 3643 1693 3700 donec
1709 3643 1753 3702 lex

117 3731 169 3788 sihi
185 3745 342 3804 reservare,
357 3733 414 3790 sine
429 3731 609 3804 dependentia
622 3733 657 3789 ab
667 3733 855 3806 expressione,
868 3749 918 3790 seu
952 3730 997 3788 illa
1012 3729 1180 3788 sufficienter
1194 3728 1368 3803 promulgata
1382 3731 1425 3786 sit.
1438 3732 1467 3786 ln
1482 3731 1536 3788 troc
1551 3748 1647 3789 omnes
1662 3736 1753 3792 statim

116 3821 378 3878 commemoratione
405 3821 503 3894 prioris
523 3822 675 3896 privilegii,
691 3830 722 3881 ut
742 3824 805 3880 satis
825 3829 918 3896 aperte
952 3817 1085 3894 allegandi
1098 3820 1279 3888 conveniunl;
1294 3824 1322 3876 et
1335 3826 1378 3876 est
1391 3819 1514 3893 clarum,
1530 3823 1597 3896 quia
1612 3830 1675 3881 ante
1689 3840 1754 3896 pro·

117 3910 270 3968 declaravit
283 3910 404 3968 Boniiac.
419 3911 488 3969 titi.
504 3912 530 3968 in
544 3912 616 3969 dicto
631 3927 693 3984 cap.
707 3910 839 3970 Dudum.
956 3910 1150 3983 mulgationem
1164 3907 1288 3965 nondum
1302 3914 1345 3965 est
1358 3909 1399 3966 lex
1415 3909 1460 3966 illa
1472 3926 1537 3968 vere
1547 3919 1575 3969 st
1586 3912 1754 3973 sufficienter

155 4000 197 4056 Ad
211 3998 326 4072 primam
344 4013 412 4073 ergo
431 4001 564 4058 rationem
583 4000 789 4058 incontrarium
804 4015 918 4072 respen-
954 3999 1105 4058 constituta
1125 4000 1151 4055 in
1172 3999 1274 4055 ratione
1294 3998 1376 4072 legis,
1393 4005 1420 4056 et
1439 3999 1498 4056 ideo
1519 4017 1573 4058 non
1589 4002 1671 4061 habet
1684 4004 1753 4061 aiios

117 4087 217 4160 detur,
228 4090 361 4146 radonem
374 4089 540 4162 ignorantiae
550 4105 606 4146 non
617 4091 656 4146 lta
666 4089 816 4162 procedere
827 4093 854 4146 in
866 4090 917 4146 laoc
953 4089 1068 4147 effectus
1082 4089 1167 4161 iegis3
1182 4103 1248 4163 ergo
1262 4102 1351 4160 neque
1367 4088 1440 4146 baruc
1455 4089 1575 4149 habebit.

116 4193 203 4249 casu,
214 4182 273 4234 turn
290 4179 355 4250 quia
364 4177 412 4235 iila
425 4195 478 4236 non
489 4185 532 4236 est
543 4179 721 4236 contrarietas
732 4180 916 4251 voluntatum,
992 4185 1019 4237 2.
1034 4176 1162 4235 Secundo
1174 4175 1330 4232 addendum
1342 4183 1400 4250 est,
1413 4193 1496 4235 unam
1508 4179 1755 4255 promulgationem
1802 4227 1819 4244 a

117 4275 147 4324 et
159 4265 221 4324 ideo
235 4265 300 4322 nihil
313 4267 404 4324 obstat
417 4269 493 4339 prior
502 4268 645 4339 velivolas,
657 4269 806 4341 quominus
819 4283 918 4325 secun·
952 4272 978 4326 in
993 4267 1072 4324 curia
1086 4266 1232 4340 principis,
1242 4266 1285 4322 vel
1298 4267 1326 4322 in
1340 4266 1403 4324 Ιοοο
1417 4267 1451 4324 ad
1463 4267 1516 4326 hoc
1527 4272 1682 4327 constituto
1696 4273 1754 4328 sul·

118 4356 155 4413 da
170 4357 206 4414 sit
218 4355 319 4427 relida3
334 4360 391 4413 lum
405 4357 486 4414 etiam
500 4361 565 4430 quia
577 4357 624 4412 illa
637 4358 792 4431 ignorantia
804 4365 847 4414 est
860 4364 919 4415 tan·
951 4357 1032 4414 ficere
1046 4356 1081 4413 ad
1095 4355 1169 4413 lrunc
1184 4353 1313 4412 ellectum
1330 4357 1515 4413 revocationis
1536 4359 1754 4433 privilegiorum,

120 4451 182 4504 tum
194 4444 392 4518 concomitans,
407 4446 472 4523 quia
481 4460 536 4502 non
547 4447 637 4502 minus
647 4446 847 4504 concederetur
858 4459 918 4518 spe·
952 4447 1028 4503 sicut
1038 4444 1141 4502 sufficit
1151 4443 1185 4500 ad
1197 4442 1262 4500 alios
1274 4442 1388 4500 effectus
1399 4444 1477 4518 legis,
1493 4445 1605 4519 quando
1615 4447 1689 4504 aliud
1700 4464 1755 4505 nou

118 4535 199 4593 ciniis
208 4536 306 4608 graua,
318 4535 423 4592 etiarnsi
433 4535 566 4610 generalis
576 4535 696 4592 venisset
706 4537 732 4592 in
744 4537 916 4605 memoriam,
952 4535 1113 4609 exprimitur
1127 4535 1154 4590 in
1175 4535 1234 4606 ipsa
1252 4533 1321 4606 lege.
1337 4534 1378 4591 ita
1395 4535 1477 4592 etiam
1491 4537 1613 4594 sentiunt
1625 4536 1756 4611 trequen-

120 4632 155 4682 ut
169 4625 194 4680 in
208 4624 282 4680 dicto
296 4639 359 4697 cap.
374 4623 507 4691 Dudum,
523 4622 634 4696 dicitur3
651 4632 710 4682 tum
725 4625 841 4699 denique
855 4625 918 4698 quia
952 4625 1007 4682 tius
1021 4631 1150 4682 auctores
1164 4622 1307 4696 allegandi.
1323 4623 1360 4680 Et
1373 4625 1443 4681 ratio
1456 4631 1516 4698 est,
1531 4627 1598 4699 quia
1611 4643 1646 4703 ex
1658 4636 1756 4685 natura

118 4718 177 4787 ipse
198 4715 330 4786 Princeps
350 4714 452 4786 voluit,
474 4721 506 4771 ut
526 4715 570 4771 illa
589 4715 715 4787 scientia,
731 4715 773 4771 vel
787 4713 918 4771 memoria
953 4715 992 4770 rei
1012 4729 1066 4770 non
1089 4718 1154 4768 sunt
1174 4712 1267 4784 plures
1289 4711 1521 4785 promulgationes
1535 4719 1707 4773 necessariae
1721 4715 1755 4772 ad

118 4818 174 4860 non
188 4810 261 4859 esset
274 4804 325 4858 silvi
339 4804 511 4865 necessaria,
527 4810 559 4860 ut
577 4803 727 4860 efficaciter
746 4810 840 4876 posset
858 4818 918 4875 spe-
952 4801 1026 4858 hunc
1040 4801 1168 4858 ellectum
1178 4844 1185 4873 ,
1197 4815 1279 4873 quam
1292 4801 1326 4857 ad
1336 4800 1421 4873 aiios,
1431 4809 1462 4858 ut
1472 4818 1521 4874 per
1531 4818 1560 4860 ee
1572 4812 1691 4876 constat,
1704 4822 1755 4863 nec

118 4892 215 4948 etalem
229 4891 343 4964 gratiam
358 4891 448 4964 iacere
458 4931 465 4962 ,
477 4908 532 4949 uon
547 4893 672 4950 obstante
686 4894 771 4964 priori
786 4891 915 4966 generali.
951 4892 1032 4949 etiarn
1044 4891 1115 4963 leges
1127 4888 1261 4946 humanae
1273 4881 1375 4963 aliquid
1386 4892 1464 4947 circa
1473 4890 1526 4948 hoc
1538 4893 1654 4964 speciale
1665 4894 1757 4966 dispo·

119 4980 162 5038 ad
180 4981 329 5037 secundam
344 4981 479 5038 rationem
493 4981 663 5054 respondeo,
678 4981 801 5054 regulam
816 4981 917 5039 dictam
952 4987 1036 5052 nunt,
1053 4995 1128 5052 ergo.
1144 4979 1245 5035 liicunt
1258 4994 1323 5036 vero
1336 4979 1433 5052 aliqui,
1448 4981 1476 5037 in
1495 4980 1601 5053 legibus
1615 4987 1756 5042 canonicis

119 5067 211 5142 quoad
227 5067 297 5124 lianc
313 5075 419 5140 partem
433 5068 563 5143 intelligi,
577 5069 698 5127 sistendo
711 5073 738 5126 in
752 5086 821 5142 pura
835 5072 919 5127 ratio·
953 5068 1149 5127 revocantibus
1170 5068 1327 5142 privilegia,
1348 5067 1547 5126 consuetudine
1570 5071 1758 5130 introductum

119 5173 153 5214 ne
163 5149 312 5230 privilegii,
325 5155 400 5230 quod
412 5163 519 5214 tantum
531 5157 659 5216 concedit
668 5159 711 5215 ius
722 5158 755 5216 ad
769 5173 838 5216 reru.
850 5161 918 5218 iiam
953 5173 1030 5230 esse,
1046 5164 1078 5214 ut
1097 5156 1133 5214 sit
1151 5158 1305 5214 necessaria
1318 5157 1502 5229 promulgatio
1516 5159 1543 5214 in
1557 5161 1671 5233 singulis
1684 5161 1758 5219 dioe-

120 5247 142 5304 si
161 5248 270 5304 virtute
286 5246 385 5318 prioris
407 5246 537 5318 privilegii
552 5246 604 5304 iam
619 5249 655 5305 sit
669 5263 712 5307 res
726 5248 876 5322 acquisita,
890 5256 919 5306 et
953 5248 1074 5319 cesibus,
1091 5253 1123 5303 ut
1134 5245 1271 5319 privilegia
1282 5253 1409 5303 maneant
1422 5263 1488 5306 cuna
1500 5247 1599 5306 ellectu
1613 5258 1756 5316 revocata.
