4290 6222
894 389 1076 440 cnanxxrr.
1690 375 1753 442 383

146 520 260 578 timetlo
282 514 430 574 voluntatis
453 513 636 589 legislatoris,
659 531 708 571 ssu
733 513 952 588 privilegiatoris.
989 512 1064 584 aliis,
1079 527 1150 584 qnos
1168 512 1251 570 relert
1264 512 1379 586 Slapbil.
1392 513 1425 572 de
1438 479 1550 587 gratiis,
1567 522 1596 575 et
1607 527 1706 592 expect
1730 529 1788 580 etc.

143 609 252 667 ‘iernen
268 607 334 682 qnia
349 605 411 663 talis
425 603 497 661 solet
509 619 570 660 esse
584 604 739 673 concessio,
750 602 838 676 qualis
852 609 896 658 est
909 617 954 673 pe·
990 602 1218 675 §subsequente
1234 618 1262 660 η.
1277 606 1320 662 tt.
1334 605 1369 660 Et
1381 602 1441 661 inde
1455 604 1534 662 facile
1550 607 1681 677 probetur
1694 625 1791 666 conse

143 700 225 770 titio,
240 705 270 755 et
284 693 480 767 subsequentia
494 692 577 749 rerba
591 707 671 764 saepe
686 691 830 750 declarent
845 697 954 748 anuce-
988 692 1113 765 quentia,
1135 694 1202 764 quia
1223 709 1277 749 non
1297 692 1380 750 datur
1401 694 1544 766 madium,
1565 697 1699 769 quidquid
1719 699 1790 756 enim

143 787 261 858 dentis,
278 781 688 856 etionrquoadsubstaotiaiem
706 797 803 838 eorum
823 780 955 853 signifiea-
988 784 1100 855 proprio
1116 783 1571 855 motunoofit,aecerseest,fieri
1588 784 1789 856 adpetitionem
1867 849 1874 857 ,
1957 852 1961 859 ,

143 876 272 945 tionemq
288 869 349 930 ideo
363 887 458 929 omnes
470 875 539 928 istae
558 878 651 942 partes
665 876 768 928 attente
789 867 955 942 spectandae
989 871 1115 929 alicuius.
1134 870 1186 926 Sed
1206 871 1387 928 contrahens
1402 875 1535 930 rationem
1549 881 1578 930 et
1601 874 1790 945 probationem

145 971 228 1036 sunt,
250 969 278 1020 et
297 961 358 1019 idas
379 963 455 1018 circa
475 975 699 1034 unamquamque
721 961 829 1018 illarum
850 959 954 1032 aliquid
989 959 1069 1017 obiici
1081 959 1265 1034 potest,quod
1276 976 1326 1016 aec
1336 963 1495 1019 consecutio
1506 963 1552 1020 illa
1571 963 1725 1020 immediate
1735 971 1788 1035 est,

146 1051 354 1122 adnotabimus,
378 1056 410 1107 ut
424 1049 486 1106 inde
500 1049 577 1105 facile
592 1051 702 1120 possint
714 1054 807 1106 cetere
821 1048 925 1120 colligi.
989 1065 1040 1106 nee
1055 1049 1160 1120 partitio
1175 1047 1352 1106 videturesse
1365 1049 1528 1124 adaequata,
1540 1053 1605 1125 quia
1622 1053 1790 1126 deripotest,

195 1147 224 1200 l.
239 1143 316 1198 circa
327 1141 443 1212 primam
455 1139 541 1212 igitur
556 1145 661 1210 partem
674 1138 817 1196 advertere
833 1143 952 1211 oportet,
989 1143 1149 1211 utrrtroqrre
1167 1138 1249 1195 simul
1260 1138 1340 1195 titulo
1354 1139 1524 1213 privilegium
1535 1140 1716 1214 concedatur3
1734 1158 1790 1200 noa

147 1233 300 1304 dupliciter
318 1229 406 1287 solere
420 1227 591 1300 privilegium
606 1227 739 1285 concedi:
753 1241 808 1283 uno
823 1227 952 1285 modoad
988 1227 1058 1284 enirn
1076 1233 1213 1300 repugnat
1233 1225 1334 1299 aliquid
1348 1227 1439 1286 iacere
1457 1231 1568 1301 proprio
1581 1230 1692 1287 arbitrio
1707 1247 1739 1288 ae
1759 1232 1790 1288 li·

149 1323 308 1394 petitionem
323 1325 351 1375 et
365 1318 522 1374 instantiam
533 1316 663 1388 alicuius,
676 1316 727 1373 alio
739 1315 818 1372 modo
831 1331 865 1372 ex
878 1331 953 1372 mers
988 1316 1126 1374 beralitate
1139 1359 1145 1380 ,
1165 1316 1271 1371 etiamsi
1285 1316 1403 1374 alicuius
1417 1319 1510 1389 petitio
1528 1325 1557 1376 et
1570 1321 1649 1391 quasi
1663 1320 1790 1378 excitatio

149 1409 281 1484 principia
300 1408 425 1478 arbitrio,
441 1421 490 1463 seu
505 1405 693 1463 voluntatens
712 1405 883 1462 iiberalitate.
899 1406 950 1474 Qui
988 1405 1184 1480 praecesserit3
1205 1404 1258 1461 imo
1273 1405 1388 1462 tortasse
1403 1422 1456 1463 non
1470 1415 1605 1481 repugnat
1617 1425 1651 1466 aa
1670 1415 1788 1482 ubsque

147 1499 208 1556 duo
226 1497 300 1555 modi
319 1495 525 1570 privilegiorum
544 1495 600 1552 iere
613 1495 648 1552 ab
666 1495 792 1552 omnibus
806 1493 955 1552 admittar·
988 1495 1089 1552 motivo
1103 1493 1184 1550 simul
1211 1496 1329 1565 operari.
1344 1497 1423 1552 Sicut
1441 1498 1513 1553 enim
1535 1504 1624 1569 potest
1637 1499 1700 1571 quis
1720 1498 1789 1554 bene

147 1595 213 1657 tur,
230 1587 295 1643 iicet
317 1585 428 1658 quidam
443 1599 542 1658 negare
561 1583 718 1653 rideantur,
734 1584 873 1656 privilegia
886 1599 953 1640 coa·
987 1583 1107 1655 operari,
1123 1591 1150 1639 et
1165 1589 1196 1639 ut
1209 1584 1396 1658 beo-placant,
1408 1592 1437 1643 et
1452 1593 1482 1642 ut
1497 1590 1631 1658 propriam
1646 1586 1790 1645 beatitudi-

147 1676 212 1734 cedi
231 1676 265 1734 ad
275 1676 432 1732 instantiam
446 1675 543 1747 partis,
555 1689 617 1730 nam
627 1674 680 1731 boo
691 1682 733 1732 est
747 1673 953 1746 propriumdis·
988 1687 1050 1729 aem
1067 1678 1270 1744 consequatur3
1286 1674 1321 1730 ita
1334 1676 1417 1730 etiam
1432 1682 1522 1748 potest
1534 1679 1662 1749 princeps
1680 1679 1790 1750 privile·

148 1765 326 1838 peasationis.
349 1764 394 1821 Sic
412 1759 495 1821 sentit
507 1764 632 1820 Emmao.
651 1762 753 1821 liedes.
776 1764 801 1819 iu
816 1765 953 1836 qaeestio·
987 1762 1062 1833 mum
1077 1759 1241 1828 concedere,
1254 1769 1282 1818 et
1294 1765 1360 1834 quia
1374 1764 1422 1820 sibi
1436 1764 1536 1837 placet,
1548 1781 1580 1822 ex
1595 1781 1700 1840 suaque
1714 1783 1790 1824 mern

149 1855 233 1911 nibus
249 1854 369 1926 regular.
383 1859 449 1911 tom.
463 1857 492 1923 ²,
508 1869 537 1926 q.
550 1856 597 1922 46,
607 1859 661 1908 art.
675 1851 776 1922 2‚dum
791 1855 816 1908 in
833 1851 884 1908 boc
900 1851 952 1909 dii·
987 1850 1163 1922 liberalitate,
1180 1857 1207 1908 et
1228 1856 1258 1908 ut
1270 1851 1313 1908 eiii
1332 1853 1431 1924 petenti
1446 1869 1551 1911 morem
1565 1863 1652 1927 gerat.
1669 1857 1789 1930 benique

147 1944 293 1999 senentiam
306 1941 450 2000 consuluit
460 1941 717 2013 interprivileginm
728 1947 756 1996 et
769 1938 951 2012 dispensatio·
986 1943 1014 1997 in
1028 1939 1093 2012 ipsis
1105 1941 1247 2012 rescriptis
1258 1941 1463 2014 privilegiorum
1476 1959 1555 2016 saepe
1566 1943 1790 2018 ridemus,prae·

149 2047 228 2097 nem,
242 2030 317 2103 quod
333 2029 505 2102 privilegium
519 2027 554 2085 ad
568 2035 667 2085 nutum
682 2027 828 2101 principia,
843 2027 953 2100 dispen-
988 2029 1071 2085 missa
1095 2029 1224 2101 petitione
1243 2028 1387 2102 privilegii,
1410 2037 1505 2102 postea
1525 2033 1700 2090 nibilominus
1721 2049 1789 2090 coa-

148 2123 225 2177 satio'
237 2136 303 2178 vero
322 2120 429 2176 connisi
443 2117 477 2174 ad
497 2119 654 2176 instantiam
669 2119 755 2190 partis
777 2116 951 2190 conceditur,
988 2118 1047 2176 cedi
1064 2119 1175 2191 proprio
1189 2125 1275 2190 metm
1293 2125 1403 2176 constat
1414 2127 1549 2190 autemex
1561 2121 1589 2179 d.
1606 2123 1705 2195 capite,
1718 2137 1790 2180 sem·

147 2212 217 2283 qnia
232 2225 296 2267 cum
311 2209 526 2266 contineatiuris
546 2207 760 2278 relaxationem,
776 2221 828 2262 non
844 2205 953 2264 deceta
988 2223 1037 2280 per
1057 2209 1164 2266 censeri
1183 2207 1454 2281 privilegiummotu
1475 2215 1585 2284 proprio
1610 2227 1788 2284 concessum,

148 2301 272 2372 principe
289 2299 356 2365 deri,
372 2297 422 2355 nisi
436 2304 514 2369 parte
528 2297 711 2368 supplicante.
728 2294 781 2353 Sed
797 2295 865 2352 baec
880 2295 953 2352 ratis
988 2297 1099 2370 quando
1118 2296 1171 2355 boc
1186 2299 1213 2353 ia
1233 2299 1291 2370 ipso
1304 2299 1480 2370 exprimitur,
1495 2315 1561 2374 ergo
1581 2301 1686 2358 etiamsi
1699 2299 1735 2358 sit
1753 2301 1788 2358 ad

148 2403 238 2462 aeque
259 2388 383 2460 procedit
402 2385 436 2443 da
464 2386 603 2459 priuilegio
623 2387 767 2458 rigoroso,
790 2383 953 2458 quodiuris
988 2387 1144 2458 petitionem
1159 2387 1329 2459 partis,erit
1342 2388 1424 2444 etiam
1439 2394 1517 2445 motu
1531 2390 1663 2461 proprior
1682 2405 1745 2446 nam
1762 2390 1789 2447 ia

149 2478 306 2535 communis
323 2475 538 2550 derogationem,
551 2491 599 2532 seo
612 2474 805 2532 relaxationem
817 2477 951 2532 continet:
988 2476 1034 2532 illo
1052 2473 1132 2532 textu
1144 2474 1305 2547 generaliter
1316 2474 1475 2548 itadieitur,
1486 2479 1623 2534 etreritas
1640 2479 1788 2536 verborum
1862 2525 1870 2542 ,

149 2569 177 2623 ic
193 2567 238 2624 illo
255 2581 321 2640 ergo
335 2568 415 2622 etiam
434 2565 600 2622 intervenire
614 2564 695 2622 debet
713 2565 839 2621 instantia
855 2565 950 2636 partis.
988 2565 1116 2636 principis
1134 2563 1259 2633 dicentis,
1276 2579 1305 2620 se
1319 2571 1397 2621 motu
1411 2569 1522 2638 proprio
1537 2567 1565 2624 id
1579 2568 1680 2640 locere,
1696 2569 1790 2644 requi-

149 2657 182 2710 ln
194 2654 280 2712 altero
292 2671 356 2712 vero
367 2652 653 2727 privilegio,quodest
663 2669 765 2725 purum
777 2653 951 2725 beneficium,
987 2654 1038 2726 rit,
1061 2660 1092 2711 nt
1105 2653 1141 2709 ita
1155 2654 1204 2726 sit,
1220 2654 1325 2711 etiamsi
1339 2655 1433 2727 petitio
1447 2657 1637 2728 praecesserit
1652 2659 1725 2731 Ergo
1739 2658 1788 2714 ial-

148 2743 217 2800 licet
231 2749 285 2800 tam
304 2745 460 2801 neccssaria
473 2759 527 2801 non
545 2743 599 2814 sit,
614 2744 778 2800 intervenire
793 2749 882 2800 tamen
905 2759 953 2814 po·
988 2758 1050 2798 sum
1067 2749 1125 2814 est,
1140 2742 1212 2816 qrrod
1227 2743 1253 2799 in
1270 2742 1409 2814 praedicta
1423 2745 1529 2802 ratione
1542 2745 1712 2818 sumebatur,
1729 2763 1788 2805 mc·

149 2839 223 2904 test,
237 2834 300 2905 quio
315 2833 381 2890 nibil
399 2840 552 2905 repugnat,
570 2833 623 2889 imo
636 2833 795 2907 frequenter
809 2834 845 2889 ita
859 2833 904 2904 fit,
922 2837 953 2888 ut
987 2838 1046 2887 tum
1061 2831 1202 2903 proprium
1215 2831 1357 2890 includere
1372 2833 1542 2905 negationem
1556 2835 1702 2908 petitionis,
1719 2851 1787 2893 cum

147 2937 183 2977 ex
199 2937 251 2978 usu
274 2929 394 2978 constat.
412 2923 476 2979 lite
497 2935 631 2978 converso
652 2922 733 2980 etiarn
748 2922 824 2994 prius
846 2920 953 2994 privile-
988 2922 1075 2993 possit
1088 2935 1148 2976 esse
1162 2919 1243 2976 simul
1258 2935 1322 2977 curn
1337 2921 1392 2978 illa.
1408 2921 1485 2980 Unda
1498 2922 1606 2980 Rebuii.
1621 2925 1648 2980 la
1666 2937 1785 2982 concor-

148 3009 227 3082 gium
241 3011 355 3067 concedi
371 3017 461 3082 potest
474 3012 531 3066 siae
545 3011 671 3066 instantia
685 3013 783 3083 partis,
798 3011 850 3066 irco
861 3017 889 3068 et
899 3008 954 3066 dis·
988 3009 1043 3067 det.
1062 3011 1103 3066 tit.
1116 3013 1230 3068 Formo
1240 3009 1388 3076 morrdati,
1407 3013 1490 3069 verbo
1503 3017 1586 3070 motu
1598 3017 1730 3088 proprio,
1746 3013 1786 3071 di·

148 3101 271 3170 peosatio
291 3107 379 3172 potest
403 3101 440 3156 ita
459 3099 593 3172 concedi,
610 3107 641 3156 ut
661 3099 829 3174 supradixi,
846 3099 868 3154 si
886 3113 952 3171 ergo
987 3099 1041 3163 cit,
1059 3097 1130 3155 banc
1151 3097 1305 3155 clausulam
1326 3102 1434 3170 operari
1447 3116 1514 3157 suos
1534 3101 1664 3174 edoctus,
1680 3102 1786 3160 etiamsi

149 3189 279 3262 superior
297 3189 387 3247 rideat
406 3189 550 3262 expedire,
565 3197 594 3246 et
614 3189 740 3246 subditus
754 3189 789 3245 sit
809 3188 951 3260 remissus,
987 3188 1132 3245 concessio
1153 3187 1320 3244 emanaverit
1333 3188 1367 3244 ad
1388 3191 1544 3260 petitionem
1559 3191 1687 3248 alicuius.
1703 3192 1739 3248 lit
1758 3192 1785 3248 ia

150 3280 191 3336 rel
207 3278 391 3352 scrupulosus
411 3281 437 3335 in
453 3278 569 3351 petendo
583 3277 628 3335 tali
643 3276 799 3352 priuilegio,
816 3283 907 3350 potest
921 3278 952 3334 il·
986 3278 1077 3332 Pract.
1096 3281 1120 3334 l.
1134 3292 1161 3346 p.
1175 3277 1217 3332 tit.
1229 3275 1263 3332 de
1281 3275 1401 3334 clausul.
1414 3277 1534 3336 mandat.
1550 3296 1627 3336 aum.
1642 3283 1688 3336 at.
1705 3279 1783 3351 dicit,

150 3367 198 3424 lud
212 3385 263 3427 aua
277 3374 373 3441 sponte
390 3367 502 3439 offerre,
518 3369 582 3440 quia
596 3366 671 3423 nulla
685 3370 713 3423 in
728 3367 780 3424 buc
795 3371 837 3423 est
852 3365 951 3424 inordi·
987 3367 1086 3437 Papam
1104 3363 1256 3422 concedere
1272 3373 1350 3423 motu
1369 3370 1495 3439 proprio,
1509 3371 1614 3425 etiamsi
1636 3369 1784 3441 impetrans

150 3459 242 3523 nabo,
267 3459 322 3513 imo
345 3463 511 3529 potestesse
529 3463 610 3512 actus
632 3455 773 3525 caritatis,
787 3461 815 3511 et
834 3453 951 3511 iustitiae
987 3455 1082 3526 petiit,
1100 3453 1212 3527 quando
1226 3469 1280 3510 noo
1296 3453 1345 3510 iuit
1360 3460 1452 3512 motus
1467 3456 1527 3514 sola
1539 3457 1676 3528 petitione.
1693 3458 1781 3525 Quam

149 3545 256 3618 legalis,
272 3544 312 3601 vel
327 3547 645 3603 distributivaecertum
659 3561 725 3618 ergo
739 3550 791 3616 est,
803 3543 866 3599 illos
879 3541 952 3599 duos
987 3544 1148 3626 sententiam
1164 3544 1247 3600 relert
1256 3557 1290 3599 ex
1303 3541 1396 3616 Baldo,
1405 3545 1519 3618 Parisio,
1530 3551 1558 3602 et
1570 3544 1662 3617 becio,
1671 3552 1700 3603 et
1710 3561 1786 3604 eam·

149 3634 247 3692 modos
261 3634 464 3708 privilegiorum
473 3650 535 3692 esse
547 3635 687 3707 possibiles
697 3641 725 3690 et
737 3635 865 3703 usitatos,
881 3631 952 3688 mui-
985 3631 1046 3688 dem
1063 3632 1144 3689 tradit
1156 3632 1257 3688 beclas
1271 3647 1298 3688 c.
1309 3637 1336 3688 2.
1352 3631 1385 3690 de
1399 3634 1514 3705 resprip.
1528 3649 1605 3692 orror.
1618 3639 1643 3691 5.

152 3729 268 3797 tumque
282 3723 462 3796 reterre,illos
473 3722 638 3796 distinguere
649 3722 683 3780 ad
695 3722 748 3779 rim
760 3729 787 3779 et
799 3720 951 3780 efficaciam
1023 3721 1174 3778 Dicendum
1194 3737 1260 3778 reru
1274 3731 1330 3791 est,
1345 3727 1494 3796 utrumque
1514 3739 1575 3782 esse
1588 3739 1685 3781 rerum
1703 3726 1729 3782 ia
1743 3723 1790 3782 di·‘

149 3813 283 3886 privilegii
301 3811 512 3886 intelligendam.
986 3825 1066 3866 rerso
1087 3811 1262 3868 sersalium
1282 3811 1310 3866 in
1330 3812 1426 3882 primis
1446 3813 1473 3868 io
1496 3815 1671 3887 universum,
1686 3822 1715 3871 at
1728 3816 1786 3872 siaa

194 3901 321 3959 &cundo
336 3900 630 3975 igitarobserraadnm
644 3909 697 3974 est,
710 3901 760 3957 bos
774 3899 952 3958 duosmodos
987 3901 1144 3972 exceptione
1164 3915 1260 3956 rerum
1280 3908 1344 3972 eat,
1366 3902 1474 3974 quoties
1499 3903 1625 3976 princeps
1651 3919 1684 3960 es
1709 3911 1785 3962 motu

148 3991 352 4065 privilegiorum
372 4007 407 4048 ex
419 3991 509 4048 iorma
522 3991 708 4047 concessionis
723 4005 772 4063 par
786 3990 856 4046 beno
870 4004 952 4063 gaoe-
987 3992 1115 4063 proprio,
1133 3989 1174 4046 vel
1196 3991 1309 4061 propria
1329 3995 1426 4060 sponte
1441 3989 1553 4064 aliquod
1567 3991 1740 4065 privilegium
1755 4007 1785 4051 se

149 4081 236 4138 nalem
256 4079 378 4154 regalem
401 4094 462 4136 essa
482 4077 699 4151 distinguendos.
715 4079 828 4146 Quoties
847 4079 874 4135 in
895 4077 953 4150 ipso
988 4078 1140 4136 concedere
1153 4077 1235 4148 dicit,
1255 4078 1322 4136 illud
1337 4094 1391 4136 noa
1406 4080 1443 4136 ita
1457 4079 1570 4138 concedi
1582 4079 1616 4137 ad
1630 4083 1785 4142 ineuntium

149 4170 292 4244 privilegio
314 4183 441 4241 expresse
455 4183 510 4224 aon
530 4166 630 4224 dicitur
649 4167 767 4226 concedi
785 4173 868 4224 motu
882 4181 953 4242 pro-
974 4152 1132 4238 'alicuiua,'
1143 4173 1174 4224 ut
1188 4167 1248 4223 eius
1262 4168 1354 4240 petitio
1368 4169 1406 4224 sit
1420 4167 1572 4242 adaequata
1586 4183 1671 4227 causa
1686 4171 1784 4244 baalis,

148 4261 221 4335 prio
237 4257 427 4327 concedentis,
439 4257 549 4331 intelligi
563 4271 729 4314 concessum
740 4256 774 4313 ad
786 4257 899 4314 alicuius
913 4259 953 4313 ia·
988 4257 1029 4313 rel
1044 4257 1113 4313 ratic
1127 4255 1298 4314 concedendi
1313 4257 1540 4329 privilegium,ita
1551 4264 1584 4314 nt
1598 4257 1656 4316 sina
1670 4259 1717 4316 illa
1730 4276 1786 4317 aaa

150 4348 291 4406 atentiam.
309 4347 460 4418 Probatur,
476 4347 538 4419 quia
560 4353 627 4404 tuac
649 4347 737 4403 solum
752 4347 889 4405 censenda
910 4354 953 4406 est
988 4347 1119 4415 daretur3
1142 4344 1189 4402 sed
1210 4347 1301 4418 potius
1317 4347 1354 4403 ita
1368 4345 1483 4403 concedi
1498 4361 1532 4403 ex
1547 4345 1671 4405 libertste
1684 4349 1786 4420 princi·

150 4437 240 4510 gratia
258 4444 336 4494 motu
356 4439 468 4509 proprio
484 4437 566 4508 sacta,
582 4435 692 4509 quando
711 4437 748 4492 ita
762 4436 788 4492 ia
810 4436 951 4508 privilegio
987 4436 1039 4508 pis,
1057 4444 1089 4492 ut
1102 4435 1183 4492 etiam
1200 4437 1258 4492 sine
1272 4435 1403 4506 petitione
1417 4434 1483 4492 iliud
1496 4442 1570 4492 esset
1583 4451 1784 4509 concessurus,

149 4526 322 4598 exprimitoq
334 4541 402 4598 ergo
414 4541 429 4581 e
443 4540 577 4581 converso
589 4527 700 4598 quoties
712 4539 765 4581 oon
779 4525 952 4597 exprimitur,
989 4531 1020 4582 ut
1033 4530 1108 4582 reete
1123 4523 1235 4582 tradidit
1247 4524 1323 4581 bald.
1339 4526 1367 4580 in
1382 4538 1444 4595 cap.
1462 4527 1541 4592 Nisi,
1556 4524 1589 4582 de
1604 4525 1679 4583 offic.
1695 4525 1783 4600 deleg.

150 4615 312 4689 intelligitur
331 4615 403 4671 iacta
418 4615 451 4672 od
467 4615 623 4686 petitionem
638 4607 766 4671 alicuius.
779 4614 952 4673 antecedens
988 4619 1016 4671 et
1031 4613 1130 4685 probat
1143 4613 1212 4670 ratio
1229 4613 1387 4681 iacta.Quia
1401 4613 1424 4669 si
1439 4614 1565 4686 princeps
1580 4612 1696 4686 dicit,se
1707 4622 1786 4673 motu

150 4703 269 4760 babetur
284 4705 311 4759 in
328 4718 389 4774 cap.
400 4705 435 4760 Sl
448 4707 527 4760 orote
540 4706 671 4779 proprio,
687 4702 722 4760 de
736 4704 867 4776 praebeo.
880 4705 907 4760 in
923 4707 950 4762 6.
988 4702 1099 4776 proprio
1113 4701 1216 4775 aliquid
1230 4701 1395 4775 concedere,
1410 4715 1524 4758 necasse
1538 4709 1591 4775 est,
1608 4710 1640 4760 ut
1653 4704 1679 4760 in
1693 4704 1784 4777 aliquo

149 4793 296 4852 Rationem
314 4791 433 4849 reddunt
445 4791 569 4866 iuristae,
582 4795 647 4866 quis
661 4799 753 4850 motus
768 4795 897 4867 proprius
911 4795 952 4851 ia·
987 4806 1052 4849 vero
1073 4807 1155 4848 sensu
1175 4793 1212 4848 ita
1232 4791 1281 4848 sit:
1304 4807 1356 4848 oon
1378 4797 1470 4864 potest
1488 4795 1579 4849 autem
1598 4807 1658 4850 essa
1673 4807 1784 4862 verum,

150 4879 240 4938 cludit
252 4881 422 4954 negationem
436 4881 591 4955 instantiae,
607 4897 655 4938 seu
670 4883 807 4954 petitionis
822 4883 951 4952 alicuius,
987 4883 1039 4938 nisi
1064 4882 1106 4939 rel
1117 4883 1120 4892 '
1130 4881 1226 4953 petitio
1251 4895 1305 4937 aon
1324 4879 1486 4952 praecedat,
1507 4880 1549 4937 rel
1568 4881 1663 4938 saltam
1678 4897 1732 4940 non
1747 4882 1785 4938 ita

150 4967 418 5043 quaediilim'ilimam
435 4968 953 5045 babetprobatiooem3etideonecesse
988 4970 1151 5044 praecedat,
1174 4975 1205 5027 ut
1223 4969 1258 5028 ab
1279 4969 1324 5028 illa
1343 4969 1458 5042 pendeat
1476 4973 1621 5028 concessio
1640 4970 1783 5044 privilegii,

150 5065 209 5131 est,
230 5065 263 5115 ut
283 5058 381 5116 modus
397 5059 568 5117 concedendi
588 5067 666 5117 motu
688 5061 800 5132 proprio
818 5063 953 5135 expressis
988 5062 1053 5135 quia
1074 5059 1139 5117 alias
1163 5075 1216 5116 non
1237 5064 1396 5116 moraretur
1413 5059 1542 5132 princepe
1555 5074 1589 5116 ex
1602 5074 1650 5133 se,
1664 5065 1692 5116 et
1705 5062 1786 5134 quasi

150 5146 240 5204 verbis
253 5145 427 5218 declaratur,
442 5153 471 5204 et
486 5147 629 5220 probetur.
645 5150 686 5205 lta
705 5149 841 5222 significat
858 5153 954 5210 Glossa
988 5150 1022 5208 ab
1042 5151 1189 5208 intrinseco
1209 5149 1328 5221 motivo,
1350 5146 1425 5222 quod
1443 5154 1516 5206 esset
1533 5153 1630 5206 eontra
1643 5150 1785 5207 vamtatem

150 5237 177 5292 io
191 5235 265 5294 dicto
279 5252 305 5293 c.
318 5239 354 5293 st
368 5243 449 5293 motu
459 5239 598 5311 proprio,
616 5246 643 5295 et
657 5237 739 5298 latius
752 5238 872 5311 explieat
884 5255 951 5299 euro
989 5239 1134 5298 verborum
1149 5239 1224 5297 eius:
1241 5253 1309 5312 ergo
1321 5243 1352 5296 ut
1363 5251 1426 5297 rere
1436 5235 1547 5297 dicatur
1556 5241 1702 5300 concessio
1712 5240 1785 5301 iacta
