4294 6238
370 375 455 438 282.
957 366 963 373 ’
1061 385 1162 432 arnan
1176 385 1237 434 ιιι.

331 513 457 586 operibus
467 511 658 580 consiliorum,
678 509 716 566 vel
728 511 810 568 otiam
823 511 848 565 in
860 509 949 579 bonis,
962 525 1033 582 quaa
1045 524 1127 580 rapu·
1167 510 1239 567 dona
1255 510 1378 581 recipere
1389 509 1528 568 ministros
1541 512 1671 583 iustitiae,
1689 515 1752 570 itam
1764 513 1836 570 dare
1852 511 1992 584 spiritua·

330 611 416 677 gnaat
437 601 573 670 consiliis,
589 604 620 656 ut
635 606 677 656 ost
698 599 917 668 matrimonium,
932 605 960 654 et
975 599 1079 671 tinagls
1096 595 1129 654 ad
1168 600 1211 670 le,
1228 601 1421 657 interveniente
1435 600 1507 658 dono
1528 603 1685 673 temporali,
1706 604 1815 660 etiarnsi
1830 618 1891 660 non
1905 603 1994 658 detur

330 688 459 762 causam}
474 690 500 745 in
519 689 648 759 operibus
662 690 752 744 nainus
767 686 1011 757 convenientibus,
1028 686 1070 744 vel
1085 685 1131 744 de·
1167 691 1194 745 in
1210 691 1343 757 pretium,
1360 689 1422 746 item
1437 688 1562 746 subditos
1576 706 1629 748 non
1652 691 1767 762 visitari,
1779 698 1835 748 aut
1851 689 1962 763 corrigi
1977 705 1993 746 a

330 779 468 851 centibus,
484 779 550 836 licet
563 785 660 836 contra
673 777 718 834 illa
732 778 792 832 iura
808 794 860 833 noa
876 777 940 848 sint3
958 785 989 833 ut
1001 783 1074 834 cssot
1088 776 1132 834 lex
1167 776 1309 848 praelatis,
1329 783 1358 834 et
1379 777 1484 834 similia.
1500 779 1717 836 consuetudines
1743 795 1815 852 ergo
1830 779 1868 836 de
1890 778 1995 834 huius·

331 869 502 942 praecipiens
514 867 593 924 ludos
605 867 697 922 minus
708 865 847 932 decantes,
860 872 908 922 aut
919 880 972 920 non
987 865 1131 936 expedien-
1167 866 1238 924 modi
1258 866 1356 934 rebus,
1371 868 1480 924 seclusa
1499 868 1557 941 lego
1578 869 1753 940 prohibente.
1776 865 1995 926 irrationabiles

330 959 389 1030 te's,
404 959 510 1014 edamsi
525 956 588 1014 mali
602 972 656 1011 ann
671 962 774 1012 esseut:
792 953 834 1009 vet
853 953 1008 1032 concedens
1023 953 1132 1010 clericis
1168 956 1265 1013 marito
1287 965 1445 1014 censentur.
1459 958 1580 1030 benique
1597 957 1732 1016 declarari
1758 958 1815 1016 hoc
1838 964 1942 1031 potest
1958 972 1994 1014 ex

332 1046 491 1117 actum,er
506 1046 626 1103 habitum
642 1061 695 1100 aon
713 1047 778 1100 satis
793 1043 950 1112 honestum,
963 1044 1005 1101 rel
1020 1044 1132 1114 similia,
1167 1045 1220 1116 his,
1230 1060 1301 1116 quae
1311 1045 1466 1102 diximusin
1478 1048 1590 1103 materia
1600 1047 1635 1103 de
1655 1050 1851 1104 iuramentoet
1862 1046 1900 1103 de
1911 1053 1994 1114 voto,

331 1154 397 1208 ergo
425 1137 498 1209 leges
525 1134 660 1191 humanae
688 1141 804 1204 possunt
830 1148 891 1189 esse
923 1132 1132 1205 irrationabiles,
1168 1135 1258 1206 aliqua
1271 1151 1349 1212 esse,
1360 1151 1430 1208 qaue
1444 1135 1508 1192 licet
1521 1153 1575 1192 noa
1593 1137 1664 1192 male
1688 1138 1763 1204 flant,
1778 1135 1857 1194 male
1874 1137 1997 1208 promit-

332 1226 436 1283 otiomsi
456 1241 509 1280 noa
531 1225 584 1279 sint
605 1239 718 1294 pravae,
734 1238 768 1280 ex
789 1225 901 1280 materia
920 1221 1053 1294 prohibita
1072 1223 1133 1280 iure
1168 1229 1275 1294 tantur,
1290 1230 1320 1279 ut
1334 1227 1462 1281 maritum
1475 1241 1529 1280 non
1540 1241 1675 1282 accusare
1691 1227 1841 1284 mullerem
1858 1225 1897 1281 de
1913 1224 1997 1282 adul·

332 1317 438 1382 divino,
455 1313 495 1369 ret
514 1313 647 1385 naturali,
664 1312 735 1369 idem
752 1328 819 1392 ergo
833 1329 894 1370 essa
913 1318 1006 1384 potest
1021 1313 1047 1368 in
1065 1328 1133 1368 oon·
1168 1311 1252 1378 tario,
1269 1328 1324 1368 non
1343 1328 1471 1369 revocare
1486 1320 1681 1371 testamentum
1701 1321 1754 1385 ,et
1767 1313 1890 1385 similia3
1908 1321 1939 1369 et
1958 1315 1997 1369 ita

334 1403 487 1460 suetudine.
1168 1408 1332 1471 potestesse
1353 1403 1498 1473 promissio
1511 1403 1720 1473 irrationabilis,
1743 1403 1857 1461 etiamsi
1872 1403 1997 1460 materia

372 1498 398 1550 9.
412 1492 511 1548 Deinde
522 1498 620 1548 contra
635 1490 712 1546 aliam
725 1492 887 1548 sententiam
901 1489 981 1560 addo,
995 1497 1026 1548 ut
1041 1489 1134 1562 aliqua
1169 1491 1227 1547 eius
1244 1490 1317 1546 nulla
1330 1491 1388 1562 lege
1403 1490 1537 1562 prohibita
1550 1493 1596 1564 sit,
1608 1494 1646 1548 ita
1659 1508 1725 1565 ergo
1749 1493 1997 1551 consuetudo.Et

334 1579 506 1638 causaretuda
522 1579 713 1636 irrationabilis
729 1579 775 1649 sit,
787 1596 841 1635 non
857 1577 996 1646 sufficere,
1009 1578 1084 1650 quod
1099 1581 1134 1636 sit
1168 1579 1230 1636 talis
1251 1586 1294 1636 est
1309 1580 1335 1636 in
1356 1582 1516 1636 universum
1535 1579 1595 1652 illa,
1611 1596 1681 1654 quaa
1709 1583 1824 1654 praebet
1847 1581 1996 1638 licentiam

334 1677 432 1728 contra
446 1671 506 1726 iura
521 1670 672 1736 canonica,
687 1684 776 1740 aeque
792 1668 817 1724 id
838 1684 944 1739 semper
957 1683 1019 1724 essa
1039 1683 1134 1726 neces·
1169 1666 1314 1740 peccandh
1329 1675 1360 1725 ut
1373 1677 1458 1734 essct,
1471 1669 1545 1742 qarod
1555 1670 1598 1726 lilii
1610 1672 1696 1743 spurii
1715 1678 1808 1728 essent
1819 1686 1918 1744 aeque
1930 1667 1996 1726 hae·

334 1760 448 1815 sarium.
460 1760 498 1812 lta
513 1759 637 1814 sentiunt
650 1759 778 1814 Panorm.
788 1763 816 1812 et
829 1757 884 1813 lere
898 1757 942 1813 atti
957 1757 983 1813 in
998 1756 1026 1813 d.
1040 1772 1065 1814 c.
1079 1755 1131 1812 ult.
1170 1758 1248 1815 redes
1259 1775 1292 1814 ac
1305 1757 1427 1830 legitimi,
1441 1759 1517 1830 quod
1531 1759 1707 1816 homicidium
1728 1761 1780 1818 leri
1797 1775 1895 1832 poena
1907 1774 1997 1830 pecu·

333 1850 368 1906 de
383 1854 510 1903 consuet.
523 1849 596 1902 bart.
609 1849 636 1902 in
650 1845 677 1902 d.
688 1845 706 1901 Ι.
720 1845 755 1902 de
768 1845 881 1918 palbras,
892 1847 919 1902 ll.
932 1845 965 1902 de
979 1847 1096 1918 legibus,
1108 1853 1136 1902 et
1170 1847 1253 1903 niaria
1268 1849 1421 1918 puniretur.
1432 1847 1505 1914 Quae
1519 1847 1644 1920 exenrpla
1658 1863 1722 1905 cum
1737 1850 1797 1905 aliis
1815 1851 1880 1906 late
1896 1865 1996 1922 prose·

334 1939 359 1994 ln
373 1938 389 1993 Ι.
399 1943 427 2006 2,
437 1938 467 1992 C.
480 1951 551 2008 quae
563 1937 598 1990 sit
611 1934 692 2006 longa
703 1935 889 2006 consuetudo,
900 1942 928 1991 et
938 1935 1070 2006 alii,quos
1080 1941 1135 1990 sta·
1170 1936 1269 2008 quitur
1283 1936 1396 1992 Roohus
1410 1936 1484 1992 dicto
1498 1938 1618 2008 capuit.
1628 1943 1713 1996 ιι.26.

334 2027 383 2082 tim
399 2027 525 2082 reseram.
541 2026 576 2080 Et
594 2025 728 2094 probatur
742 2026 818 2094 prior
837 2039 915 2094 pars,
931 2025 995 2096 quia
1015 2039 1134 2080 consue·
1214 2030 1257 2082 so.
1271 2024 1346 2081 Unde
1360 2024 1511 2096 concludo,
1525 2026 1753 2082 consuetudinem
1771 2042 1857 2098 passe
1872 2043 1940 2084 essa
1954 2030 1993 2084 ir·

334 2115 402 2172 ludo
425 2113 615 2170 irrationabilis
630 2129 683 2168 non
706 2118 796 2184 potest
810 2113 966 2184 praevalere
985 2121 1085 2169 contra
1098 2112 1136 2168 le·
1171 2113 1367 2184 rationabilem,
1385 2115 1492 2170 etiamsi
1503 2131 1536 2171 ex
1550 2118 1664 2172 materia
1676 2116 1745 2172 mala
1760 2117 1881 2186 nonsit,
1896 2125 1929 2175 ut
1944 2133 1993 2188 pa·

335 2221 397 2278 gem
409 2205 567 2269 humanam,
579 2209 610 2258 ut
625 2202 741 2259 hahetur
752 2203 779 2256 in
793 2201 820 2258 d.
831 2217 893 2272 cap.
904 2202 953 2258 ult.
961 2201 995 2260 de
1004 2208 1135 2259 consuet.
1172 2209 1220 2271 tet,
1236 2203 1258 2258 si
1272 2205 1414 2274 contingat
1431 2203 1571 2260 materiam
1585 2205 1645 2260 eius
1657 2221 1718 2260 asse
1738 2203 1934 2276 indecentem,
1950 2207 1992 2262 vel

334 2302 364 2351 et
378 2301 468 2350 tamen
484 2289 658 2349 consuetudo
673 2292 812 2348 contraria
827 2292 879 2363 lagi
892 2291 1029 2348 humanae
1041 2299 1136 2363 potest
1173 2291 1272 2348 hahere
1287 2291 1389 2363 aliquid
1410 2292 1541 2362 periculi,
1558 2293 1600 2349 vet
1621 2294 1805 2364 incommodi,
1826 2297 1853 2352 si
1874 2294 1992 2367 publice

335 2381 493 2456 praevalere
508 2387 607 2438 contra
626 2379 714 2452 illam,
731 2388 762 2436 ut
776 2380 845 2438 inlrn
859 2375 1054 2453 ostendemus3
1070 2395 1136 2453 ergo
1171 2390 1199 2438 et
1212 2382 1397 2438 communiter
1412 2380 1620 2454 introducatur,
1632 2391 1660 2440 et
1673 2383 1853 2440 nihilominus
1871 2401 1927 2442 nec
1943 2400 1994 2456 per

335 2489 390 2530 non
406 2473 494 2529 omnis
511 2471 685 2528 consuetudo
705 2471 845 2528 contraria
866 2470 917 2544 legi
934 2471 1070 2528 humanae
1089 2487 1138 2542 po-
1172 2485 1202 2526 se
1216 2469 1286 2526 mala
1304 2471 1351 2539 sit,
1367 2485 1417 2526 nec
1433 2470 1568 2542 prohibita
1581 2473 1640 2527 iure
1654 2471 1745 2544 aliquo
1759 2473 1897 2544 positivo,
1917 2480 1949 2528 ut
1963 2474 1989 2528 in

336 2570 392 2620 test
402 2563 507 2618 censeri
520 2559 720 2617 irrationabilis.
730 2561 823 2618 hltern
834 2577 898 2633 pars
908 2561 984 2618 clara
994 2568 1036 2618 est
1045 2562 1072 2618 r'n
1083 2561 1135 2632 his,
1172 2559 1304 2616 multiscx
1317 2559 1400 2616 dictis
1411 2561 1544 2631 exemplis
1556 2561 1715 2634 contingere
1726 2569 1826 2632 potest.
1839 2564 1908 2619 Ete
1921 2577 1991 2618 con·⁴

337 2667 407 2725 quae
421 2657 485 2708 sunt
498 2659 595 2708 contra
607 2651 650 2706 ias
663 2649 849 2721 divinum,xel
862 2650 1069 2723 naturaledicet
1082 2667 1137 2708 non
1172 2650 1257 2705 trario
1278 2649 1359 2704 etiam
1383 2665 1464 2720 passe
1477 2666 1538 2706 esse
1558 2650 1785 2707 consuetudinem
1806 2651 1913 2707 ntalem
1933 2650 1990 2705 sal·

338 2742 392 2797 sint
402 2739 558 2811 specialiter
573 2739 709 2811 prohibita
722 2755 770 2811 per
785 2740 873 2812 legem
888 2739 1137 2797 humanam.Prae·
1172 2744 1225 2793 tem
1246 2737 1271 2792 in
1292 2739 1365 2809 lieri,
1380 2747 1408 2796 et
1428 2740 1454 2795 in
1473 2740 1598 2810 actibus,
1614 2755 1662 2810 per
1684 2754 1755 2811 quas
1775 2739 1987 2804 introducitur,

338 2839 380 2888 ter
396 2831 463 2886 haec
478 2845 543 2886 aero
559 2836 624 2887 sunt
638 2829 739 2902 aliqua,
751 2844 822 2902 quae
836 2829 901 2886 lieet
914 2827 989 2885 nulla
1003 2828 1062 2901 lege
1076 2845 1138 2900 spe·
1172 2827 1236 2898 quia
1248 2827 1377 2883 nimirum
1389 2827 1516 2900 prohibiti
1527 2835 1593 2885 snat
1607 2829 1703 2884 sallem
1714 2844 1763 2900 par
1780 2827 1873 2900 legem
1887 2827 1988 2883 huma·

338 2919 444 2976 cialiter
458 2919 512 2974 sint
526 2917 678 2990 prohibita,
694 2917 793 2973 hahent
807 2916 1001 2988 indecentiam,
1015 2917 1058 2974 vel
1071 2933 1137 2976 con·
1172 2933 1253 2987 narn,
1266 2924 1295 2972 et
1316 2916 1492 2974 nihilominus
1512 2934 1566 2973 non
1586 2931 1647 2972 esse
1666 2916 1893 2988 irrationabilerm
1907 2915 1986 2988 naria,

338 3008 466 3066 ditionem
477 3008 606 3078 aliquam,
619 3005 655 3063 oh
665 3021 748 3079 quam
760 3007 849 3076 inepta
860 3011 887 3062 et
901 3006 1011 3080 indigna
1022 3023 1138 3064 censen·
1172 3004 1282 3061 seclusa
1295 3006 1354 3077 lege
1369 3005 1503 3072 humana,
1519 3008 1632 3062 materia
1646 3005 1693 3062 illa
1706 3021 1760 3062 non
1775 3013 1851 3062 asset
1869 3007 1984 3062 omnino

338 3106 395 3164 tur,
412 3108 443 3153 nt
456 3111 504 3167 per
518 3094 745 3152 consuetudinem
758 3095 937 3162 inducantur,
952 3111 1019 3168 ergo
1035 3097 1062 3151 ia
1080 3095 1136 3152 tali·
1171 3095 1262 3165 inepta
1273 3095 1307 3151 ad
1321 3095 1549 3152 consuetudinem
1562 3095 1636 3154 circa
1650 3095 1723 3152 illam
1738 3094 1984 3153 introducendam.

337 3186 391 3242 bus
405 3183 578 3241 consuetudo
588 3185 641 3240 erit
654 3183 855 3253 irrationabilis,
866 3185 974 3240 etiamsi
985 3183 1137 3240 canonibus
1172 3183 1207 3240 Et
1217 3185 1255 3238 ita
1270 3185 1351 3239 sentit
1364 3190 1458 3255 aperta
1471 3185 1619 3240 Panormit.
1632 3185 1659 3239 in
1671 3183 1699 3240 d.
1711 3199 1773 3256 cap.
1784 3185 1835 3242 ult.
1849 3201 1879 3241 n.
1890 3187 1922 3253 t,
1935 3183 1983 3238 ubi

342 3291 391 3334 seu
404 3275 508 3347 legibus
523 3273 660 3332 contraria
675 3265 728 3329 don
743 3273 968 3330 sithntecedens
981 3273 1138 3330 declaratur
1172 3274 1254 3329 verba
1269 3273 1342 3329 illius
1362 3281 1451 3330 textus
1465 3273 1596 3339 dicentis,
1612 3289 1666 3330 nan
1680 3285 1740 3330 esse
1754 3273 1835 3329 vilem
1855 3273 1984 3332 auctori·

339 3380 373 3422 ex
386 3363 432 3421 illo
448 3362 524 3420 Pauli
541 3364 637 3419 t.Cor.
648 3365 695 3420 tt:
712 3363 816 3419 Οιιιιιὶι
827 3366 874 3419 atr
888 3378 987 3430 orans,
1003 3368 1058 3420 aaut
1066 3379 1138 3438 pro·
1172 3367 1256 3418 tatem
1273 3363 1419 3434 longaevae
1437 3363 1644 3420 consuetudinis
1658 3364 1740 3420 etiam
1754 3362 1789 3418 de
1808 3363 1883 3418 mala
1899 3376 1983 3433 posse

337 3457 466 3530 phetans
482 3451 577 3510 velato
592 3453 707 3525 capite.
724 3451 865 3525 deturpat
879 3457 973 3528 caput
990 3469 1096 3518 suanm
1110 3458 1138 3508 et
1173 3451 1295 3524 intellige
1316 3468 1378 3508 nam
1394 3452 1657 3523 potest‘praevalere
1671 3459 1768 3508 contra
1783 3451 1884 3524 legam,
1900 3452 1923 3505 si
1939 3463 1983 3504 ra·

339 3543 419 3600 intra:
436 3544 533 3616 Turpe
543 3545 586 3598 est
598 3541 750 3598 mullerem
761 3540 887 3606 tonderi,
902 3547 957 3599 aul
969 3539 1135 3598 decalvari.
1173 3539 1304 3596 tionahilis
1320 3542 1372 3610 sit,
1389 3543 1520 3612 supponit
1533 3555 1616 3612 ergo,
1632 3540 1731 3596 malam
1745 3538 1980 3596 constratudiaem

341 3635 414 3688 llaec
426 3633 495 3688 enim
507 3638 536 3687 et
548 3630 645 3686 similia
656 3645 709 3686 non
720 3637 786 3686 sunt
796 3630 920 3686 absolute
932 3629 1066 3702 prohibita
1076 3631 1137 3686 iure
1173 3644 1252 3700 posse
1263 3644 1324 3684 esse
1335 3625 1530 3684 rationabilem.
1539 3631 1598 3685 Hoc
1610 3637 1701 3686 autern
1713 3627 1925 3700 intelligendum
1934 3632 1979 3680 est

232 3784 233 3788 ,
340 3728 598 3793 naturaatanquam
611 3718 1139 3788 moralitermalmetalhilominuslicet
1172 3715 1205 3772 de
1220 3717 1363 3790 illa,quae
1378 3717 1414 3772 ita
1432 3723 1476 3772 est
1490 3716 1561 3774 mala
1575 3707 1740 3786 in'tieri,ut
1761 3717 1786 3772 in
1801 3717 1878 3774 lacto
1892 3717 1982 3788 possit

340 3809 416 3866 nulla
430 3809 490 3880 lege
505 3808 619 3878 positiva
632 3803 731 3876 divina,
749 3806 790 3863 vel
806 3805 925 3863 humana
939 3813 1078 3876 vetentur,
1090 3807 1137 3862 ha·
1172 3821 1233 3862 esse
1247 3821 1300 3861 non
1315 3806 1397 3874 nanta,
1415 3813 1446 3862 ut
1461 3807 1487 3860 ia
1503 3807 1683 3878 separantibus
1698 3805 1891 3877 explicabitur.

339 3897 405 3953 beat
425 3895 571 3968 quamdam
589 3894 788 3966 indecentiam,
810 3901 840 3952 ut
859 3894 1023 3967 significavit
1036 3895 1137 3952 Paulus
1210 3898 1299 3967 Atque
1313 3895 1349 3952 ita
1367 3895 1449 3950 etiam
1470 3894 1669 3964 concluditur,
1696 3911 1749 3950 non
1770 3909 1831 3952 esse
1852 3895 1979 3954 eumdem

341 3986 527 4056 subiungens:
544 3989 644 4055 Neque
662 3986 732 4056 ipsa
751 3987 865 4041 natura
877 3982 960 4040 docel
979 3999 1043 4052 vos,
1060 3982 1139 4057 quod
1173 3984 1346 4054 partitionem
1361 3983 1569 4040 consuetudinis
1584 3984 1610 4040 in
1626 3985 1725 4040 bonam
1745 3990 1772 4039 ct
1787 3986 1897 4055 malam,
1910 3990 1939 4039 et
1951 3984 1978 4037 in

340 4077 388 4130 air
398 4071 515 4146 quidem
527 4075 553 4128 si
568 4087 688 4128 comam
701 4073 827 4136 nutriat,
841 4075 1010 4144 ipnominia
1019 4077 1064 4129 'est
1076 4070 1137 4138 illi;
1174 4073 1356 4129 rationabilem
1369 4074 1409 4129 vel
1421 4072 1643 4130 irrationabilem.
1652 4074 1687 4129 Et
1698 4075 1768 4128 ratio
1782 4073 1859 4128 reddi
1875 4077 1978 4144 potest,

341 4162 450 4219 mulier
470 4169 571 4218 autern
586 4163 612 4216 si
632 4174 751 4218 comam
764 4163 893 4224 nutriat.
910 4158 1008 4232 pluria
1022 4165 1064 4218 est
1080 4159 1138 4228 stu,-
1173 4163 1238 4234 quia
1251 4162 1359 4218 bonitas
1373 4169 1401 4218 et
1415 4162 1517 4218 malitia
1533 4160 1712 4217 attenduntur
1725 4177 1758 4218 ex
1780 4162 1911 4231 obiectis,
1927 4173 1976 4214 seu

341 4252 389 4308 ubi
405 4250 575 4307 Ambrosius:
589 4247 771 4308 stationaliter
784 4250 838 4306 hoo
851 4251 1013 4317 honestum,
1031 4253 1059 4306 el
1070 4245 1151 4324 pro·'
1173 4251 1277 4324 exlege
1293 4249 1463 4322 prohibente,
1479 4257 1527 4306 aut
1542 4265 1596 4305 aaa
1612 4251 1786 4321 prohibente,
1810 4249 1976 4308 rationabili-

254 4355 265 4364 ·
340 4339 501 4416 pemodum
514 4337 666 4396 deorclam
676 4336 740 4396 osolt
753 4353 822 4395 esse.
830 4339 880 4395 Ubi
895 4339 993 4397 merito
1007 4339 1074 4396 dixit
1084 4355 1139 4397 aa·
1174 4347 1215 4396 tas
1229 4347 1322 4397 aulem
1335 4339 1378 4396 val
1388 4340 1609 4396 irrationabilitas
1619 4339 1746 4396 videatur
1761 4337 1975 4397 considerandae

341 4428 481 4500 {ruraliter
494 4433 521 4484 et
538 4425 766 4502 propemodum,
786 4429 852 4499 quia
866 4427 974 4485 seclusa
988 4428 1047 4501 lege
1066 4431 1140 4500 posi·
1173 4445 1205 4486 ex
1221 4431 1399 4501 proportione
1413 4429 1447 4486 ad
1461 4443 1637 4486 communem
1651 4445 1744 4497 arsum,
1757 4436 1784 4485 et
1799 4430 1842 4486 ius
1858 4441 1975 4486 consuc-

342 4521 412 4586 tixa,
428 4518 494 4574 haec
513 4516 636 4572 decentia
650 4515 781 4577 naturalis
796 4524 854 4588 est,
870 4533 925 4572 nan
940 4517 998 4590 lege
1018 4519 1133 4576 naturali
1173 4517 1285 4588 tudinis,
1302 4524 1332 4574 ut
1345 4519 1373 4573 in
1387 4533 1450 4588 cap.
1463 4529 1520 4589 seq.
1535 4519 1620 4590 magis
1635 4517 1787 4588 explicabo.
1801 4519 1895 4591 Neque
1908 4529 1973 4572 coa·

341 4609 466 4679 rigorose
482 4605 649 4662 contrarium
666 4603 837 4675 prohibente,
849 4604 898 4661 sed
909 4601 1135 4678 propemodum.
1175 4616 1216 4664 tra
1229 4607 1283 4664 hoc
1302 4607 1412 4663 obstant
1432 4607 1550 4663 adducta
1563 4607 1591 4662 ia
1610 4606 1733 4688 secupda
1757 4607 1897 4678 opinione,
1913 4603 1973 4677 qnia

342 4697 371 4752 ld
388 4701 479 4752 autem
494 4694 613 4766 sufficit,
630 4703 661 4750 ut
673 4693 847 4750 consuetudo
862 4694 898 4750 illi
916 4693 1058 4752 decentiae
1073 4711 1138 4753 eon·
1174 4699 1232 4753 iura
1243 4706 1271 4754 et
1284 4698 1391 4770 glossas
1401 4696 1437 4752 ihi
1451 4698 1551 4754 citatae
1561 4697 1588 4752 in
1604 4695 1655 4752 alio
1667 4710 1750 4751 sensu
1770 4694 1931 4768 loquuntur,
1944 4697 1973 4747 ut

342 4787 426 4844 traria
444 4783 637 4840 irrationabilia
658 4784 701 4839 sit.
718 4784 810 4840 Potest
829 4784 911 4839 etiam
931 4783 983 4840 hoc
1004 4785 1137 4843 declarari
1174 4788 1264 4844 statim
1278 4788 1304 4842 in
1323 4787 1375 4842 alio
1391 4786 1513 4842 membro
1529 4785 1626 4841 harum
1644 4783 1806 4841 divisionum
1828 4781 1972 4856 explicabi-

342 4894 376 4932 ox
391 4873 533 4947 operibus,
545 4888 614 4944 quac
629 4863 694 4928 licet
709 4871 766 4943 lege
781 4872 894 4942 positiva
908 4889 962 4929 nou
977 4873 1138 4945 prohibean·
1175 4883 1231 4932 tur.
1248 4877 1325 4933 Ratio
1340 4882 1434 4932 autem
1447 4875 1481 4930 ibi
1497 4875 1569 4932 tacta
1584 4873 1714 4946 inquirit,
1731 4874 1872 4946 quomodo
1889 4869 1971 4945 possit

343 4976 399 5034 tur,
416 4978 504 5036 noque
519 4962 695 5018 intrinsecam
709 4960 827 5016 habeant
835 4961 977 5030 malitiam,
994 4964 1020 5018 in
1036 4965 1137 5020 malum
1173 4963 1346 5022 consuetudo
1359 4963 1410 5037 legi
1423 4965 1561 5021 contraria
1572 4977 1632 5020 esse
1643 4961 1907 5036 rationabilis‚quod
1919 4967 1971 5016 tra·

343 5069 440 5112 sonare
452 5053 584 5109 dicuntur
595 5067 610 5106 a
622 5049 765 5122 theologis,
777 5051 840 5122 quia
852 5051 1003 5121 periculum
1016 5054 1077 5109 mali
1091 5053 1139 5110 ha·
1173 5053 1308 5108 stabimus
1318 5051 1716 5124 infradisputanda,.quomodo
1727 5051 1970 5109 cousuetudocon-

343 5145 423 5212 beot,
439 5140 598 5214 praesertim
614 5141 636 5198 si
656 5139 813 5210 trequentes
827 5140 906 5205 bant,
923 5145 971 5196 aut
984 5145 1139 5198 communi·
1174 5147 1215 5197 tra
1231 5143 1317 5214 legem
1333 5141 1479 5198 humanam
1493 5141 1658 5213 praevaleat.

344 5241 386 5288 ter
398 5231 600 5300 permittentem
611 5234 642 5281 ut
652 5234 695 5282 ast
707 5226 822 5284 vendere
833 5227 923 5284 officia
932 5229 1061 5304 iustitiae,
1073 5232 1136 5287 item
1211 5235 1342 5318 superest
1354 5246 1418 5286 sero
1429 5230 1629 5302 inqtrireadum,
1643 5227 1670 5285 in
1681 5245 1738 5302 quo
1749 5231 1891 5304 consistat,
1904 5239 1968 5284 cou-
