<?xml version="1.0" encoding="UTF-8"?>
<!DOCTYPE html PUBLIC "-//W3C//DTD XHTML 1.0 Transitional//EN"
    "http://www.w3.org/TR/xhtml1/DTD/xhtml1-transitional.dtd">
<html xmlns="http://www.w3.org/1999/xhtml" xml:lang="en" lang="en">
 <head>
  <title>
</title>
<meta http-equiv="Content-Type" content="text/html;charset=utf-8" />
  <meta name='ocr-system' content='tesseract 3.04.00' />
  <meta name='ocr-capabilities' content='ocr_page ocr_carea ocr_par ocr_line ocrx_word'/>
</head>
<body>
  <div class='ocr_page' id='page_1' title='image "./tractatusdelegi00sugoog_0464.png"; bbox 0 0 4260 6222; ppageno 0'>
   <div class='ocr_carea' id='block_1_1' title="bbox 889 348 1756 416">
    <p class='ocr_par' dir='ltr' id='par_1_1' title="bbox 889 348 1756 416">
     <span class='ocr_line' id='line_1_1' title="bbox 889 348 1756 416; baseline -0.005 -2"><span class='ocrx_word' id='word_1_1' title='bbox 889 363 1094 416; x_wconf 75' lang='lat' dir='ltr'>mourxxv.</span> <span class='ocrx_word' id='word_1_2' title='bbox 1694 348 1756 412; x_wconf 72' lang='lat'>435</span> 
     </span>
    </p>
   </div>
   <div class='ocr_carea' id='block_1_2' title="bbox 160 486 1802 1279">
    <p class='ocr_par' dir='ltr' id='par_1_2' title="bbox 160 486 1802 1279">
     <span class='ocr_line' id='line_1_2' title="bbox 164 486 1800 567; baseline 0.002 -25"><span class='ocrx_word' id='word_1_3' title='bbox 164 486 191 542; x_wconf 90' lang='lat' dir='ltr'>di</span> <span class='ocrx_word' id='word_1_4' title='bbox 211 503 266 543; x_wconf 89' lang='lat' dir='ltr'>aaa</span> <span class='ocrx_word' id='word_1_5' title='bbox 287 492 379 559; x_wconf 89' lang='lat' dir='ltr'>potest</span> <span class='ocrx_word' id='word_1_6' title='bbox 399 486 424 542; x_wconf 91' lang='lat' dir='ltr'>in</span> <span class='ocrx_word' id='word_1_7' title='bbox 445 486 491 544; x_wconf 92' lang='lat' dir='ltr'>tali</span> <span class='ocrx_word' id='word_1_8' title='bbox 512 487 661 564; x_wconf 90' lang='lat' dir='ltr'>privilegio.</span> <span class='ocrx_word' id='word_1_9' title='bbox 680 489 752 564; x_wconf 84' lang='lat' dir='ltr'>Ergo</span> <span class='ocrx_word' id='word_1_10' title='bbox 767 502 820 546; x_wconf 93' lang='lat' dir='ltr'>non</span> <span class='ocrx_word' id='word_1_11' title='bbox 835 495 877 546; x_wconf 88' lang='lat' dir='ltr'>est</span> <span class='ocrx_word' id='word_1_12' title='bbox 890 495 967 548; x_wconf 81' lang='lat' dir='ltr'>extro</span> <span class='ocrx_word' id='word_1_13' title='bbox 1001 493 1105 563; x_wconf 84' lang='lat' dir='ltr'>Primo,</span> <span class='ocrx_word' id='word_1_14' title='bbox 1120 493 1185 567; x_wconf 86' lang='lat' dir='ltr'>quie</span> <span class='ocrx_word' id='word_1_15' title='bbox 1199 491 1232 549; x_wconf 91' lang='lat' dir='ltr'>ad</span> <span class='ocrx_word' id='word_1_16' title='bbox 1248 491 1444 566; x_wconf 82' lang='lat' dir='ltr'>acquirendum</span> <span class='ocrx_word' id='word_1_17' title='bbox 1459 489 1636 548; x_wconf 89' lang='lat' dir='ltr'>commodum</span> <span class='ocrx_word' id='word_1_18' title='bbox 1652 505 1685 547; x_wconf 83' lang='lat' dir='ltr'>ex</span> <span class='ocrx_word' id='word_1_19' title='bbox 1702 497 1800 548; x_wconf 85' lang='lat' dir='ltr'>notura</span> 
     </span>
     <span class='ocr_line' id='line_1_3' title="bbox 163 577 1801 654; baseline 0.002 -21"><span class='ocrx_word' id='word_1_20' title='bbox 163 581 329 650; x_wconf 85' lang='lat' dir='ltr'>potestatem</span> <span class='ocrx_word' id='word_1_21' title='bbox 347 577 478 646; x_wconf 88' lang='lat' dir='ltr'>principis</span> <span class='ocrx_word' id='word_1_22' title='bbox 493 577 684 634; x_wconf 86' lang='lat' dir='ltr'>concedentis.¹</span> <span class='ocrx_word' id='word_1_23' title='bbox 697 578 811 646; x_wconf 86' lang='lat' dir='ltr'>Quaado</span> <span class='ocrx_word' id='word_1_24' title='bbox 826 595 892 636; x_wconf 87' lang='lat' dir='ltr'>vero</span> <span class='ocrx_word' id='word_1_25' title='bbox 903 579 967 636; x_wconf 80' lang='lat' dir='ltr'>eite-</span> <span class='ocrx_word' id='word_1_26' title='bbox 1002 583 1041 638; x_wconf 90' lang='lat' dir='ltr'>rei</span> <span class='ocrx_word' id='word_1_27' title='bbox 1059 580 1166 638; x_wconf 89' lang='lat' dir='ltr'>videtur</span> <span class='ocrx_word' id='word_1_28' title='bbox 1181 581 1310 639; x_wconf 83' lang='lat' dir='ltr'>sufficere</span> <span class='ocrx_word' id='word_1_29' title='bbox 1322 581 1457 654; x_wconf 89' lang='lat' dir='ltr'>generalis</span> <span class='ocrx_word' id='word_1_30' title='bbox 1471 580 1598 637; x_wconf 91' lang='lat' dir='ltr'>voluntas</span> <span class='ocrx_word' id='word_1_31' title='bbox 1615 579 1746 653; x_wconf 84' lang='lat' dir='ltr'>termolis,</span> <span class='ocrx_word' id='word_1_32' title='bbox 1758 580 1801 637; x_wconf 88' lang='lat' dir='ltr'>vel</span> 
     </span>
     <span class='ocr_line' id='line_1_4' title="bbox 163 665 1802 746; baseline 0.002 -23"><span class='ocrx_word' id='word_1_33' title='bbox 163 675 230 723; x_wconf 90' lang='lat' dir='ltr'>elus</span> <span class='ocrx_word' id='word_1_34' title='bbox 241 665 374 738; x_wconf 82' lang='lat' dir='ltr'>privilegii</span> <span class='ocrx_word' id='word_1_35' title='bbox 385 667 551 722; x_wconf 79' lang='lat' dir='ltr'>coniunctus</span> <span class='ocrx_word' id='word_1_36' title='bbox 563 669 966 740; x_wconf 88' lang='lat' dir='ltr'>estcumpericulocoaseien-</span> <span class='ocrx_word' id='word_1_37' title='bbox 1001 671 1141 742; x_wconf 89' lang='lat' dir='ltr'>virtualis,</span> <span class='ocrx_word' id='word_1_38' title='bbox 1157 688 1240 746; x_wconf 90' lang='lat' dir='ltr'>quarn</span> <span class='ocrx_word' id='word_1_39' title='bbox 1259 686 1353 727; x_wconf 90' lang='lat' dir='ltr'>omnes</span> <span class='ocrx_word' id='word_1_40' title='bbox 1369 670 1492 728; x_wconf 87' lang='lat' dir='ltr'>homines</span> <span class='ocrx_word' id='word_1_41' title='bbox 1507 670 1622 740; x_wconf 89' lang='lat' dir='ltr'>habeat,</span> <span class='ocrx_word' id='word_1_42' title='bbox 1641 669 1802 743; x_wconf 89' lang='lat' dir='ltr'>aceeptaodi</span> 
     </span>
     <span class='ocr_line' id='line_1_5' title="bbox 163 754 1800 833; baseline 0.004 -23"><span class='ocrx_word' id='word_1_43' title='bbox 163 757 217 811; x_wconf 91' lang='lat' dir='ltr'>tiae</span> <span class='ocrx_word' id='word_1_44' title='bbox 229 754 416 816; x_wconf 82' lang='lat' dir='ltr'>subditi.tunc</span> <span class='ocrx_word' id='word_1_45' title='bbox 430 754 513 811; x_wconf 90' lang='lat' dir='ltr'>videri</span> <span class='ocrx_word' id='word_1_46' title='bbox 528 757 639 828; x_wconf 89' lang='lat' dir='ltr'>quidem</span> <span class='ocrx_word' id='word_1_47' title='bbox 651 763 811 829; x_wconf 74' lang='lat' dir='ltr'>potestesse</span> <span class='ocrx_word' id='word_1_48' title='bbox 822 774 906 831; x_wconf 91' lang='lat' dir='ltr'>snpra</span> <span class='ocrx_word' id='word_1_49' title='bbox 917 773 967 830; x_wconf 91' lang='lat' dir='ltr'>po·</span> <span class='ocrx_word' id='word_1_50' title='bbox 1001 759 1134 833; x_wconf 92' lang='lat' dir='ltr'>quidquid</span> <span class='ocrx_word' id='word_1_51' title='bbox 1149 760 1198 816; x_wconf 90' lang='lat' dir='ltr'>sibi</span> <span class='ocrx_word' id='word_1_52' title='bbox 1213 766 1255 818; x_wconf 89' lang='lat' dir='ltr'>est</span> <span class='ocrx_word' id='word_1_53' title='bbox 1275 760 1466 832; x_wconf 89' lang='lat' dir='ltr'>commodum,</span> <span class='ocrx_word' id='word_1_54' title='bbox 1481 767 1509 816; x_wconf 89' lang='lat' dir='ltr'>ct</span> <span class='ocrx_word' id='word_1_55' title='bbox 1529 759 1640 817; x_wconf 75' lang='lat' dir='ltr'>litoralis</span> <span class='ocrx_word' id='word_1_56' title='bbox 1656 776 1800 832; x_wconf 87' lang='lat' dir='ltr'>praesum·</span> 
     </span>
     <span class='ocr_line' id='line_1_6' title="bbox 162 845 1800 923; baseline 0.002 -22"><span class='ocrx_word' id='word_1_57' title='bbox 162 850 301 918; x_wconf 89' lang='lat' dir='ltr'>testatem,</span> <span class='ocrx_word' id='word_1_58' title='bbox 317 847 380 916; x_wconf 92' lang='lat' dir='ltr'>quio</span> <span class='ocrx_word' id='word_1_59' title='bbox 394 860 448 902; x_wconf 93' lang='lat' dir='ltr'>noa</span> <span class='ocrx_word' id='word_1_60' title='bbox 462 851 505 902; x_wconf 88' lang='lat' dir='ltr'>est</span> <span class='ocrx_word' id='word_1_61' title='bbox 518 847 553 904; x_wconf 90' lang='lat' dir='ltr'>ed</span> <span class='ocrx_word' id='word_1_62' title='bbox 568 845 797 920; x_wconf 76' lang='lat' dir='ltr'>destructionem,</span> <span class='ocrx_word' id='word_1_63' title='bbox 813 848 862 904; x_wconf 91' lang='lat' dir='ltr'>sed</span> <span class='ocrx_word' id='word_1_64' title='bbox 876 849 910 905; x_wconf 93' lang='lat' dir='ltr'>ad</span> <span class='ocrx_word' id='word_1_65' title='bbox 922 864 967 905; x_wconf 91' lang='lat' dir='ltr'>ae·</span> <span class='ocrx_word' id='word_1_66' title='bbox 1001 851 1069 921; x_wconf 92' lang='lat' dir='ltr'>ptio,</span> <span class='ocrx_word' id='word_1_67' title='bbox 1082 865 1152 922; x_wconf 89' lang='lat' dir='ltr'>quae</span> <span class='ocrx_word' id='word_1_68' title='bbox 1167 851 1302 908; x_wconf 88' lang='lat' dir='ltr'>interdum</span> <span class='ocrx_word' id='word_1_69' title='bbox 1314 857 1356 906; x_wconf 90' lang='lat' dir='ltr'>est</span> <span class='ocrx_word' id='word_1_70' title='bbox 1369 851 1495 922; x_wconf 80' lang='lat' dir='ltr'>maeimo3</span> <span class='ocrx_word' id='word_1_71' title='bbox 1508 865 1573 923; x_wconf 86' lang='lat' dir='ltr'>ergo</span> <span class='ocrx_word' id='word_1_72' title='bbox 1588 851 1612 906; x_wconf 93' lang='lat' dir='ltr'>ia</span> <span class='ocrx_word' id='word_1_73' title='bbox 1628 849 1717 922; x_wconf 89' lang='lat' dir='ltr'>rigore</span> <span class='ocrx_word' id='word_1_74' title='bbox 1732 849 1800 906; x_wconf 88' lang='lat' dir='ltr'>baec</span> 
     </span>
     <span class='ocr_line' id='line_1_7' title="bbox 160 925 1801 1012; baseline 0.002 -22"><span class='ocrx_word' id='word_1_75' title='bbox 160 935 356 991; x_wconf 89' lang='lat' dir='ltr'>dilicationem.</span> <span class='ocrx_word' id='word_1_76' title='bbox 373 936 567 992; x_wconf 85' lang='lat' dir='ltr'>Verumtamen</span> <span class='ocrx_word' id='word_1_77' title='bbox 586 939 668 994; x_wconf 87' lang='lat' dir='ltr'>eliano</span> <span class='ocrx_word' id='word_1_78' title='bbox 688 947 755 995; x_wconf 90' lang='lat' dir='ltr'>tuac</span> <span class='ocrx_word' id='word_1_79' title='bbox 774 938 846 995; x_wconf 83' lang='lat' dir='ltr'>torte</span> <span class='ocrx_word' id='word_1_80' title='bbox 860 955 912 994; x_wconf 93' lang='lat' dir='ltr'>nou</span> <span class='ocrx_word' id='word_1_81' title='bbox 927 940 966 995; x_wconf 89' lang='lat' dir='ltr'>ite</span> <span class='ocrx_word' id='word_1_82' title='bbox 1002 939 1132 1006; x_wconf 83' lang='lat' dir='ltr'>sufficiet,</span> <span class='ocrx_word' id='word_1_83' title='bbox 1146 947 1176 996; x_wconf 91' lang='lat' dir='ltr'>ut</span> <span class='ocrx_word' id='word_1_84' title='bbox 1191 941 1317 1012; x_wconf 88' lang='lat' dir='ltr'>princeps</span> <span class='ocrx_word' id='word_1_85' title='bbox 1331 955 1477 1011; x_wconf 89' lang='lat' dir='ltr'>supremus</span> <span class='ocrx_word' id='word_1_86' title='bbox 1489 955 1540 995; x_wconf 90' lang='lat' dir='ltr'>sua</span> <span class='ocrx_word' id='word_1_87' title='bbox 1553 925 1693 995; x_wconf 85' lang='lat' dir='ltr'>¹voluntate</span> <span class='ocrx_word' id='word_1_88' title='bbox 1708 937 1801 994; x_wconf 86' lang='lat' dir='ltr'>ellico-</span> 
     </span>
     <span class='ocr_line' id='line_1_8' title="bbox 162 1023 1798 1102; baseline 0.002 -22"><span class='ocrx_word' id='word_1_89' title='bbox 162 1023 252 1098; x_wconf 88' lang='lat' dir='ltr'>deest,</span> <span class='ocrx_word' id='word_1_90' title='bbox 269 1031 301 1080; x_wconf 93' lang='lat' dir='ltr'>nt</span> <span class='ocrx_word' id='word_1_91' title='bbox 313 1024 419 1080; x_wconf 87' lang='lat' dir='ltr'>iactum</span> <span class='ocrx_word' id='word_1_92' title='bbox 435 1039 487 1080; x_wconf 91' lang='lat' dir='ltr'>aaa</span> <span class='ocrx_word' id='word_1_93' title='bbox 499 1031 601 1096; x_wconf 91' lang='lat' dir='ltr'>teneat,</span> <span class='ocrx_word' id='word_1_94' title='bbox 614 1026 663 1083; x_wconf 90' lang='lat' dir='ltr'>sed</span> <span class='ocrx_word' id='word_1_95' title='bbox 675 1028 764 1084; x_wconf 89' lang='lat' dir='ltr'>solum</span> <span class='ocrx_word' id='word_1_96' title='bbox 776 1043 809 1084; x_wconf 91' lang='lat' dir='ltr'>ae</span> <span class='ocrx_word' id='word_1_97' title='bbox 822 1027 895 1084; x_wconf 89' lang='lat' dir='ltr'>licite</span> <span class='ocrx_word' id='word_1_98' title='bbox 908 1027 964 1099; x_wconf 88' lang='lat' dir='ltr'>liat,</span> <span class='ocrx_word' id='word_1_99' title='bbox 1001 1029 1026 1084; x_wconf 92' lang='lat' dir='ltr'>ci</span> <span class='ocrx_word' id='word_1_100' title='bbox 1051 1033 1079 1084; x_wconf 89' lang='lat' dir='ltr'>et</span> <span class='ocrx_word' id='word_1_101' title='bbox 1095 1043 1224 1100; x_wconf 81' lang='lat' dir='ltr'>supreme</span> <span class='ocrx_word' id='word_1_102' title='bbox 1244 1034 1378 1100; x_wconf 78' lang='lat' dir='ltr'>potestate</span> <span class='ocrx_word' id='word_1_103' title='bbox 1400 1028 1526 1084; x_wconf 80' lang='lat' dir='ltr'>conterat</span> <span class='ocrx_word' id='word_1_104' title='bbox 1543 1027 1709 1102; x_wconf 88' lang='lat' dir='ltr'>privilegium</span> <span class='ocrx_word' id='word_1_105' title='bbox 1733 1043 1798 1084; x_wconf 89' lang='lat' dir='ltr'>cum</span> 
     </span>
     <span class='ocr_line' id='line_1_9' title="bbox 161 1113 1801 1190; baseline 0.002 -20"><span class='ocrx_word' id='word_1_106' title='bbox 161 1115 228 1188; x_wconf 91' lang='lat' dir='ltr'>qnia</span> <span class='ocrx_word' id='word_1_107' title='bbox 249 1113 314 1170; x_wconf 92' lang='lat' dir='ltr'>illud</span> <span class='ocrx_word' id='word_1_108' title='bbox 336 1114 488 1186; x_wconf 90' lang='lat' dir='ltr'>pericnlum</span> <span class='ocrx_word' id='word_1_109' title='bbox 511 1131 564 1172; x_wconf 91' lang='lat' dir='ltr'>noa</span> <span class='ocrx_word' id='word_1_110' title='bbox 579 1123 623 1172; x_wconf 91' lang='lat' dir='ltr'>est</span> <span class='ocrx_word' id='word_1_111' title='bbox 637 1131 685 1189; x_wconf 90' lang='lat' dir='ltr'>per</span> <span class='ocrx_word' id='word_1_112' title='bbox 699 1133 738 1187; x_wconf 85' lang='lat' dir='ltr'>se,</span> <span class='ocrx_word' id='word_1_113' title='bbox 754 1117 802 1174; x_wconf 89' lang='lat' dir='ltr'>sed</span> <span class='ocrx_word' id='word_1_114' title='bbox 816 1133 849 1174; x_wconf 86' lang='lat' dir='ltr'>er</span> <span class='ocrx_word' id='word_1_115' title='bbox 865 1116 966 1174; x_wconf 90' lang='lat' dir='ltr'>malitia</span> <span class='ocrx_word' id='word_1_116' title='bbox 1000 1117 1100 1172; x_wconf 91' lang='lat' dir='ltr'>ellectu</span> <span class='ocrx_word' id='word_1_117' title='bbox 1115 1117 1196 1173; x_wconf 89' lang='lat' dir='ltr'>alieni</span> <span class='ocrx_word' id='word_1_118' title='bbox 1211 1133 1264 1173; x_wconf 90' lang='lat' dir='ltr'>aon</span> <span class='ocrx_word' id='word_1_119' title='bbox 1285 1119 1404 1189; x_wconf 90' lang='lat' dir='ltr'>petenti,</span> <span class='ocrx_word' id='word_1_120' title='bbox 1421 1131 1470 1173; x_wconf 88' lang='lat' dir='ltr'>aec</span> <span class='ocrx_word' id='word_1_121' title='bbox 1485 1118 1613 1190; x_wconf 77' lang='lat' dir='ltr'>cogitanti</span> <span class='ocrx_word' id='word_1_122' title='bbox 1628 1117 1660 1173; x_wconf 92' lang='lat' dir='ltr'>de</span> <span class='ocrx_word' id='word_1_123' title='bbox 1680 1116 1736 1172; x_wconf 92' lang='lat' dir='ltr'>illo.</span> <span class='ocrx_word' id='word_1_124' title='bbox 1752 1119 1801 1176; x_wconf 88' lang='lat' dir='ltr'>Se·</span> 
     </span>
     <span class='ocr_line' id='line_1_10' title="bbox 162 1203 1801 1279; baseline 0.002 -21"><span class='ocrx_word' id='word_1_125' title='bbox 162 1203 302 1260; x_wconf 89' lang='lat' dir='ltr'>abutentis</span> <span class='ocrx_word' id='word_1_126' title='bbox 317 1204 467 1276; x_wconf 80' lang='lat' dir='ltr'>privilegio.</span> <span class='ocrx_word' id='word_1_127' title='bbox 481 1205 528 1262; x_wconf 84' lang='lat' dir='ltr'>vot</span> <span class='ocrx_word' id='word_1_128' title='bbox 540 1211 615 1262; x_wconf 87' lang='lat' dir='ltr'>certe</span> <span class='ocrx_word' id='word_1_129' title='bbox 628 1207 690 1263; x_wconf 88' lang='lat' dir='ltr'>licet</span> <span class='ocrx_word' id='word_1_130' title='bbox 701 1206 810 1276; x_wconf 81' lang='lat' dir='ltr'>demus,</span> <span class='ocrx_word' id='word_1_131' title='bbox 823 1206 858 1264; x_wconf 96' lang='lat' dir='ltr'>ibi</span> <span class='ocrx_word' id='word_1_132' title='bbox 869 1206 965 1263; x_wconf 82' lang='lat' dir='ltr'>deesse</span> <span class='ocrx_word' id='word_1_133' title='bbox 1002 1205 1093 1262; x_wconf 90' lang='lat' dir='ltr'>cundo</span> <span class='ocrx_word' id='word_1_134' title='bbox 1107 1205 1260 1278; x_wconf 86' lang='lat' dir='ltr'>explicatur</span> <span class='ocrx_word' id='word_1_135' title='bbox 1274 1206 1327 1263; x_wconf 93' lang='lat' dir='ltr'>boc</span> <span class='ocrx_word' id='word_1_136' title='bbox 1342 1207 1468 1279; x_wconf 88' lang='lat' dir='ltr'>amplius;</span> <span class='ocrx_word' id='word_1_137' title='bbox 1485 1221 1548 1262; x_wconf 91' lang='lat' dir='ltr'>aem</span> <span class='ocrx_word' id='word_1_138' title='bbox 1562 1205 1626 1262; x_wconf 89' lang='lat' dir='ltr'>licet</span> <span class='ocrx_word' id='word_1_139' title='bbox 1640 1205 1664 1260; x_wconf 93' lang='lat' dir='ltr'>ia</span> <span class='ocrx_word' id='word_1_140' title='bbox 1684 1209 1801 1277; x_wconf 89' lang='lat' dir='ltr'>promis·</span> 
     </span>
    </p>
   </div>
   <div class='ocr_carea' id='block_1_3' title="bbox 44 1293 1802 1369">
    <p class='ocr_par' dir='ltr' id='par_1_3' title="bbox 44 1293 1802 1369">
     <span class='ocr_line' id='line_1_11' title="bbox 44 1293 1802 1369; baseline 0.001 -19"><span class='ocrx_word' id='word_1_141' title='bbox 44 1317 50 1324; x_wconf 95' lang='lat'><strong>·</strong></span> <span class='ocrx_word' id='word_1_142' title='bbox 162 1299 339 1364; x_wconf 86' lang='lat' dir='ltr'>potestatem,</span> <span class='ocrx_word' id='word_1_143' title='bbox 355 1310 410 1350; x_wconf 91' lang='lat' dir='ltr'>noa</span> <span class='ocrx_word' id='word_1_144' title='bbox 426 1299 468 1349; x_wconf 86' lang='lat' dir='ltr'>est</span> <span class='ocrx_word' id='word_1_145' title='bbox 483 1309 531 1364; x_wconf 91' lang='lat' dir='ltr'>per</span> <span class='ocrx_word' id='word_1_146' title='bbox 545 1309 574 1351; x_wconf 90' lang='lat' dir='ltr'>se</span> <span class='ocrx_word' id='word_1_147' title='bbox 588 1311 620 1352; x_wconf 78' lang='lat' dir='ltr'>ex</span> <span class='ocrx_word' id='word_1_148' title='bbox 638 1299 741 1352; x_wconf 87' lang='lat' dir='ltr'>ratione</span> <span class='ocrx_word' id='word_1_149' title='bbox 756 1295 901 1369; x_wconf 90' lang='lat' dir='ltr'>privilegii,</span> <span class='ocrx_word' id='word_1_150' title='bbox 918 1295 966 1352; x_wconf 87' lang='lat' dir='ltr'>sed</span> <span class='ocrx_word' id='word_1_151' title='bbox 1001 1295 1122 1351; x_wconf 86' lang='lat' dir='ltr'>sionibus</span> <span class='ocrx_word' id='word_1_152' title='bbox 1136 1302 1164 1351; x_wconf 92' lang='lat' dir='ltr'>et</span> <span class='ocrx_word' id='word_1_153' title='bbox 1183 1294 1375 1353; x_wconf 81' lang='lat' dir='ltr'>donationibus</span> <span class='ocrx_word' id='word_1_154' title='bbox 1398 1295 1534 1366; x_wconf 73' lang='lat' dir='ltr'>boemanis,</span> <span class='ocrx_word' id='word_1_155' title='bbox 1550 1301 1581 1350; x_wconf 91' lang='lat' dir='ltr'>ut</span> <span class='ocrx_word' id='word_1_156' title='bbox 1601 1293 1718 1351; x_wconf 89' lang='lat' dir='ltr'>babeant</span> <span class='ocrx_word' id='word_1_157' title='bbox 1735 1295 1802 1352; x_wconf 85' lang='lat' dir='ltr'>eile-</span> 
     </span>
    </p>
   </div>
   <div class='ocr_carea' id='block_1_4' title="bbox 159 1382 1802 2175">
    <p class='ocr_par' dir='ltr' id='par_1_4' title="bbox 159 1382 1802 1638">
     <span class='ocr_line' id='line_1_12' title="bbox 162 1382 1801 1457; baseline 0.001 -19"><span class='ocrx_word' id='word_1_158' title='bbox 162 1398 212 1454; x_wconf 92' lang='lat' dir='ltr'>per</span> <span class='ocrx_word' id='word_1_159' title='bbox 233 1384 407 1440; x_wconf 80' lang='lat' dir='ltr'>occasionem</span> <span class='ocrx_word' id='word_1_160' title='bbox 428 1384 596 1442; x_wconf 88' lang='lat' dir='ltr'>adiunctam.</span> <span class='ocrx_word' id='word_1_161' title='bbox 619 1384 697 1442; x_wconf 78' lang='lat' dir='ltr'>Addo</span> <span class='ocrx_word' id='word_1_162' title='bbox 712 1388 811 1456; x_wconf 89' lang='lat' dir='ltr'>etiam,</span> <span class='ocrx_word' id='word_1_163' title='bbox 829 1391 895 1442; x_wconf 91' lang='lat' dir='ltr'>tnnc</span> <span class='ocrx_word' id='word_1_164' title='bbox 909 1401 965 1442; x_wconf 91' lang='lat' dir='ltr'>noa</span> <span class='ocrx_word' id='word_1_165' title='bbox 1001 1390 1095 1457; x_wconf 89' lang='lat' dir='ltr'>ctum,</span> <span class='ocrx_word' id='word_1_166' title='bbox 1111 1390 1140 1441; x_wconf 85' lang='lat' dir='ltr'>ot</span> <span class='ocrx_word' id='word_1_167' title='bbox 1153 1384 1345 1457; x_wconf 79' lang='lat' dir='ltr'>obligationem</span> <span class='ocrx_word' id='word_1_168' title='bbox 1359 1382 1682 1455; x_wconf 77' lang='lat' dir='ltr'>inducant,‚regulariter</span> <span class='ocrx_word' id='word_1_169' title='bbox 1701 1387 1736 1440; x_wconf 90' lang='lat' dir='ltr'>sit</span> <span class='ocrx_word' id='word_1_170' title='bbox 1754 1399 1801 1441; x_wconf 89' lang='lat' dir='ltr'>ne-</span> 
     </span>
     <span class='ocr_line' id='line_1_13' title="bbox 159 1473 1802 1548; baseline 0.001 -19"><span class='ocrx_word' id='word_1_171' title='bbox 159 1489 223 1529; x_wconf 88' lang='lat' dir='ltr'>esse</span> <span class='ocrx_word' id='word_1_172' title='bbox 239 1474 424 1528; x_wconf 86' lang='lat' dir='ltr'>necessariam</span> <span class='ocrx_word' id='word_1_173' title='bbox 439 1474 655 1545; x_wconf 83' lang='lat' dir='ltr'>acceptationem</span> <span class='ocrx_word' id='word_1_174' title='bbox 669 1475 855 1548; x_wconf 65' lang='lat' dir='ltr'>privilegiam,</span> <span class='ocrx_word' id='word_1_175' title='bbox 872 1473 918 1530; x_wconf 88' lang='lat' dir='ltr'>sed</span> <span class='ocrx_word' id='word_1_176' title='bbox 931 1473 966 1532; x_wconf 93' lang='lat' dir='ltr'>ad</span> <span class='ocrx_word' id='word_1_177' title='bbox 1001 1475 1120 1531; x_wconf 87' lang='lat' dir='ltr'>cessaria</span> <span class='ocrx_word' id='word_1_178' title='bbox 1134 1477 1303 1546; x_wconf 86' lang='lat' dir='ltr'>acceptatio,</span> <span class='ocrx_word' id='word_1_179' title='bbox 1328 1482 1358 1530; x_wconf 94' lang='lat' dir='ltr'>ut</span> <span class='ocrx_word' id='word_1_180' title='bbox 1379 1489 1453 1530; x_wconf 91' lang='lat' dir='ltr'>nunc</span> <span class='ocrx_word' id='word_1_181' title='bbox 1469 1489 1612 1545; x_wconf 74' lang='lat' dir='ltr'>suppon03</span> <span class='ocrx_word' id='word_1_182' title='bbox 1638 1480 1727 1529; x_wconf 88' lang='lat' dir='ltr'>tarnen</span> <span class='ocrx_word' id='word_1_183' title='bbox 1746 1489 1802 1530; x_wconf 92' lang='lat' dir='ltr'>non</span> 
     </span>
     <span class='ocr_line' id='line_1_14' title="bbox 160 1563 1799 1638; baseline 0 -20"><span class='ocrx_word' id='word_1_184' title='bbox 160 1579 302 1619; x_wconf 86' lang='lat' dir='ltr'>summum</span> <span class='ocrx_word' id='word_1_185' title='bbox 321 1563 458 1628; x_wconf 70' lang='lat' dir='ltr'>notitiam,</span> <span class='ocrx_word' id='word_1_186' title='bbox 476 1570 506 1619; x_wconf 91' lang='lat' dir='ltr'>ut</span> <span class='ocrx_word' id='word_1_187' title='bbox 520 1565 547 1618; x_wconf 93' lang='lat' dir='ltr'>in</span> <span class='ocrx_word' id='word_1_188' title='bbox 563 1565 741 1638; x_wconf 82' lang='lat' dir='ltr'>sequentibus</span> <span class='ocrx_word' id='word_1_189' title='bbox 755 1564 910 1638; x_wconf 80' lang='lat' dir='ltr'>explicabo.</span> <span class='ocrx_word' id='word_1_190' title='bbox 1000 1564 1106 1620; x_wconf 88' lang='lat' dir='ltr'>estboo</span> <span class='ocrx_word' id='word_1_191' title='bbox 1122 1571 1178 1621; x_wconf 91' lang='lat' dir='ltr'>tam</span> <span class='ocrx_word' id='word_1_192' title='bbox 1194 1565 1340 1620; x_wconf 88' lang='lat' dir='ltr'>intrinsece</span> <span class='ocrx_word' id='word_1_193' title='bbox 1354 1564 1540 1620; x_wconf 82' lang='lat' dir='ltr'>accessorium</span> <span class='ocrx_word' id='word_1_194' title='bbox 1551 1579 1583 1618; x_wconf 82' lang='lat' dir='ltr'>ex</span> <span class='ocrx_word' id='word_1_195' title='bbox 1599 1565 1656 1618; x_wconf 92' lang='lat' dir='ltr'>iure</span> <span class='ocrx_word' id='word_1_196' title='bbox 1673 1569 1799 1635; x_wconf 90' lang='lat' dir='ltr'>naturae,</span> 
     </span>
    </p>

    <p class='ocr_par' dir='ltr' id='par_1_5' title="bbox 159 1652 1802 2175">
     <span class='ocr_line' id='line_1_15' title="bbox 205 1652 1799 1726; baseline -0.001 -16"><span class='ocrx_word' id='word_1_197' title='bbox 205 1657 248 1710; x_wconf 93' lang='grc'>11.</span> <span class='ocrx_word' id='word_1_198' title='bbox 263 1654 408 1709; x_wconf 87' lang='lat' dir='ltr'>Praeterea</span> <span class='ocrx_word' id='word_1_199' title='bbox 421 1653 448 1707; x_wconf 93' lang='lat' dir='ltr'>ia</span> <span class='ocrx_word' id='word_1_200' title='bbox 464 1652 613 1726; x_wconf 89' lang='lat' dir='ltr'>privilegiis</span> <span class='ocrx_word' id='word_1_201' title='bbox 625 1652 842 1712; x_wconf 90' lang='lat' dir='ltr'>concedentibus</span> <span class='ocrx_word' id='word_1_202' title='bbox 853 1657 909 1724; x_wconf 88' lang='lat' dir='ltr'>ius,</span> <span class='ocrx_word' id='word_1_203' title='bbox 923 1654 966 1711; x_wconf 89' lang='lat' dir='ltr'>vel</span> <span class='ocrx_word' id='word_1_204' title='bbox 1000 1655 1065 1726; x_wconf 89' lang='lat' dir='ltr'>quia</span> <span class='ocrx_word' id='word_1_205' title='bbox 1080 1655 1181 1710; x_wconf 87' lang='lat' dir='ltr'>virtute</span> <span class='ocrx_word' id='word_1_206' title='bbox 1195 1654 1261 1726; x_wconf 90' lang='lat' dir='ltr'>legis</span> <span class='ocrx_word' id='word_1_207' title='bbox 1276 1654 1409 1710; x_wconf 89' lang='lat' dir='ltr'>humanae</span> <span class='ocrx_word' id='word_1_208' title='bbox 1422 1655 1507 1724; x_wconf 88' lang='lat' dir='ltr'>possit</span> <span class='ocrx_word' id='word_1_209' title='bbox 1520 1652 1655 1710; x_wconf 86' lang='lat' dir='ltr'>interdum</span> <span class='ocrx_word' id='word_1_210' title='bbox 1669 1655 1746 1725; x_wconf 89' lang='lat' dir='ltr'>sequi</span> <span class='ocrx_word' id='word_1_211' title='bbox 1760 1653 1799 1708; x_wconf 88' lang='lat' dir='ltr'>el·</span> 
     </span>
     <span class='ocr_line' id='line_1_16' title="bbox 159 1741 1798 1817; baseline 0.001 -19"><span class='ocrx_word' id='word_1_212' title='bbox 159 1746 324 1815; x_wconf 89' lang='lat' dir='ltr'>potestatem</span> <span class='ocrx_word' id='word_1_213' title='bbox 340 1741 469 1813; x_wconf 88' lang='lat' dir='ltr'>aliquam,</span> <span class='ocrx_word' id='word_1_214' title='bbox 478 1742 552 1797; x_wconf 88' lang='lat' dir='ltr'>Bart.</span> <span class='ocrx_word' id='word_1_215' title='bbox 565 1749 593 1799; x_wconf 89' lang='lat' dir='ltr'>et</span> <span class='ocrx_word' id='word_1_216' title='bbox 605 1744 648 1800; x_wconf 89' lang='lat' dir='ltr'>elii</span> <span class='ocrx_word' id='word_1_217' title='bbox 660 1744 770 1817; x_wconf 90' lang='lat' dir='ltr'>allegati</span> <span class='ocrx_word' id='word_1_218' title='bbox 782 1745 806 1800; x_wconf 92' lang='lat' dir='ltr'>ia</span> <span class='ocrx_word' id='word_1_219' title='bbox 818 1745 898 1801; x_wconf 90' lang='lat' dir='ltr'>tertia</span> <span class='ocrx_word' id='word_1_220' title='bbox 909 1743 967 1815; x_wconf 90' lang='lat' dir='ltr'>opi·</span> <span class='ocrx_word' id='word_1_221' title='bbox 1000 1743 1102 1816; x_wconf 89' lang='lat' dir='ltr'>iectus,</span> <span class='ocrx_word' id='word_1_222' title='bbox 1113 1744 1155 1800; x_wconf 91' lang='lat' dir='ltr'>vel</span> <span class='ocrx_word' id='word_1_223' title='bbox 1170 1745 1232 1801; x_wconf 87' lang='lat' dir='ltr'>oriri</span> <span class='ocrx_word' id='word_1_224' title='bbox 1248 1744 1387 1816; x_wconf 83' lang='lat' dir='ltr'>obligatio,</span> <span class='ocrx_word' id='word_1_225' title='bbox 1399 1745 1480 1800; x_wconf 91' lang='lat' dir='ltr'>otiam</span> <span class='ocrx_word' id='word_1_226' title='bbox 1497 1748 1557 1800; x_wconf 89' lang='lat' dir='ltr'>ante</span> <span class='ocrx_word' id='word_1_227' title='bbox 1572 1743 1798 1812; x_wconf 80' lang='lat' dir='ltr'>acceptationem,</span> 
     </span>
     <span class='ocr_line' id='line_1_17' title="bbox 160 1831 1802 1906; baseline 0.001 -19"><span class='ocrx_word' id='word_1_228' title='bbox 160 1833 254 1901; x_wconf 89' lang='lat' dir='ltr'>aione,</span> <span class='ocrx_word' id='word_1_229' title='bbox 272 1831 431 1901; x_wconf 87' lang='lat' dir='ltr'>admittunt,</span> <span class='ocrx_word' id='word_1_230' title='bbox 447 1832 543 1889; x_wconf 86' lang='lat' dir='ltr'>saltora</span> <span class='ocrx_word' id='word_1_231' title='bbox 558 1832 692 1890; x_wconf 89' lang='lat' dir='ltr'>medianto</span> <span class='ocrx_word' id='word_1_232' title='bbox 708 1833 776 1906; x_wconf 86' lang='lat' dir='ltr'>lege,</span> <span class='ocrx_word' id='word_1_233' title='bbox 792 1833 833 1889; x_wconf 92' lang='lat' dir='ltr'>vel</span> <span class='ocrx_word' id='word_1_234' title='bbox 849 1840 964 1902; x_wconf 89' lang='lat' dir='ltr'>statuto,</span> <span class='ocrx_word' id='word_1_235' title='bbox 1002 1839 1032 1889; x_wconf 95' lang='lat' dir='ltr'>ut</span> <span class='ocrx_word' id='word_1_236' title='bbox 1046 1832 1079 1888; x_wconf 91' lang='lat' dir='ltr'>de</span> <span class='ocrx_word' id='word_1_237' title='bbox 1098 1833 1187 1906; x_wconf 90' lang='lat' dir='ltr'>legato</span> <span class='ocrx_word' id='word_1_238' title='bbox 1202 1849 1286 1906; x_wconf 89' lang='lat' dir='ltr'>supra</span> <span class='ocrx_word' id='word_1_239' title='bbox 1300 1833 1471 1902; x_wconf 87' lang='lat' dir='ltr'>dicebamus,</span> <span class='ocrx_word' id='word_1_240' title='bbox 1488 1840 1517 1889; x_wconf 92' lang='lat' dir='ltr'>et</span> <span class='ocrx_word' id='word_1_241' title='bbox 1534 1831 1567 1888; x_wconf 91' lang='lat' dir='ltr'>de</span> <span class='ocrx_word' id='word_1_242' title='bbox 1582 1831 1742 1900; x_wconf 89' lang='lat' dir='ltr'>donatione,</span> <span class='ocrx_word' id='word_1_243' title='bbox 1759 1832 1802 1888; x_wconf 91' lang='lat' dir='ltr'>vol</span> 
     </span>
     <span class='ocr_line' id='line_1_18' title="bbox 159 1915 1800 1994; baseline 0 -18"><span class='ocrx_word' id='word_1_244' title='bbox 159 1936 243 1992; x_wconf 87' lang='lat' dir='ltr'>posse</span> <span class='ocrx_word' id='word_1_245' title='bbox 265 1921 414 1993; x_wconf 88' lang='lat' dir='ltr'>principem</span> <span class='ocrx_word' id='word_1_246' title='bbox 436 1920 488 1977; x_wconf 90' lang='lat' dir='ltr'>boc</span> <span class='ocrx_word' id='word_1_247' title='bbox 509 1915 609 1979; x_wconf 80' lang='lat' dir='ltr'>lacere.</span> <span class='ocrx_word' id='word_1_248' title='bbox 627 1921 809 1980; x_wconf 84' lang='lat' dir='ltr'>Difficultalos</span> <span class='ocrx_word' id='word_1_249' title='bbox 824 1930 916 1980; x_wconf 89' lang='lat' dir='ltr'>antem</span> <span class='ocrx_word' id='word_1_250' title='bbox 931 1922 967 1978; x_wconf 93' lang='lat' dir='ltr'>ibi</span> <span class='ocrx_word' id='word_1_251' title='bbox 1001 1923 1181 1993; x_wconf 87' lang='lat' dir='ltr'>promissione</span> <span class='ocrx_word' id='word_1_252' title='bbox 1196 1923 1269 1980; x_wconf 88' lang='lat' dir='ltr'>iacta</span> <span class='ocrx_word' id='word_1_253' title='bbox 1283 1923 1402 1994; x_wconf 89' lang='lat' dir='ltr'>absenti,</span> <span class='ocrx_word' id='word_1_254' title='bbox 1416 1922 1437 1978; x_wconf 91' lang='lat' dir='ltr'>si</span> <span class='ocrx_word' id='word_1_255' title='bbox 1452 1921 1624 1994; x_wconf 87' lang='lat' dir='ltr'>promittens,</span> <span class='ocrx_word' id='word_1_256' title='bbox 1636 1922 1678 1978; x_wconf 92' lang='lat' dir='ltr'>vel</span> <span class='ocrx_word' id='word_1_257' title='bbox 1695 1921 1800 1977; x_wconf 87' lang='lat' dir='ltr'>donans</span> 
     </span>
     <span class='ocr_line' id='line_1_19' title="bbox 159 2010 1801 2087; baseline 0 -19"><span class='ocrx_word' id='word_1_258' title='bbox 159 2011 286 2068; x_wconf 89' lang='lat' dir='ltr'>obiectae</span> <span class='ocrx_word' id='word_1_259' title='bbox 303 2010 462 2079; x_wconf 88' lang='lat' dir='ltr'>ostendunt,</span> <span class='ocrx_word' id='word_1_260' title='bbox 476 2027 529 2068; x_wconf 91' lang='lat' dir='ltr'>oon</span> <span class='ocrx_word' id='word_1_261' title='bbox 540 2027 602 2068; x_wconf 90' lang='lat' dir='ltr'>esso</span> <span class='ocrx_word' id='word_1_262' title='bbox 614 2013 743 2069; x_wconf 88' lang='lat' dir='ltr'>maiorem</span> <span class='ocrx_word' id='word_1_263' title='bbox 755 2013 966 2086; x_wconf 80' lang='lat' dir='ltr'>repugnantiam</span> <span class='ocrx_word' id='word_1_264' title='bbox 1000 2015 1146 2083; x_wconf 88' lang='lat' dir='ltr'>morietur,</span> <span class='ocrx_word' id='word_1_265' title='bbox 1159 2021 1307 2087; x_wconf 88' lang='lat' dir='ltr'>antequam</span> <span class='ocrx_word' id='word_1_266' title='bbox 1319 2012 1388 2069; x_wconf 87' lang='lat' dir='ltr'>alter</span> <span class='ocrx_word' id='word_1_267' title='bbox 1401 2013 1487 2084; x_wconf 88' lang='lat' dir='ltr'>possit</span> <span class='ocrx_word' id='word_1_268' title='bbox 1501 2018 1655 2082; x_wconf 85' lang='lat' dir='ltr'>acceptare,</span> <span class='ocrx_word' id='word_1_269' title='bbox 1670 2011 1747 2067; x_wconf 91' lang='lat' dir='ltr'>multi</span> <span class='ocrx_word' id='word_1_270' title='bbox 1761 2018 1801 2068; x_wconf 90' lang='lat' dir='ltr'>te-</span> 
     </span>
     <span class='ocr_line' id='line_1_20' title="bbox 160 2094 1800 2175; baseline 0.002 -20"><span class='ocrx_word' id='word_1_271' title='bbox 160 2102 190 2157; x_wconf 92' lang='lat' dir='ltr'>in</span> <span class='ocrx_word' id='word_1_272' title='bbox 212 2094 356 2173; x_wconf 83' lang='lat' dir='ltr'>privilegiis</span> <span class='ocrx_word' id='word_1_273' title='bbox 371 2102 491 2173; x_wconf 89' lang='lat' dir='ltr'>privatis,</span> <span class='ocrx_word' id='word_1_274' title='bbox 508 2117 579 2174; x_wconf 87' lang='lat' dir='ltr'>quae</span> <span class='ocrx_word' id='word_1_275' title='bbox 594 2118 642 2175; x_wconf 92' lang='lat' dir='ltr'>per</span> <span class='ocrx_word' id='word_1_276' title='bbox 657 2103 790 2174; x_wconf 88' lang='lat' dir='ltr'>rescripto</span> <span class='ocrx_word' id='word_1_277' title='bbox 806 2102 965 2160; x_wconf 89' lang='lat' dir='ltr'>coacedua·</span> <span class='ocrx_word' id='word_1_278' title='bbox 1000 2109 1077 2174; x_wconf 91' lang='lat' dir='ltr'>neat,</span> <span class='ocrx_word' id='word_1_279' title='bbox 1099 2109 1127 2158; x_wconf 89' lang='lat' dir='ltr'>et</span> <span class='ocrx_word' id='word_1_280' title='bbox 1145 2102 1178 2159; x_wconf 87' lang='lat' dir='ltr'>de</span> <span class='ocrx_word' id='word_1_281' title='bbox 1199 2102 1424 2175; x_wconf 88' lang='lat' dir='ltr'>promissionibus</span> <span class='ocrx_word' id='word_1_282' title='bbox 1444 2102 1569 2158; x_wconf 89' lang='lat' dir='ltr'>humanis</span> <span class='ocrx_word' id='word_1_283' title='bbox 1584 2115 1669 2158; x_wconf 87' lang='lat' dir='ltr'>causa</span> <span class='ocrx_word' id='word_1_284' title='bbox 1689 2102 1800 2172; x_wconf 89' lang='lat' dir='ltr'>pietatis</span> 
     </span>
    </p>
   </div>
   <div class='ocr_carea' id='block_1_5' title="bbox 79 2189 1801 2264">
    <p class='ocr_par' dir='ltr' id='par_1_6' title="bbox 79 2189 1801 2264">
     <span class='ocr_line' id='line_1_21' title="bbox 79 2189 1801 2264; baseline -0.001 -17"><span class='ocrx_word' id='word_1_285' title='bbox 79 2205 82 2212; x_wconf 93' lang='lat'>·</span> <span class='ocrx_word' id='word_1_286' title='bbox 159 2198 220 2262; x_wconf 91' lang='lat' dir='ltr'>tur,</span> <span class='ocrx_word' id='word_1_287' title='bbox 236 2190 309 2263; x_wconf 90' lang='lat' dir='ltr'>quod</span> <span class='ocrx_word' id='word_1_288' title='bbox 326 2190 420 2248; x_wconf 82' lang='lat' dir='ltr'>attinet</span> <span class='ocrx_word' id='word_1_289' title='bbox 433 2189 466 2246; x_wconf 89' lang='lat' dir='ltr'>ad</span> <span class='ocrx_word' id='word_1_290' title='bbox 483 2197 643 2263; x_wconf 90' lang='lat' dir='ltr'>potestatem</span> <span class='ocrx_word' id='word_1_291' title='bbox 656 2192 845 2250; x_wconf 90' lang='lat' dir='ltr'>concedentis.</span> <span class='ocrx_word' id='word_1_292' title='bbox 858 2194 966 2250; x_wconf 88' lang='lat' dir='ltr'>Praeci-</span> <span class='ocrx_word' id='word_1_293' title='bbox 1001 2193 1043 2249; x_wconf 86' lang='lat' dir='ltr'>vel</span> <span class='ocrx_word' id='word_1_294' title='bbox 1059 2192 1121 2249; x_wconf 92' lang='lat' dir='ltr'>boai</span> <span class='ocrx_word' id='word_1_295' title='bbox 1135 2191 1235 2263; x_wconf 92' lang='lat' dir='ltr'>publici</span> <span class='ocrx_word' id='word_1_296' title='bbox 1250 2191 1340 2264; x_wconf 91' lang='lat' dir='ltr'>aliqua</span> <span class='ocrx_word' id='word_1_297' title='bbox 1354 2192 1413 2247; x_wconf 89' lang='lat' dir='ltr'>iura</span> <span class='ocrx_word' id='word_1_298' title='bbox 1426 2189 1589 2262; x_wconf 89' lang='lat' dir='ltr'>disponunt,</span> <span class='ocrx_word' id='word_1_299' title='bbox 1605 2196 1637 2247; x_wconf 92' lang='lat' dir='ltr'>ut</span> <span class='ocrx_word' id='word_1_300' title='bbox 1651 2189 1737 2246; x_wconf 88' lang='lat' dir='ltr'>videri</span> <span class='ocrx_word' id='word_1_301' title='bbox 1752 2206 1801 2261; x_wconf 91' lang='lat' dir='ltr'>po·</span> 
     </span>
    </p>
   </div>
   <div class='ocr_carea' id='block_1_6' title="bbox 157 2279 1801 4862">
    <p class='ocr_par' dir='ltr' id='par_1_7' title="bbox 157 2279 1801 4417">
     <span class='ocr_line' id='line_1_22' title="bbox 159 2279 1797 2355; baseline -0.002 -17"><span class='ocrx_word' id='word_1_302' title='bbox 159 2297 216 2354; x_wconf 95' lang='lat' dir='ltr'>puo</span> <span class='ocrx_word' id='word_1_303' title='bbox 237 2297 303 2336; x_wconf 91' lang='lat' dir='ltr'>vero</span> <span class='ocrx_word' id='word_1_304' title='bbox 322 2281 411 2352; x_wconf 93' lang='lat' dir='ltr'>ratio,</span> <span class='ocrx_word' id='word_1_305' title='bbox 434 2279 476 2336; x_wconf 84' lang='lat' dir='ltr'>rel</span> <span class='ocrx_word' id='word_1_306' title='bbox 497 2296 604 2337; x_wconf 91' lang='lat' dir='ltr'>summa</span> <span class='ocrx_word' id='word_1_307' title='bbox 619 2282 740 2338; x_wconf 88' lang='lat' dir='ltr'>omniura</span> <span class='ocrx_word' id='word_1_308' title='bbox 755 2289 808 2355; x_wconf 90' lang='lat' dir='ltr'>est,</span> <span class='ocrx_word' id='word_1_309' title='bbox 823 2283 887 2355; x_wconf 95' lang='lat' dir='ltr'>quie</span> <span class='ocrx_word' id='word_1_310' title='bbox 902 2283 923 2338; x_wconf 93' lang='lat' dir='ltr'>si</span> <span class='ocrx_word' id='word_1_311' title='bbox 937 2285 966 2340; x_wconf 90' lang='lat' dir='ltr'>in</span> <span class='ocrx_word' id='word_1_312' title='bbox 1002 2289 1055 2339; x_wconf 90' lang='lat' dir='ltr'>test</span> <span class='ocrx_word' id='word_1_313' title='bbox 1069 2282 1095 2337; x_wconf 95' lang='lat' dir='ltr'>ia</span> <span class='ocrx_word' id='word_1_314' title='bbox 1108 2283 1276 2339; x_wconf 84' lang='lat' dir='ltr'>Govarruvia</span> <span class='ocrx_word' id='word_1_315' title='bbox 1290 2286 1382 2339; x_wconf 87' lang='lat' dir='ltr'>t.var.</span> <span class='ocrx_word' id='word_1_316' title='bbox 1394 2297 1454 2352; x_wconf 91' lang='lat' dir='ltr'>cep.</span> <span class='ocrx_word' id='word_1_317' title='bbox 1467 2284 1511 2352; x_wconf 89' lang='lat' dir='ltr'>tl,</span> <span class='ocrx_word' id='word_1_318' title='bbox 1521 2296 1597 2336; x_wconf 92' lang='lat' dir='ltr'>aum.</span> <span class='ocrx_word' id='word_1_319' title='bbox 1612 2284 1658 2350; x_wconf 84' lang='grc'>16,</span> <span class='ocrx_word' id='word_1_320' title='bbox 1668 2280 1759 2336; x_wconf 89' lang='lat' dir='ltr'>llolin.</span> <span class='ocrx_word' id='word_1_321' title='bbox 1770 2285 1797 2336; x_wconf 76' lang='lat'>2.</span> 
     </span>
     <span class='ocr_line' id='line_1_23' title="bbox 160 2367 1799 2448; baseline -0.001 -22"><span class='ocrx_word' id='word_1_322' title='bbox 160 2373 291 2448; x_wconf 79' lang='lat' dir='ltr'>bisesset</span> <span class='ocrx_word' id='word_1_323' title='bbox 304 2371 458 2427; x_wconf 88' lang='lat' dir='ltr'>necessaria</span> <span class='ocrx_word' id='word_1_324' title='bbox 470 2370 564 2427; x_wconf 88' lang='lat' dir='ltr'>nolitia</span> <span class='ocrx_word' id='word_1_325' title='bbox 576 2372 707 2445; x_wconf 88' lang='lat' dir='ltr'>privilegii</span> <span class='ocrx_word' id='word_1_326' title='bbox 719 2372 753 2428; x_wconf 91' lang='lat' dir='ltr'>ad</span> <span class='ocrx_word' id='word_1_327' title='bbox 764 2372 964 2428; x_wconf 87' lang='lat' dir='ltr'>assecutionem</span> <span class='ocrx_word' id='word_1_328' title='bbox 1000 2377 1066 2428; x_wconf 92' lang='lat' dir='ltr'>tom.</span> <span class='ocrx_word' id='word_1_329' title='bbox 1078 2371 1112 2428; x_wconf 90' lang='lat' dir='ltr'>do</span> <span class='ocrx_word' id='word_1_330' title='bbox 1126 2371 1212 2428; x_wconf 90' lang='lat' dir='ltr'>iustil.</span> <span class='ocrx_word' id='word_1_331' title='bbox 1221 2371 1290 2441; x_wconf 87' lang='lat' dir='ltr'>disp.</span> <span class='ocrx_word' id='word_1_332' title='bbox 1303 2373 1370 2438; x_wconf 80' lang='lat'>263,</span> <span class='ocrx_word' id='word_1_333' title='bbox 1386 2376 1413 2425; x_wconf 91' lang='lat' dir='ltr'>et</span> <span class='ocrx_word' id='word_1_334' title='bbox 1428 2369 1507 2425; x_wconf 87' lang='lat' dir='ltr'>latius</span> <span class='ocrx_word' id='word_1_335' title='bbox 1522 2369 1611 2441; x_wconf 84' lang='lat' dir='ltr'>Tiraq.</span> <span class='ocrx_word' id='word_1_336' title='bbox 1620 2368 1653 2425; x_wconf 92' lang='lat' dir='ltr'>de</span> <span class='ocrx_word' id='word_1_337' title='bbox 1675 2367 1799 2441; x_wconf 87' lang='lat' dir='ltr'>privileg.</span> 
     </span>
     <span class='ocr_line' id='line_1_24' title="bbox 158 2457 1801 2533; baseline -0.001 -17"><span class='ocrx_word' id='word_1_338' title='bbox 158 2461 238 2528; x_wconf 89' lang='lat' dir='ltr'>eius,</span> <span class='ocrx_word' id='word_1_339' title='bbox 262 2459 377 2515; x_wconf 82' lang='lat' dir='ltr'>maxime</span> <span class='ocrx_word' id='word_1_340' title='bbox 398 2465 511 2533; x_wconf 90' lang='lat' dir='ltr'>propter</span> <span class='ocrx_word' id='word_1_341' title='bbox 532 2463 764 2532; x_wconf 63' lang='lat' dir='ltr'>acceptationem</span> <span class='ocrx_word' id='word_1_342' title='bbox 786 2460 852 2516; x_wconf 90' lang='lat' dir='ltr'>baec</span> <span class='ocrx_word' id='word_1_343' title='bbox 873 2467 964 2517; x_wconf 69' lang='lat' dir='ltr'>aarum</span> <span class='ocrx_word' id='word_1_344' title='bbox 999 2462 1057 2533; x_wconf 91' lang='lat' dir='ltr'>piae</span> <span class='ocrx_word' id='word_1_345' title='bbox 1071 2475 1185 2530; x_wconf 87' lang='lat' dir='ltr'>causeo,</span> <span class='ocrx_word' id='word_1_346' title='bbox 1201 2460 1324 2532; x_wconf 81' lang='lat' dir='ltr'>privileg.</span> <span class='ocrx_word' id='word_1_347' title='bbox 1335 2461 1345 2515; x_wconf 97' lang='grc'><strong>1</strong></span> <span class='ocrx_word' id='word_1_348' title='bbox 1356 2463 1398 2530; x_wconf 89' lang='grc'>16,</span> <span class='ocrx_word' id='word_1_349' title='bbox 1413 2464 1441 2515; x_wconf 91' lang='lat' dir='ltr'>ot</span> <span class='ocrx_word' id='word_1_350' title='bbox 1453 2457 1574 2515; x_wconf 76' lang='lat' dir='ltr'>Foliam</span> <span class='ocrx_word' id='word_1_351' title='bbox 1589 2473 1650 2530; x_wconf 90' lang='lat' dir='ltr'>cap.</span> <span class='ocrx_word' id='word_1_352' title='bbox 1666 2461 1688 2514; x_wconf 90' lang='lat' dir='ltr'>t.</span> <span class='ocrx_word' id='word_1_353' title='bbox 1706 2458 1739 2514; x_wconf 91' lang='lat' dir='ltr'>de</span> <span class='ocrx_word' id='word_1_354' title='bbox 1753 2474 1801 2530; x_wconf 87' lang='lat' dir='ltr'>pe·</span> 
     </span>
     <span class='ocr_line' id='line_1_25' title="bbox 159 2547 1801 2623; baseline -0.001 -17"><span class='ocrx_word' id='word_1_355' title='bbox 159 2550 309 2607; x_wconf 88' lang='lat' dir='ltr'>necessitas</span> <span class='ocrx_word' id='word_1_356' title='bbox 327 2548 421 2606; x_wconf 89' lang='lat' dir='ltr'>eadem</span> <span class='ocrx_word' id='word_1_357' title='bbox 436 2557 494 2620; x_wconf 86' lang='lat' dir='ltr'>oet,</span> <span class='ocrx_word' id='word_1_358' title='bbox 509 2551 537 2605; x_wconf 91' lang='lat' dir='ltr'>ia</span> <span class='ocrx_word' id='word_1_359' title='bbox 552 2549 699 2623; x_wconf 90' lang='lat' dir='ltr'>privilegiis</span> <span class='ocrx_word' id='word_1_360' title='bbox 714 2550 835 2608; x_wconf 83' lang='lat' dir='ltr'>eiusdem</span> <span class='ocrx_word' id='word_1_361' title='bbox 851 2550 965 2607; x_wconf 87' lang='lat' dir='ltr'>rationis</span> <span class='ocrx_word' id='word_1_362' title='bbox 999 2551 1071 2621; x_wconf 89' lang='lat' dir='ltr'>ctis,</span> <span class='ocrx_word' id='word_1_363' title='bbox 1091 2566 1118 2606; x_wconf 94' lang='lat' dir='ltr'>a.</span> <span class='ocrx_word' id='word_1_364' title='bbox 1131 2553 1157 2622; x_wconf 75' lang='lat' dir='ltr'>l,</span> <span class='ocrx_word' id='word_1_365' title='bbox 1173 2548 1247 2606; x_wconf 87' lang='lat' dir='ltr'>etde</span> <span class='ocrx_word' id='word_1_366' title='bbox 1261 2548 1556 2618; x_wconf 88' lang='lat' dir='ltr'>iaiaatoestcertum,</span> <span class='ocrx_word' id='word_1_367' title='bbox 1573 2547 1746 2605; x_wconf 88' lang='lat' dir='ltr'>donationem</span> <span class='ocrx_word' id='word_1_368' title='bbox 1761 2549 1801 2606; x_wconf 91' lang='lat' dir='ltr'>illi</span> 
     </span>
     <span class='ocr_line' id='line_1_26' title="bbox 159 2637 1799 2712; baseline -0.002 -15"><span class='ocrx_word' id='word_1_369' title='bbox 159 2640 233 2697; x_wconf 87' lang='lat' dir='ltr'>datis</span> <span class='ocrx_word' id='word_1_370' title='bbox 252 2654 301 2711; x_wconf 90' lang='lat' dir='ltr'>per</span> <span class='ocrx_word' id='word_1_371' title='bbox 319 2638 420 2709; x_wconf 89' lang='lat' dir='ltr'>legem,</span> <span class='ocrx_word' id='word_1_372' title='bbox 435 2638 478 2695; x_wconf 89' lang='lat' dir='ltr'>vel</span> <span class='ocrx_word' id='word_1_373' title='bbox 494 2639 515 2694; x_wconf 91' lang='lat' dir='ltr'>si</span> <span class='ocrx_word' id='word_1_374' title='bbox 529 2655 581 2696; x_wconf 92' lang='lat' dir='ltr'>non</span> <span class='ocrx_word' id='word_1_375' title='bbox 602 2643 753 2712; x_wconf 88' lang='lat' dir='ltr'>repugnat,</span> <span class='ocrx_word' id='word_1_376' title='bbox 769 2639 827 2696; x_wconf 90' lang='lat' dir='ltr'>dari</span> <span class='ocrx_word' id='word_1_377' title='bbox 841 2647 904 2696; x_wconf 92' lang='lat' dir='ltr'>ante</span> <span class='ocrx_word' id='word_1_378' title='bbox 918 2654 965 2695; x_wconf 89' lang='lat' dir='ltr'>oc·</span> <span class='ocrx_word' id='word_1_379' title='bbox 999 2639 1100 2696; x_wconf 86' lang='lat' dir='ltr'>lactem</span> <span class='ocrx_word' id='word_1_380' title='bbox 1115 2653 1174 2695; x_wconf 87' lang='lat' dir='ltr'>esse</span> <span class='ocrx_word' id='word_1_381' title='bbox 1189 2645 1276 2695; x_wconf 88' lang='lat' dir='ltr'>ratam</span> <span class='ocrx_word' id='word_1_382' title='bbox 1294 2638 1350 2694; x_wconf 85' lang='lat' dir='ltr'>sino</span> <span class='ocrx_word' id='word_1_383' title='bbox 1367 2637 1422 2693; x_wconf 88' lang='lat' dir='ltr'>ulle</span> <span class='ocrx_word' id='word_1_384' title='bbox 1435 2637 1632 2708; x_wconf 86' lang='lat' dir='ltr'>acceptatione,</span> <span class='ocrx_word' id='word_1_385' title='bbox 1645 2654 1678 2693; x_wconf 80' lang='lat' dir='ltr'>ee</span> <span class='ocrx_word' id='word_1_386' title='bbox 1693 2637 1799 2695; x_wconf 57' lang='lat' dir='ltr'>leube-</span> 
     </span>
     <span class='ocr_line' id='line_1_27' title="bbox 158 2726 1799 2802; baseline 0 -18"><span class='ocrx_word' id='word_1_387' title='bbox 158 2729 344 2801; x_wconf 87' lang='lat' dir='ltr'>ceptationem</span> <span class='ocrx_word' id='word_1_388' title='bbox 360 2735 388 2784; x_wconf 91' lang='lat' dir='ltr'>st</span> <span class='ocrx_word' id='word_1_389' title='bbox 403 2728 524 2786; x_wconf 91' lang='lat' dir='ltr'>notitiam</span> <span class='ocrx_word' id='word_1_390' title='bbox 539 2743 587 2799; x_wconf 87' lang='lat' dir='ltr'>per</span> <span class='ocrx_word' id='word_1_391' title='bbox 601 2729 700 2802; x_wconf 88' lang='lat' dir='ltr'>legem,</span> <span class='ocrx_word' id='word_1_392' title='bbox 715 2743 804 2801; x_wconf 92' lang='lat' dir='ltr'>neque</span> <span class='ocrx_word' id='word_1_393' title='bbox 818 2729 870 2784; x_wconf 91' lang='lat' dir='ltr'>alio</span> <span class='ocrx_word' id='word_1_394' title='bbox 882 2727 963 2785; x_wconf 89' lang='lat' dir='ltr'>modo</span> <span class='ocrx_word' id='word_1_395' title='bbox 998 2745 1074 2798; x_wconf 86' lang='lat' dir='ltr'>mus,</span> <span class='ocrx_word' id='word_1_396' title='bbox 1089 2728 1162 2785; x_wconf 89' lang='lat' dir='ltr'>C.de</span> <span class='ocrx_word' id='word_1_397' title='bbox 1175 2728 1311 2799; x_wconf 89' lang='lat' dir='ltr'>emancip.</span> <span class='ocrx_word' id='word_1_398' title='bbox 1321 2727 1367 2783; x_wconf 95' lang='lat' dir='ltr'>lib.</span> <span class='ocrx_word' id='word_1_399' title='bbox 1377 2733 1405 2784; x_wconf 92' lang='lat' dir='ltr'>et</span> <span class='ocrx_word' id='word_1_400' title='bbox 1418 2727 1486 2795; x_wconf 90' lang='lat' dir='ltr'>eliis,</span> <span class='ocrx_word' id='word_1_401' title='bbox 1498 2741 1568 2799; x_wconf 89' lang='lat' dir='ltr'>quae</span> <span class='ocrx_word' id='word_1_402' title='bbox 1581 2726 1664 2783; x_wconf 77' lang='lat' dir='ltr'>refert</span> <span class='ocrx_word' id='word_1_403' title='bbox 1681 2728 1799 2784; x_wconf 87' lang='lat' dir='ltr'>Saucius</span> 
     </span>
     <span class='ocr_line' id='line_1_28' title="bbox 158 2816 1798 2892; baseline -0.001 -17"><span class='ocrx_word' id='word_1_404' title='bbox 158 2818 333 2892; x_wconf 87' lang='lat' dir='ltr'>repugnabit.</span> <span class='ocrx_word' id='word_1_405' title='bbox 351 2820 419 2886; x_wconf 85' lang='lat' dir='ltr'>Quia</span> <span class='ocrx_word' id='word_1_406' title='bbox 438 2816 511 2873; x_wconf 91' lang='lat' dir='ltr'>nulla</span> <span class='ocrx_word' id='word_1_407' title='bbox 531 2818 599 2874; x_wconf 88' lang='lat' dir='ltr'>ratio</span> <span class='ocrx_word' id='word_1_408' title='bbox 619 2818 815 2891; x_wconf 89' lang='lat' dir='ltr'>repugnantiae</span> <span class='ocrx_word' id='word_1_409' title='bbox 830 2818 963 2890; x_wconf 89' lang='lat' dir='ltr'>assignari</span> <span class='ocrx_word' id='word_1_410' title='bbox 998 2819 1043 2876; x_wconf 91' lang='lat' dir='ltr'>lib.</span> <span class='ocrx_word' id='word_1_411' title='bbox 1059 2824 1084 2876; x_wconf 89' lang='grc'>1.</span> <span class='ocrx_word' id='word_1_412' title='bbox 1100 2817 1134 2874; x_wconf 92' lang='lat' dir='ltr'>do</span> <span class='ocrx_word' id='word_1_413' title='bbox 1147 2817 1266 2875; x_wconf 89' lang='lat' dir='ltr'>matrim.</span> <span class='ocrx_word' id='word_1_414' title='bbox 1280 2817 1350 2889; x_wconf 88' lang='lat' dir='ltr'>disp.</span> <span class='ocrx_word' id='word_1_415' title='bbox 1364 2820 1392 2885; x_wconf 82' lang='grc'>6,</span> <span class='ocrx_word' id='word_1_416' title='bbox 1408 2819 1602 2887; x_wconf 80' lang='lat' dir='ltr'>n.15,etti;</span> <span class='ocrx_word' id='word_1_417' title='bbox 1619 2831 1684 2888; x_wconf 88' lang='lat' dir='ltr'>ergo</span> <span class='ocrx_word' id='word_1_418' title='bbox 1703 2819 1798 2874; x_wconf 87' lang='lat' dir='ltr'>maiori</span> 
     </span>
     <span class='ocr_line' id='line_1_29' title="bbox 160 2905 1797 2982; baseline -0.001 -18"><span class='ocrx_word' id='word_1_419' title='bbox 160 2913 262 2982; x_wconf 88' lang='lat' dir='ltr'>polest,</span> <span class='ocrx_word' id='word_1_420' title='bbox 279 2905 411 2981; x_wconf 90' lang='lat' dir='ltr'>quidquid</span> <span class='ocrx_word' id='word_1_421' title='bbox 427 2907 463 2963; x_wconf 88' lang='lat' dir='ltr'>sit</span> <span class='ocrx_word' id='word_1_422' title='bbox 476 2905 509 2962; x_wconf 90' lang='lat' dir='ltr'>de</span> <span class='ocrx_word' id='word_1_423' title='bbox 523 2907 661 2964; x_wconf 80' lang='lat' dir='ltr'>voluntate</span> <span class='ocrx_word' id='word_1_424' title='bbox 674 2907 816 2980; x_wconf 82' lang='lat' dir='ltr'>principis,</span> <span class='ocrx_word' id='word_1_425' title='bbox 830 2923 861 2964; x_wconf 91' lang='lat' dir='ltr'>aa</span> <span class='ocrx_word' id='word_1_426' title='bbox 875 2909 963 2980; x_wconf 88' lang='lat' dir='ltr'>magis</span> <span class='ocrx_word' id='word_1_427' title='bbox 998 2910 1101 2967; x_wconf 80' lang='lat' dir='ltr'>radone</span> <span class='ocrx_word' id='word_1_428' title='bbox 1111 2913 1201 2981; x_wconf 89' lang='lat' dir='ltr'>potest</span> <span class='ocrx_word' id='word_1_429' title='bbox 1213 2909 1341 2979; x_wconf 90' lang='lat' dir='ltr'>princeps</span> <span class='ocrx_word' id='word_1_430' title='bbox 1353 2905 1508 2962; x_wconf 88' lang='lat' dir='ltr'>concedens</span> <span class='ocrx_word' id='word_1_431' title='bbox 1520 2905 1690 2978; x_wconf 88' lang='lat' dir='ltr'>privilegium</span> <span class='ocrx_word' id='word_1_432' title='bbox 1708 2906 1797 2963; x_wconf 88' lang='lat' dir='ltr'>iacere</span> 
     </span>
     <span class='ocr_line' id='line_1_30' title="bbox 158 2994 1797 3070; baseline 0.001 -18"><span class='ocrx_word' id='word_1_433' title='bbox 158 3013 217 3052; x_wconf 92' lang='lat' dir='ltr'>uno</span> <span class='ocrx_word' id='word_1_434' title='bbox 231 2995 312 3052; x_wconf 89' lang='lat' dir='ltr'>ruodo</span> <span class='ocrx_word' id='word_1_435' title='bbox 327 2994 499 3068; x_wconf 87' lang='lat' dir='ltr'>ostendatur,</span> <span class='ocrx_word' id='word_1_436' title='bbox 515 3011 600 3068; x_wconf 90' lang='lat' dir='ltr'>quem</span> <span class='ocrx_word' id='word_1_437' title='bbox 610 2997 679 3069; x_wconf 74' lang='lat' dir='ltr'>alio,</span> <span class='ocrx_word' id='word_1_438' title='bbox 697 2997 771 3070; x_wconf 88' lang='lat' dir='ltr'>quod</span> <span class='ocrx_word' id='word_1_439' title='bbox 783 2996 852 3052; x_wconf 88' lang='lat' dir='ltr'>inira</span> <span class='ocrx_word' id='word_1_440' title='bbox 863 2996 963 3052; x_wconf 89' lang='lat' dir='ltr'>videbi·</span> <span class='ocrx_word' id='word_1_441' title='bbox 998 2998 1113 3055; x_wconf 88' lang='lat' dir='ltr'>validam</span> <span class='ocrx_word' id='word_1_442' title='bbox 1128 2997 1332 3054; x_wconf 89' lang='lat' dir='ltr'>concessionem</span> <span class='ocrx_word' id='word_1_443' title='bbox 1348 2995 1479 3068; x_wconf 89' lang='lat' dir='ltr'>privilegii</span> <span class='ocrx_word' id='word_1_444' title='bbox 1493 3003 1520 3051; x_wconf 92' lang='lat' dir='ltr'>et</span> <span class='ocrx_word' id='word_1_445' title='bbox 1533 2995 1675 3052; x_wconf 83' lang='lat' dir='ltr'>elllcaceno</span> <span class='ocrx_word' id='word_1_446' title='bbox 1690 3037 1697 3065; x_wconf 88' lang='lat'>,</span> <span class='ocrx_word' id='word_1_447' title='bbox 1715 2997 1737 3051; x_wconf 93' lang='lat' dir='ltr'>si</span> <span class='ocrx_word' id='word_1_448' title='bbox 1752 3013 1797 3053; x_wconf 89' lang='lat' dir='ltr'>ve-</span> 
     </span>
     <span class='ocr_line' id='line_1_31' title="bbox 158 3083 1798 3160; baseline 0.001 -19"><span class='ocrx_word' id='word_1_449' title='bbox 158 3093 244 3142; x_wconf 68' lang='lat' dir='ltr'>mus:</span> <span class='ocrx_word' id='word_1_450' title='bbox 256 3087 400 3142; x_wconf 89' lang='lat' dir='ltr'>Praeterea</span> <span class='ocrx_word' id='word_1_451' title='bbox 419 3084 473 3140; x_wconf 90' lang='lat' dir='ltr'>boc</span> <span class='ocrx_word' id='word_1_452' title='bbox 489 3085 596 3142; x_wconf 90' lang='lat' dir='ltr'>videtur</span> <span class='ocrx_word' id='word_1_453' title='bbox 610 3093 717 3142; x_wconf 92' lang='lat' dir='ltr'>certum</span> <span class='ocrx_word' id='word_1_454' title='bbox 733 3084 823 3160; x_wconf 92' lang='lat' dir='ltr'>quoad</span> <span class='ocrx_word' id='word_1_455' title='bbox 839 3087 963 3143; x_wconf 91' lang='lat' dir='ltr'>notitiam</span> <span class='ocrx_word' id='word_1_456' title='bbox 998 3087 1151 3159; x_wconf 90' lang='lat' dir='ltr'>lit,absqne</span> <span class='ocrx_word' id='word_1_457' title='bbox 1164 3085 1342 3158; x_wconf 86' lang='lat' dir='ltr'>dependentia</span> <span class='ocrx_word' id='word_1_458' title='bbox 1358 3085 1391 3142; x_wconf 95' lang='lat' dir='ltr'>ab</span> <span class='ocrx_word' id='word_1_459' title='bbox 1404 3086 1592 3156; x_wconf 89' lang='lat' dir='ltr'>acceptatione</span> <span class='ocrx_word' id='word_1_460' title='bbox 1603 3083 1729 3142; x_wconf 90' lang='lat' dir='ltr'>alterius.</span> <span class='ocrx_word' id='word_1_461' title='bbox 1740 3087 1798 3143; x_wconf 88' lang='lat' dir='ltr'>iloc</span> 
     </span>
     <span class='ocr_line' id='line_1_32' title="bbox 157 3172 1799 3248; baseline 0 -18"><span class='ocrx_word' id='word_1_462' title='bbox 157 3175 305 3248; x_wconf 79' lang='lat' dir='ltr'>privilegii,</span> <span class='ocrx_word' id='word_1_463' title='bbox 321 3172 432 3247; x_wconf 90' lang='lat' dir='ltr'>quando</span> <span class='ocrx_word' id='word_1_464' title='bbox 446 3175 500 3230; x_wconf 87' lang='lat' dir='ltr'>talo</span> <span class='ocrx_word' id='word_1_465' title='bbox 515 3175 689 3248; x_wconf 89' lang='lat' dir='ltr'>privilegium</span> <span class='ocrx_word' id='word_1_466' title='bbox 700 3174 861 3232; x_wconf 88' lang='lat' dir='ltr'>conceditur</span> <span class='ocrx_word' id='word_1_467' title='bbox 872 3178 905 3234; x_wconf 91' lang='lat' dir='ltr'>ed</span> <span class='ocrx_word' id='word_1_468' title='bbox 917 3191 964 3248; x_wconf 88' lang='lat' dir='ltr'>pe·</span> <span class='ocrx_word' id='word_1_469' title='bbox 997 3179 1079 3234; x_wconf 90' lang='lat' dir='ltr'>etiem</span> <span class='ocrx_word' id='word_1_470' title='bbox 1095 3177 1257 3234; x_wconf 87' lang='lat' dir='ltr'>confirmant</span> <span class='ocrx_word' id='word_1_471' title='bbox 1271 3175 1395 3246; x_wconf 86' lang='lat' dir='ltr'>exempla</span> <span class='ocrx_word' id='word_1_472' title='bbox 1418 3173 1537 3230; x_wconf 86' lang='lat' dir='ltr'>adducta</span> <span class='ocrx_word' id='word_1_473' title='bbox 1551 3174 1577 3229; x_wconf 94' lang='lat' dir='ltr'>ia</span> <span class='ocrx_word' id='word_1_474' title='bbox 1598 3174 1721 3230; x_wconf 90' lang='lat' dir='ltr'>secunde</span> <span class='ocrx_word' id='word_1_475' title='bbox 1737 3191 1799 3230; x_wconf 89' lang='lat' dir='ltr'>sen·</span> 
     </span>
     <span class='ocr_line' id='line_1_33' title="bbox 158 3262 1798 3347; baseline 0 -27"><span class='ocrx_word' id='word_1_476' title='bbox 158 3265 282 3320; x_wconf 88' lang='lat' dir='ltr'>titionem</span> <span class='ocrx_word' id='word_1_477' title='bbox 297 3262 481 3335; x_wconf 89' lang='lat' dir='ltr'>privilegiandi</span> <span class='ocrx_word' id='word_1_478' title='bbox 492 3264 610 3320; x_wconf 80' lang='lat' dir='ltr'>alisontia</span> <span class='ocrx_word' id='word_1_479' title='bbox 622 3265 832 3347; x_wconf 80' lang='lat' dir='ltr'>perepislolem,</span> <span class='ocrx_word' id='word_1_480' title='bbox 842 3266 962 3322; x_wconf 88' lang='lat' dir='ltr'>veloun·</span> <span class='ocrx_word' id='word_1_481' title='bbox 995 3268 1096 3336; x_wconf 88' lang='lat' dir='ltr'>tentia,</span> <span class='ocrx_word' id='word_1_482' title='bbox 1117 3266 1181 3323; x_wconf 87' lang='lat' dir='ltr'>licet</span> <span class='ocrx_word' id='word_1_483' title='bbox 1193 3273 1271 3322; x_wconf 89' lang='lat' dir='ltr'>certa</span> <span class='ocrx_word' id='word_1_484' title='bbox 1288 3280 1341 3320; x_wconf 93' lang='lat' dir='ltr'>aon</span> <span class='ocrx_word' id='word_1_485' title='bbox 1356 3265 1426 3333; x_wconf 81' lang='lat' dir='ltr'>siat3</span> <span class='ocrx_word' id='word_1_486' title='bbox 1443 3263 1493 3320; x_wconf 89' lang='lat' dir='ltr'>illis</span> <span class='ocrx_word' id='word_1_487' title='bbox 1507 3269 1596 3320; x_wconf 81' lang='lat' dir='ltr'>tamm</span> <span class='ocrx_word' id='word_1_488' title='bbox 1611 3262 1745 3335; x_wconf 77' lang='lat' dir='ltr'>admissis,</span> <span class='ocrx_word' id='word_1_489' title='bbox 1763 3264 1798 3320; x_wconf 90' lang='lat' dir='ltr'>ad</span> 
     </span>
     <span class='ocr_line' id='line_1_34' title="bbox 157 3351 1799 3427; baseline 0 -18"><span class='ocrx_word' id='word_1_490' title='bbox 157 3353 247 3412; x_wconf 83' lang='lat' dir='ltr'>cirron.</span> <span class='ocrx_word' id='word_1_491' title='bbox 265 3369 313 3410; x_wconf 89' lang='lat' dir='ltr'>seu</span> <span class='ocrx_word' id='word_1_492' title='bbox 328 3361 550 3423; x_wconf 87' lang='lat' dir='ltr'>procuratorem,</span> <span class='ocrx_word' id='word_1_493' title='bbox 564 3354 625 3425; x_wconf 89' lang='lat' dir='ltr'>quia</span> <span class='ocrx_word' id='word_1_494' title='bbox 636 3353 673 3409; x_wconf 93' lang='lat' dir='ltr'>ibi</span> <span class='ocrx_word' id='word_1_495' title='bbox 684 3369 737 3410; x_wconf 90' lang='lat' dir='ltr'>non</span> <span class='ocrx_word' id='word_1_496' title='bbox 748 3354 824 3411; x_wconf 89' lang='lat' dir='ltr'>deest</span> <span class='ocrx_word' id='word_1_497' title='bbox 834 3363 964 3427; x_wconf 88' lang='lat' dir='ltr'>accepta·</span> <span class='ocrx_word' id='word_1_498' title='bbox 997 3371 1137 3413; x_wconf 85' lang='lat' dir='ltr'>sumranaa</span> <span class='ocrx_word' id='word_1_499' title='bbox 1153 3355 1269 3427; x_wconf 89' lang='lat' dir='ltr'>probant</span> <span class='ocrx_word' id='word_1_500' title='bbox 1281 3358 1443 3426; x_wconf 88' lang='lat' dir='ltr'>potestatem</span> <span class='ocrx_word' id='word_1_501' title='bbox 1454 3367 1487 3408; x_wconf 82' lang='lat' dir='ltr'>ea</span> <span class='ocrx_word' id='word_1_502' title='bbox 1502 3352 1575 3407; x_wconf 86' lang='lat' dir='ltr'>tecto</span> <span class='ocrx_word' id='word_1_503' title='bbox 1589 3351 1680 3423; x_wconf 93' lang='lat' dir='ltr'>aliquo</span> <span class='ocrx_word' id='word_1_504' title='bbox 1692 3352 1715 3407; x_wconf 93' lang='lat' dir='ltr'>in</span> <span class='ocrx_word' id='word_1_505' title='bbox 1731 3367 1799 3409; x_wconf 88' lang='lat' dir='ltr'>casn</span> 
     </span>
     <span class='ocr_line' id='line_1_35' title="bbox 160 3439 1797 3519; baseline -0.001 -21"><span class='ocrx_word' id='word_1_506' title='bbox 160 3444 198 3499; x_wconf 94' lang='lat' dir='ltr'>tio</span> <span class='ocrx_word' id='word_1_507' title='bbox 212 3443 309 3498; x_wconf 86' lang='lat' dir='ltr'>saltem</span> <span class='ocrx_word' id='word_1_508' title='bbox 319 3441 474 3513; x_wconf 82' lang='lat' dir='ltr'>paralium,</span> <span class='ocrx_word' id='word_1_509' title='bbox 487 3442 963 3515; x_wconf 88' lang='lat' dir='ltr'>quaeiadonetionibusetoliisbu·</span> <span class='ocrx_word' id='word_1_510' title='bbox 997 3444 1121 3519; x_wconf 87' lang='lat' dir='ltr'>speciali,</span> <span class='ocrx_word' id='word_1_511' title='bbox 1133 3460 1166 3501; x_wconf 82' lang='lat' dir='ltr'>ex</span> <span class='ocrx_word' id='word_1_512' title='bbox 1181 3443 1237 3517; x_wconf 86' lang='lat' dir='ltr'>qud</span> <span class='ocrx_word' id='word_1_513' title='bbox 1249 3459 1301 3499; x_wconf 92' lang='lat' dir='ltr'>noa</span> <span class='ocrx_word' id='word_1_514' title='bbox 1316 3443 1380 3498; x_wconf 91' lang='lat' dir='ltr'>licet</span> <span class='ocrx_word' id='word_1_515' title='bbox 1394 3442 1493 3499; x_wconf 85' lang='lat' dir='ltr'>interro</span> <span class='ocrx_word' id='word_1_516' title='bbox 1506 3439 1662 3514; x_wconf 89' lang='lat' dir='ltr'>generalem</span> <span class='ocrx_word' id='word_1_517' title='bbox 1674 3440 1797 3512; x_wconf 83' lang='lat' dir='ltr'>regulum</span> 
     </span>
     <span class='ocr_line' id='line_1_36' title="bbox 160 3529 1796 3607; baseline -0.001 -18"><span class='ocrx_word' id='word_1_518' title='bbox 160 3535 249 3589; x_wconf 87' lang='lat' dir='ltr'>ruanis</span> <span class='ocrx_word' id='word_1_519' title='bbox 275 3532 466 3588; x_wconf 88' lang='lat' dir='ltr'>contractibus</span> <span class='ocrx_word' id='word_1_520' title='bbox 487 3531 602 3604; x_wconf 85' lang='lat' dir='ltr'>saalllcit,</span> <span class='ocrx_word' id='word_1_521' title='bbox 617 3542 648 3588; x_wconf 92' lang='lat' dir='ltr'>ut</span> <span class='ocrx_word' id='word_1_522' title='bbox 662 3539 785 3603; x_wconf 78' lang='lat' dir='ltr'>coastal3</span> <span class='ocrx_word' id='word_1_523' title='bbox 800 3550 867 3607; x_wconf 90' lang='lat' dir='ltr'>ergo</span> <span class='ocrx_word' id='word_1_524' title='bbox 881 3535 961 3592; x_wconf 91' lang='lat' dir='ltr'>etiam</span> <span class='ocrx_word' id='word_1_525' title='bbox 996 3537 1029 3592; x_wconf 91' lang='lat' dir='ltr'>de</span> <span class='ocrx_word' id='word_1_526' title='bbox 1044 3534 1206 3607; x_wconf 88' lang='lat' dir='ltr'>privilegiis,</span> <span class='ocrx_word' id='word_1_527' title='bbox 1222 3539 1305 3604; x_wconf 89' lang='lat' dir='ltr'>prout</span> <span class='ocrx_word' id='word_1_528' title='bbox 1317 3531 1351 3588; x_wconf 91' lang='lat' dir='ltr'>de</span> <span class='ocrx_word' id='word_1_529' title='bbox 1373 3532 1445 3588; x_wconf 91' lang='lat' dir='ltr'>lacto</span> <span class='ocrx_word' id='word_1_530' title='bbox 1460 3529 1669 3602; x_wconf 89' lang='lat' dir='ltr'>conceduntur,</span> <span class='ocrx_word' id='word_1_531' title='bbox 1685 3531 1749 3603; x_wconf 90' lang='lat' dir='ltr'>quio</span> <span class='ocrx_word' id='word_1_532' title='bbox 1762 3547 1796 3587; x_wconf 80' lang='lat' dir='ltr'>ex</span> 
     </span>
     <span class='ocr_line' id='line_1_37' title="bbox 158 3620 1798 3697; baseline -0.001 -20"><span class='ocrx_word' id='word_1_533' title='bbox 158 3625 186 3677; x_wconf 92' lang='lat' dir='ltr'>ia</span> <span class='ocrx_word' id='word_1_534' title='bbox 208 3621 354 3694; x_wconf 83' lang='lat' dir='ltr'>privilegiis</span> <span class='ocrx_word' id='word_1_535' title='bbox 369 3621 498 3692; x_wconf 83' lang='lat' dir='ltr'>sufficiet,</span> <span class='ocrx_word' id='word_1_536' title='bbox 515 3629 546 3678; x_wconf 90' lang='lat' dir='ltr'>ut</span> <span class='ocrx_word' id='word_1_537' title='bbox 557 3628 633 3678; x_wconf 89' lang='lat' dir='ltr'>recte</span> <span class='ocrx_word' id='word_1_538' title='bbox 646 3621 759 3678; x_wconf 88' lang='lat' dir='ltr'>dicebat</span> <span class='ocrx_word' id='word_1_539' title='bbox 772 3631 848 3680; x_wconf 82' lang='lat' dir='ltr'>senta</span> <span class='ocrx_word' id='word_1_540' title='bbox 858 3627 960 3696; x_wconf 86' lang='lat' dir='ltr'>opinio,</span> <span class='ocrx_word' id='word_1_541' title='bbox 996 3622 1209 3697; x_wconf 82' lang='lat' dir='ltr'>particularibus</span> <span class='ocrx_word' id='word_1_542' title='bbox 1225 3622 1302 3677; x_wconf 90' lang='lat' dir='ltr'>lactis</span> <span class='ocrx_word' id='word_1_543' title='bbox 1317 3635 1369 3676; x_wconf 92' lang='lat' dir='ltr'>noa</span> <span class='ocrx_word' id='word_1_544' title='bbox 1384 3621 1413 3676; x_wconf 87' lang='lat' dir='ltr'>tit</span> <span class='ocrx_word' id='word_1_545' title='bbox 1430 3627 1507 3677; x_wconf 90' lang='lat' dir='ltr'>recta</span> <span class='ocrx_word' id='word_1_546' title='bbox 1520 3620 1721 3692; x_wconf 89' lang='lat' dir='ltr'>argumentatio</span> <span class='ocrx_word' id='word_1_547' title='bbox 1738 3622 1798 3676; x_wconf 88' lang='lat' dir='ltr'>nni·</span> 
     </span>
     <span class='ocr_line' id='line_1_38' title="bbox 159 3708 1798 3784; baseline -0.001 -17"><span class='ocrx_word' id='word_1_548' title='bbox 159 3727 230 3784; x_wconf 90' lang='lat' dir='ltr'>quae</span> <span class='ocrx_word' id='word_1_549' title='bbox 248 3727 300 3766; x_wconf 90' lang='lat' dir='ltr'>ooo</span> <span class='ocrx_word' id='word_1_550' title='bbox 316 3709 405 3768; x_wconf 88' lang='lat' dir='ltr'>solum</span> <span class='ocrx_word' id='word_1_551' title='bbox 420 3709 454 3766; x_wconf 92' lang='lat' dir='ltr'>de</span> <span class='ocrx_word' id='word_1_552' title='bbox 468 3710 608 3782; x_wconf 91' lang='lat' dir='ltr'>possibili,</span> <span class='ocrx_word' id='word_1_553' title='bbox 625 3710 767 3768; x_wconf 90' lang='lat' dir='ltr'>sedetiam</span> <span class='ocrx_word' id='word_1_554' title='bbox 782 3712 815 3769; x_wconf 90' lang='lat' dir='ltr'>de</span> <span class='ocrx_word' id='word_1_555' title='bbox 829 3714 903 3771; x_wconf 87' lang='lat' dir='ltr'>iacto</span> <span class='ocrx_word' id='word_1_556' title='bbox 917 3715 964 3772; x_wconf 92' lang='lat' dir='ltr'>ad·</span> <span class='ocrx_word' id='word_1_557' title='bbox 997 3713 1118 3771; x_wconf 80' lang='lat' dir='ltr'>versatis.</span> <span class='ocrx_word' id='word_1_558' title='bbox 1136 3715 1260 3769; x_wconf 85' lang='lat' dir='ltr'>Potestas</span> <span class='ocrx_word' id='word_1_559' title='bbox 1273 3716 1366 3767; x_wconf 87' lang='lat' dir='ltr'>autera</span> <span class='ocrx_word' id='word_1_560' title='bbox 1379 3708 1533 3783; x_wconf 91' lang='lat' dir='ltr'>colligitur,</span> <span class='ocrx_word' id='word_1_561' title='bbox 1550 3709 1645 3765; x_wconf 90' lang='lat' dir='ltr'>saltem</span> <span class='ocrx_word' id='word_1_562' title='bbox 1660 3709 1707 3766; x_wconf 94' lang='lat' dir='ltr'>ubi</span> <span class='ocrx_word' id='word_1_563' title='bbox 1726 3709 1798 3765; x_wconf 89' lang='lat' dir='ltr'>iuste</span> 
     </span>
     <span class='ocr_line' id='line_1_39' title="bbox 160 3798 1798 3875; baseline -0.002 -17"><span class='ocrx_word' id='word_1_564' title='bbox 160 3801 244 3858; x_wconf 86' lang='lat' dir='ltr'>mittit</span> <span class='ocrx_word' id='word_1_565' title='bbox 259 3799 329 3856; x_wconf 89' lang='lat' dir='ltr'>bano</span> <span class='ocrx_word' id='word_1_566' title='bbox 343 3806 448 3873; x_wconf 89' lang='lat' dir='ltr'>partem</span> <span class='ocrx_word' id='word_1_567' title='bbox 462 3801 489 3856; x_wconf 92' lang='lat' dir='ltr'>in</span> <span class='ocrx_word' id='word_1_568' title='bbox 504 3801 629 3858; x_wconf 89' lang='lat' dir='ltr'>omnibns</span> <span class='ocrx_word' id='word_1_569' title='bbox 643 3802 789 3874; x_wconf 89' lang='lat' dir='ltr'>privilegiis</span> <span class='ocrx_word' id='word_1_570' title='bbox 800 3817 848 3873; x_wconf 89' lang='lat' dir='ltr'>per</span> <span class='ocrx_word' id='word_1_571' title='bbox 863 3819 963 3875; x_wconf 88' lang='lat' dir='ltr'>procu-</span> <span class='ocrx_word' id='word_1_572' title='bbox 997 3819 1082 3861; x_wconf 87' lang='lat' dir='ltr'>eausa</span> <span class='ocrx_word' id='word_1_573' title='bbox 1094 3803 1248 3858; x_wconf 89' lang='lat' dir='ltr'>intervenit.</span> <span class='ocrx_word' id='word_1_574' title='bbox 1256 3799 1468 3873; x_wconf 87' lang='lat' dir='ltr'>Procedantque</span> <span class='ocrx_word' id='word_1_575' title='bbox 1478 3798 1552 3856; x_wconf 91' lang='lat' dir='ltr'>dicte</span> <span class='ocrx_word' id='word_1_576' title='bbox 1562 3798 1696 3870; x_wconf 81' lang='lat' dir='ltr'>example,</span> <span class='ocrx_word' id='word_1_577' title='bbox 1709 3807 1738 3855; x_wconf 90' lang='lat' dir='ltr'>et</span> <span class='ocrx_word' id='word_1_578' title='bbox 1754 3814 1798 3855; x_wconf 89' lang='lat' dir='ltr'>re·</span> 
     </span>
     <span class='ocr_line' id='line_1_40' title="bbox 160 3875 1798 3962; baseline -0.001 -14"><span class='ocrx_word' id='word_1_579' title='bbox 160 3875 294 3948; x_wconf 75' lang='lat' dir='ltr'>ratioadm</span> <span class='ocrx_word' id='word_1_580' title='bbox 321 3890 436 3948; x_wconf 88' lang='lat' dir='ltr'>obtentis</span> <span class='ocrx_word' id='word_1_581' title='bbox 458 3899 570 3962; x_wconf 87' lang='lat' dir='ltr'>propter</span> <span class='ocrx_word' id='word_1_582' title='bbox 594 3891 697 3949; x_wconf 90' lang='lat' dir='ltr'>dictam</span> <span class='ocrx_word' id='word_1_583' title='bbox 724 3893 866 3950; x_wconf 88' lang='lat' dir='ltr'>rationem.</span> <span class='ocrx_word' id='word_1_584' title='bbox 887 3893 964 3951; x_wconf 88' lang='lat' dir='ltr'>Unde</span> <span class='ocrx_word' id='word_1_585' title='bbox 998 3895 1083 3950; x_wconf 91' lang='lat' dir='ltr'>tiones</span> <span class='ocrx_word' id='word_1_586' title='bbox 1097 3909 1151 3950; x_wconf 93' lang='lat' dir='ltr'>noa</span> <span class='ocrx_word' id='word_1_587' title='bbox 1167 3900 1273 3949; x_wconf 85' lang='lat' dir='ltr'>tentum</span> <span class='ocrx_word' id='word_1_588' title='bbox 1285 3890 1318 3947; x_wconf 88' lang='lat' dir='ltr'>de</span> <span class='ocrx_word' id='word_1_589' title='bbox 1332 3892 1392 3947; x_wconf 86' lang='lat' dir='ltr'>iure</span> <span class='ocrx_word' id='word_1_590' title='bbox 1406 3890 1439 3947; x_wconf 91' lang='lat' dir='ltr'>od</span> <span class='ocrx_word' id='word_1_591' title='bbox 1454 3905 1522 3960; x_wconf 88' lang='lat' dir='ltr'>rem,</span> <span class='ocrx_word' id='word_1_592' title='bbox 1535 3887 1583 3945; x_wconf 90' lang='lat' dir='ltr'>sed</span> <span class='ocrx_word' id='word_1_593' title='bbox 1597 3888 1677 3945; x_wconf 90' lang='lat' dir='ltr'>etiem</span> <span class='ocrx_word' id='word_1_594' title='bbox 1691 3888 1725 3945; x_wconf 89' lang='lat' dir='ltr'>do</span> <span class='ocrx_word' id='word_1_595' title='bbox 1739 3891 1798 3946; x_wconf 88' lang='lat' dir='ltr'>iure</span> 
     </span>
     <span class='ocr_line' id='line_1_41' title="bbox 159 3969 1799 4056; baseline -0.002 -19"><span class='ocrx_word' id='word_1_596' title='bbox 159 3989 363 4052; x_wconf 88' lang='lat' dir='ltr'>consequenter</span> <span class='ocrx_word' id='word_1_597' title='bbox 374 3981 473 4050; x_wconf 89' lang='lat' dir='ltr'>iniert,</span> <span class='ocrx_word' id='word_1_598' title='bbox 496 3996 550 4037; x_wconf 87' lang='lat' dir='ltr'>nora</span> <span class='ocrx_word' id='word_1_599' title='bbox 564 3997 624 4038; x_wconf 88' lang='lat' dir='ltr'>esse</span> <span class='ocrx_word' id='word_1_600' title='bbox 642 3985 825 4040; x_wconf 87' lang='lat' dir='ltr'>neeessariam</span> <span class='ocrx_word' id='word_1_601' title='bbox 839 3987 963 4042; x_wconf 89' lang='lat' dir='ltr'>notitiam</span> <span class='ocrx_word' id='word_1_602' title='bbox 979 3969 1023 4040; x_wconf 66' lang='lat' dir='ltr'>&#39;ia</span> <span class='ocrx_word' id='word_1_603' title='bbox 1039 3999 1083 4054; x_wconf 90' lang='lat' dir='ltr'>re,</span> <span class='ocrx_word' id='word_1_604' title='bbox 1100 3983 1225 4056; x_wconf 92' lang='lat' dir='ltr'>quamvis</span> <span class='ocrx_word' id='word_1_605' title='bbox 1240 3980 1401 4051; x_wconf 88' lang='lat' dir='ltr'>revocabili,</span> <span class='ocrx_word' id='word_1_606' title='bbox 1417 3994 1465 4035; x_wconf 91' lang='lat' dir='ltr'>seu</span> <span class='ocrx_word' id='word_1_607' title='bbox 1480 3977 1660 4036; x_wconf 91' lang='lat' dir='ltr'>renunciabili</span> <span class='ocrx_word' id='word_1_608' title='bbox 1676 3993 1724 4049; x_wconf 88' lang='lat' dir='ltr'>per</span> <span class='ocrx_word' id='word_1_609' title='bbox 1744 3980 1799 4049; x_wconf 92' lang='lat' dir='ltr'>pri·</span> 
     </span>
     <span class='ocr_line' id='line_1_42' title="bbox 159 4068 1796 4147; baseline -0.001 -21"><span class='ocrx_word' id='word_1_610' title='bbox 159 4069 309 4142; x_wconf 83' lang='lat' dir='ltr'>privilegii,</span> <span class='ocrx_word' id='word_1_611' title='bbox 324 4069 389 4142; x_wconf 93' lang='lat' dir='ltr'>quia</span> <span class='ocrx_word' id='word_1_612' title='bbox 402 4068 470 4126; x_wconf 92' lang='lat' dir='ltr'>baec</span> <span class='ocrx_word' id='word_1_613' title='bbox 484 4073 600 4127; x_wconf 80' lang='lat' dir='ltr'>maxime</span> <span class='ocrx_word' id='word_1_614' title='bbox 621 4072 775 4143; x_wconf 88' lang='lat' dir='ltr'>postulatur</span> <span class='ocrx_word' id='word_1_615' title='bbox 789 4082 900 4146; x_wconf 89' lang='lat' dir='ltr'>propter</span> <span class='ocrx_word' id='word_1_616' title='bbox 917 4091 964 4131; x_wconf 91' lang='lat' dir='ltr'>ac·</span> <span class='ocrx_word' id='word_1_617' title='bbox 999 4073 1179 4147; x_wconf 88' lang='lat' dir='ltr'>vilegieriuar,</span> <span class='ocrx_word' id='word_1_618' title='bbox 1191 4088 1255 4129; x_wconf 92' lang='lat' dir='ltr'>cum</span> <span class='ocrx_word' id='word_1_619' title='bbox 1270 4071 1387 4145; x_wconf 89' lang='lat' dir='ltr'>primum</span> <span class='ocrx_word' id='word_1_620' title='bbox 1398 4071 1431 4127; x_wconf 92' lang='lat' dir='ltr'>ad</span> <span class='ocrx_word' id='word_1_621' title='bbox 1443 4068 1563 4126; x_wconf 90' lang='lat' dir='ltr'>notitiem</span> <span class='ocrx_word' id='word_1_622' title='bbox 1574 4069 1632 4125; x_wconf 90' lang='lat' dir='ltr'>eius</span> <span class='ocrx_word' id='word_1_623' title='bbox 1645 4068 1796 4140; x_wconf 85' lang='lat' dir='ltr'>devenerit,</span> 
     </span>
     <span class='ocr_line' id='line_1_43' title="bbox 158 4157 1800 4236; baseline -0.002 -18"><span class='ocrx_word' id='word_1_624' title='bbox 158 4161 400 4232; x_wconf 81' lang='lat' dir='ltr'>repletionemlie</span> <span class='ocrx_word' id='word_1_625' title='bbox 414 4175 470 4233; x_wconf 93' lang='lat' dir='ltr'>qna</span> <span class='ocrx_word' id='word_1_626' title='bbox 483 4161 602 4219; x_wconf 85' lang='lat' dir='ltr'>illatione</span> <span class='ocrx_word' id='word_1_627' title='bbox 613 4164 647 4221; x_wconf 93' lang='lat' dir='ltr'>ad</span> <span class='ocrx_word' id='word_1_628' title='bbox 662 4164 764 4222; x_wconf 86' lang='lat' dir='ltr'>iactum</span> <span class='ocrx_word' id='word_1_629' title='bbox 778 4163 909 4236; x_wconf 91' lang='lat' dir='ltr'>applicato</span> <span class='ocrx_word' id='word_1_630' title='bbox 922 4165 964 4220; x_wconf 91' lang='lat' dir='ltr'>in·</span> <span class='ocrx_word' id='word_1_631' title='bbox 998 4164 1072 4220; x_wconf 91' lang='lat' dir='ltr'>sicut</span> <span class='ocrx_word' id='word_1_632' title='bbox 1085 4162 1118 4220; x_wconf 88' lang='lat' dir='ltr'>de</span> <span class='ocrx_word' id='word_1_633' title='bbox 1140 4163 1273 4236; x_wconf 88' lang='lat' dir='ltr'>legatario</span> <span class='ocrx_word' id='word_1_634' title='bbox 1294 4161 1408 4230; x_wconf 88' lang='lat' dir='ltr'>dicitur,</span> <span class='ocrx_word' id='word_1_635' title='bbox 1425 4165 1488 4232; x_wconf 89' lang='lat' dir='ltr'>post</span> <span class='ocrx_word' id='word_1_636' title='bbox 1507 4159 1609 4216; x_wconf 88' lang='lat' dir='ltr'>aditam</span> <span class='ocrx_word' id='word_1_637' title='bbox 1628 4158 1662 4214; x_wconf 89' lang='lat' dir='ltr'>ab</span> <span class='ocrx_word' id='word_1_638' title='bbox 1684 4157 1800 4215; x_wconf 89' lang='lat' dir='ltr'>boereds</span> 
     </span>
     <span class='ocr_line' id='line_1_44' title="bbox 160 4248 1797 4327; baseline -0.004 -20"><span class='ocrx_word' id='word_1_639' title='bbox 160 4251 203 4308; x_wconf 86' lang='lat' dir='ltr'>ira</span> <span class='ocrx_word' id='word_1_640' title='bbox 223 4250 327 4320; x_wconf 69' lang='lat' dir='ltr'>dicama</span> <span class='ocrx_word' id='word_1_641' title='bbox 350 4265 424 4307; x_wconf 91' lang='lat' dir='ltr'>nuno</span> <span class='ocrx_word' id='word_1_642' title='bbox 445 4266 511 4308; x_wconf 85' lang='lat' dir='ltr'>vero</span> <span class='ocrx_word' id='word_1_643' title='bbox 533 4252 628 4310; x_wconf 88' lang='lat' dir='ltr'>saltem</span> <span class='ocrx_word' id='word_1_644' title='bbox 649 4253 682 4311; x_wconf 91' lang='lat' dir='ltr'>de</span> <span class='ocrx_word' id='word_1_645' title='bbox 703 4262 838 4327; x_wconf 90' lang='lat' dir='ltr'>potestate</span> <span class='ocrx_word' id='word_1_646' title='bbox 858 4253 964 4310; x_wconf 89' lang='lat' dir='ltr'>videtur</span> <span class='ocrx_word' id='word_1_647' title='bbox 998 4253 1200 4310; x_wconf 89' lang='lat' dir='ltr'>haereditatem.</span> <span class='ocrx_word' id='word_1_648' title='bbox 1216 4253 1252 4308; x_wconf 85' lang='lat' dir='ltr'>Et</span> <span class='ocrx_word' id='word_1_649' title='bbox 1272 4251 1338 4308; x_wconf 88' lang='lat' dir='ltr'>haee</span> <span class='ocrx_word' id='word_1_650' title='bbox 1359 4249 1443 4322; x_wconf 89' lang='lat' dir='ltr'>magis</span> <span class='ocrx_word' id='word_1_651' title='bbox 1458 4249 1483 4305; x_wconf 92' lang='lat' dir='ltr'>ia</span> <span class='ocrx_word' id='word_1_652' title='bbox 1504 4249 1629 4322; x_wconf 88' lang='lat' dir='ltr'>sequenti</span> <span class='ocrx_word' id='word_1_653' title='bbox 1646 4248 1797 4304; x_wconf 85' lang='lat' dir='ltr'>assertione</span> 
     </span>
     <span class='ocr_line' id='line_1_45' title="bbox 158 4340 1221 4417; baseline -0.002 -19"><span class='ocrx_word' id='word_1_654' title='bbox 158 4341 272 4415; x_wconf 90' lang='lat' dir='ltr'>optima,</span> <span class='ocrx_word' id='word_1_655' title='bbox 285 4343 349 4413; x_wconf 90' lang='lat' dir='ltr'>quie</span> <span class='ocrx_word' id='word_1_656' title='bbox 361 4340 529 4414; x_wconf 90' lang='lat' dir='ltr'>privilegium</span> <span class='ocrx_word' id='word_1_657' title='bbox 541 4359 595 4399; x_wconf 93' lang='lat' dir='ltr'>non</span> <span class='ocrx_word' id='word_1_658' title='bbox 610 4345 735 4417; x_wconf 88' lang='lat' dir='ltr'>requirit,</span> <span class='ocrx_word' id='word_1_659' title='bbox 749 4343 847 4416; x_wconf 91' lang='lat' dir='ltr'>utillo,</span> <span class='ocrx_word' id='word_1_660' title='bbox 861 4346 907 4400; x_wconf 89' lang='lat' dir='ltr'>cui</span> <span class='ocrx_word' id='word_1_661' title='bbox 918 4343 963 4401; x_wconf 90' lang='lat' dir='ltr'>da·</span> <span class='ocrx_word' id='word_1_662' title='bbox 998 4342 1221 4416; x_wconf 80' lang='lat' dir='ltr'>explicabuntur.</span> 
     </span>
    </p>

    <p class='ocr_par' dir='ltr' id='par_1_8' title="bbox 158 4423 1799 4862">
     <span class='ocr_line' id='line_1_46' title="bbox 160 4423 1799 4506; baseline -0.005 -18"><span class='ocrx_word' id='word_1_663' title='bbox 160 4439 217 4501; x_wconf 90' lang='lat' dir='ltr'>tur,</span> <span class='ocrx_word' id='word_1_664' title='bbox 232 4445 280 4501; x_wconf 91' lang='lat' dir='ltr'>per</span> <span class='ocrx_word' id='word_1_665' title='bbox 299 4445 328 4485; x_wconf 91' lang='lat' dir='ltr'>se</span> <span class='ocrx_word' id='word_1_666' title='bbox 348 4429 416 4487; x_wconf 92' lang='lat' dir='ltr'>illud</span> <span class='ocrx_word' id='word_1_667' title='bbox 436 4437 577 4504; x_wconf 79' lang='lat' dir='ltr'>aeceptct3</span> <span class='ocrx_word' id='word_1_668' title='bbox 593 4447 660 4505; x_wconf 89' lang='lat' dir='ltr'>ergo</span> <span class='ocrx_word' id='word_1_669' title='bbox 675 4439 818 4506; x_wconf 88' lang='lat' dir='ltr'>acceptare</span> <span class='ocrx_word' id='word_1_670' title='bbox 832 4432 901 4490; x_wconf 90' lang='lat' dir='ltr'>illud</span> <span class='ocrx_word' id='word_1_671' title='bbox 915 4449 963 4504; x_wconf 94' lang='lat' dir='ltr'>po·</span> <span class='ocrx_word' id='word_1_672' title='bbox 1040 4439 1084 4492; x_wconf 84' lang='lat' dir='ltr'>to.</span> <span class='ocrx_word' id='word_1_673' title='bbox 1102 4435 1168 4489; x_wconf 85' lang='lat' dir='ltr'>ilico</span> <span class='ocrx_word' id='word_1_674' title='bbox 1182 4446 1249 4505; x_wconf 89' lang='lat' dir='ltr'>ergo</span> <span class='ocrx_word' id='word_1_675' title='bbox 1264 4428 1397 4487; x_wconf 90' lang='lat' dir='ltr'>secundo:</span> <span class='ocrx_word' id='word_1_676' title='bbox 1413 4427 1553 4500; x_wconf 88' lang='lat' dir='ltr'>Privilegia</span> <span class='ocrx_word' id='word_1_677' title='bbox 1567 4442 1620 4482; x_wconf 92' lang='lat' dir='ltr'>noa</span> <span class='ocrx_word' id='word_1_678' title='bbox 1636 4425 1671 4481; x_wconf 91' lang='lat' dir='ltr'>ita</span> <span class='ocrx_word' id='word_1_679' title='bbox 1690 4423 1799 4496; x_wconf 90' lang='lat' dir='ltr'>regula-</span> 
     </span>
     <span class='ocr_line' id='line_1_47' title="bbox 159 4515 1798 4594; baseline -0.003 -18"><span class='ocrx_word' id='word_1_680' title='bbox 159 4527 215 4576; x_wconf 89' lang='lat' dir='ltr'>test</span> <span class='ocrx_word' id='word_1_681' title='bbox 229 4535 277 4591; x_wconf 87' lang='lat' dir='ltr'>per</span> <span class='ocrx_word' id='word_1_682' title='bbox 290 4517 383 4591; x_wconf 79' lang='lat' dir='ltr'>elium3</span> <span class='ocrx_word' id='word_1_683' title='bbox 396 4535 462 4592; x_wconf 90' lang='lat' dir='ltr'>ergo</span> <span class='ocrx_word' id='word_1_684' title='bbox 476 4524 565 4577; x_wconf 88' lang='lat' dir='ltr'>statim</span> <span class='ocrx_word' id='word_1_685' title='bbox 581 4529 673 4594; x_wconf 88' lang='lat' dir='ltr'>potest</span> <span class='ocrx_word' id='word_1_686' title='bbox 685 4522 751 4580; x_wconf 91' lang='lat' dir='ltr'>illud</span> <span class='ocrx_word' id='word_1_687' title='bbox 766 4522 886 4580; x_wconf 90' lang='lat' dir='ltr'>obtinere</span> <span class='ocrx_word' id='word_1_688' title='bbox 902 4529 963 4580; x_wconf 88' lang='lat' dir='ltr'>eote</span> <span class='ocrx_word' id='word_1_689' title='bbox 998 4525 1065 4580; x_wconf 91' lang='lat' dir='ltr'>riter</span> <span class='ocrx_word' id='word_1_690' title='bbox 1080 4521 1290 4593; x_wconf 86' lang='lat' dir='ltr'>conceduntur,</span> <span class='ocrx_word' id='word_1_691' title='bbox 1307 4527 1339 4576; x_wconf 91' lang='lat' dir='ltr'>ut</span> <span class='ocrx_word' id='word_1_692' title='bbox 1352 4519 1480 4576; x_wconf 88' lang='lat' dir='ltr'>allectum</span> <span class='ocrx_word' id='word_1_693' title='bbox 1495 4515 1675 4590; x_wconf 82' lang='lat' dir='ltr'>privilegiario</span> <span class='ocrx_word' id='word_1_694' title='bbox 1693 4515 1798 4571; x_wconf 88' lang='lat' dir='ltr'>directe</span> 
     </span>
     <span class='ocr_line' id='line_1_48' title="bbox 159 4601 1798 4685; baseline -0.005 -19"><span class='ocrx_word' id='word_1_695' title='bbox 159 4608 283 4666; x_wconf 86' lang='lat' dir='ltr'>notitiam</span> <span class='ocrx_word' id='word_1_696' title='bbox 297 4609 484 4666; x_wconf 85' lang='lat' dir='ltr'>concessionis</span> <span class='ocrx_word' id='word_1_697' title='bbox 499 4610 674 4685; x_wconf 76' lang='lat' dir='ltr'>laclae3ergo</span> <span class='ocrx_word' id='word_1_698' title='bbox 689 4613 714 4668; x_wconf 93' lang='lat' dir='ltr'>ia</span> <span class='ocrx_word' id='word_1_699' title='bbox 728 4611 895 4669; x_wconf 88' lang='lat' dir='ltr'>concedente</span> <span class='ocrx_word' id='word_1_700' title='bbox 909 4629 961 4670; x_wconf 93' lang='lat' dir='ltr'>noa</span> <span class='ocrx_word' id='word_1_701' title='bbox 998 4613 1142 4670; x_wconf 83' lang='lat' dir='ltr'>conterant</span> <span class='ocrx_word' id='word_1_702' title='bbox 1156 4618 1218 4667; x_wconf 90' lang='lat' dir='ltr'>anto</span> <span class='ocrx_word' id='word_1_703' title='bbox 1231 4611 1371 4680; x_wconf 90' lang='lat' dir='ltr'>notitiam,</span> <span class='ocrx_word' id='word_1_704' title='bbox 1388 4607 1431 4664; x_wconf 89' lang='lat' dir='ltr'>vel</span> <span class='ocrx_word' id='word_1_705' title='bbox 1450 4606 1686 4679; x_wconf 86' lang='lat' dir='ltr'>acceptationem,</span> <span class='ocrx_word' id='word_1_706' title='bbox 1703 4601 1798 4660; x_wconf 88' lang='lat' dir='ltr'>saltem</span> 
     </span>
     <span class='ocr_line' id='line_1_49' title="bbox 158 4693 1797 4776; baseline -0.005 -21"><span class='ocrx_word' id='word_1_707' title='bbox 158 4699 241 4756; x_wconf 89' lang='lat' dir='ltr'>deest</span> <span class='ocrx_word' id='word_1_708' title='bbox 258 4705 389 4770; x_wconf 90' lang='lat' dir='ltr'>potestas,</span> <span class='ocrx_word' id='word_1_709' title='bbox 400 4715 451 4756; x_wconf 89' lang='lat' dir='ltr'>nee</span> <span class='ocrx_word' id='word_1_710' title='bbox 462 4699 538 4757; x_wconf 89' lang='lat' dir='ltr'>reddi</span> <span class='ocrx_word' id='word_1_711' title='bbox 552 4707 643 4774; x_wconf 89' lang='lat' dir='ltr'>potest</span> <span class='ocrx_word' id='word_1_712' title='bbox 655 4703 741 4774; x_wconf 90' lang='lat' dir='ltr'>rolin,</span> <span class='ocrx_word' id='word_1_713' title='bbox 757 4717 810 4758; x_wconf 89' lang='lat' dir='ltr'>cur</span> <span class='ocrx_word' id='word_1_714' title='bbox 821 4702 880 4759; x_wconf 88' lang='lat' dir='ltr'>telis</span> <span class='ocrx_word' id='word_1_715' title='bbox 895 4701 963 4759; x_wconf 91' lang='lat' dir='ltr'>noti·</span> <span class='ocrx_word' id='word_1_716' title='bbox 997 4719 1046 4776; x_wconf 92' lang='lat' dir='ltr'>per</span> <span class='ocrx_word' id='word_1_717' title='bbox 1059 4706 1280 4774; x_wconf 89' lang='lat' dir='ltr'>procuratorem,</span> <span class='ocrx_word' id='word_1_718' title='bbox 1293 4699 1336 4756; x_wconf 89' lang='lat' dir='ltr'>vel</span> <span class='ocrx_word' id='word_1_719' title='bbox 1350 4697 1502 4771; x_wconf 89' lang='lat' dir='ltr'>epistolem.</span> <span class='ocrx_word' id='word_1_720' title='bbox 1513 4696 1553 4752; x_wconf 92' lang='lat' dir='ltr'>lta</span> <span class='ocrx_word' id='word_1_721' title='bbox 1566 4695 1729 4764; x_wconf 87' lang='lat' dir='ltr'>interpretor</span> <span class='ocrx_word' id='word_1_722' title='bbox 1742 4693 1797 4762; x_wconf 91' lang='lat' dir='ltr'>pri·</span> 
     </span>
     <span class='ocr_line' id='line_1_50' title="bbox 161 4780 1797 4862; baseline -0.006 -17"><span class='ocrx_word' id='word_1_723' title='bbox 161 4791 200 4845; x_wconf 92' lang='lat' dir='ltr'>tia</span> <span class='ocrx_word' id='word_1_724' title='bbox 212 4788 367 4844; x_wconf 88' lang='lat' dir='ltr'>necessaria</span> <span class='ocrx_word' id='word_1_725' title='bbox 381 4789 426 4845; x_wconf 90' lang='lat' dir='ltr'>sit.</span> <span class='ocrx_word' id='word_1_726' title='bbox 997 4807 1071 4850; x_wconf 84' lang='lat' dir='ltr'>mom</span> <span class='ocrx_word' id='word_1_727' title='bbox 1086 4791 1256 4862; x_wconf 88' lang='lat' dir='ltr'>opinionem,</span> <span class='ocrx_word' id='word_1_728' title='bbox 1271 4804 1354 4862; x_wconf 91' lang='lat' dir='ltr'>qnam</span> <span class='ocrx_word' id='word_1_729' title='bbox 1369 4802 1480 4861; x_wconf 89' lang='lat' dir='ltr'>sequor.</span> <span class='ocrx_word' id='word_1_730' title='bbox 1498 4785 1533 4840; x_wconf 88' lang='lat' dir='ltr'>Et</span> <span class='ocrx_word' id='word_1_731' title='bbox 1553 4782 1656 4854; x_wconf 92' lang='lat' dir='ltr'>probo,</span> <span class='ocrx_word' id='word_1_732' title='bbox 1679 4782 1744 4853; x_wconf 91' lang='lat' dir='ltr'>quie</span> <span class='ocrx_word' id='word_1_733' title='bbox 1758 4780 1797 4836; x_wconf 93' lang='lat' dir='ltr'>ia·</span> 
     </span>
    </p>
   </div>
   <div class='ocr_carea' id='block_1_7' title="bbox 159 4872 1797 5315">
    <p class='ocr_par' dir='ltr' id='par_1_9' title="bbox 159 4872 1797 5315">
     <span class='ocr_line' id='line_1_51' title="bbox 206 4872 1796 4954; baseline -0.008 -18"><span class='ocrx_word' id='word_1_734' title='bbox 206 4883 251 4936; x_wconf 86' lang='grc'>12.</span> <span class='ocrx_word' id='word_1_735' title='bbox 266 4879 386 4951; x_wconf 82' lang='lat' dir='ltr'>benique</span> <span class='ocrx_word' id='word_1_736' title='bbox 399 4881 555 4953; x_wconf 88' lang='lat' dir='ltr'>generalius</span> <span class='ocrx_word' id='word_1_737' title='bbox 568 4881 701 4954; x_wconf 90' lang='lat' dir='ltr'>probetur</span> <span class='ocrx_word' id='word_1_738' title='bbox 715 4882 798 4938; x_wconf 89' lang='lat' dir='ltr'>etiam</span> <span class='ocrx_word' id='word_1_739' title='bbox 811 4881 837 4937; x_wconf 92' lang='lat' dir='ltr'>ia</span> <span class='ocrx_word' id='word_1_740' title='bbox 852 4881 961 4954; x_wconf 91' lang='lat' dir='ltr'>privile·</span> <span class='ocrx_word' id='word_1_741' title='bbox 997 4884 1082 4939; x_wconf 73' lang='lat' dir='ltr'>matio</span> <span class='ocrx_word' id='word_1_742' title='bbox 1104 4878 1283 4938; x_wconf 90' lang='lat' dir='ltr'>concedentis</span> <span class='ocrx_word' id='word_1_743' title='bbox 1311 4877 1473 4952; x_wconf 86' lang='lat' dir='ltr'>regulariter</span> <span class='ocrx_word' id='word_1_744' title='bbox 1494 4872 1555 4930; x_wconf 89' lang='lat' dir='ltr'>telis</span> <span class='ocrx_word' id='word_1_745' title='bbox 1576 4887 1631 4927; x_wconf 92' lang='lat' dir='ltr'>aon</span> <span class='ocrx_word' id='word_1_746' title='bbox 1656 4877 1719 4940; x_wconf 88' lang='lat' dir='ltr'>est,</span> <span class='ocrx_word' id='word_1_747' title='bbox 1745 4883 1796 4924; x_wconf 92' lang='lat' dir='ltr'>noc</span> 
     </span>
     <span class='ocr_line' id='line_1_52' title="bbox 159 4959 1796 5042; baseline -0.003 -20"><span class='ocrx_word' id='word_1_748' title='bbox 159 4968 212 5042; x_wconf 87' lang='lat' dir='ltr'>giis</span> <span class='ocrx_word' id='word_1_749' title='bbox 226 4969 403 5039; x_wconf 87' lang='lat' dir='ltr'>concessivis,</span> <span class='ocrx_word' id='word_1_750' title='bbox 420 4985 473 5026; x_wconf 94' lang='lat' dir='ltr'>aon</span> <span class='ocrx_word' id='word_1_751' title='bbox 493 4985 554 5028; x_wconf 89' lang='lat' dir='ltr'>esse</span> <span class='ocrx_word' id='word_1_752' title='bbox 568 4973 606 5027; x_wconf 94' lang='lat' dir='ltr'>ita</span> <span class='ocrx_word' id='word_1_753' title='bbox 627 4971 810 5027; x_wconf 86' lang='lat' dir='ltr'>necessariam</span> <span class='ocrx_word' id='word_1_754' title='bbox 832 4977 959 5042; x_wconf 89' lang='lat' dir='ltr'>accepto·</span> <span class='ocrx_word' id='word_1_755' title='bbox 996 4971 1079 5028; x_wconf 82' lang='lat' dir='ltr'>rerba</span> <span class='ocrx_word' id='word_1_756' title='bbox 1094 4970 1297 5042; x_wconf 89' lang='lat' dir='ltr'>privilegiorum</span> <span class='ocrx_word' id='word_1_757' title='bbox 1311 4967 1364 5024; x_wconf 89' lang='lat' dir='ltr'>hoo</span> <span class='ocrx_word' id='word_1_758' title='bbox 1384 4965 1517 5034; x_wconf 91' lang='lat' dir='ltr'>indicant,</span> <span class='ocrx_word' id='word_1_759' title='bbox 1535 4976 1584 5018; x_wconf 89' lang='lat' dir='ltr'>aec</span> <span class='ocrx_word' id='word_1_760' title='bbox 1600 4959 1738 5018; x_wconf 85' lang='lat' dir='ltr'>moraliter</span> <span class='ocrx_word' id='word_1_761' title='bbox 1756 4959 1796 5017; x_wconf 81' lang='lat' dir='ltr'>lo·</span> 
     </span>
     <span class='ocr_line' id='line_1_53' title="bbox 159 5042 1797 5135; baseline -0.005 -19"><span class='ocrx_word' id='word_1_762' title='bbox 159 5061 263 5116; x_wconf 89' lang='lat' dir='ltr'>tionem</span> <span class='ocrx_word' id='word_1_763' title='bbox 273 5059 353 5114; x_wconf 87' lang='lat' dir='ltr'>etiam</span> <span class='ocrx_word' id='word_1_764' title='bbox 363 5059 521 5131; x_wconf 83' lang='lat' dir='ltr'>peraliuan,</span> <span class='ocrx_word' id='word_1_765' title='bbox 533 5061 599 5135; x_wconf 90' lang='lat' dir='ltr'>qnia</span> <span class='ocrx_word' id='word_1_766' title='bbox 615 5061 648 5116; x_wconf 88' lang='lat' dir='ltr'>sit</span> <span class='ocrx_word' id='word_1_767' title='bbox 658 5063 683 5116; x_wconf 90' lang='lat' dir='ltr'>ia</span> <span class='ocrx_word' id='word_1_768' title='bbox 699 5060 821 5132; x_wconf 89' lang='lat' dir='ltr'>principe</span> <span class='ocrx_word' id='word_1_769' title='bbox 836 5067 960 5132; x_wconf 86' lang='lat' dir='ltr'>potestas</span> <span class='ocrx_word' id='word_1_770' title='bbox 997 5059 1105 5135; x_wconf 90' lang='lat' dir='ltr'>quondo</span> <span class='ocrx_word' id='word_1_771' title='bbox 1119 5059 1227 5132; x_wconf 80' lang='lat' dir='ltr'>expedit</span> <span class='ocrx_word' id='word_1_772' title='bbox 1239 5042 1330 5116; x_wconf 79' lang='lat' dir='ltr'>taliter</span> <span class='ocrx_word' id='word_1_773' title='bbox 1343 5056 1482 5130; x_wconf 89' lang='lat' dir='ltr'>privilegia</span> <span class='ocrx_word' id='word_1_774' title='bbox 1493 5050 1615 5109; x_wconf 87' lang='lat' dir='ltr'>concedi:</span> <span class='ocrx_word' id='word_1_775' title='bbox 1632 5065 1699 5124; x_wconf 88' lang='lat' dir='ltr'>ergo</span> <span class='ocrx_word' id='word_1_776' title='bbox 1711 5050 1744 5108; x_wconf 80' lang='lat' dir='ltr'>ele</span> <span class='ocrx_word' id='word_1_777' title='bbox 1758 5051 1797 5108; x_wconf 90' lang='lat' dir='ltr'>ia·</span> 
     </span>
     <span class='ocr_line' id='line_1_54' title="bbox 161 5140 1796 5222; baseline -0.004 -19"><span class='ocrx_word' id='word_1_778' title='bbox 161 5147 197 5204; x_wconf 91' lang='lat' dir='ltr'>ad</span> <span class='ocrx_word' id='word_1_779' title='bbox 218 5145 413 5205; x_wconf 80' lang='lat' dir='ltr'>conserendum</span> <span class='ocrx_word' id='word_1_780' title='bbox 434 5147 478 5207; x_wconf 90' lang='lat' dir='ltr'>illa</span> <span class='ocrx_word' id='word_1_781' title='bbox 502 5165 567 5208; x_wconf 90' lang='lat' dir='ltr'>eum</span> <span class='ocrx_word' id='word_1_782' title='bbox 580 5150 679 5207; x_wconf 86' lang='lat' dir='ltr'>ellectu</span> <span class='ocrx_word' id='word_1_783' title='bbox 704 5156 781 5206; x_wconf 89' lang='lat' dir='ltr'>motu</span> <span class='ocrx_word' id='word_1_784' title='bbox 802 5149 911 5222; x_wconf 92' lang='lat' dir='ltr'>proprio</span> <span class='ocrx_word' id='word_1_785' title='bbox 934 5156 963 5207; x_wconf 89' lang='lat' dir='ltr'>et</span> <span class='ocrx_word' id='word_1_786' title='bbox 996 5157 1041 5207; x_wconf 90' lang='lat' dir='ltr'>cto</span> <span class='ocrx_word' id='word_1_787' title='bbox 1055 5165 1109 5207; x_wconf 92' lang='lat' dir='ltr'>aon</span> <span class='ocrx_word' id='word_1_788' title='bbox 1128 5150 1163 5207; x_wconf 92' lang='lat' dir='ltr'>ita</span> <span class='ocrx_word' id='word_1_789' title='bbox 1178 5149 1215 5222; x_wconf 91' lang='lat' dir='ltr'>lit,</span> <span class='ocrx_word' id='word_1_790' title='bbox 1231 5150 1294 5206; x_wconf 91' lang='lat' dir='ltr'>licet</span> <span class='ocrx_word' id='word_1_791' title='bbox 1314 5154 1435 5220; x_wconf 83' lang='lat' dir='ltr'>potestas</span> <span class='ocrx_word' id='word_1_792' title='bbox 1449 5159 1503 5202; x_wconf 92' lang='lat' dir='ltr'>non</span> <span class='ocrx_word' id='word_1_793' title='bbox 1524 5140 1603 5199; x_wconf 88' lang='lat' dir='ltr'>desit.</span> <span class='ocrx_word' id='word_1_794' title='bbox 1620 5142 1796 5216; x_wconf 90' lang='lat' dir='ltr'>Consequen-</span> 
     </span>
     <span class='ocr_line' id='line_1_55' title="bbox 163 5231 1797 5315; baseline -0.002 -21"><span class='ocrx_word' id='word_1_795' title='bbox 163 5236 272 5308; x_wconf 88' lang='lat' dir='ltr'>stotim,</span> <span class='ocrx_word' id='word_1_796' title='bbox 287 5243 434 5315; x_wconf 83' lang='lat' dir='ltr'>anteqaum</span> <span class='ocrx_word' id='word_1_797' title='bbox 448 5239 482 5297; x_wconf 90' lang='lat' dir='ltr'>ad</span> <span class='ocrx_word' id='word_1_798' title='bbox 501 5239 622 5298; x_wconf 87' lang='lat' dir='ltr'>notitiam</span> <span class='ocrx_word' id='word_1_799' title='bbox 636 5237 811 5314; x_wconf 87' lang='lat' dir='ltr'>privilegiarii</span> <span class='ocrx_word' id='word_1_800' title='bbox 824 5237 959 5298; x_wconf 89' lang='lat' dir='ltr'>deveniat.</span> <span class='ocrx_word' id='word_1_801' title='bbox 995 5241 1033 5298; x_wconf 91' lang='lat' dir='ltr'>tia</span> <span class='ocrx_word' id='word_1_802' title='bbox 1048 5239 1123 5298; x_wconf 90' lang='lat' dir='ltr'>clare</span> <span class='ocrx_word' id='word_1_803' title='bbox 1136 5246 1189 5300; x_wconf 88' lang='lat' dir='ltr'>est.</span> <span class='ocrx_word' id='word_1_804' title='bbox 1205 5241 1293 5298; x_wconf 85' lang='lat' dir='ltr'>Prima</span> <span class='ocrx_word' id='word_1_805' title='bbox 1314 5244 1405 5296; x_wconf 88' lang='lat' dir='ltr'>autera</span> <span class='ocrx_word' id='word_1_806' title='bbox 1420 5250 1481 5313; x_wconf 89' lang='lat' dir='ltr'>pars</span> <span class='ocrx_word' id='word_1_807' title='bbox 1496 5233 1683 5292; x_wconf 89' lang='lat' dir='ltr'>antecedentis</span> <span class='ocrx_word' id='word_1_808' title='bbox 1697 5231 1797 5307; x_wconf 89' lang='lat' dir='ltr'>pendet</span> 
     </span>
    </p>
   </div>
   <div class='ocr_carea' id='block_1_8' title="bbox 0 0 2134 6214">
    <p class='ocr_par' dir='ltr' id='par_1_10' title="bbox 0 0 2134 6214">
     <span class='ocr_line' id='line_1_56' title="bbox 0 0 2134 6214; baseline 0 0"><span class='ocrx_word' id='word_1_809' title='bbox 0 0 2134 6214; x_wconf 95' lang='lat' dir='ltr'> </span> 
     </span>
    </p>
   </div>
  </div>
 </body>
</html>
