4278 6242
848 375 956 427 carun
968 376 1081 426 xnvu.
1692 362 1755 427 113

144 496 213 552 bens
228 497 345 568 minori,
357 511 394 554 ne
409 503 608 556 testamentum
620 499 715 570 iaciat,
725 515 780 559 nen
795 500 912 560 irritabit
926 507 966 558 te·
1000 500 1144 574 prohibere
1158 506 1268 566 aetum,
1289 497 1335 556 sed
1349 499 1431 556 etiam
1445 499 1576 572 impedire
1589 501 1731 576 ellectum,
1747 519 1797 561 serr

148 591 335 658 rumentum,
352 589 520 659 quinetiam
536 588 581 646 illa
599 589 640 647 lea
655 607 710 648 non
723 590 752 647 lit
769 591 871 649 intuitu
889 591 966 648 iusti·
998 589 1201 663 obligationem,
1214 585 1285 662 q'uae
1298 603 1348 661 per
1361 587 1444 646 talem
1459 590 1553 646 actum
1567 591 1661 648 induci
1676 597 1795 667 poterat,

149 679 215 744 tiae,
236 676 285 732 sed
300 679 494 735 convenientis
509 679 693 752 dispositionis
707 681 802 739 talium
817 681 963 738 bonorum.
999 679 1040 735 rel
1060 679 1152 753 aliquo
1173 678 1254 736 modo
1271 680 1438 749 constituat,
1453 685 1503 735 aut
1516 686 1653 751 supponat
1666 681 1795 739 substan-

148 768 205 824 Cur
223 781 290 840 ergo
304 767 459 837 prohibitio
471 783 542 841 pura
556 772 853 842 testamentipersonae
867 771 965 828 minori
999 767 1091 824 tialem
1113 767 1228 824 lormam
1249 771 1345 838 actus,
1367 772 1396 822 et
1413 766 1448 821 ob
1463 767 1533 824 illius
1549 766 1688 826 delectum
1703 777 1798 828 aetum

151 857 229 914 lacta
248 857 337 914 irritat
357 863 573 931 testamentum,
589 859 735 931 prohibitio
750 866 842 918 autem
860 860 964 932 proies·
998 856 1151 930 prohibeat.
1168 859 1241 914 liaeo
1259 855 1372 913 assertio
1390 856 1481 928 quoad
1500 857 1624 930 reguiam
1639 843 1797 931 generalem

152 946 242 1002 sionis
254 945 330 1002 iacta
345 947 437 1004 eidem
452 962 506 1003 non
522 948 613 1005 irritet
626 948 843 1020 professionem?
998 951 1064 1005 satis
1078 953 1121 1006 est
1135 948 1249 1019 probata
1264 945 1289 1018 in
1303 947 1389 1018 prima
1404 947 1558 1003 assertione
1571 962 1637 1004 eum
1653 947 1793 1020 omnibus,

190 1040 221 1092 3.
237 1035 315 1092 Unde
337 1034 466 1093 llendoza
485 1036 555 1094 inira
575 1036 701 1094 citandus
722 1040 853 1110 sentiens,
875 1037 964 1112 legem
997 1051 1068 1110 quae
1079 1039 1107 1093 in
1117 1035 1306 1107 superioribus
1318 1033 1392 1091 dicta
1404 1040 1478 1090 sunt.
1486 1034 1581 1101 Quoad
1596 1037 1715 1106 priorem
1726 1051 1794 1094 vero

153 1125 265 1182 civilem
279 1140 352 1196 pure
374 1126 562 1198 prohibentem
581 1126 726 1200 aliquando
740 1127 850 1185 irritare
869 1135 963 1186 actum
997 1129 1188 1201 exceptionem
1200 1123 1386 1182 declarabitur
1400 1126 1491 1181 statim
1505 1123 1696 1196 respondendo
1708 1125 1742 1182 ad
1752 1141 1797 1183 ra·

151 1217 179 1272 in
196 1217 390 1284 conscientia,
409 1216 490 1273 aliam
508 1215 706 1275 distinctionem
718 1232 751 1274 ac
764 1217 887 1290 regulam
898 1233 964 1276 con·
999 1219 1086 1275 tiones
1101 1213 1260 1286 dubitandi,
1284 1212 1376 1286 quoad
1391 1215 1571 1285 posteriorem
1584 1229 1648 1271 vero
1663 1215 1690 1271 in
1705 1215 1801 1296 capite-

151 1307 255 1362 stituit
270 1305 476 1378 Distinguitque
494 1312 552 1363 tres
572 1306 681 1364 ordines
701 1306 808 1380 legum:
828 1306 963 1382 quaedam
999 1307 1179 1382 sequentiEt
1192 1306 1264 1361 ratio
1275 1304 1306 1360 ¹in
1320 1318 1428 1360 summa
1442 1304 1568 1377 est,quia
1578 1319 1667 1377 neque
1681 1304 1796 1362 ailertur

151 1401 229 1466 sunt,
251 1409 326 1467 quae
349 1394 503 1464 respiciunt
524 1395 665 1452 utilitatem
685 1397 759 1466 eius,
781 1397 863 1453 cuius
884 1402 964 1454 actus
998 1389 1134 1468 exceptio,
1147 1410 1218 1469 quae
1233 1392 1267 1450 ad
1282 1392 1327 1449 illa
1342 1392 1397 1449 duo
1412 1395 1502 1465 capita
1515 1409 1570 1450 non
1583 1400 1796 1466 revocetur,ne·

151 1483 330 1556 prohibetur,
347 1482 428 1556 aliae,
441 1500 513 1557 quae
528 1485 679 1557 respiciunt
694 1486 837 1542 utilitatem
851 1486 964 1544 alterius
997 1501 1052 1562 que
1066 1486 1118 1542 alia
1130 1483 1227 1558 regula
1241 1483 1382 1554 occurrit,
1404 1497 1475 1555 quae
1488 1489 1616 1540 constans
1630 1499 1691 1541 esse
1704 1483 1795 1542 videa·

151 1573 246 1644 tertii,
262 1572 404 1646 quaedam
419 1573 496 1644 aliae,
512 1588 584 1647 quae
599 1572 725 1647 publicae
741 1575 849 1652 utilitati
863 1590 965 1632 consu·
997 1582 1044 1633 tur
1058 1574 1093 1632 ad
1107 1570 1320 1631 discernendum
1335 1585 1384 1642 per
1401 1569 1489 1643 legem
1503 1571 1707 1643 prohibentem,
1723 1588 1795 1646 quae

152 1661 223 1718 lunt.
240 1665 279 1719 lte
292 1664 392 1734 primis
407 1662 539 1733 affirmat,
555 1678 608 1719 non
626 1663 731 1720 irritare
746 1669 840 1721 actum
854 1664 881 1720 in
896 1680 964 1722 con·
996 1667 1096 1735 irritet,
1108 1662 1150 1720 vel
1164 1678 1218 1719 non
1230 1661 1320 1718 irritet
1331 1675 1364 1716 ea
1377 1659 1404 1715 vi
1419 1660 1617 1732 prohibitionis.
1632 1663 1668 1718 Et
1687 1661 1739 1719 hoc
1754 1667 1796 1719 et·

151 1752 282 1820 scknba,
305 1767 363 1808 non
385 1751 477 1809 selum
498 1766 567 1823 pure
587 1750 768 1823 prohibendo,
792 1751 839 1809 sed
859 1754 965 1810 etiamsi
997 1755 1051 1811 iarn
1063 1751 1285 1810 confirmatratio
1300 1747 1440 1806 dubitandi
1452 1751 1481 1805 in
1495 1750 1603 1807 cmxv.
1617 1752 1797 1825 posita,quae

151 1841 254 1898 addant
263 1841 426 1898 clausulam
437 1841 598 1910 irritantem,
609 1856 693 1916 quam
705 1847 785 1914 putat
795 1841 885 1899 solum
896 1858 961 1914 ope·
997 1858 1105 1916 semper
1120 1841 1201 1899 habet
1213 1840 1279 1910 vim,
1294 1837 1426 1912 quamdiu
1439 1855 1493 1896 non
1506 1837 1587 1896 datur
1600 1839 1652 1897 alia
1665 1841 1746 1912 ratio,
1759 1841 1795 1897 ob

151 1933 207 1988 rari
216 1933 244 1986 in
259 1931 362 1988 ordine
377 1930 412 1987 ad
427 1930 557 2002 dandam,
570 1931 610 1987 vel
625 1931 774 1989 tollendam
785 1932 921 1990 actionem
936 1933 962 1990 in
997 1948 1080 2007 quam
1092 1932 1150 1988 sola
1159 1927 1303 2002 prohibitio
1317 1927 1351 1984 ad
1365 1926 1531 1985 irritandum
1545 1927 1795 2003 sulliciat,quando

150 2018 425 2077 ioroexteriori.1te
440 2018 571 2076 secunde
580 2034 648 2078 vero
658 2027 685 2078 et
695 2023 783 2079 tertiis
795 2021 901 2095 legibus
914 2024 961 2096 ait,
999 2037 1054 2080 non
1076 2021 1158 2078 habet
1181 2019 1273 2076 locum
1294 2016 1491 2075 adminiculum
1507 2018 1571 2091 legis
1588 2017 1796 2078 modestiam.
1853 2063 1858 2070 .

149 2109 259 2166 irritam
283 2116 371 2166 aetus
397 2115 498 2167 eontra
522 2109 612 2183 legem
635 2110 743 2182 lectos,
762 2112 845 2170 etiam
859 2113 887 2168 in
902 2111 963 2169 loro
998 2113 1118 2184 benique
1132 2108 1235 2183 patebit
1252 2107 1305 2168 hoc
1321 2107 1405 2180 magis
1417 2107 1606 2180 respondendo
1621 2109 1656 2167 ad
1674 2109 1796 2168 rationes

151 2201 357 2270 eonscientiae,
370 2206 401 2256 et
416 2213 464 2271 per
479 2200 615 2271 exempla,
627 2216 699 2274 quae
710 2200 834 2274 adduxit,
848 2202 961 2274 indicat,
998 2198 1138 2259 dubitandi
1152 2197 1275 2256 secundo
1290 2197 1353 2254 loco
1367 2196 1480 2269 positas.

152 2289 227 2363 loqui
245 2289 281 2347 de
302 2289 360 2346 illis
381 2288 508 2363 legibus,
523 2289 629 2346 etiarnsi
643 2305 712 2363 pure
728 2292 900 2364 prohibeant.
913 2295 966 2351 Ve·
1036 2290 1077 2348 ad
1091 2289 1324 2361 comparationem
1338 2301 1421 2360 ergo,
1436 2301 1507 2359 quae
1522 2287 1550 2343 fit
1564 2302 1627 2344 oum
1642 2288 1701 2362 lege
1716 2296 1797 2348 netu·

152 2387 311 2438 rumtamen
337 2378 462 2450 primum
486 2381 640 2437 membrum
665 2381 757 2454 quoad
784 2383 964 2453 posteriorem
997 2379 1060 2454 rali,
1077 2385 1194 2453 negatur
1210 2375 1506 2442 similitudotluialex
1522 2377 1797 2437 naturalisnontan·
1899 2364 1908 2372 ’

153 2475 259 2542 partem
273 2467 381 2542 lqlsum
396 2475 456 2540 est,
472 2475 503 2525 ut
516 2474 626 2526 constat
639 2485 672 2526 cn
688 2472 778 2543 capite
794 2470 963 2544 praeceden-
997 2476 1059 2527 tum
1081 2467 1185 2538 dictat,
1205 2463 1273 2538 'quid
1288 2465 1324 2520 sit
1337 2463 1481 2521 honestum
1495 2465 1537 2521 vel
1557 2472 1637 2539 turpe
1651 2469 1679 2523 in
1692 2469 1801 2526 actione

156 2559 286 2626 tiouoad
302 2557 466 2616 secundum
482 2573 548 2615 vero
562 2558 642 2616 tacite
656 2565 748 2632 potest
761 2559 965 2634 admitti,iusta
999 2558 1105 2632 aliqua,
1130 2555 1179 2612 aed
1198 2554 1279 2611 etiam
1300 2553 1396 2624 dtemt,
1415 2552 1481 2626 quid
1498 2554 1550 2612 tale
1568 2556 1603 2613 sit
1616 2556 1642 2612 in
1657 2572 1711 2614 usu
1724 2557 1798 2615 illius

153 2647 314 2719 generalem
330 2646 462 2720 regulam
477 2652 601 2705 nostram
615 2663 641 2704 ο.
657 2648 739 2707 xxv.
755 2651 965 2724 positam,quae
999 2647 1117 2716 vinculi,
1144 2644 1187 2702 vel
1207 2643 1338 2715 allectus,
1359 2658 1442 2716 quem
1463 2643 1524 2701 talis
1543 2652 1622 2703 actus
1637 2653 1699 2718 post
1712 2663 1742 2704 se
1756 2664 1799 2706 re·

154 2737 180 2793 in
194 2737 298 2794 talibus
314 2735 428 2810 legibus
438 2751 495 2793 non
508 2743 553 2794 est
566 2751 617 2794 cur
628 2737 752 2809 patiatur
763 2741 962 2813 exceptionem,
975 2723 978 2730 ’
998 2737 1122 2811 linquere
1146 2739 1252 2807 posset.
1267 2733 1337 2789 llam
1355 2732 1377 2787 si
1397 2731 1457 2788 talis
1471 2749 1539 2790 usus
1554 2732 1637 2792 habet
1655 2736 1802 2808 turpitudi-

156 2843 216 2884 cum
231 2828 290 2883 sint
303 2827 377 2882 iuris
393 2825 505 2898 privati,
519 2827 569 2883 nisi
583 2828 654 2884 torte
665 2827 817 2900 prohibitio
831 2831 966 2902 pertineat
999 2842 1061 2883 nem
1087 2825 1264 2894 intrinsecam
1282 2820 1406 2879 eiusdem
1425 2823 1535 2882 rationis
1549 2839 1615 2881 cum
1631 2827 1800 2897 turpitudine

156 2915 186 2972 ad
200 2916 345 2974 delectum
361 2914 570 2973 substantialem
584 2917 612 2972 in
627 2915 716 2974 torma
730 2923 824 2990 actus,
836 2918 911 2976 iuxta
925 2919 965 2976 di·
999 2915 1098 2990 prioris
1116 2913 1243 2985 actionis,
1259 2919 1325 2968 tunc
1340 2925 1452 2968 necessa
1465 2918 1518 2984 est,
1529 2909 1611 2971 etiam
1625 2914 1702 2972 illurn
1715 2931 1798 2975 usum

156 3004 240 3063 eenda
256 3006 286 3062 in
301 3005 397 3077 capite
411 3006 585 3077 sequentiis
600 3005 723 3063 mcundo
737 3014 830 3065 autem
842 3009 964 3067 membro
997 3003 1135 3079 prohiberi
1163 3018 1198 3060 ex
1217 3001 1243 3058 vi
1264 2999 1388 3058 eiusdem
1408 2991 1475 3074 legis
1497 3001 1640 3075 naturalis,
1658 3009 1687 3060 et
1700 3020 1799 3063 conse·

157 3095 187 3154 de
200 3095 311 3169 legibus
326 3093 544 3165 respicientibus
561 3096 709 3152 utilitatem
722 3096 845 3164 alterius,
860 3113 914 3154 non
926 3101 965 3156 vi·
999 3101 1115 3169 quenter
1129 3091 1253 3165 impediri
1266 3089 1413 3162 ellectum,
1429 3107 1479 3148 seu
1493 3091 1650 3164 vinculum,
1664 3094 1739 3168 quod
1755 3112 1800 3154 so·

156 3185 217 3254 deo,
231 3183 380 3257 quomodo
394 3182 507 3240 fundari
521 3185 622 3256 possit,
642 3185 718 3258 quod
735 3200 804 3257 pura
820 3187 964 3258 prohibitio
998 3183 1057 3242 lum
1075 3187 1187 3256 propter
1206 3180 1288 3238 talem
1302 3195 1385 3236 usum
1400 3179 1491 3237 induci
1506 3188 1623 3252 poterat.
1638 3185 1708 3241 llam
1723 3185 1745 3240 si
1759 3185 1799 3242 in-

158 3273 279 3330 mnullet
302 3279 418 3340 actumr
438 3287 502 3329 nam
524 3271 566 3330 lex
584 3272 618 3330 de
638 3289 669 3330 se
688 3272 843 3332 indifferens
857 3282 918 3346 est,
933 3283 966 3335 ut
999 3272 1165 3342 duceretur,
1187 3276 1261 3327 esset
1279 3269 1362 3326 etiarn
1383 3274 1464 3342 turpe
1487 3277 1515 3327 et
1532 3279 1630 3330 contra
1650 3276 1797 3346 rationem,

157 3361 319 3436 praetendat
340 3361 489 3419 utilitatem
508 3361 654 3436 tertii,vel
672 3369 779 3421 tantum
795 3365 965 3436 prohibendo
998 3363 1062 3435 quia
1085 3358 1507 3432 essetiuiquitatisvineulum,
1529 3361 1607 3418 utin
1628 3363 1800 3436 exemplode
1857 3409 1862 3420 .

158 3461 267 3522 actum,
285 3451 331 3507 vel
352 3451 436 3507 etiam
457 3451 600 3509 irritando.
613 3453 650 3510 Ut
669 3453 691 3509 si
707 3453 849 3525 probibeat
863 3456 965 3514 elerico
999 3452 1171 3509 matrimonio
1197 3450 1266 3506 inter
1280 3449 1499 3522 consanguineos
1514 3451 1542 3506 in
1556 3449 1643 3522 primo
1658 3452 1746 3526 gradu
1760 3455 1800 3510 vi·

158 3543 245 3600 tacere
260 3541 431 3598 donationes
444 3541 573 3612 prolanas
588 3540 623 3598 ob
640 3542 786 3600 utilitatem
798 3559 963 3617 pauperum,
1001 3541 1067 3600 dere
1083 3541 1200 3598 lieetlt
1213 3553 1278 3596 vero
1293 3540 1322 3596 in
1336 3538 1395 3611 lege
1409 3537 1521 3609 positiva
1531 3554 1585 3622 non
1596 3541 1723 3611 procedit
1732 3541 1799 3601 haec

158 3639 248 3706 potest
268 3630 296 3688 id
317 3630 427 3699 lacere,
443 3628 487 3688 vel
503 3635 609 3686 tantum
624 3627 810 3705 probibendo,
828 3633 964 3698 ueletiam
1001 3632 1071 3688 ratio
1085 3629 1183 3688 eodem
1197 3628 1296 3702 modo,
1317 3627 1367 3684 nisi
1380 3627 1416 3683 sit
1430 3633 1536 3685 matum
1551 3627 1718 3688 declarativa
1731 3631 1801 3689 iuris

157 3720 307 3791 irritando,
329 3725 400 3793 ergo
418 3733 453 3776 eu
472 3717 518 3776 illo
533 3719 585 3776 fine
598 3736 654 3777 non
669 3721 735 3778 satis
749 3721 890 3796 colligitur
904 3727 966 3782 irrt·
1002 3719 1153 3791 naturalis3
1170 3727 1237 3776 tune
1249 3718 1321 3774 enim
1336 3723 1479 3788 reputatur
1494 3723 1625 3791 tanquam
1638 3719 1732 3778 eadem
1743 3720 1799 3796 lex,

160 3813 226 3868 tatio
246 3824 301 3883 per
323 3807 414 3865 solam
434 3807 652 3881 prohibitionem,
668 3811 719 3866 nisi
734 3809 850 3882 addatur
862 3814 891 3870 ln
907 3815 966 3888 lege
1000 3817 1029 3867 et
1048 3808 1109 3866 ideo
1133 3809 1228 3865 eadem
1255 3807 1306 3865 erit
1327 3808 1474 3880 utriusque
1488 3807 1569 3865 ratio.
1582 3809 1619 3866 ut
1632 3809 1742 3883 quando
1757 3810 1803 3870 lex

159 3898 269 3972 aliquod
284 3895 422 3966 verbum,
438 3911 494 3970 quo
509 3897 678 3970 significetur
693 3899 796 3973 aliquid
810 3901 884 3959 aliud
902 3919 967 3976 cpe·
999 3898 1128 3973 prohihet
1147 3897 1356 3970 promissionem
1369 3903 1478 3968 turpem
1495 3913 1529 3953 ex
1543 3903 1620 3969 parte
1634 3899 1751 3970 obiecti,
1766 3915 1801 3958 eo

158 3988 223 4058 rari,
238 3993 274 4044 ut
287 3986 427 4056 emungit
441 3985 467 4040 in
478 3987 608 4058 exemplo
618 3986 652 4043 de
664 3987 725 4062 lege
735 3989 896 4062 prohibente
910 4008 967 4052 me,
1000 3988 1062 4060 ipso
1076 3985 1200 4044 annullat
1212 3984 1296 4046 illam,
1313 3985 1355 4041 vel
1369 3985 1461 4057 potius
1474 3983 1599 4062 declarat
1611 4003 1671 4045 esse
1685 3988 1802 4060 nullam,

158 4076 256 4134 llorere
276 4073 367 4132 filium
388 4073 461 4131 ultra
480 4081 586 4132 certem
606 4078 804 4151 quantitatem,
824 4085 857 4137 ut
877 4082 966 4152 capite
1000 4075 1066 4148 quia
1089 4074 1184 4132 eadem
1204 4071 1360 4145 turpitudo,
1375 4087 1445 4145 quae
1460 4073 1543 4130 estin
1557 4080 1802 4149 aotarpromitten·

159 4165 286 4240 sequenti
308 4163 413 4220 dicam.
429 4164 514 4220 llulte
535 4179 600 4222 vero
620 4165 710 4222 minus
728 4173 822 4238 potest
839 4171 967 4228 sustineri
999 4163 1037 4239 dl,
1055 4171 1131 4221 esset
1142 4164 1169 4220 in
1183 4162 1349 4236 obligatione
1363 4160 1398 4221 ad
1413 4177 1470 4219 rem
1484 4169 1608 4238 turpem,
1624 4167 1648 4222 si
1663 4166 1801 4238 perillam

158 4257 200 4314 illa
215 4253 358 4330 generalis
371 4253 468 4327 regula
480 4255 508 4308 in
522 4253 628 4328 legibus
642 4255 847 4326 prohibentibus
865 4259 967 4333 aliquid
1001 4252 1199 4324 inducereturr
1217 4257 1245 4308 el
1258 4249 1318 4307 ideo
1330 4251 1355 4307 ln
1366 4252 1501 4323 praesenti
1512 4268 1566 4309 non
1577 4255 1683 4326 ammas
1694 4255 1729 4312 de
1741 4255 1802 4329 lege

159 4353 273 4420 propter
287 4357 439 4402 commune
453 4343 557 4399 bonum
568 4385 575 4416 ,
587 4344 651 4416 quia
665 4346 745 4402 etiarn
759 4352 872 4418 propter
888 4347 966 4406 illum
999 4345 1116 4416 positiva
1132 4341 1299 4400 declarativa
1312 4341 1380 4398 iuris
1395 4340 1541 4415 naturalis,
1556 4343 1610 4404 sed.
1620 4343 1654 4400 de
1667 4345 1803 4402 constitu·

159 4435 238 4492 tinem
253 4441 351 4506 potest
360 4432 418 4489 lieri
431 4431 577 4505 prohibitio
592 4434 650 4490 sine
665 4434 831 4505 irritatione,
845 4442 877 4494 ut
891 4443 968 4509 patet
1001 4433 1056 4490 tiva
1070 4433 1132 4489 novi
1148 4431 1224 4488 iuris.
1239 4431 1313 4488 llaec
1328 4435 1422 4486 autem
1438 4429 1482 4488 lex
1492 4447 1547 4488 non
1559 4431 1684 4502 probibet
1697 4440 1804 4508 aetum,

160 4526 187 4582 in
200 4522 389 4596 prohibitione
405 4520 477 4592 ludi,
494 4520 535 4578 vel
549 4520 742 4595 donationum,
752 4537 823 4597 quae
833 4524 903 4583 bunt
913 4527 966 4583 mi·
1002 4522 1069 4596 quia
1082 4522 1197 4594 malum,
1213 4519 1261 4578 sed
1270 4517 1445 4592 prohibendo
1460 4519 1536 4592 iacit,
1549 4527 1582 4578 ut
1595 4523 1631 4579 sit
1644 4522 1806 4581 malus.Po·

160 4613 253 4670 nistris
273 4613 410 4668 iustitiae.
426 4610 461 4666 Et
480 4609 552 4666 idem
565 4609 703 4668 invenitur
715 4613 743 4667 in
757 4612 894 4685 exemplo,
911 4631 967 4688 quo
1002 4618 1061 4692 test
1075 4616 1166 4668 autem
1183 4609 1328 4682 prohibere
1342 4615 1453 4680 actum,
1468 4615 1496 4666 et
1509 4625 1563 4665 non
1578 4609 1739 4684 prohibere,
1754 4611 1804 4670 sed

75 4695 81 4706 ’
163 4704 248 4761 utitur
261 4701 309 4758 ille
323 4707 424 4757 auctor
434 4698 468 4754 de
483 4698 541 4770 lege
551 4705 659 4756 taxante
671 4702 711 4756 rei
723 4701 854 4774 pretium,
863 4709 892 4759 et
902 4719 967 4775 pro-
1002 4700 1123 4757 tolerare
1137 4700 1266 4757 ellectum
1280 4699 1358 4771 eius,
1375 4696 1417 4754 vel
1429 4699 1493 4771 quia
1508 4715 1593 4756 eausa
1603 4700 1804 4777 prohibitionis,

163 4793 269 4850 bibente
290 4791 388 4848 carius
403 4786 538 4859 vendere,
557 4804 619 4844 narn
633 4795 714 4861 actus
728 4797 826 4848 contra
840 4791 913 4850 illam
928 4793 965 4850 le·
1003 4805 1075 4864 quae
1089 4789 1140 4847 luit
1154 4789 1179 4846 in
1194 4793 1270 4860 actu,
1282 4794 1375 4846 cessat
1388 4789 1414 4844 in
1425 4788 1537 4861 effectu,
1550 4789 1592 4846 vel
1603 4789 1666 4862 quia
1676 4790 1741 4850 licet
1752 4791 1805 4850 du·

163 4899 291 4956 geunnen
307 4885 350 4938 est
365 4878 479 4952 nullus,
497 4877 569 4935 valet
581 4880 654 4935 enim
668 4878 802 4954 venditio,
818 4880 883 4938 licet
897 4883 967 4940 iniu·
1004 4886 1067 4954 ret,
1087 4895 1143 4936 nou
1157 4880 1195 4935 ita
1208 4885 1300 4935 movet
1313 4876 1346 4934 ad
1361 4876 1560 4949 prohibendum
1573 4877 1715 4952 ellectum,
1730 4883 1805 4941 sieut

165 4979 203 5029 ata
222 4974 279 5043 ait,
306 4978 336 5029 et
354 4968 498 5041 relinquat
519 4967 708 5041 obligationem
731 4969 895 5028 restituendi
922 4987 969 5030 ex·
1004 4976 1110 5042 actum,
1129 4969 1193 5042 quia
1208 4982 1261 5023 non
1277 4974 1389 5040 apparet
1403 4972 1477 5023 tanta
1490 4965 1644 5024 indecentia
1658 4968 1702 5025 vel
1715 4967 1806 5030 delor-

164 5075 279 5120 cessum.
1006 5062 1088 5119 milas
1107 5059 1134 5116 in
1150 5074 1222 5132 uno,
1242 5058 1316 5114 sicut
1330 5057 1356 5113 in
1369 5054 1433 5113 alio.
1448 5057 1508 5114 Ηοο
1523 5062 1597 5129 patet
1610 5057 1739 5131 exemplis
1755 5079 1804 5119 su-

198 5157 223 5211 l.
238 5152 303 5210 Dico
317 5163 408 5222 ergo,
430 5144 520 5218 legem
533 5160 602 5217 pure
617 5145 806 5218 prohibentem
821 5163 965 5224 nunquam
1004 5165 1056 5222 pra
1070 5148 1216 5220 adductis,
1237 5163 1300 5204 nam
1315 5145 1358 5202 lex
1372 5144 1519 5218 prohibens
1533 5145 1696 5204 contrahere
1710 5152 1805 5208 matri·

168 5241 262 5300 irritare
282 5249 405 5310 actum,
428 5234 483 5298 uisi
505 5235 546 5290 vel
567 5250 600 5292 ea
619 5249 651 5294 ea
672 5243 796 5308 constet,
812 5238 970 5296 consulum
1005 5241 1127 5298 monium
1148 5246 1246 5297 eontra
1266 5235 1445 5294 interdictum
1464 5235 1622 5306 Ecclesiae,
1642 5252 1696 5294 non
1715 5239 1806 5299 irritat

235 5351 336 5400 sumu,
347 5340 627 5396 ulmeos-rann.
890 5389 891 5394 ,
1558 5343 1584 5386 15
