4260 6222
419 333 481 400 498
1114 345 1215 402 arasa
1229 347 1304 400 vrrs.

380 479 563 551 supponitur,
589 493 663 534 trous
686 482 774 536 tamen
802 475 907 536 sufficit
931 492 996 534 crim
1017 475 1178 536 continuato
1215 491 1290 532 runr.
1302 475 1338 534 Et
1351 474 1404 533 hoc
1419 491 1473 534 usu
1487 473 1680 535 co‘nfirmatum
1694 484 1747 552 est,
1761 483 1790 536 et
1804 481 1939 536 communi
1951 496 2000 537 seu·

379 581 509 622 nonusu.
554 607 555 610 ,
904 633 909 644 Ι
1215 563 1472 623 teutladoctorum.

418 661 465 713 20.
482 655 681 726 Explicaadunr
695 670 760 712 sero
779 654 870 714 adhuc
889 661 1031 728 superest,
1045 661 1179 728 qrrantum
1253 659 1284 712 tt
1293 653 1426 712 dantem
1440 671 1473 712 err
1487 655 1567 718 dictis
1580 657 1607 712 in
1620 655 1672 713 hoc
1685 662 1713 712 et
1728 655 1901 728 praecedenti
1916 665 2002 729 puncto

380 750 490 815 tempus
507 747 692 802 necessarium
707 745 790 814 sit,ut
801 747 942 802 amittatur
953 745 1120 818 privilegium
1133 759 1180 815 per
1215 744 1267 798 tria
1280 743 1377 801 iniero.
1395 745 1496 815 Primo,
1511 747 1686 802 amissionem
1701 743 1838 818 privilegii
1852 761 1899 818 per
1911 755 2003 802 contra·

380 835 552 890 contrarium
574 851 664 891 usum.
682 835 722 889 Ad
740 835 815 907 quod
831 835 948 892 breviter
962 833 1179 906 respondendum
1213 834 1286 890 rium
1302 849 1384 891 usum
1396 851 1450 890 nou
1465 834 1564 904 babere
1579 834 1672 892 locum
1685 836 1711 890 iu
1724 835 1778 891 illis
1789 835 2003 908 privilegiis,quae

380 928 437 990 est,
459 929 568 994 tenipus
586 922 639 978 lroc
654 939 707 980 noo
721 939 782 980 esse
796 923 976 998 deliniendum
992 939 1040 996 per
1056 925 1125 978 riam
1142 929 1181 978 ta·
1215 938 1300 994 supra
1313 923 1440 981 absoluta
1454 925 1669 997 appellavimus,
1690 933 1827 998 quatenus
1843 942 1894 983 non
1911 941 2005 982 versan-

380 1012 450 1068 citae
471 1014 699 1086 renunciationis,
721 1029 771 1070 seu
790 1015 869 1088 quasi
883 1030 930 1086 per
944 1015 1135 1070 coniecturam
1150 1012 1182 1068 il·
1215 1017 1262 1067 tur
1275 1013 1350 1068 o‘irca
1364 1012 1441 1084 alios,
1455 1029 1504 1070 nec
1520 1014 1627 1071 tertiam
1641 1030 1787 1086 personam
1805 1022 1927 1088 gravant.
1941 1017 2005 1072 Ratio

379 1100 515 1175 lius,quia
529 1102 582 1159 lroc
598 1102 679 1159 modo
694 1103 758 1159 nihil
773 1120 922 1176 possumus
933 1119 999 1159 cunr
1014 1100 1179 1158 certitudine
1214 1107 1267 1172 est,
1278 1101 1341 1174 quia
1355 1109 1451 1159 eontra
1466 1104 1534 1160 haec
1550 1105 1687 1177 privilegia
1702 1121 1754 1162 uon
1770 1107 1967 1178 praescribitur
1980 1107 2005 1162 ab

318 1211 321 1219 ¹
379 1191 482 1262 dicere,
495 1192 558 1264 quia
571 1208 622 1249 uec
636 1193 661 1248 iu
676 1194 734 1249 iure
747 1193 936 1265 naturali,nec
950 1195 977 1248 io
992 1192 1109 1264 positivo
1119 1189 1181 1245 lun·
1215 1190 1290 1256 aliis,
1307 1206 1371 1247 cunr
1386 1193 1453 1249 alios
1467 1209 1520 1248 non
1536 1195 1702 1266 respiciant,
1720 1211 1769 1250 nec
1785 1211 1835 1266 per
1856 1197 2006 1252 contrarium

379 1283 439 1337 dari
459 1286 567 1355 potest,
590 1288 622 1339 ut
646 1284 674 1336 in
694 1282 774 1338 simili
789 1281 842 1339 disi
856 1285 883 1339 in
898 1282 985 1355 capite
999 1278 1180 1352 praecedeuti.
1215 1295 1298 1336 usum
1317 1280 1375 1336 aliis
1395 1281 1556 1338 conseratur
1576 1283 1686 1354 aliquod
1707 1284 1759 1341 ius.
1775 1283 1916 1354 Exemplis
1935 1291 2004 1352 patet,

379 1369 577 1441 Explieaodunr
592 1385 658 1443 ergo
673 1368 725 1426 lroc
741 1377 783 1427 est
797 1386 845 1442 per
859 1374 930 1427 viam
945 1367 1178 1442 praescriptionis,
1215 1368 1280 1440 quia
1300 1369 1322 1423 si
1342 1370 1405 1441 quis
1424 1368 1525 1426 babens
1546 1371 1717 1445 privilegium
1731 1387 1785 1428 non
1811 1371 1953 1440 recitandi,
1967 1387 2005 1442 per

379 1474 443 1515 narn
456 1459 523 1517 illud
539 1465 647 1532 tempus
662 1463 847 1516 necessarium
862 1460 1117 1530 erit,utamittatur
1128 1456 1180 1514 lroc
1214 1455 1335 1514 multum
1350 1464 1459 1531 tempus
1473 1462 1586 1530 recitet,
1604 1477 1657 1517 non
1672 1461 1773 1517 amittit
1786 1461 1896 1516 omnino
1916 1460 2006 1532 privile-

380 1547 462 1605 modo
476 1548 657 1622 privilegium,
670 1547 744 1622 quod
758 1549 792 1605 ad
806 1547 1048 1621 praescribendum
1061 1547 1089 1602 fit
1104 1546 1180 1602 sulii·
1214 1545 1307 1618 glum,
1322 1549 1386 1619 quia
1403 1548 1495 1604 nullus
1509 1555 1606 1604 contra
1619 1564 1683 1605 eum
1698 1548 1875 1621 praeseribit,
1889 1556 1916 1604 ct
1929 1551 1965 1604 sie
1978 1547 2004 1602 de

380 1638 463 1694 ciens.
480 1639 538 1694 lloc
560 1645 651 1696 autern
671 1645 779 1709 tempus
799 1637 960 1710 regulariter
978 1651 1038 1692 csse
1052 1635 1122 1692 solet
1135 1635 1181 1692 de·
1214 1635 1342 1694 omuibus
1357 1637 1680 1712 stultissimamque
1693 1639 1810 1694 rationes
1823 1637 1948 1695 iactaede
1961 1653 2003 1692 non

380 1743 441 1784 cern
459 1728 674 1784 annorumioter
685 1726 992 1798 praesentes,etviginti
1005 1727 1074 1781 inter
1085 1725 1181 1781 absen-
1215 1739 1285 1796 usu,
1305 1726 1396 1800 quoad
1417 1726 1470 1783 lroc
1485 1727 1580 1784 eodem
1597 1727 1677 1784 modo
1692 1727 1849 1800 procedunt
1861 1727 1894 1784 de
1911 1734 2003 1784 contra·

379 1824 432 1886 tes,
448 1832 509 1873 nam
525 1817 577 1874 hoc
592 1823 700 1888 tempus
716 1817 786 1874 solet
799 1816 901 1889 requiri
918 1816 944 1871 iu
961 1813 1180 1886 praescribendis
1214 1815 1256 1871 rio
1271 1832 1336 1873 usu.

380 1907 576 1978 servitutibus,
603 1913 631 1963 et
651 1906 758 1963 iuribus
772 1905 1010 1978 incorporalibus,
1026 1921 1096 1978 quae
1110 1905 1180 1960 iuter
1253 1909 1300 1964 22.
1317 1905 1444 1962 Secundo
1458 1906 1542 1962 iniero
1557 1921 1589 1962 ex
1603 1905 1704 1976 dictis,
1720 1901 1895 1963 amissior'rem
1915 1907 2003 1978 privile·
2085 1879 2086 1902 ³

333 2035 352 2044 ..
379 1997 525 2054 immobilia
540 1997 611 2053 bona
624 2003 840 2070 computantur,
862 2003 894 2052 ut
906 1995 999 2052 ridere
1013 1995 1076 2051 licet
1088 1996 1114 2049 in
1129 1994 1180 2050 Co·
1213 1994 1249 2066 gii
1274 2009 1321 2066 per
1345 1996 1516 2052 contrarium
1536 2012 1618 2052 usunr
1637 1997 1663 2052 in
1679 1996 1771 2054 multis
1786 1999 1932 2054 convenire
1949 2011 2002 2052 cum

379 2103 439 2142 var.
454 2087 500 2143 lib.
521 2091 545 2145 l.
563 2088 662 2144 variar.
678 2102 741 2158 cap.
763 2088 813 2158 li,
833 2093 861 2143 et
878 2088 978 2142 butun.
993 2086 1071 2142 Gom.
1087 2084 1133 2140 lib.
1149 2088 1177 2141 2.
1214 2083 1349 2157 illa,quae
1364 2091 1407 2142 est
1421 2100 1469 2157 per
1484 2085 1572 2142 solum
1588 2101 1642 2142 non
1658 2103 1748 2159 usum,
1774 2086 1972 2159 videlicet,quia
1983 2086 2003 2139 in

379 2177 479 2233 variar.
495 2191 523 2232 e.
540 2181 589 2245 25,
604 2183 633 2234 ct
644 2176 733 2234 llolin.
751 2182 833 2233 tram.
850 2181 878 2234 2.
893 2174 926 2231 de
940 2174 1137 2246 iustitdisput.
1152 2177 1179 2232 7.
1214 2180 1314 2230 neutra
1332 2189 1429 2231 earum
1448 2174 1553 2262 sullicit
1567 2175 1626 2232 sola
1639 2183 1820 2248 praesumpta
1844 2175 2002 2244 renunciatio,

380 2265 419 2322 nd
442 2265 509 2322 lraec
529 2267 599 2322 enirn
620 2267 683 2322 iura
703 2272 730 2322 et
747 2266 819 2324 bona
832 2272 949 2337 possunt
962 2264 1030 2322 llaec
1045 2264 1180 2338 privilegia
1215 2268 1246 2319 ut
1261 2279 1322 2320 vere
1336 2271 1364 2320 et
1377 2264 1402 2320 in
1418 2280 1447 2320 re
1460 2264 1620 2322 destruatur
1634 2265 1818 2338 privilegium,
1838 2265 1933 2338 quinio
1944 2269 2004 2319 utra·
2085 2281 2086 2348 }

379 2355 484 2412 reduci.
500 2358 529 2412 ln
544 2355 667 2413 ecclesiis
679 2371 744 2413 vero
758 2372 807 2412 seu
820 2354 1002 2424 monasteriis,
1013 2361 1043 2411 ut
1053 2354 1115 2411 talia
1127 2354 1181 2426 pri·
1215 2368 1270 2425 que
1283 2352 1363 2409 debet
1375 2352 1483 2426 adiungi
1498 2355 1722 2426 praescriptioln
1734 2371 1789 2426 qua
1810 2354 2003 2426 praeseripdone
2085 2349 2086 2366 ¹

379 2445 476 2516 rilegia
497 2447 638 2516 emittant,
661 2445 748 2502 maius
769 2451 877 2516 tempus
893 2444 1077 2501 necessarium
1093 2449 1181 2500 estes
1214 2443 1294 2499 etiam
1316 2445 1483 2499 conveniunt
1502 2444 1592 2516 quoad
1612 2447 1744 2514 temporis
1765 2441 1968 2516 longitudinem,
1982 2447 2003 2496 at

379 2533 490 2606 speciali
504 2532 679 2605 dispositione
694 2535 776 2606 iuris,
797 2533 925 2590 nimirum
940 2531 1118 2606 quadraginta
1133 2546 1181 2587 an·
1215 2531 1252 2588 lta
1264 2532 1289 2588 iu
1305 2531 1357 2589 hoc
1372 2532 1556 2589 indifferenter
1569 2532 1602 2589 de
1617 2539 1735 2604 utruque
1759 2533 1912 2606 loquuntur
1925 2538 2002 2588 arrote-

378 2638 490 2694 uorum,
506 2624 583 2682 iuxta
597 2639 658 2695 cap.
669 2621 893 2690 secedentibus,
912 2622 946 2679 de
961 2621 1114 2694 privilegiis.
1130 2619 1180 2677 dlii
1214 2635 1269 2678 res.
1292 2623 1320 2677 lu
1336 2621 1444 2680 duobus
1460 2628 1550 2679 tamen
1564 2622 1679 2678 manime
1694 2621 1841 2694 differunt,
1860 2625 1941 2694 primo
1953 2621 2002 2692 quia

379 2727 445 2768 vero
463 2712 619 2768 existimant
639 2711 765 2768 sufficere
780 2719 888 2783 tempus
904 2713 1017 2784 triginta
1031 2725 1178 2778 annorum,
1214 2710 1388 2782 privilegium
1406 2709 1439 2766 ud
1458 2709 1594 2783 agendum
1612 2725 1758 2782 perunum
1781 2711 1964 2781 omissionem,
1978 2715 2002 2766 ut

379 2800 443 2872 quia
463 2801 500 2857 ita
515 2799 685 2872 significatur
700 2802 727 2855 in
742 2800 816 2856 dicto
830 2814 891 2871 cap.
909 2801 943 2856 St
957 2797 993 2856 de
1006 2803 1097 2866 terre,
1116 2797 1178 2854 eod.
1214 2799 1254 2854 sie
1269 2799 1370 2870 dicam,
1386 2799 1426 2856 rel
1441 2801 1608 2872 perplures,
1622 2815 1671 2857 seu
1685 2817 1734 2873 per
1754 2801 1847 2858 solum
1862 2815 1912 2858 nou
1925 2813 2001 2868 usum,

378 2898 407 2949 et
425 2891 452 2945 in
467 2889 520 2947 alio
536 2891 626 2961 capite
640 2889 737 2946 dieunt
751 2890 915 2946 mentionem
928 2889 985 2945 lieri
999 2886 1180 2961 quadraginta
1214 2903 1265 2946 uec
1282 2889 1420 2962 perditur,
1436 2905 1487 2946 nec
1501 2891 1651 2962 minuitur,
1667 2890 1716 2948 sed
1743 2897 1853 2949 tantum
1872 2907 1922 2947 non
1940 2903 2002 2944 exer·

378 2995 525 3052 annorum,
537 2981 601 3051 quia
614 2981 652 3035 ita
667 2981 695 3034 in
710 2977 755 3034 illo
769 2977 843 3034 lecto
859 2977 984 3051 contigit,
996 2984 1025 3033 ct
1039 2977 1076 3032 ita
1087 2989 1181 3031 narra·
1214 2983 1303 3047 cetur,
1316 2987 1347 3036 ut
1360 2995 1393 3036 en
1408 2995 1492 3050 supra
1505 2979 1586 3036 dictis
1601 2987 1719 3036 constat.
1741 2980 1912 3054 Prisilegiuru
1927 2986 2001 3035 auten

378 3077 437 3127 tunr
453 3069 521 3138 luit,
543 3067 676 3140 nunquia
690 3069 974 3124 necessariumesset.
991 3065 1044 3124 Sed
1059 3066 1179 3122 hocnon
1214 3068 1250 3125 ad
1270 3085 1324 3125 non
1345 3070 1480 3144 agendum
1502 3083 1551 3140 per
1571 3085 1652 3126 unarn
1679 3070 1926 3126 contraventionem
1946 3083 2000 3138 qno·

378 3157 497 3216 admittit
511 3157 608 3214 Glossa
629 3159 655 3212 in
670 3156 819 3228 dictocap.
836 3153 1139 3227 „recedentibusque
1154 3155 1180 3210 in
1215 3157 1362 3216 dammodo
1389 3157 1522 3215 amittitur
1543 3173 1591 3231 per
1616 3159 1852 3216 renunciationem
1872 3157 1999 3230 operantis,

378 3262 440 3320 cap.
457 3243 551 3318 Illud,
574 3245 607 3302 de
627 3245 788 3318 praescript.
805 3259 933 3316 expresse
953 3245 1067 3317 dicitur,
1083 3251 1179 3301 contra
1215 3255 1350 3321 quantum
1365 3245 1399 3303 ad
1413 3245 1478 3318 lroc,
1495 3253 1525 3303 ut
1538 3247 1648 3315 solutio,
1660 3247 1704 3304 rel
1718 3246 1772 3304 alia
1785 3247 1880 3304 similis
1896 3245 2001 3302 aeliota·
2085 3273 2086 3284 κ

377 3336 507 3396 ecelesias
526 3335 658 3393 minorem
680 3336 943 3406 praescriptionem,
965 3350 1048 3408 quarn
1062 3334 1180 3408 quadra·
1215 3345 1260 3394 cta
1286 3343 1384 3394 contra
1409 3336 1580 3410 privilegium
1605 3343 1710 3407 teneat,
1736 3353 1798 3394 nam
1820 3341 1847 3394 in
1861 3336 1910 3392 lroc
1925 3333 1999 3406 aliquo
2085 3369 2086 3384 r

377 3428 501 3502 geoalem
522 3441 575 3483 nou
596 3425 719 3496 admitti,
739 3423 809 3480 lieet
822 3421 946 3497 paulam
959 3439 1087 3480 canones
1102 3439 1181 3479 conr·
1215 3427 1296 3485 modo
1311 3427 1461 3500 derogatur
1476 3426 1713 3499 privilegio.Quod
1728 3425 1812 3483 babet
1825 3425 1916 3483 locum
1928 3423 2000 3493 inpri-

376 3515 501 3592 probent
518 3511 716 3579 triennalem:
730 3519 759 3571 el
773 3511 843 3572 idem
857 3513 1036 3570 confirmatur
1050 3513 1078 3568 in
1093 3513 1181 3584 capite
1214 3517 1333 3590 rilegiis,
1350 3531 1420 3589 quae
1434 3522 1579 3574 versantur
1594 3516 1670 3572 eirca
1685 3515 1770 3583 alios3
1793 3531 1859 3572 narn
1872 3517 1897 3571 in
1910 3513 1999 3569 absolu·

378 3611 422 3664 De
441 3611 561 3678 quarto.
578 3602 654 3660 Unde
675 3602 728 3660 diei
750 3609 857 3677 posset,
880 3602 1082 3672 illudiuseap.
1098 3597 1180 3658 Side
1215 3606 1250 3662 tis
1273 3605 1339 3663 baec
1359 3605 1509 3663 differentia
1524 3603 1731 3661 considerabilis
1746 3621 1801 3661 non
1816 3611 1876 3676 est,
1893 3602 1935 3658 sed
1947 3617 1998 3656 con·

377 3700 461 3752 terro
478 3709 538 3753 esse
556 3709 605 3765 per
620 3691 692 3750 aliud
707 3697 875 3768 correctum.
891 3693 949 3749 lloc
965 3697 1054 3748 tamen
1070 3690 1181 3746 obstan·
1215 3696 1316 3752 uerius
1333 3711 1401 3752 usus
1412 3694 1549 3750 moraliter
1561 3692 1671 3765 perinde
1682 3709 1710 3749 se
1725 3693 1860 3764 habetne
1872 3709 1921 3750 non
1935 3706 1995 3748 usos.

378 3793 417 3856 te,
429 3783 524 3842 Glossa
537 3785 564 3838 ia
578 3783 651 3839 dicto
664 3779 961 3854 eapAecedenlibus,
972 3788 999 3838 et
1009 3783 1083 3842 locu.
1093 3780 1177 3837 andr.
1215 3783 1344 3840 Secundo
1358 3783 1502 3851 differunt,
1517 3783 1582 3856 quia
1596 3789 1694 3839 contra
1708 3782 1847 3857 privilegia
1861 3781 1998 3840 affirmatur
2085 3777 2086 3866 b

377 3876 501 3933 llostien.
519 3872 587 3929 tuo.
604 3871 689 3964 iblin.
704 3869 789 3928 etalii
809 3871 991 3928 communiter
1005 3868 1121 3940 docent,
1137 3886 1181 3928 re·
1215 3872 1364 3944 praescribi
1379 3878 1471 3944 potest
1484 3873 1541 3928 siue
1557 3869 1611 3928 ulla
1626 3872 1732 3928 actione
1747 3873 1935 3946 privilegiari,
1949 3871 1998 3940 quia

377 3966 451 4038 quiri
466 3971 573 4035 tempus
588 3960 768 4034 quadraginta
782 3969 962 4034 annorum,et
976 3960 1010 4018 ad
1024 3975 1086 4032 cap.
1098 3962 1132 4018 Si
1144 3957 1180 4016 de
1215 3976 1263 4033 per
1285 3960 1375 4016 solum
1395 3976 1449 4018 non
1471 3976 1551 4018 usum
1572 3960 1632 4018 eius
1651 3965 1740 4031 potest
1756 3961 1895 4032 inchoari,
1909 3968 1933 4017 et
1944 3973 1994 4015 con·
2085 3975 2086 4030 Τ

377 4057 476 4114 terro.
495 4051 559 4108 nibil
578 4050 653 4108 aliud
668 4049 842 4122 respondent,
857 4050 909 4107 nisi
924 4047 1002 4106 lrodie
1017 4065 1070 4104 oon
1084 4064 1181 4120 proce·
1215 4051 1346 4106 summari
1368 4049 1480 4106 alterius
1496 4049 1690 4121 praescriptio:
1715 4049 1741 4105 in
1769 4051 1901 4124 negativis
1913 4057 1995 4111 arrisu,

377 4143 452 4200 dere.
469 4140 530 4198 ldibi
550 4146 642 4196 autern
657 4138 802 4196 verisimile
815 4145 869 4211 est,
885 4136 1070 4196 dlcxundrurn
1086 4137 1130 4208 lll,
1148 4135 1180 4192 li·
1216 4146 1248 4196 ut
1261 4139 1466 4211 praescribatur
1480 4145 1577 4194 eontra
1592 4137 1650 4208 illa,
1673 4140 1860 4196 necessarium
1872 4144 1958 4226 est,ut
1968 4135 1998 4190 in·

377 4238 424 4290 cet
440 4232 467 4287 iu
485 4229 544 4286 aliis
565 4227 824 4301 praescriptionibus
839 4234 938 4284 contra
950 4226 1096 4284 ecclesiam
1111 4241 1180 4298 qua·
1215 4228 1331 4286 cboetur
1346 4227 1522 4300 praescriptio
1537 4226 1676 4300 abaliquo
1692 4244 1743 4285 usu
1761 4229 1899 4285 contrarie
1909 4223 1995 4298 pririle·

375 4321 498 4394 draginta
512 4333 647 4376 annorum
660 4325 767 4388 tempus
780 4315 965 4374 necessarium
977 4331 1037 4373 esse
1049 4315 1178 4386 voluerit,
1213 4317 1303 4392 giarii,
1319 4317 1385 4391 quia
1399 4317 1457 4373 sine
1473 4316 1518 4372 tali
1532 4326 1598 4373 actu
1613 4316 1719 4373 nullum
1733 4317 1777 4374 ius
1792 4358 1800 4390 ,
1818 4318 1936 4375 nullrrsie
1948 4327 1995 4385 pos·
2085 4331 2086 4392 ᾗ

375 4415 403 4468 iu
418 4408 559 4483 bae,quae
578 4413 621 4464 est
634 4408 773 4465 contraria
787 4405 1043 4479 privilegio,minori
1058 4413 1179 4476 tempore
1214 4408 1342 4465 sessionis
1363 4407 1462 4464 modus
1482 4413 1572 4480 potest
1593 4406 1619 4462 in
1639 4406 1727 4464 altero
1748 4407 1924 4476 considerari,
1937 4399 1995 4475 quod
2085 4415 2086 4466 t

376 4501 461 4557 luisse
477 4504 653 4568 contentum,
670 4496 712 4552 vel
727 4496 792 4569 quia
802 4512 855 4552 non
870 4494 1054 4553 consideravit
1064 4494 1136 4551 illam
1148 4501 1180 4552 ut
1214 4497 1250 4554 illi
1266 4497 1368 4553 tribuat
1384 4496 1489 4553 initium
1504 4495 1721 4572 praescribendi,
1747 4513 1819 4571 quae
1832 4497 1916 4555 omnia
1928 4509 1955 4551 et
1966 4489 1995 4546 dl·

375 4606 474 4664 puram
490 4577 751 4661 praescriptionem,
770 4586 819 4643 sed
834 4593 865 4644 ut
878 4586 1036 4643 coniuctam
1052 4585 1178 4642 volunta·
1212 4587 1266 4644 ctis
1281 4587 1344 4644 satis
1359 4593 1495 4643 constant.

377 4681 433 4736 riae
453 4676 651 4736 renunciationi
669 4675 819 4749 privilegii,
836 4690 907 4747 quae
921 4673 1056 4731 laellitare
1071 4674 1179 4731 videtur
1251 4679 1298 4734 23.
1315 4677 1405 4732 Tertio
1427 4674 1585 4749 intelligitur
1604 4689 1638 4734 err
1658 4675 1755 4744 dictis,
1774 4693 1856 4750 quam
1874 4650 1993 4731 utilitatem
2085 4635 2086 4674 ¹

332 4819 335 4826 .
376 4767 628 4840 praescriptionem,
641 4764 682 4821 sel
698 4765 778 4821 etiam
793 4764 858 4838 quia
873 4779 921 4835 per
936 4764 1178 4837 praescriptionem
1211 4764 1310 4822 habeat
1324 4766 1485 4837 protestatio
1500 4765 1739 4838 privilegiarii,ut
1751 4773 1832 4822 actus
1851 4762 1994 4832 intelligatur
2085 4793 2086 4848 ἐ

376 4865 473 4916 contra
497 4855 667 4930 privilegium
692 4853 840 4911 revertitur
855 4868 899 4910 res
913 4852 948 4909 nd
962 4853 1004 4910 ius
1018 4869 1176 4927 commune,
1211 4853 1269 4910 lieri
1280 4854 1338 4909 sine
1349 4853 1517 4925 praeiudicio
1531 4853 1573 4909 sui
1585 4854 1769 4928 privilegii,de
1780 4871 1836 4927 qua
1849 4853 1995 4910 diritllnrto·

375 4954 404 5005 et
418 4948 476 5004 ideo
491 4947 572 5003 eliam
586 4944 667 5001 debet
686 4943 803 5000 breviori
818 4949 939 5014 tempore
954 4943 1021 5000 lieri.
1037 4943 1176 5000 Nihilomi·
1212 4943 1256 5001 lus
1268 4943 1292 5000 iu
1305 4944 1323 5000 Ι.
1337 4944 1400 5008 l,C.
1413 4943 1447 5000 de
1459 4943 1563 5017 lris,qui
1578 4959 1744 5014 sponmun.
1757 4952 1812 5000 ete.
1828 4945 1873 5000 lib.
1888 4947 1925 5001 10.
1933 4953 1993 5012 para·

375 5053 428 5095 nus
447 5043 539 5094 tamen
560 5037 652 5090 lunoe.
668 5034 714 5090 lll.
734 5032 761 5087 in
780 5030 854 5088 dicto
873 5046 935 5103 cap.
952 5031 1171 5100 Accedentibus,
1211 5033 1252 5106 ri,
1273 5039 1304 5090 ut
1325 5047 1374 5106 per
1397 5038 1490 5090 actum
1510 5033 1681 5092 contrarium
1695 5049 1749 5091 nou
1765 5033 1892 5106 perdatur
1904 5029 1991 5102 pririle·
2085 5067 2086 5114 1

375 5125 529 5192 extendisse
544 5122 651 5180 ridetur
663 5119 786 5194 regulam
797 5117 956 5193 aspllied,
966 5120 1000 5178 de
1011 5123 1173 5196 praescript.
1209 5125 1297 5198 glum,
1309 5121 1387 5195 quod
1397 5121 1475 5179 valde
1488 5122 1663 5179 commendat
1678 5124 1827 5182 Panormit.
1837 5124 1862 5179 in
1879 5121 1945 5179 dicte
1956 5131 1992 5172 ca·

375 5213 503 5274 etiamad
523 5212 763 5286 praescriptionem
779 5216 874 5268 contra
889 5210 1029 5286 privilegia
1043 5213 1173 5272 eeclesia·
1210 5214 1263 5288 pite
1281 5215 1359 5272 Cum
1373 5214 1576 5279 occesstsseot,
1592 5227 1668 5269 num.
1684 5213 1711 5286 i,
1725 5213 1883 5287 intelligens,
1899 5207 1991 5284 produ·
2085 5207 2086 5288 l
