4260 6222
427 373 490 436 488
838 437 844 455 ,
1114 391 1215 439 ιιειιιι
1231 393 1306 440 vrri.
1400 349 1402 358 ¹

388 513 460 570 tatis.
475 514 548 586 Ergo
562 512 584 570 si
598 528 628 570 re
642 527 706 570 vcra
721 513 746 570 in
761 528 791 570 re
805 528 859 570 non
874 514 955 571 tuerit
969 513 1030 570 talis
1046 514 1185 587 voluntas,
1220 518 1283 589 quia
1303 531 1336 574 ει
1351 513 1409 573 solo
1420 515 1478 572 iure
1491 514 1610 571 naturali
1620 528 1674 570 non
1688 511 1843 584 potesttale
1854 493 2009 582 tempusde-

342 651 348 658 .
377 605 449 690 ‚quia
464 602 662 676 privilegiarius
676 619 731 660 non
745 618 778 659 ει
793 602 855 676 illa,
871 603 920 660 sed
931 611 1044 676 propter
1059 605 1124 662 alias
1139 621 1186 662 oc·
1221 605 1376 676 terminari,
1392 609 1424 660 ut
1437 620 1486 676 per
1500 620 1529 660 se
1544 609 1640 660 notum
1654 607 1782 675 apparet,
1793 609 1822 658 et
1833 603 1861 658 in
1876 601 1934 658 iure
1946 603 2010 673 posi·

386 695 510 750 oasiones
527 693 666 767 privilegio
682 709 749 750 usus
763 709 816 749 non
831 693 892 767 luit3
909 709 963 750 non
978 697 1031 752 erit
1045 694 1185 752 sufficiens
1221 695 1276 751 tivo
1290 695 1341 751 alia
1355 693 1544 751 determinatio
1558 708 1612 748 non
1627 690 1775 748 inuenitur.

384 797 439 837 non
454 798 521 838 usus
537 781 576 838 ad
585 783 839 854 renunciationem,
856 782 898 839 vel
912 783 1088 841 emissionem
1103 784 1186 855 privi·
1263 787 1306 842 ts.
1319 783 1380 840 tlibi
1391 789 1480 839 tamen
1495 781 1630 852 inprimis
1644 778 1770 848 videtur,
1783 780 1893 853 quoties
1905 794 1951 850 per
1964 795 2011 835 non

385 870 461 943 legii,
477 872 527 928 nisi
547 873 608 928 iure
629 877 657 927 et
675 869 817 928 voluntnte
831 873 964 944 principis
979 873 1104 944 iuretur,
1120 874 1185 945 quia
1220 889 1301 931 usum
1316 873 1490 945 priuilegium
1504 870 1653 941 amittitur,
1666 872 1730 942 quia
1744 868 1815 925 alius
1826 874 1926 925 contra
1936 869 2011 940 priri·
2089 919 2090 944 ,

384 959 463 1018 deest
475 959 603 1018 voluntas
615 960 726 1032 propria
736 961 925 1034 privilegiarii,
938 977 1008 1035 quae
1021 961 1080 1020 sola
1091 969 1185 1033 posset
1218 962 1360 1036 legiarium
1374 961 1554 1034 praescribit,
1570 958 1677 1017 nullum
1691 963 1800 1030 tempus
1814 973 1878 1014 esse
1892 956 2011 1014 determi-
2089 963 2090 990 l

384 1064 445 1106 esse
461 1064 547 1106 causa
557 1048 618 1106 talis
628 1049 743 1109 ellectus
753 1091 761 1122 ,
772 1065 827 1106 non
839 1051 1036 1109 interveniente
1047 1053 1184 1124 superiori
1221 1059 1315 1109 natum
1329 1052 1355 1107 in
1370 1054 1428 1123 ipso
1443 1065 1496 1106 non
1511 1065 1565 1106 usu
1583 1048 1617 1105 ad
1635 1048 1816 1105 amittendum
1836 1047 2011 1118 privilegium,

383 1138 533 1195 voluntate.
546 1140 587 1195 bn
601 1153 667 1195 vero
683 1138 717 1195 de
729 1139 802 1197 lacto
814 1139 965 1198 inveniatur
975 1140 1027 1198 tale
1039 1141 1082 1196 ius
1093 1140 1184 1214 quoad
1220 1157 1269 1198 seu
1285 1157 1318 1199 ει
1333 1147 1409 1213 ρειιε
1422 1138 1605 1212 privilegiari,
1622 1136 1668 1193 sed
1682 1136 1752 1194 illud
1767 1143 1878 1206 tempus
1895 1149 2011 1190 necessa·

383 1227 630 1304 baee=privilegia,
651 1227 741 1286 dicam
758 1231 785 1287 in
804 1228 915 1288 duobus
935 1230 1047 1303 punctis
1066 1246 1186 1304 sequen·
1218 1233 1289 1288 rium
1303 1246 1375 1304 esse,
1391 1246 1424 1286 ac
1438 1228 1578 1298 sufficere,
1594 1227 1711 1301 quodsi
1726 1232 1802 1298 parte
1815 1225 1933 1282 alterius
1949 1225 2012 1280 ιειιιι

384 1319 467 1376 tibus.
1217 1312 2011 1391 lueritdetcrminatumadpraescribendumcontraborno,

426 1410 469 1466 tl.
486 1406 581 1465 Solum
597 1406 640 1465 bic
656 1405 787 1481 eslverto,
799 1410 906 1466 etiamsi
920 1409 978 1467 iure
990 1415 1125 1467 statutum
1137 1409 1182 1483 sii,
1219 1410 1259 1468 rel
1277 1407 1364 1483 illum,
1381 1410 1455 1483 quod
1469 1409 1539 1466 solet
1551 1410 1609 1464 iure
1621 1405 1757 1464 ordinario
1768 1403 1868 1462 decem
1884 1419 2011 1461 annorum

383 1502 415 1554 ut
428 1497 599 1570 privilegium
614 1497 727 1570 aliquod
741 1513 789 1570 ρει
802 1514 857 1554 non
873 1515 955 1564 usum
971 1501 1129 1572 amittatur,
1144 1499 1185 1555 ni·
1219 1498 1288 1558 inter
1302 1507 1473 1572 praesentes,
1488 1499 1530 1556 vel
1545 1498 1655 1571 vinginti
1671 1498 1743 1554 inter
1758 1495 1900 1568 absentes,
1920 1495 1960 1550 vel
1972 1510 2011 1552 ει-

382 1583 529 1642 ιιιιοιιιιιιιιε
550 1602 604 1642 non
616 1589 713 1644 amitti
734 1602 782 1657 per
802 1588 913 1644 tacitam
934 1589 1181 1658 renunciationem,
1208 1588 1393 1646 ¹traordinurio
1410 1604 1443 1645 ae
1458 1587 1568 1660 speciali
1589 1589 1647 1644 iure
1666 1586 1821 1660 requiritur
1843 1593 1952 1656 tempus
1971 1586 2012 1640 tri·

383 1673 432 1730 scd
451 1676 518 1746 quia
538 1690 603 1732 cum
624 1675 736 1732 limitata
756 1676 911 1733 conditione
933 1677 985 1735 luit
1004 1693 1181 1750 concessum,
1218 1678 1302 1750 ginta,
1319 1677 1362 1736 rel
1378 1677 1557 1751 quadraginta
1570 1691 1721 1747 annorum,
1738 1683 1770 1732 ut
1795 1673 1830 1731 de
1850 1671 2012 1732 monasteriis

383 1779 439 1836 qun
457 1779 515 1840 non¹
526 1764 705 1836 impleta,vel
720 1764 754 1821 ab
769 1767 827 1836 ipso
839 1766 1183 1839 iure,autaconcedente
1218 1766 1387 1838 significatur
1403 1765 1508 1822 indict.
1524 1780 1551 1821 c.
1569 1767 1865 1827 Cumcccessisscnt,
1882 1762 2008 1819 ubiloan.
2089 1767 2090 1780 ¹

382 1852 501 1924 tollitur,
515 1853 558 1910 vel
573 1860 650 1909 certe
664 1870 712 1925 ρει
726 1869 755 1909 ιε
769 1862 861 1911 cessat
873 1855 1039 1926 perlapsum
1051 1858 1183 1929 temporie
1218 1855 1302 1912 Andr.
1319 1861 1347 1912 et
1360 1856 1403 1912 alii
1416 1855 1442 1912 id
1457 1861 1561 1924 notanq
1577 1862 1605 1910 et
1619 1853 1702 1910 Felin.
1719 1856 1758 1910 ait
1770 1851 1947 1926 generaliter,
1956 1867 2009 1924 pro·
2089 1839 2090 1846 ¹

382 1941 417 1998 sd
433 1941 544 1998 modum
559 1942 725 2014 explicatum
740 1944 767 2002 in
781 1958 808 1999 c.
825 1945 941 2001 xxvru.
954 1952 983 2002 et
993 1947 1181 2017 sequentibus.
1218 1943 1315 2002 cedere
1331 1947 1358 2001 in
1372 1945 1513 2017 ecclesiis,
1529 1959 1578 2001 scu
1597 1943 1664 2000 locis
1684 1944 1753 2016 piis,
1769 1943 1847 1999 iuxta
1868 1941 2010 2014 generalem

298 2057 311 2078 s
381 2029 542 2088 Declaratur
570 2031 623 2088 boc
647 2032 748 2103 optimo
773 2034 800 2088 in
825 2033 963 2105 privilegio
985 2035 1182 2109 nundinarum,
1218 2032 1342 2106 regulam
1357 2037 1490 2092 ιειιιιιιιι
1509 2032 1641 2091 authent.
1663 2033 1713 2089 ult.
1733 2033 1764 2090 C.
1787 2032 1823 2088 de
1851 2048 1955 2089 sacros.
1973 2047 2011 2087 ec·

380 2120 454 2192 quod
471 2137 520 2192 per
535 2135 588 2177 non
605 2137 687 2177 usum
701 2124 728 2177 in
741 2121 877 2179 decennio
893 2124 1044 2196 amittitur,
1060 2124 1126 2196 quia
1140 2122 1184 2182 len
1218 2123 1283 2178 cles.
1304 2131 1333 2181 et
1347 2140 1373 2180 c.
1390 2122 1480 2190 Illud,
1498 2123 1531 2180 de
1545 2123 1707 2195 praescript.
1723 2137 1788 2178 cum
1810 2121 1955 2178 similibus.
1967 2123 2010 2178 Ra·

385 2215 409 2280 t,
425 2209 452 2266 ll.
469 2211 503 2266 dc
516 2210 659 2282 nundinis,
676 2211 713 2267 ita
727 2211 832 2268 statuit.
848 2212 908 2278 Qua
927 2211 986 2285 lege
999 2214 1100 2286 posita,
1117 2229 1184 2270 cen·
1217 2213 1256 2267 tio
1270 2219 1362 2270 eutem
1376 2213 1535 2269 assertionis
1554 2217 1614 2280 est,
1636 2211 1701 2282 quia
1720 2212 1746 2267 in
1768 2210 1928 2268 huiusmodi
1952 2226 2010 2266 casu

381 2307 451 2372 atat,
469 2298 523 2356 tnle
537 2299 708 2372 privilegium
721 2299 772 2355 sub
784 2300 829 2356 teli
844 2299 1003 2357 conditione
1017 2302 1144 2375 concedi,
1156 2308 1184 2359 et
1217 2301 1387 2374 privilegium
1404 2317 1458 2357 non
1472 2301 1603 2357 amittitur
1617 2299 1768 2357 formaliter
1788 2315 1839 2372 per
1861 2315 1914 2356 non
1929 2315 2009 2366 usum,

380 2388 425 2445 illa
446 2405 501 2446 non
524 2389 652 2460 impleta,
668 2389 709 2444 vel
725 2405 815 2460 perse
830 2405 956 2460 cessare,
973 2391 1016 2448 vel
1035 2393 1136 2448 virtute
1151 2393 1184 2448 il·
1219 2390 1265 2446 sed
1281 2392 1306 2446 ιι
1321 2391 1544 2463 praescriptionis
1558 2390 1671 2446 alterius
1685 2398 1784 2446 contra
1805 2405 1953 2462 personam
1966 2405 2009 2443 non

382 2477 435 2534 lius
450 2477 519 2550 legis
532 2477 644 2533 nulerrl.
659 2477 744 2534 Cuius
759 2479 840 2535 etiam
855 2481 966 2551 signum
979 2487 1033 2552 est,
1045 2483 1111 2553 quia
1127 2481 1184 2538 lieri
1219 2479 1349 2552 utentem3
1364 2497 1430 2554 ergo
1442 2480 1507 2536 illud
1522 2488 1631 2551 tempus
1645 2478 1764 2536 sullicict
1774 2485 1803 2535 ct
1818 2480 1974 2552 requiretur
1982 2494 2009 2533 es

382 2572 487 2638 potest,
502 2572 535 2622 ιιι
548 2565 602 2622 tale
615 2554 725 2638 tempus
738 2564 863 2624 elabatur
877 2569 933 2624 siue
944 2568 1113 2626 advertentis
1126 2570 1184 2641 pri·
1217 2576 1294 2642 parte
1308 2585 1362 2626 non
1377 2586 1446 2626 usus
1461 2569 1495 2625 ad
1506 2571 1679 2625 amissionem
1692 2567 1834 2642 privilegii,
1850 2567 1926 2639 quod
1940 2567 2010 2622 tuerit
2089 2575 2090 2594 ι

381 2656 512 2728 rilcgiarii
523 2697 530 2726 ,
542 2655 607 2727 quie
621 2661 714 2727 postea
729 2655 878 2727 plurimum
889 2657 1025 2715 doleatde
1036 2658 1183 2715 emissione
1218 2659 1368 2732 legitimum
1380 2658 1413 2716 ad
1424 2658 1777 2738 praescribendumlccntra
1792 2656 2007 2731 privilegiariun,

381 2744 529 2818 privilegii,
551 2759 617 2818 ergo
638 2746 749 2818 signum
769 2750 827 2818 cst,
842 2762 897 2802 non
916 2763 978 2804 esse
997 2748 1182 2806 necessariam
1218 2748 1263 2805 tali
1278 2747 1432 2806 conditione
1446 2749 1598 2820 supposita,
1614 2751 1748 2819 ergo'non
1763 2753 1857 2816 potest
1875 2748 1900 2803 in
1914 2744 2009 2816 bispri·

380 2836 616 2894 renunciationem
639 2835 793 2908 propriam,
815 2836 862 2892 sed
883 2837 917 2892 ab
937 2837 1093 2894 extrinseco
1114 2836 1181 2911 tolli,
1218 2837 1319 2911 vilegiis
1334 2839 1435 2895 certior
1450 2835 1542 2908 regula
1557 2835 1715 2908 praescribi.

382 2925 424 2984 rel
438 2941 487 2998 per
501 2941 531 2982 se
548 2924 670 2998 extingui
686 2923 855 2996 privilegium
869 2940 901 2982 ει
917 2927 941 2980 ιιι
952 2926 1056 2982 termae
1068 2940 1185 2983 conces·
1256 2933 1304 2985 20.
1320 2927 1446 2985 Secundo
1459 2925 1607 2984 dicendum
1620 2931 1672 2996 est,
1689 2925 1714 2980 in
1736 2924 1887 2996 privilegiis
1912 2922 2007 2980 obsolu-
2089 2975 2090 2994 ,

383 3015 485 3084 sionis,
505 3019 553 3074 aut
571 3012 697 3085 speciali,
717 3020 746 3070 et
765 3028 911 3085 expresso,
931 3015 971 3070 vel
991 3013 1183 3071 subintellecta
1217 3017 1262 3088 tis,
1278 3024 1376 3073 contra
1390 3031 1461 3090 quae
1477 3017 1510 3071 ab
1525 3015 1583 3071 aliis
1598 3029 1650 3069 non
1667 3013 1878 3086 praescribitur,
1894 3027 1943 3067 non
1956 3024 2007 3066 esse
2089 3041 2090 3092 ,

382 3119 416 3159 ex
430 3104 457 3158 vi
472 3103 539 3159 iuris
553 3101 718 3159 communis.
731 3102 781 3169 Qui
797 3102 896 3160 modus
910 3103 1040 3176 loquendi
1056 3103 1185 3174 probabi·
1218 3114 1327 3163 certum
1343 3113 1452 3177 tempus
1465 3107 1525 3161 iure
1539 3103 1695 3174 delinitum,
1710 3104 1782 3160 intra
1798 3102 1876 3175 quod
1900 3117 1945 3174 per
1961 3115 2005 3154 non
2089 3111 2090 3164 1

383 3192 502 3252 tissimus
516 3197 573 3260 est,
588 3197 617 3247 et
636 3197 729 3261 posset
746 3189 780 3246 ad
795 3191 863 3247 alios
876 3207 960 3249 casus
974 3191 1100 3256 extendis
1121 3207 1183 3248 nam
1219 3211 1299 3250 usum
1314 3195 1485 3266 amittantur3
1501 3193 1618 3266 ideoque
1632 3192 1785 3266 generalem
1800 3191 1926 3266 regulam
1942 3205 2002 3257 esse,

383 3289 459 3337 recte
480 3279 599 3351 explicat
620 3279 791 3336 amissionem
812 3278 964 3352 privilegii,
979 3286 1008 3337 ει
1028 3297 1073 3337 ιεε
1086 3279 1184 3338 eodem
1218 3283 1281 3340 talia
1298 3282 1435 3356 privilegia
1450 3297 1498 3355 per
1512 3282 1614 3338 nullius
1628 3281 1758 3354 temporis
1772 3297 1826 3336 non
1846 3297 1925 3339 usum
1941 3279 2006 3336 amit·

382 3369 492 3427 recidit.
505 3367 557 3425 Sed
571 3368 744 3425 nibilominus
755 3410 762 3440 ,
774 3383 823 3440 per
834 3385 862 3426 se
874 3385 907 3426 ac
918 3369 1059 3426 moraliter
1072 3370 1185 3442 loquen·
1217 3373 1248 3443 ti,
1264 3373 1369 3428 etiamsi
1388 3371 1576 3444 longissimum
1591 3372 1637 3441 sitq
1654 3371 1680 3426 in
1694 3371 1803 3426 casibus
1817 3385 1887 3427 vero
1900 3369 1953 3426 iure
1967 3382 2005 3422 ει·

383 3459 435 3531 de,
452 3461 519 3515 setis
539 3460 731 3516 convenienter
751 3457 794 3514 illa
810 3466 926 3516 vocatur
940 3460 1025 3516 tacite
1038 3461 1187 3516 renuncia·
1219 3461 1320 3532 prcssis
1341 3461 1429 3518 emitti
1447 3469 1569 3532 tempore
1590 3476 1639 3531 pre
1660 3460 1699 3516 eis
1717 3458 1838 3518 definito.
1856 3460 1938 3516 Prior
1953 3471 2006 3529 pus

383 3551 438 3618 tio,
454 3550 519 3621 quia
535 3547 568 3618 is,
583 3549 630 3621 qui
644 3563 698 3603 non
712 3549 804 3604 utitur
818 3546 976 3620 privilegio,
990 3564 1045 3605 non
1059 3549 1185 3605 obstante
1219 3549 1375 3606 assertionis
1391 3555 1517 3615 constat,
1533 3548 1597 3621 quia
1614 3547 1683 3604 haec
1704 3547 1847 3620 privilegis
1866 3562 1920 3604 non
1941 3548 2006 3601 amit·

382 3637 429 3693 illo
442 3636 519 3709 iure,
542 3635 683 3693 moraliter
703 3636 888 3708 convincitur,
905 3636 977 3694 nolle
991 3637 1073 3708 illud,
1089 3637 1185 3694 saltem
1220 3643 1317 3694 tuetur
1330 3653 1380 3709 per
1396 3637 1509 3694 modum
1523 3637 1760 3710 praescriptionis,
1781 3643 1812 3692 ut
1825 3637 1882 3692 ism
1897 3634 2006 3692 declam·

385 3728 486 3782 virtute
499 3733 527 3783 ει
542 3725 830 3796 interpretamentum
845 3724 920 3798 quod
934 3724 1133 3783 inadvertentie
1146 3726 1186 3782 in·
1219 3734 1279 3784 tum
1292 3733 1345 3797 est3
1361 3741 1427 3799 erge
1442 3741 1495 3782 non
1509 3732 1626 3798 possunt
1640 3725 1673 3782 ad
1689 3725 1734 3782 illa
1747 3725 1882 3798 applicari
1896 3733 2003 3796 tempora

318 3859 321 3864 .
385 3817 520 3885 tercedat,
537 3815 752 3872 accidentarium
765 3820 820 3886 est,
837 3829 872 3869 an
885 3829 965 3886 rere,
981 3816 1002 3870 si
1016 3814 1186 3886 inculpabilia
1220 3816 1476 3888 praescriptionum,
1494 3815 1604 3872 seclusa
1619 3822 1712 3872 autem
1725 3811 2006 3888 praescripticncmul-

385 3906 435 3976 sit,
448 3904 536 3976 pessit
547 3903 621 3961 bunc
635 3905 763 3962 ellectum
777 3902 904 3975 impedire
915 3945 922 3976 ,
934 3903 1025 3961 dicam
1036 3905 1064 3961 in
1075 3903 1185 3976 punctis
1220 3908 1277 3963 lum
1292 3907 1475 3978 assignabitur
1488 3905 1616 3977 generale
1629 3905 1683 3976 ius,
1700 3904 1774 3978 quod
1788 3911 1900 3962 certum
1915 3911 2005 3972 tempus

387 3991 578 4067 sequentibus.
1216 3981 1338 4067 statuat,
1354 3997 1379 4051 in
1395 4011 1450 4068 quo
1471 3994 1642 4068 privilegium
1663 3995 1806 4052 amittatur
1821 4010 1871 4065 per
1885 4009 1953 4050 seac
1963 3992 2005 4047 lor·

430 4088 473 4141 18.
488 4081 578 4138 Tertio
598 4081 683 4154 igitur
699 4081 801 4154 inquiri
818 4087 928 4153 potest,
944 4081 1040 4155 quanti
1056 4081 1187 4152 temporis
1222 4085 1331 4144 meliten
1346 4099 1393 4157 per
1407 4100 1462 4140 non
1475 4100 1569 4156 usum,
1586 4098 1664 4156 ergo.
1680 4085 1765 4141 tlinor
1784 4085 1917 4157 probatur
1932 4083 2004 4153 princ

388 4187 442 4228 nou
462 4184 530 4227 usus
549 4169 722 4226 necessarius
741 4169 792 4242 sit,
808 4175 837 4225 et
850 4169 986 4242 sufficiat,
1001 4177 1034 4226 ut
1046 4185 1095 4242 per
1108 4167 1187 4226 illum
1221 4173 1313 4247 quoad
1336 4175 1380 4230 ius
1400 4171 1579 4244 canonicum,
1598 4173 1664 4245 quia
1685 4186 1805 4229 canones
1824 4187 1960 4245 nunquam
1976 4170 2005 4224 lo·

387 4259 557 4335 privilegium
571 4260 721 4318 amittatur.
732 4260 762 4315 ln
774 4275 831 4333 que
842 4259 898 4317 iero
911 4260 1066 4318 communis
1078 4265 1187 4316 senten·
1221 4269 1349 4334 quuntur
1363 4261 1397 4318 de
1412 4261 1557 4320 amissione
1570 4260 1702 4334 privilegii
1717 4275 1765 4334 ρει
1782 4277 1838 4318 non
1857 4276 1950 4328 usum,
1968 4253 2004 4312 sed

387 4349 424 4406 tia
444 4356 504 4423 est,
526 4349 690 4406 decennium
712 4347 857 4421 suliicere,
877 4355 906 4406 et
924 4349 1037 4423 requiri.
1054 4350 1094 4406 lta
1107 4348 1189 4406 docet
1222 4365 1271 4424 per
1286 4352 1455 4408 contrarium
1467 4367 1560 4422 usum,
1576 4356 1608 4406 ut
1622 4351 1709 4422 capite
1721 4351 1846 4423 sequenti
1860 4349 2002 4416 videbimus,

387 4441 450 4497 Bar.
470 4441 498 4496 in
519 4439 538 4496 l.
551 4437 648 4512 salso,
669 4438 699 4496 G.
721 4437 755 4496 dc
772 4438 874 4496 divers.
896 4439 1024 4512 rescript.
1042 4439 1087 4496 ubi
1103 4441 1188 4498 etlam
1222 4439 1297 4518 unde
1309 4438 1375 4497 licet
1389 4439 1464 4496 circe
1477 4447 1586 4512 tempus
1599 4441 1731 4497 contrarii
1750 4456 1818 4497 usus
1837 4439 1936 4514 aliquid
1952 4436 2004 4492 dati·
2089 4463 2090 4466 κ

388 4531 467 4588 lason
486 4530 556 4600 lete,
573 4527 643 4586 idem
657 4529 719 4585 Ber.
736 4529 762 4586 in
777 4529 796 4584 l.
816 4531 842 4601 t,
857 4529 885 4585 u.
902 4529 935 4586 de
954 4528 1067 4585 nundin.
1085 4529 1131 4586 ubi
1145 4529 1189 4586 alii
1224 4531 1312 4601 niunt,
1329 4529 1403 4602 quod
1418 4534 1513 4600 postca
1526 4527 1694 4601 videbimus,
1714 4527 1782 4586 illud
1800 4544 1855 4586 non
1877 4535 1959 4601 petest
1977 4521 2004 4580 od
2089 4589 2090 4600 .

389 4621 582 4677 communiter.
605 4618 679 4675 idem
698 4620 797 4675 Pauor.
818 4620 884 4675 lieo.
905 4617 989 4674 Felin.
1005 4625 1033 4675 et
1053 4616 1096 4674 alli
1116 4619 1144 4674 in
1159 4635 1185 4676 c.
1224 4635 1328 4692 purum
1340 4635 1395 4676 non
1410 4635 1502 4689 usum,
1517 4617 1550 4674 dc
1565 4633 1621 4691 quo
1636 4619 1694 4674 solo
1711 4634 1784 4675 nunc
1805 4618 1951 4692 loquimur,
1964 4629 2003 4683 ap·

393 4713 471 4767 Cum
485 4712 689 4774 accessissent,
708 4707 741 4763 de
755 4708 865 4764 constit.
881 4706 980 4764 liebus.
994 4709 1022 4763 in
1038 4709 1130 4765 Pract.
1145 4709 1187 4765 tit.
1223 4709 1329 4780 plicari,
1345 4715 1405 4765 tum
1420 4708 1486 4780 quia
1499 4709 1614 4764 materia
1627 4713 1671 4764 est
1686 4707 1799 4780 odiosa,
1815 4709 1842 4763 in
1856 4723 1908 4780 qua
1921 4720 1967 4761 non
1979 4701 2002 4756 li·

389 4799 423 4856 de
437 4799 560 4855 differes.
571 4800 642 4855 inter
652 4796 823 4868 privilegium
834 4801 863 4852 ει
873 4797 1002 4868 rescript.
1015 4813 1043 4852 n.
1057 4801 1105 4870 lt,
1117 4800 1189 4855 llan-
1223 4806 1269 4856 cet
1283 4798 1355 4870 leges
1370 4796 1530 4871 extendere,
1541 4801 1590 4853 aut
1603 4794 1637 4852 de
1651 4809 1721 4853 cesu
1734 4797 1768 4852 ad
1790 4811 1888 4852 cesum
1906 4790 2002 4850 similem

391 4889 453 4945 dos.
470 4887 496 4943 in
511 4887 539 4945 d.
553 4887 680 4944 tract.de
692 4885 781 4957 privil.
797 4883 955 4950 adinstar,
969 4884 1043 4943 Glos.
1061 4889 1105 4958 tt,
1117 4901 1145 4942 n.
1160 4891 1188 4956 5,
1225 4888 1390 4959 transterre3
1406 4887 1578 4958 tumeliam,
1594 4887 1658 4959 quia
1671 4886 1749 4958 longe
1768 4887 1857 4943 maior
1876 4887 1940 4943 ratio
1956 4887 2000 4949 est,

390 4977 465 5035 Balb.
480 4975 549 5034 dict.
565 4982 649 5035 tract.
661 4974 696 5031 de
708 4977 871 5046 praescript.
884 4977 911 5030 iu
923 4979 951 5033 l.
964 4990 992 5045 p.
1006 4977 1116 5048 quintae
1127 4991 1189 5047 ριι·
1224 4992 1276 5035 cur
1291 4975 1582 5047 tollaturprivilegium
1594 4976 1823 5047 percontrarium
1835 4983 2002 5044 usum,quun

391 5068 425 5124 tis
438 5065 554 5137 princip.
567 5082 599 5138 q.
615 5069 646 5135 l,
664 5064 709 5122 ubi
724 5065 817 5136 plures
830 5063 896 5120 alios
912 5063 1013 5139 reiert,
1027 5079 1092 5122 cum
1109 5065 1190 5123 variis
1225 5082 1274 5138 ρει
1287 5081 1340 5123 non
1355 5079 1447 5122 usum.
1461 5065 1537 5121 Unde
1551 5079 1670 5122 canones
1690 5063 1836 5136 loquentes
1860 5064 1893 5121 de
1911 5067 2004 5118 conua-
2089 5125 2090 5128 ¹

393 5154 613 5225 limitationibus,
626 5168 696 5226 quas
709 5153 794 5209 Felin.
808 5159 836 5209 et
849 5153 892 5208 elii
907 5155 988 5210 etiam
1002 5152 1139 5212 adhibent.
1155 5156 1192 5213 lit
1226 5159 1265 5213 ric
1281 5171 1346 5226 usu,
1362 5155 1478 5212 tortasse
1494 5154 1585 5211 locum
1598 5153 1712 5226 liabent,
1728 5156 1755 5210 in
1770 5154 1898 5210 omnibus
1915 5148 2003 5223 privile·

392 5259 488 5304 omnes
502 5242 653 5304 tundentur
668 5247 775 5302 tentum
788 5243 816 5300 in
827 5241 904 5301 dicta
914 5243 932 5301 l.
950 5243 1011 5318 t,ll.
1026 5242 1060 5302 de
1074 5243 1187 5303 nundin.
1225 5245 1274 5320 giis
1290 5253 1345 5306 tam
1358 5241 1501 5318 absolutis,
1516 5258 1599 5316 quam
1619 5243 1790 5316 respectiris,
1809 5258 1873 5301 curn
1890 5251 1967 5300 tamen
1980 5249 2003 5290 a·
