4278 6242
385 419 445 483 l68
766 459 769 464 Α
1086 434 1249 483 tronum.

342 559 394 616 cite
413 567 505 617 actum
525 575 573 632 per
593 560 663 617 illam
678 566 855 633 praeceptum
870 560 976 628 lacere,
994 559 1034 616 rel
1049 557 1142 632 prohi—
1178 559 1303 632 gravior,
1318 575 1402 635 quam
1416 560 1535 618 bumana
1550 561 1669 618 conditio
1684 563 1815 636 patietur,
1831 563 1872 620 rel
1892 579 1981 638 quam

342 650 428 706 bitum
444 651 583 723 omittere,
597 666 663 724 ergo
678 666 731 707 non
745 657 850 708 tautum
861 658 953 707 cessat
964 649 1091 724 obligatio
1105 647 1142 704 le·
1177 650 1247 707 ratio
1262 653 1415 708 eommunis
1430 651 1492 708 boni
1508 652 1641 723 postulet,
1660 658 1690 707 rt
1704 669 1738 710 ex
1752 653 1833 710 dictis
1848 670 1932 726 supra
1949 655 1979 708 in

341 741 381 812 gis
400 740 425 795 io
447 740 622 811 particulari,
642 756 692 798 nee
714 741 803 798 solum
823 740 905 798 babet
924 741 1016 796 locum
1031 735 1140 810 epiilria,
1177 742 1318 797 communi
1337 741 1370 798 de
1391 741 1450 814 lege
1470 741 1645 798 manifestum
1663 748 1714 798 est.
1732 743 1803 815 Ergo
1817 759 1870 800 nou
1886 742 1980 799 solum

341 827 450 901 quoodo
465 828 610 886 observare
626 829 713 902 legem
726 837 800 888 esset
810 831 945 904 iniquum,
957 827 1005 886 sed
1017 829 1141 901 aliquan·
1176 838 1307 900 peccaret
1327 830 1370 887 lex
1391 830 1595 904 praecipiendo,
1617 831 1691 903 quod
1712 847 1765 888 oon
1781 831 1877 904 debet,
1892 830 1920 888 id
1935 837 1981 888 est

341 917 387 989 do,
403 932 435 974 ac
450 933 531 990 saepo
544 918 621 975 illum
636 918 754 991 habebit,
770 919 876 977 etiamsi
891 920 1016 994 iniquum
1031 935 1084 974 non
1100 918 1139 992 ut,
1176 919 1312 992 iniquum,
1328 921 1471 978 sedetiam
1487 920 1691 992 praecipiendo,
1708 921 1829 994 quando,
1845 922 1889 978 vel
1909 937 1982 994 quo·

341 1006 430 1064 solum
445 1008 508 1080 quia
522 1016 565 1066 est
577 1009 658 1065 nimis
673 1025 755 1082 grave
766 1009 947 1068 autdillicile.
961 1011 1138 1082 Consequen-
1175 1009 1255 1067 modo
1271 1027 1325 1068 oon
1344 1009 1436 1084 debet,
1452 1011 1536 1068 idest
1550 1010 1695 1085 obligando
1709 1027 1775 1069 cum
1790 1011 1884 1068 maiori
1900 1013 1977 1084 rigo·

340 1099 377 1154 tia
397 1097 471 1154 clara
492 1104 549 1169 est,
572 1101 636 1172 quia
654 1099 675 1154 si
690 1099 787 1172 epiikis
803 1101 891 1158 solum
906 1099 1019 1157 baberet
1034 1098 1138 1171 locum,
1174 1113 1220 1172 re,
1243 1114 1325 1171 quam
1347 1117 1395 1172 per
1416 1101 1461 1157 sit.
1483 1101 1639 1173 Utrumque
1659 1115 1725 1174 ergo
1746 1108 1892 1174 peecatum
1908 1101 1979 1174 legis

341 1187 452 1262 quando
473 1204 582 1246 serrare
597 1189 683 1262 legem
698 1199 772 1246 esset
785 1191 926 1262 iniquum,
943 1191 1053 1264 quoties
1067 1190 1140 1246 licita
1175 1188 1302 1246 emendat
1314 1189 1423 1264 epiilria,
1438 1197 1466 1247 et
1479 1191 1507 1246 in
1523 1197 1643 1262 utroque
1656 1190 1738 1247 babet
1749 1190 1841 1246 locum
1857 1188 1978 1247 delinitio

339 1285 413 1336 esset
427 1277 534 1350 epiilria,
547 1286 619 1335 asset
632 1280 713 1336 etiam
724 1280 775 1336 sub
788 1279 964 1354 obligatione,
977 1282 1042 1354 quio
1052 1282 1139 1336 vitare
1174 1279 1326 1336 Aristotelis
1341 1287 1369 1338 et
1382 1279 1528 1337 discursus
1542 1280 1612 1352 eius,
1628 1285 1656 1337 et
1668 1279 1765 1336 eodem
1780 1279 1861 1336 modo
1875 1286 1919 1336 est
1937 1280 1979 1335 in·

263 1380 267 1384 ·
340 1366 385 1438 id,
408 1366 511 1441 quod'
505 1383 629 1440 rmquum
643 1375 711 1436 est
706 1384 824 1439 semper
843 1369 917 1428 cadrt
931 1370 983 1427 sub
998 1369 1139 1442 obligatio
1166 1367 1380 1458 telligendusd.
1397 1370 1525 1428 Thomas.
1542 1371 1609 1426 Nom
1624 1370 1733 1427 intentio
1745 1369 1908 1442 legislatoris
1923 1385 1978 1424 non

322 1469 418 1529 'nem,
440 1473 505 1531 ergo
530 1474 545 1514 e
566 1459 723 1530 contrario,
744 1461 767 1514 si
787 1459 890 1534 absque
909 1459 955 1516 tali
975 1459 1139 1532 obligatione
1166 1439 1263 1514 solr'rm
1278 1466 1321 1516 est
1337 1467 1412 1516 rectu
1427 1460 1596 1532 praecipere,
1612 1459 1753 1516 sedetiam
1769 1467 1855 1532 recte,
1870 1457 1978 1515 etidoo

339 1553 430 1619 potest
451 1546 586 1605 interdum
606 1548 836 1606 nouserrarilex
844 1556 958 1622 potest
971 1549 1050 1606 etrum
1065 1549 1139 1606 lrcrta
1174 1548 1220 1622 qui
1243 1547 1371 1606 observat
1392 1549 1479 1622 legem
1500 1556 1629 1623 tanquam
1644 1549 1779 1605 obnoxius
1794 1547 1846 1614 rllr
1864 1547 1976 1621 quando

340 1652 401 1694 esse
415 1636 523 1710 epiilria,
540 1639 641 1694 etiarn
635 1655 662 1695 ro
677 1654 757 1710 casu,
773 1639 798 1695 in
812 1655 867 1712 quo
882 1640 938 1696 aine
949 1645 1064 1712 peccato
1076 1654 1139 1712 pos·
1173 1655 1222 1711 per
1242 1639 1314 1697 illam
1335 1655 1389 1695 non
1410 1637 1545 1711 obligatur
1566 1644 1679 1710 propter
1696 1644 1890 1696 occurrentem
1910 1653 1980 1693 cau·

341 1735 383 1784 set
398 1729 440 1784 lex
455 1727 606 1785 observari.
622 1728 794 1785 Antecedens
809 1736 901 1786 autem
913 1729 1086 1786 menifestum
1097 1734 1139 1785 est
1174 1745 1232 1786 sem
1251 1735 1447 1796 excusantem,
1468 1729 1502 1784 ab
1524 1728 1671 1784 intentione
1689 1726 1853 1800 legislatoris
1872 1726 1979 1783 discre-

339 1834 372 1875 ex
393 1833 478 1890 supra
500 1816 580 1875 dictis
600 1817 632 1876 de
651 1818 814 1892 obligatione
834 1819 901 1892 legis
921 1819 1056 1876 humanae
1071 1834 1137 1875 oum
1175 1826 1232 1891 pat,
1249 1820 1354 1878 etiamsi
1369 1824 1461 1890 aetus,
1474 1833 1557 1891 quem
1568 1817 1643 1889 lacit,
1656 1817 1743 1874 maius
1754 1833 1808 1874 non
1819 1817 1863 1873 sit.
1876 1815 1916 1872 nd
1933 1831 1979 1872 ra-

339 1907 461 1984 perioulo
476 1907 559 1980 vitae,
571 1907 614 1965 rel
627 1907 678 1964 olio
690 1923 789 1980 magno
800 1909 987 1980 incommodop
1000 1925 1063 1967 nam
1076 1907 1137 1966 inde
1173 1911 1273 1966 tionem
1295 1915 1405 1980 aulem,
1425 1907 1500 1982 quod
1518 1906 1615 1979 epiilria
1632 1914 1676 1964 est
1693 1922 1757 1979 pars
1779 1905 1916 1978 iustitiae,
1932 1920 1978 1961 re-

339 2003 465 2064 constat,
490 2004 604 2069 propter
619 1995 757 2054 vitandum
773 2015 902 2072 maguum
917 2015 1064 2072 gravamen
1079 1998 1139 2055 lici·
1172 1999 1308 2072 spondeo,
1324 2001 1405 2056 etiam
1421 1998 1463 2054 bic
1478 1999 1643 2056 intervenire
1658 1997 1789 2054 rationem
1804 1997 1925 2052 iustitiae
1939 2012 1975 2052 ca

339 2094 399 2144 tum
418 2102 478 2144 asse
497 2103 551 2143 uon
573 2102 683 2144 serrare
702 2087 806 2162 legem,
821 2091 946 2162 quemvis
962 2091 983 2146 si
999 2090 1078 2146 relim
1092 2105 1138 2147 ce·
1173 2097 1248 2161 parte
1263 2090 1424 2164 legislatoris
1439 2106 1492 2146 non
1505 2089 1642 2164 obligandi
1654 2091 1681 2144 in
1696 2088 1744 2146 toli
1754 2104 1822 2146 casu
1833 2103 1882 2160 per
1896 2103 1977 2144 suam

339 2177 404 2234 dere
415 2179 468 2234 iuri
479 2191 550 2248 meo,
562 2179 665 2250 possim
676 2177 766 2235 lacere
778 2186 872 2236 actum
883 2184 1061 2251 praeceptum
1072 2193 1137 2236 cum
1172 2179 1270 2252 legem,
1286 2181 1392 2238 etiamsi
1406 2179 1504 2252 exequi
1518 2178 1589 2236 illam
1606 2178 1707 2236 malum
1721 2194 1775 2234 non
1789 2179 1834 2250 sit,
1855 2177 1977 2251 ideoque

340 2266 384 2323 illo
398 2269 571 2340 gravamine;
587 2283 653 2340 ergo
668 2269 809 2325 excusatio
823 2284 878 2325 non
893 2283 1001 2342 semper
1015 2276 1059 2327 est
1073 2284 1138 2326 oum
1172 2270 1195 2326 si
1210 2269 1243 2326 ad
1259 2270 1348 2341 ipsum
1364 2267 1549 2342 legislatorem
1560 2269 1637 2325 lieret
1647 2255 1782 2324 recursus
1794 2269 1821 2323 in
1833 2267 1880 2324 tali
1891 2282 1972 2338 casu,

339 2357 501 2430 obligatione
514 2373 567 2414 uon
579 2356 695 2415 lucieudi
707 2363 800 2416 actum
813 2367 1002 2432 praeceptum,
1020 2375 1070 2416 nec
1083 2360 1136 2416 ori·
1172 2357 1284 2416 deberet
1299 2357 1452 2416 secundum
1468 2358 1595 2415 iustitiam
1610 2358 1792 2428 interpretari,
1806 2357 1894 2430 legem
1906 2362 1975 2412 tunc

340 2455 386 2505 tur
400 2461 508 2518 semper
519 2461 551 2503 ex
562 2447 702 2519 iniquitate
714 2448 863 2521 actus,sed
874 2465 907 2505 ex
918 2448 971 2506 alio
983 2451 1053 2520 iure,
1063 2447 1138 2522 quod
1173 2463 1226 2505 non
1247 2447 1377 2521 obligare.
1400 2447 1477 2506 Unde
1490 2462 1523 2503 ex
1537 2447 1613 2519 parte
1629 2447 1730 2504 subditi
1745 2447 1808 2502 setis
1822 2453 1880 2518 est,
1900 2445 1978 2520 quod

340 2537 420 2594 bomo
441 2537 536 2606 babet,
561 2542 591 2593 ut
612 2553 665 2593 oon
686 2543 740 2595 tam
761 2539 911 2612 serviliter,
932 2544 963 2596 ut
981 2540 1020 2595 sio
1035 2538 1136 2611 dicam,
1172 2539 1259 2612 possit
1278 2541 1367 2609 iuste,
1388 2545 1415 2595 et
1435 2553 1487 2595 non
1506 2536 1670 2593 declinando
1692 2535 1903 2606 orectitudine,
1922 2549 1980 2591 non
2130 2541 2131 2614 l

338 2626 482 2700 obligetur.
505 2626 605 2684 lieiude
623 2627 651 2683 tit
671 2644 716 2685 res
730 2627 806 2685 clara
819 2628 963 2700 exemplis:
980 2644 1043 2685 nam
1056 2631 1139 2686 inter·
1174 2642 1284 2685 sorrme
1305 2627 1392 2702 legem
1414 2627 1441 2683 in
1456 2625 1501 2684 tali
1516 2642 1594 2696 cusu,
1611 2628 1632 2682 si
1649 2625 1732 2697 velit,
1748 2625 1853 2682 etiamsi
1868 2623 1901 2680 od
1919 2623 1975 2681 boc
2130 2619 2131 2630 ’

338 2716 404 2774 dum
419 2723 508 2788 potest
523 2716 617 2802 bomo,
631 2719 679 2790 qui
694 2733 742 2789 per
753 2734 782 2775 se
794 2719 932 2791 obligatur
943 2717 977 2776 ad
988 2719 1138 2776 consessio·
1173 2733 1226 2775 nou
1238 2705 1399 2791 'obligeturq
1421 2733 1484 2773 nam
1499 2716 1532 2774 ad
1548 2715 1601 2772 boc
1616 2718 1697 2774 etiam
1712 2714 1839 2788 specialis
1852 2713 1975 2786 pruden-

339 2824 400 2866 nem
420 2809 551 2880 integram
574 2815 769 2879 peccatorum,
789 2808 917 2865 excusari
932 2825 947 2866 a
968 2810 1137 2868 consessione
1173 2810 1210 2866 tie
1229 2809 1383 2865 necessaria
1405 2814 1456 2864 est.
1473 2807 1553 2864 Sicut
1566 2807 1592 2862 iu
1607 2807 1719 2864 materia
1734 2806 1861 2878 iustitiae,
1876 2820 1911 2861 ex
1928 2820 1974 2861 ae·

338 2897 472 2966 alicuius,
487 2897 551 2969 quia
568 2912 620 2952 uon
637 2903 728 2969 polest
742 2897 806 2954 iilud
822 2898 926 2970 aperire
938 2900 994 2955 sine
1006 2899 1080 2972 gravi
1092 2915 1138 2971 pe·
1172 2897 1278 2971 quitate
1298 2894 1445 2970 aliquando
1464 2894 1637 2969 iudicamus,
1658 2897 1775 2969 aliquem
1790 2910 1843 2950 non
1860 2893 1977 2966 obligari

339 2985 427 3044 riculo
447 2985 589 3058 infamiae,
612 2992 639 3042 et
660 2986 834 3046 nibilominus
854 2991 956 3060 poterit
968 2990 1091 3046 confiteri
1105 2990 1138 3046 il·
1173 2988 1206 3045 ad
1221 2987 1437 3059 restituendum,
1453 2986 1576 3043 cadendo
1592 3002 1607 3043 a
1621 2992 1694 3043 statu
1709 3001 1772 3057 suo,
1785 2985 1848 3041 licet
1858 2985 1880 3040 si
1892 2983 1920 3040 id
1936 2983 1977 3040 la-

305 3117 308 3130 .
340 3075 388 3134 lud
406 3076 496 3146 licite,
518 3075 540 3131 si
558 3091 610 3132 sua
628 3086 723 3149 sponte
737 3076 800 3132 velit
819 3092 849 3134 se
862 3091 998 3149 exponere
1013 3079 1136 3151 periculo
1172 3077 1235 3146 ciat,
1251 3079 1361 3149 peccati
1376 3078 1453 3150 argui
1469 3093 1523 3132 non
1538 3078 1634 3148 possit.
1651 3074 1692 3133 Ad
1707 3075 1832 3131 ultimam
1847 3089 1914 3131 rero
1931 3089 1977 3130 se·

339 3166 413 3223 illius
428 3164 562 3237 infamiae,
578 3165 631 3222 boe
645 3167 716 3222 enim
729 3165 835 3223 nullum
843 3175 993 3239 peccmum
1004 3176 1056 3226 est.
1069 3169 1138 3226 ltem
1173 3167 1283 3240 quolam
1301 3165 1335 3224 de
1349 3166 1528 3223 lornicstione
1542 3173 1659 3239 negatur
1674 3164 1769 3235 illatio,
1785 3167 1917 3238 quianon
1935 3163 1977 3221 di-

337 3255 482 3313 damnatus
496 3253 529 3312 ad
544 3255 643 3312 iustem
655 3261 771 3313 mortem
786 3255 878 3328 lamis
891 3273 945 3314 non
957 3264 1064 3315 tenetur
1076 3259 1137 3316 abs·
1171 3257 1261 3313 cimus
1281 3256 1314 3312 ad
1334 3255 1460 3328 epiikiam
1476 3255 1621 3328 sufficere
1637 3261 1668 3313 ut
1683 3257 1752 3312 rstio
1765 3253 1833 3327 legis
1849 3254 1976 3328 negative

338 3343 545 3417 tiuareacibo,
561 3360 583 3400 sr
597 3359 705 3416 copiam
720 3345 793 3401 rllrus
810 3344 930 3418 babeat
946 3354 975 3404 et
988 3355 1078 3406 temen
1089 3365 1136 3420 po
1173 3353 1276 3420 cesset,
1289 3363 1315 3402 m
1327 3362 1382 3420 quo
1394 3345 1476 3404 rllatro
1488 3345 1532 3403 rlla
1544 3345 1687 3418 tundatur,
1701 3343 1747 3402 sed
1759 3343 1876 3402 drormus
1892 3359 1976 3416 posse

338 3442 391 3492 test
409 3436 597 3506 sinepecoato
612 3434 764 3505 abstinere,
779 3435 894 3492 sirelit·
888 3451 976 3510 ,ergo
991 3437 1060 3494 idem
1075 3453 1136 3496 osae
1172 3450 1282 3493 cessare
1303 3436 1455 3505 contrarie,
1477 3435 1582 3492 etiamsi
1603 3434 1776 3492 observantia
1797 3434 1864 3508 legis
1889 3447 1976 3506 prora

337 3531 427 3597 pptest
441 3541 467 3580 rn
481 3525 626 3597 praesenti
635 3526 692 3582 Ut
686 3542 711 3581 m
731 3532 805 3583 statu
818 3525 1063 3585 Caribusranorum
1076 3528 1137 3585 abs
1172 3540 1227 3581 nou
1246 3525 1308 3596 liat,
1324 3509 1347 3580 si
1364 3539 1442 3582 nrmrs
1456 3523 1632 3581 intolerabilis
1652 3524 1711 3596 fiat3
1727 3537 1791 3579 nem
1805 3528 1872 3580 tuno
1888 3523 1975 3580 etiarn

335 3613 436 3672 tinendi
457 3630 473 3671 o
491 3614 636 3684 carnibus,
663 3616 769 3672 etiamsi
788 3621 862 3673 esset
880 3618 988 3688 propria
1001 3615 1044 3674 lea
1070 3617 1138 3674 obli·
1171 3619 1216 3670 est
1234 3615 1332 3671 contra
1350 3612 1514 3687 legislatoris
1533 3613 1723 3686 intentionem,
1742 3619 1771 3670 et
1783 3612 1838 3670 boc
1852 3618 1896 3669 est
1911 3627 1975 3669 ces·

337 3721 405 3780 gens
425 3703 458 3762 de
479 3721 508 3762 se
528 3706 554 3761 in
568 3705 755 3778 couscientia,
771 3710 864 3778 posset
879 3706 938 3763 sine
953 3713 1067 3778 peccato
1082 3722 1137 3763 uon
1171 3719 1233 3760 sare
1248 3704 1395 3761 contrarie.

337 3795 441 3852 servari
461 3800 575 3868 propter
599 3795 753 3867 periculum
778 3795 888 3868 mortis3
909 3802 937 3852 et
958 3796 1135 3854 nibilominus
1211 3794 1367 3862 &Constat
1383 3791 1612 3867 ergo,'epiilriam
1631 3809 1685 3850 non
1705 3792 1795 3850 solum
1814 3791 1916 3849 babere
1932 3790 1974 3850 lo·

336 3883 585 3958 probabilissimum
604 3891 655 3956 est,
668 3901 748 3956 posse
760 3884 841 3942 etiam
853 3887 968 3958 serrari,
983 3886 1005 3942 si
1017 3887 1079 3958 quis
1091 3900 1137 3943 ve·
1171 3901 1256 3957 cum,
1278 3882 1468 3966 quando-alias
1483 3883 1525 3942 lex
1540 3884 1566 3940 in
1580 3883 1627 3940 tali
1642 3899 1708 3941 casu
1723 3882 1895 3956 praeciperet
1913 3897 1975 3940 rem

337 3974 368 4031 iit
383 3990 480 4032 secum
494 3973 538 4030 ilio
552 3977 644 4048 rigore
659 3976 707 4031 uti.
724 3977 760 4032 Et
773 3974 799 4030 in
814 3975 918 4032 ieiuniis
933 3975 1047 4048 aliisquo
1062 3975 1135 4034 ordi·
1172 3975 1308 4048 iniquam,
1331 3975 1481 4032 sedetiam
1499 3973 1610 4048 quondo
1629 3974 1800 4046 praeciperet
1818 3987 1877 4029 rem
1894 3986 1974 4030 acer·

337 4065 420 4122 uariis
437 4063 649 4138 obligationibus
660 4065 803 4122 Ecclesiae
819 4077 899 4137 saepe
914 4064 1037 4123 estlicits
1049 4082 1136 4123 eacu-
1171 4065 1233 4121 bam
1252 4071 1281 4122 et
1300 4064 1378 4121 nimis
1391 4063 1545 4136 difficilem
1561 4065 1587 4118 in
1610 4067 1727 4135 utroque
1740 4063 1812 4118 enim
1825 4077 1894 4118 casu
1910 4077 1976 4133 pee-

338 4157 409 4212 satio
425 4161 537 4229 propter
551 4153 758 4228 aegritudinem,
774 4153 815 4212 rel
830 4155 943 4212 similem
958 4171 1089 4226 oausom3
1106 4163 1135 4214 et
1170 4162 1246 4212 earet
1257 4155 1311 4224 lerr,
1325 4152 1514 4226 praecipiendo
1527 4152 1636 4224 iniuste
1650 4152 1690 4209 rel
1702 4154 1767 4225 quio
1778 4151 1880 4208 malum
1893 4167 1975 4223 prae·

337 4244 514 4302 nibilominus
533 4245 555 4300 si
574 4245 636 4317 quis
655 4251 748 4301 actum
768 4250 945 4317 pracceptum
964 4243 1066 4316 leciat,
1082 4261 1137 4302 non
1171 4246 1286 4317 ciperet,
1301 4243 1344 4301 rel
1358 4241 1621 4317 quinimmoderats,
1631 4249 1661 4314 pt
1673 4241 1745 4299 ultra
1757 4246 1921 4314 potestatem
1936 4240 1976 4298 le·

340 4334 464 4392 obstante
483 4335 674 4408 excusatione,
695 4349 749 4390 non
764 4333 853 4392 solum
868 4350 922 4390 non
937 4334 1074 4407 peccabit,
1089 4349 1135 4392 re·
1171 4335 1319 4408 gislatoris.
1340 4332 1418 4391 Addo
1440 4349 1505 4390 raro
1526 4333 1659 4406 ulterius,
1680 4331 1780 4388 bebere
1798 4331 1892 4389 locoru
1906 4332 1975 4404 epii·

338 4441 402 4482 rum
417 4441 497 4498 saepe
510 4425 592 4482 etiarn
606 4441 676 4497 opus
690 4425 940 4498 supererogationis
955 4423 1047 4483 laciet.
1170 4424 1242 4482 iriam
1259 4426 1286 4482 in
1300 4440 1380 4498 casu,
1396 4423 1422 4480 in
1436 4440 1493 4497 quo
1508 4438 1562 4481 non
1575 4421 1683 4479 deesset
1694 4427 1815 4494 potestas
1827 4423 1852 4477 in
1865 4419 1975 4492 legista·

379 4516 405 4572 i.
419 4515 590 4588 Quapropter
601 4513 665 4570 mibi
677 4522 783 4572 certum
794 4513 916 4587 ridetur,
929 4512 962 4570 ad
970 4514 1099 4572 virtutem
1107 4522 1136 4572 et
1171 4522 1231 4573 tore
1252 4514 1286 4572 ad
1308 4512 1499 4587 obligandum,
1522 4511 1570 4571 sed
1589 4528 1623 4570 ex
1637 4511 1851 4570 circumstantiis
1866 4510 1973 4569 iudica-

339 4604 511 4678 prudentiom
522 4605 668 4678 pertinere,
676 4620 732 4661 non
743 4605 833 4662 solum
844 4603 1011 4675 discernere,
1026 4604 1135 4678 quando
1172 4613 1230 4680 tur,
1246 4621 1300 4662 non
1314 4605 1399 4662 luisse
1413 4604 1483 4662 bano
1499 4611 1617 4662 mentem
1630 4604 1699 4660 eius.
1715 4603 1783 4671 Quia
1794 4619 1849 4660 non
1861 4617 1971 4675 semper

338 4695 491 4753 observatio
506 4696 644 4767 praecepti
658 4692 749 4768 quood
764 4694 847 4751 rerba
863 4694 985 4766 malost,
998 4694 1135 4754 sedetiam
1171 4696 1312 4770 praelatus
1327 4695 1386 4753 ruit
1403 4695 1543 4767 obligare
1538 4709 1602 4751 oum
1622 4699 1680 4750 toto
1695 4693 1801 4766 rigore,
1816 4699 1844 4748 et
1859 4693 1884 4748 in
1899 4692 1974 4748 omui

339 4785 471 4857 iudicare,
484 4783 593 4858 quondo
605 4800 659 4840 non
670 4757 787 4857 obliget,
789 4784 894 4841 etiamsi
905 4784 1009 4858 absquo
1020 4791 1136 4856 peceato
1170 4794 1290 4860 eventu,
1306 4787 1333 4842 in
1347 4800 1403 4858 quo
1416 4791 1511 4857 posset
1528 4783 1658 4856 obligare.
1674 4784 1750 4842 Utv.
1768 4799 1795 4856 g.
1811 4798 1867 4840 non
1880 4782 1972 4840 solum

339 4874 371 4930 ad
383 4875 502 4933 litteram
515 4875 617 4931 serrari
629 4874 723 4946 possit.
731 4872 837 4932 Unde
816 4889 901 4946 srqurs
910 4871 1019 4946 drxerrt
1028 4879 1138 4930 utrum·
1171 4881 1300 4934 censetur
1313 4875 1375 4949 quis
1394 4873 1521 4931 excusari
1542 4890 1558 4930 a
1577 4879 1724 4945 praecepto
1744 4873 1836 4929 ieiunii
1845 4871 1970 4944 propter

338 4980 391 5036 que
413 4970 538 5038 spectare
559 4963 592 5020 ud
613 4964 753 5021 materiam
767 4970 796 5020 et
810 4979 912 5020 munus
926 4962 1054 5036 epiiiiae,
1070 4963 1136 5020 nibil
1171 4964 1368 5038 aegritudinem
1389 4979 1516 5038 gravem,
1538 4967 1567 5020 in
1587 4979 1642 5038 qua
1662 4978 1717 5019 non
1736 4969 1828 5036 posset
1847 4963 1972 5033 superior

227 5065 231 5074 ’
337 5052 452 5111 tortasse
472 5069 488 5109 a
507 5045 596 5126 scopo
610 5052 754 5110 aberrabit.
769 5056 825 5112 lieo
846 5060 942 5111 contra
963 5053 1016 5110 boc
1036 5060 1137 5127 urgent
1172 5054 1310 5127 obligare,
1331 5053 1380 5110 sed
1401 5055 1481 5110 etiarn
1503 5060 1619 5125 propter
1638 5053 1772 5110 minorem
1792 5051 1970 5123 debilitatem,

337 5143 457 5200 rationes
475 5143 606 5216 Caietani3
626 5157 719 5200 omnes
732 5143 801 5200 enim
815 5142 893 5200 iacile
908 5141 1072 5216 solvuntur,
1088 5142 1135 5201 ed·
1172 5160 1227 5219 qua
1249 5159 1302 5201 non
1323 5144 1463 5212 obstante,
1484 5145 1620 5215 potuisset
1633 5142 1757 5200 Ecclesia
1771 5141 1906 5218 obligare,
1922 5142 1971 5203 sed

338 5231 483 5304 vertendo,
504 5247 559 5290 oon
574 5231 661 5289 solum
675 5247 736 5290 esse
751 5232 868 5290 alienum
884 5250 899 5290 a
913 5233 1040 5306 prudenti
1056 5232 1136 5306 legis·
1170 5233 1345 5292 nibilominus
1367 5233 1489 5291 creditur
1510 5248 1544 5290 ex
1563 5231 1728 5307 benignitste
1747 5232 1884 5302 noluisse3
1901 5247 1973 5306 quae

337 5318 421 5381 latore
442 5321 534 5398 iniquo
553 5321 730 5396 praecipere,
752 5321 798 5382 sed
817 5323 900 5382 etiam
918 5320 1082 5399 inhumana,
1107 5328 1136 5382 et
1171 5323 1286 5383 intentio
1309 5321 1470 5400 legislatoris
1490 5321 1580 5398 colligi
1602 5328 1694 5397 potest
1712 5336 1747 5381 ea
1766 5321 1825 5379 otiis
1851 5323 1972 5382 circum·
