<?xml version="1.0" encoding="UTF-8"?>
<!DOCTYPE html PUBLIC "-//W3C//DTD XHTML 1.0 Transitional//EN"
    "http://www.w3.org/TR/xhtml1/DTD/xhtml1-transitional.dtd">
<html xmlns="http://www.w3.org/1999/xhtml" xml:lang="en" lang="en">
 <head>
  <title>
</title>
<meta http-equiv="Content-Type" content="text/html;charset=utf-8" />
  <meta name='ocr-system' content='tesseract 3.04.00' />
  <meta name='ocr-capabilities' content='ocr_page ocr_carea ocr_par ocr_line ocrx_word'/>
</head>
<body>
  <div class='ocr_page' id='page_1' title='image "./tractatusdelegi00sugoog_0164.png"; bbox 0 0 4278 6242; ppageno 0'>
   <div class='ocr_carea' id='block_1_1' title="bbox 630 761 1314 889">
    <p class='ocr_par' dir='ltr' id='par_1_1' title="bbox 630 761 1314 889">
     <span class='ocr_line' id='line_1_1' title="bbox 630 761 1314 889; baseline 0.01 -7"><span class='ocrx_word' id='word_1_1' title='bbox 630 761 918 883; x_wconf 88' lang='lat' dir='ltr'><strong>LIBER</strong></span> <span class='ocrx_word' id='word_1_2' title='bbox 962 761 1314 889; x_wconf 87' lang='lat' dir='ltr'>SEXTUS</span> 
     </span>
    </p>
   </div>
   <div class='ocr_carea' id='block_1_2' title="bbox 204 1389 1711 1484">
    <p class='ocr_par' dir='ltr' id='par_1_2' title="bbox 204 1389 1711 1484">
     <span class='ocr_line' id='line_1_2' title="bbox 204 1389 1711 1484; baseline 0.008 -14"><span class='ocrx_word' id='word_1_3' title='bbox 204 1390 257 1470; x_wconf 81' lang='lat' dir='ltr'><strong>bu</strong></span> <span class='ocrx_word' id='word_1_4' title='bbox 286 1389 667 1476; x_wconf 73' lang='lat' dir='ltr'><strong>unbauranamma</strong></span> <span class='ocrx_word' id='word_1_5' title='bbox 692 1393 932 1476; x_wconf 82' lang='lat' dir='ltr'><strong>uussllluila</strong></span> <span class='ocrx_word' id='word_1_6' title='bbox 960 1395 1013 1477; x_wconf 82' lang='lat' dir='ltr'><strong>bl</strong></span> <span class='ocrx_word' id='word_1_7' title='bbox 1043 1397 1276 1482; x_wconf 77' lang='lat' dir='ltr'><strong>MUTATIONE</strong></span> <span class='ocrx_word' id='word_1_8' title='bbox 1301 1397 1552 1484; x_wconf 80' lang='lat' dir='ltr'><strong>llbblllttuu</strong></span> <span class='ocrx_word' id='word_1_9' title='bbox 1577 1398 1711 1482; x_wconf 77' lang='lat' dir='ltr'><strong>tibull</strong></span> 
     </span>
    </p>
   </div>
   <div class='ocr_carea' id='block_1_3' title="bbox 137 2331 1786 3490">
    <p class='ocr_par' dir='ltr' id='par_1_3' title="bbox 137 2331 1786 3490">
     <span class='ocr_line' id='line_1_3' title="bbox 180 2331 1785 2408; baseline 0.001 -14"><span class='ocrx_word' id='word_1_10' title='bbox 180 2336 308 2395; x_wconf 79' lang='lat' dir='ltr'><strong>Diximus</strong></span> <span class='ocrx_word' id='word_1_11' title='bbox 327 2340 356 2394; x_wconf 93' lang='lat' dir='ltr'><strong>in</strong></span> <span class='ocrx_word' id='word_1_12' title='bbox 375 2335 464 2393; x_wconf 91' lang='lat' dir='ltr'><strong>tribus</strong></span> <span class='ocrx_word' id='word_1_13' title='bbox 486 2335 563 2392; x_wconf 87' lang='lat' dir='ltr'><strong>libris</strong></span> <span class='ocrx_word' id='word_1_14' title='bbox 582 2336 706 2407; x_wconf 84' lang='lat' dir='ltr'><strong>proxime</strong></span> <span class='ocrx_word' id='word_1_15' title='bbox 719 2333 947 2407; x_wconf 78' lang='lat' dir='ltr'><strong>praecedentibus</strong></span> <span class='ocrx_word' id='word_1_16' title='bbox 983 2331 1017 2388; x_wconf 89' lang='lat' dir='ltr'><strong>ad</strong></span> <span class='ocrx_word' id='word_1_17' title='bbox 1036 2333 1232 2406; x_wconf 86' lang='lat' dir='ltr'><strong>mutationem,</strong></span> <span class='ocrx_word' id='word_1_18' title='bbox 1253 2333 1287 2390; x_wconf 89' lang='lat' dir='ltr'><strong>de</strong></span> <span class='ocrx_word' id='word_1_19' title='bbox 1300 2349 1356 2407; x_wconf 88' lang='lat' dir='ltr'><strong>qun</strong></span> <span class='ocrx_word' id='word_1_20' title='bbox 1370 2341 1541 2408; x_wconf 86' lang='lat' dir='ltr'><strong>tractamus,</strong></span> <span class='ocrx_word' id='word_1_21' title='bbox 1555 2342 1583 2394; x_wconf 90' lang='lat' dir='ltr'><strong>ot</strong></span> <span class='ocrx_word' id='word_1_22' title='bbox 1596 2337 1657 2395; x_wconf 90' lang='lat' dir='ltr'><strong>ideo</strong></span> <span class='ocrx_word' id='word_1_23' title='bbox 1673 2338 1736 2396; x_wconf 86' lang='lat' dir='ltr'>nihil</span> <span class='ocrx_word' id='word_1_24' title='bbox 1751 2341 1785 2398; x_wconf 92' lang='lat' dir='ltr'><strong>de</strong></span> 
     </span>
     <span class='ocr_line' id='line_1_4' title="bbox 140 2422 1784 2501; baseline -0.002 -16"><span class='ocrx_word' id='word_1_25' title='bbox 140 2428 173 2485; x_wconf 88' lang='lat' dir='ltr'><strong>de</strong></span> <span class='ocrx_word' id='word_1_26' title='bbox 187 2428 414 2501; x_wconf 86' lang='lat' dir='ltr'><strong>omnibus,quae</strong></span> <span class='ocrx_word' id='word_1_27' title='bbox 429 2433 554 2500; x_wconf 78' lang='lat' dir='ltr'><strong>spectent</strong></span> <span class='ocrx_word' id='word_1_28' title='bbox 565 2427 597 2484; x_wconf 91' lang='lat' dir='ltr'><strong>ad</strong></span> <span class='ocrx_word' id='word_1_29' title='bbox 611 2428 742 2484; x_wconf 88' lang='lat' dir='ltr'><strong>rationem</strong></span> <span class='ocrx_word' id='word_1_30' title='bbox 753 2426 946 2485; x_wconf 89' lang='lat' dir='ltr'><strong>etelilcaciam</strong></span> <span class='ocrx_word' id='word_1_31' title='bbox 983 2422 1136 2494; x_wconf 86' lang='lat' dir='ltr'><strong>mutatione</strong></span> <span class='ocrx_word' id='word_1_32' title='bbox 1156 2423 1203 2478; x_wconf 89' lang='lat' dir='ltr'><strong>illa</strong></span> <span class='ocrx_word' id='word_1_33' title='bbox 1224 2423 1303 2480; x_wconf 90' lang='lat' dir='ltr'><strong>nobis</strong></span> <span class='ocrx_word' id='word_1_34' title='bbox 1324 2423 1472 2482; x_wconf 87' lang='lat' dir='ltr'><strong>dicendum</strong></span> <span class='ocrx_word' id='word_1_35' title='bbox 1494 2434 1632 2498; x_wconf 76' lang='lat' dir='ltr'><strong>superest.</strong></span> <span class='ocrx_word' id='word_1_36' title='bbox 1648 2427 1674 2483; x_wconf 89' lang='lat' dir='ltr'><strong>Si</strong></span> <span class='ocrx_word' id='word_1_37' title='bbox 1690 2435 1784 2486; x_wconf 86' lang='lat' dir='ltr'><strong>autem</strong></span> 
     </span>
     <span class='ocr_line' id='line_1_5' title="bbox 140 2508 1784 2591; baseline 0.001 -17"><span class='ocrx_word' id='word_1_38' title='bbox 140 2518 205 2591; x_wconf 88' lang='lat' dir='ltr'><strong>legis</strong></span> <span class='ocrx_word' id='word_1_39' title='bbox 228 2527 286 2575; x_wconf 89' lang='lat' dir='ltr'><strong>tam</strong></span> <span class='ocrx_word' id='word_1_40' title='bbox 309 2516 416 2588; x_wconf 85' lang='lat' dir='ltr'><strong>civilis,</strong></span> <span class='ocrx_word' id='word_1_41' title='bbox 438 2533 522 2590; x_wconf 90' lang='lat' dir='ltr'><strong>quam</strong></span> <span class='ocrx_word' id='word_1_42' title='bbox 537 2518 704 2587; x_wconf 88' lang='lat' dir='ltr'><strong>canonicae,</strong></span> <span class='ocrx_word' id='word_1_43' title='bbox 719 2523 748 2572; x_wconf 90' lang='lat' dir='ltr'><strong>et</strong></span> <span class='ocrx_word' id='word_1_44' title='bbox 762 2515 795 2572; x_wconf 90' lang='lat' dir='ltr'><strong>ad</strong></span> <span class='ocrx_word' id='word_1_45' title='bbox 811 2515 945 2589; x_wconf 87' lang='lat' dir='ltr'><strong>quasdam</strong></span> <span class='ocrx_word' id='word_1_46' title='bbox 981 2508 1024 2568; x_wconf 83' lang='lat' dir='ltr'><strong>lar</strong></span> <span class='ocrx_word' id='word_1_47' title='bbox 1045 2526 1116 2568; x_wconf 85' lang='lat' dir='ltr'><strong>nora</strong></span> <span class='ocrx_word' id='word_1_48' title='bbox 1138 2512 1342 2585; x_wconf 76' lang='lat' dir='ltr'>antiquioribus</span> <span class='ocrx_word' id='word_1_49' title='bbox 1362 2513 1493 2587; x_wconf 90' lang='lat' dir='ltr'><strong>deroget,</strong></span> <span class='ocrx_word' id='word_1_50' title='bbox 1514 2519 1567 2571; x_wconf 89' lang='lat' dir='ltr'><strong>iarn</strong></span> <span class='ocrx_word' id='word_1_51' title='bbox 1586 2533 1639 2572; x_wconf 92' lang='lat' dir='ltr'><strong>noa</strong></span> <span class='ocrx_word' id='word_1_52' title='bbox 1657 2522 1699 2574; x_wconf 88' lang='lat' dir='ltr'><strong>est</strong></span> <span class='ocrx_word' id='word_1_53' title='bbox 1713 2534 1784 2590; x_wconf 90' lang='lat' dir='ltr'><strong>pura</strong></span> 
     </span>
     <span class='ocr_line' id='line_1_6' title="bbox 139 2599 1784 2681; baseline 0.002 -19"><span class='ocrx_word' id='word_1_54' title='bbox 139 2623 237 2664; x_wconf 88' lang='lat' dir='ltr'><strong>earum</strong></span> <span class='ocrx_word' id='word_1_55' title='bbox 259 2607 402 2680; x_wconf 78' lang='lat' dir='ltr'><strong>generales</strong></span> <span class='ocrx_word' id='word_1_56' title='bbox 421 2608 544 2678; x_wconf 88' lang='lat' dir='ltr'><strong>species,</strong></span> <span class='ocrx_word' id='word_1_57' title='bbox 564 2622 636 2680; x_wconf 90' lang='lat' dir='ltr'><strong>quae</strong></span> <span class='ocrx_word' id='word_1_58' title='bbox 657 2621 752 2664; x_wconf 87' lang='lat' dir='ltr'><strong>omnes</strong></span> <span class='ocrx_word' id='word_1_59' title='bbox 767 2607 944 2663; x_wconf 79' lang='lat' dir='ltr'><strong>mutationem</strong></span> <span class='ocrx_word' id='word_1_60' title='bbox 982 2599 1156 2681; x_wconf 78' lang='lat' dir='ltr'><strong>additio,sed</strong></span> <span class='ocrx_word' id='word_1_61' title='bbox 1171 2603 1381 2676; x_wconf 87' lang='lat' dir='ltr'><strong>mutatio,quae</strong></span> <span class='ocrx_word' id='word_1_62' title='bbox 1396 2606 1448 2661; x_wconf 91' lang='lat' dir='ltr'><strong>sub</strong></span> <span class='ocrx_word' id='word_1_63' title='bbox 1465 2605 1642 2677; x_wconf 78' lang='lat' dir='ltr'><strong>abrogatione</strong></span> <span class='ocrx_word' id='word_1_64' title='bbox 1657 2621 1784 2680; x_wconf 88' lang='lat' dir='ltr'><strong>compre·</strong></span> 
     </span>
     <span class='ocr_line' id='line_1_7' title="bbox 139 2689 1786 2771; baseline 0.004 -19"><span class='ocrx_word' id='word_1_65' title='bbox 139 2698 305 2766; x_wconf 73' lang='lat' dir='ltr'><strong>admittunt,</strong></span> <span class='ocrx_word' id='word_1_66' title='bbox 325 2705 355 2754; x_wconf 92' lang='lat' dir='ltr'><strong>et</strong></span> <span class='ocrx_word' id='word_1_67' title='bbox 374 2696 435 2752; x_wconf 90' lang='lat' dir='ltr'><strong>ideo</strong></span> <span class='ocrx_word' id='word_1_68' title='bbox 450 2699 614 2771; x_wconf 89' lang='lat' dir='ltr'><strong>priusquam</strong></span> <span class='ocrx_word' id='word_1_69' title='bbox 627 2695 661 2754; x_wconf 91' lang='lat' dir='ltr'><strong>de</strong></span> <span class='ocrx_word' id='word_1_70' title='bbox 680 2696 739 2752; x_wconf 87' lang='lat' dir='ltr'><strong>iura</strong></span> <span class='ocrx_word' id='word_1_71' title='bbox 754 2695 875 2752; x_wconf 87' lang='lat' dir='ltr'><strong>bumano</strong></span> <span class='ocrx_word' id='word_1_72' title='bbox 889 2712 943 2752; x_wconf 92' lang='lat' dir='ltr'><strong>non</strong></span> <span class='ocrx_word' id='word_1_73' title='bbox 980 2689 1124 2763; x_wconf 74' lang='lat' dir='ltr'><strong>bannitur,</strong></span> <span class='ocrx_word' id='word_1_74' title='bbox 1147 2699 1176 2748; x_wconf 89' lang='lat' dir='ltr'><strong>et</strong></span> <span class='ocrx_word' id='word_1_75' title='bbox 1194 2693 1230 2748; x_wconf 89' lang='lat' dir='ltr'><strong>ita</strong></span> <span class='ocrx_word' id='word_1_76' title='bbox 1244 2702 1366 2766; x_wconf 80' lang='lat' dir='ltr'><strong>quatuor</strong></span> <span class='ocrx_word' id='word_1_77' title='bbox 1380 2694 1427 2751; x_wconf 91' lang='lat' dir='ltr'><strong>illa</strong></span> <span class='ocrx_word' id='word_1_78' title='bbox 1443 2695 1565 2752; x_wconf 91' lang='lat' dir='ltr'><strong>mambra</strong></span> <span class='ocrx_word' id='word_1_79' title='bbox 1579 2697 1733 2756; x_wconf 83' lang='lat' dir='ltr'><strong>sufficiunt.</strong></span> <span class='ocrx_word' id='word_1_80' title='bbox 1749 2701 1786 2760; x_wconf 84' lang='lat' dir='ltr'><strong>Et</strong></span> 
     </span>
     <span class='ocr_line' id='line_1_8' title="bbox 138 2779 1784 2864; baseline 0.004 -22"><span class='ocrx_word' id='word_1_81' title='bbox 138 2788 260 2858; x_wconf 88' lang='lat' dir='ltr'><strong>scripto,</strong></span> <span class='ocrx_word' id='word_1_82' title='bbox 277 2786 318 2842; x_wconf 87' lang='lat' dir='ltr'><strong>rel</strong></span> <span class='ocrx_word' id='word_1_83' title='bbox 333 2785 367 2842; x_wconf 94' lang='lat' dir='ltr'><strong>de</strong></span> <span class='ocrx_word' id='word_1_84' title='bbox 382 2787 488 2857; x_wconf 81' lang='lat' dir='ltr'><strong>privato</strong></span> <span class='ocrx_word' id='word_1_85' title='bbox 503 2786 639 2857; x_wconf 88' lang='lat' dir='ltr'><strong>dicamus,</strong></span> <span class='ocrx_word' id='word_1_86' title='bbox 656 2785 689 2842; x_wconf 92' lang='lat' dir='ltr'><strong>de</strong></span> <span class='ocrx_word' id='word_1_87' title='bbox 704 2787 857 2844; x_wconf 87' lang='lat' dir='ltr'><strong>mutatione</strong></span> <span class='ocrx_word' id='word_1_88' title='bbox 872 2786 938 2858; x_wconf 86' lang='lat' dir='ltr'><strong>legis</strong></span> <span class='ocrx_word' id='word_1_89' title='bbox 978 2779 1058 2864; x_wconf 44' lang='lat' dir='ltr'><strong>quod·</strong></span> <span class='ocrx_word' id='word_1_90' title='bbox 1078 2779 1113 2837; x_wconf 91' lang='lat' dir='ltr'><strong>ad</strong></span> <span class='ocrx_word' id='word_1_91' title='bbox 1139 2784 1258 2854; x_wconf 89' lang='lat' dir='ltr'><strong>primum</strong></span> <span class='ocrx_word' id='word_1_92' title='bbox 1284 2790 1405 2856; x_wconf 82' lang='lat' dir='ltr'><strong>spectat,</strong></span> <span class='ocrx_word' id='word_1_93' title='bbox 1427 2784 1493 2842; x_wconf 89' lang='lat' dir='ltr'><strong>licet</strong></span> <span class='ocrx_word' id='word_1_94' title='bbox 1512 2785 1571 2844; x_wconf 89' lang='lat' dir='ltr'><strong>sola</strong></span> <span class='ocrx_word' id='word_1_95' title='bbox 1585 2787 1784 2864; x_wconf 86' lang='lat' dir='ltr'><strong>interpretatio,</strong></span> 
     </span>
     <span class='ocr_line' id='line_1_9' title="bbox 139 2870 1784 2949; baseline -0.001 -17"><span class='ocrx_word' id='word_1_96' title='bbox 139 2877 280 2934; x_wconf 86' lang='lat' dir='ltr'><strong>humanae</strong></span> <span class='ocrx_word' id='word_1_97' title='bbox 301 2877 420 2948; x_wconf 87' lang='lat' dir='ltr'><strong>scriptae</strong></span> <span class='ocrx_word' id='word_1_98' title='bbox 440 2875 589 2933; x_wconf 87' lang='lat' dir='ltr'><strong>dicendum</strong></span> <span class='ocrx_word' id='word_1_99' title='bbox 603 2883 663 2946; x_wconf 79' lang='lat' dir='ltr'><strong>est,</strong></span> <span class='ocrx_word' id='word_1_100' title='bbox 679 2875 816 2949; x_wconf 86' lang='lat' dir='ltr'><strong>simulque</strong></span> <span class='ocrx_word' id='word_1_101' title='bbox 831 2876 942 2932; x_wconf 89' lang='lat' dir='ltr'><strong>canoni·</strong></span> <span class='ocrx_word' id='word_1_102' title='bbox 978 2884 1027 2940; x_wconf 81' lang='lat' dir='ltr'><strong>per</strong></span> <span class='ocrx_word' id='word_1_103' title='bbox 1048 2885 1133 2941; x_wconf 83' lang='lat' dir='ltr'><strong>quam</strong></span> <span class='ocrx_word' id='word_1_104' title='bbox 1156 2870 1197 2927; x_wconf 82' lang='lat' dir='ltr'><strong>lex</strong></span> <span class='ocrx_word' id='word_1_105' title='bbox 1220 2871 1381 2930; x_wconf 83' lang='lat' dir='ltr'><strong>declaratur</strong></span> <span class='ocrx_word' id='word_1_106' title='bbox 1394 2876 1420 2942; x_wconf 85' lang='lat' dir='ltr'><strong>ip</strong></span> <span class='ocrx_word' id='word_1_107' title='bbox 1437 2875 1549 2946; x_wconf 88' lang='lat' dir='ltr'><strong>speciali</strong></span> <span class='ocrx_word' id='word_1_108' title='bbox 1565 2891 1633 2933; x_wconf 89' lang='lat' dir='ltr'><strong>casu</strong></span> <span class='ocrx_word' id='word_1_109' title='bbox 1648 2894 1702 2934; x_wconf 88' lang='lat' dir='ltr'><strong>uon</strong></span> <span class='ocrx_word' id='word_1_110' title='bbox 1716 2880 1784 2936; x_wconf 85' lang='lat' dir='ltr'><strong>obli-</strong></span> 
     </span>
     <span class='ocr_line' id='line_1_10' title="bbox 138 2959 1783 3039; baseline 0.001 -15"><span class='ocrx_word' id='word_1_111' title='bbox 138 2983 200 3024; x_wconf 85' lang='lat' dir='ltr'><strong>nam</strong></span> <span class='ocrx_word' id='word_1_112' title='bbox 213 2975 248 3024; x_wconf 89' lang='lat' dir='ltr'><strong>et</strong></span> <span class='ocrx_word' id='word_1_113' title='bbox 261 2968 372 3024; x_wconf 85' lang='lat' dir='ltr'><strong>civilem</strong></span> <span class='ocrx_word' id='word_1_114' title='bbox 386 2965 663 3038; x_wconf 87' lang='lat' dir='ltr'><strong>comprehendemus,</strong></span> <span class='ocrx_word' id='word_1_115' title='bbox 679 2967 807 3039; x_wconf 85' lang='lat' dir='ltr'><strong>quoniam</strong></span> <span class='ocrx_word' id='word_1_116' title='bbox 822 2971 940 3038; x_wconf 89' lang='lat' dir='ltr'><strong>utraque</strong></span> <span class='ocrx_word' id='word_1_117' title='bbox 978 2973 1044 3030; x_wconf 72' lang='lat' dir='ltr'><strong>gare</strong></span> <span class='ocrx_word' id='word_1_118' title='bbox 1058 2974 1107 3030; x_wconf 83' lang='lat' dir='ltr'><strong>per</strong></span> <span class='ocrx_word' id='word_1_119' title='bbox 1122 2959 1261 3031; x_wconf 83' lang='lat' dir='ltr'><strong>epiiliam,</strong></span> <span class='ocrx_word' id='word_1_120' title='bbox 1271 2961 1305 3017; x_wconf 90' lang='lat' dir='ltr'><strong>ad</strong></span> <span class='ocrx_word' id='word_1_121' title='bbox 1321 2963 1388 3036; x_wconf 88' lang='lat' dir='ltr'><strong>legis</strong></span> <span class='ocrx_word' id='word_1_122' title='bbox 1403 2965 1579 3021; x_wconf 87' lang='lat' dir='ltr'><strong>mutationem</strong></span> <span class='ocrx_word' id='word_1_123' title='bbox 1595 2968 1729 3038; x_wconf 88' lang='lat' dir='ltr'><strong>pertinere</strong></span> <span class='ocrx_word' id='word_1_124' title='bbox 1743 2970 1783 3026; x_wconf 85' lang='lat' dir='ltr'><strong>vi-</strong></span> 
     </span>
     <span class='ocr_line' id='line_1_11' title="bbox 139 3046 1785 3132; baseline 0.009 -31"><span class='ocrx_word' id='word_1_125' title='bbox 139 3058 325 3114; x_wconf 58' lang='lat' dir='ltr'><strong>mumjongm</strong></span> <span class='ocrx_word' id='word_1_126' title='bbox 345 3057 481 3128; x_wconf 63' lang='lat' dir='ltr'><strong>admittit,</strong></span> <span class='ocrx_word' id='word_1_127' title='bbox 501 3064 530 3113; x_wconf 73' lang='lat' dir='ltr'><strong>ep</strong></span> <span class='ocrx_word' id='word_1_128' title='bbox 548 3056 676 3114; x_wconf 60' lang='lat' dir='ltr'><strong>momina</strong></span> <span class='ocrx_word' id='word_1_129' title='bbox 689 3055 779 3130; x_wconf 69' lang='lat' dir='ltr'><strong>quoad</strong></span> <span class='ocrx_word' id='word_1_130' title='bbox 796 3055 865 3112; x_wconf 69' lang='lat' dir='ltr'><strong>panc</strong></span> <span class='ocrx_word' id='word_1_131' title='bbox 880 3071 943 3126; x_wconf 67' lang='lat' dir='ltr'><strong>par.</strong></span> <span class='ocrx_word' id='word_1_132' title='bbox 978 3046 1088 3120; x_wconf 70' lang='lat' dir='ltr'><strong>dentur,</strong></span> <span class='ocrx_word' id='word_1_133' title='bbox 1120 3047 1313 3123; x_wconf 84' lang='lat' dir='ltr'><strong>nibilominus,</strong></span> <span class='ocrx_word' id='word_1_134' title='bbox 1336 3058 1367 3110; x_wconf 91' lang='lat' dir='ltr'><strong>ut</strong></span> <span class='ocrx_word' id='word_1_135' title='bbox 1386 3053 1433 3109; x_wconf 90' lang='lat' dir='ltr'><strong>illa</strong></span> <span class='ocrx_word' id='word_1_136' title='bbox 1447 3053 1545 3111; x_wconf 88' lang='lat' dir='ltr'><strong>melius</strong></span> <span class='ocrx_word' id='word_1_137' title='bbox 1560 3056 1740 3132; x_wconf 86' lang='lat' dir='ltr'><strong>intelligatur,</strong></span> <span class='ocrx_word' id='word_1_138' title='bbox 1756 3064 1785 3116; x_wconf 89' lang='lat' dir='ltr'><strong>et</strong></span> 
     </span>
     <span class='ocr_line' id='line_1_12' title="bbox 138 3140 1782 3220; baseline 0.011 -18"><span class='ocrx_word' id='word_1_139' title='bbox 138 3153 190 3204; x_wconf 89' lang='lat' dir='ltr'><strong>tem</strong></span> <span class='ocrx_word' id='word_1_140' title='bbox 212 3148 374 3204; x_wconf 87' lang='lat' dir='ltr'><strong>cummunis</strong></span> <span class='ocrx_word' id='word_1_141' title='bbox 388 3153 430 3204; x_wconf 89' lang='lat' dir='ltr'><strong>est</strong></span> <span class='ocrx_word' id='word_1_142' title='bbox 443 3163 476 3204; x_wconf 91' lang='lat' dir='ltr'><strong>ac</strong></span> <span class='ocrx_word' id='word_1_143' title='bbox 491 3146 549 3204; x_wconf 88' lang='lat' dir='ltr'><strong>lere</strong></span> <span class='ocrx_word' id='word_1_144' title='bbox 565 3146 941 3220; x_wconf 75' lang='lat' dir='ltr'><strong>uniformiautstiuguendao</strong></span> <span class='ocrx_word' id='word_1_145' title='bbox 979 3143 1091 3208; x_wconf 63' lang='lat' dir='ltr'><strong>l&gt;i⁰lller</strong></span> <span class='ocrx_word' id='word_1_146' title='bbox 1118 3140 1252 3196; x_wconf 57' lang='lat' dir='ltr'><strong>militm</strong></span> <span class='ocrx_word' id='word_1_147' title='bbox 1282 3142 1515 3214; x_wconf 69' lang='lat' dir='ltr'><strong>0⁰¹¹¹li¹0ffl0¹¹²l¹ffl</strong></span> <span class='ocrx_word' id='word_1_148' title='bbox 1535 3160 1634 3218; x_wconf 63' lang='lat' dir='ltr'><strong>⁰llei⁸⁰</strong></span> <span class='ocrx_word' id='word_1_149' title='bbox 1662 3147 1782 3219; x_wconf 59' lang='lat' dir='ltr'><strong>plilium</strong></span> 
     </span>
     <span class='ocr_line' id='line_1_13' title="bbox 137 3225 1781 3310; baseline 0.001 -16"><span class='ocrx_word' id='word_1_150' title='bbox 137 3247 230 3295; x_wconf 87' lang='lat' dir='ltr'><strong>autem</strong></span> <span class='ocrx_word' id='word_1_151' title='bbox 246 3245 314 3294; x_wconf 81' lang='lat' dir='ltr'><strong>sirnt</strong></span> <span class='ocrx_word' id='word_1_152' title='bbox 327 3238 419 3294; x_wconf 86' lang='lat' dir='ltr'><strong>variae</strong></span> <span class='ocrx_word' id='word_1_153' title='bbox 433 3238 690 3309; x_wconf 88' lang='lat' dir='ltr'><strong>mutationes,qnae</strong></span> <span class='ocrx_word' id='word_1_154' title='bbox 705 3237 732 3291; x_wconf 93' lang='lat' dir='ltr'><strong>in</strong></span> <span class='ocrx_word' id='word_1_155' title='bbox 748 3235 866 3293; x_wconf 90' lang='lat' dir='ltr'><strong>bumana</strong></span> <span class='ocrx_word' id='word_1_156' title='bbox 881 3236 942 3309; x_wconf 88' lang='lat' dir='ltr'><strong>lega</strong></span> <span class='ocrx_word' id='word_1_157' title='bbox 976 3225 1031 3283; x_wconf 65' lang='lat' dir='ltr'><strong>0¹¹st</strong></span> <span class='ocrx_word' id='word_1_158' title='bbox 1052 3225 1159 3300; x_wconf 58' lang='lat' dir='ltr'><strong>&amp;liquid</strong></span> <span class='ocrx_word' id='word_1_159' title='bbox 1179 3228 1213 3285; x_wconf 67' lang='lat' dir='ltr'><strong>de</strong></span> <span class='ocrx_word' id='word_1_160' title='bbox 1234 3230 1459 3302; x_wconf 67' lang='lat' dir='ltr'><strong>lilibitllbltliona</strong></span> <span class='ocrx_word' id='word_1_161' title='bbox 1479 3236 1661 3294; x_wconf 78' lang='lat' dir='ltr'><strong>humanatum</strong></span> <span class='ocrx_word' id='word_1_162' title='bbox 1688 3235 1781 3310; x_wconf 88' lang='lat' dir='ltr'><strong>legum</strong></span> 
     </span>
     <span class='ocr_line' id='line_1_14' title="bbox 138 3317 1352 3400; baseline 0.006 -16"><span class='ocrx_word' id='word_1_163' title='bbox 138 3329 193 3384; x_wconf 85' lang='lat' dir='ltr'><strong>fieri</strong></span> <span class='ocrx_word' id='word_1_164' title='bbox 209 3333 346 3400; x_wconf 82' lang='lat' dir='ltr'><strong>possunt3</strong></span> <span class='ocrx_word' id='word_1_165' title='bbox 362 3333 451 3398; x_wconf 92' lang='lat' dir='ltr'><strong>potest</strong></span> <span class='ocrx_word' id='word_1_166' title='bbox 465 3329 538 3383; x_wconf 90' lang='lat' dir='ltr'><strong>enim</strong></span> <span class='ocrx_word' id='word_1_167' title='bbox 550 3327 649 3384; x_wconf 88' lang='lat' dir='ltr'><strong>mutari</strong></span> <span class='ocrx_word' id='word_1_168' title='bbox 662 3325 803 3383; x_wconf 89' lang='lat' dir='ltr'><strong>interdum</strong></span> <span class='ocrx_word' id='word_1_169' title='bbox 816 3328 895 3399; x_wconf 85' lang='lat' dir='ltr'><strong>quasi</strong></span> <span class='ocrx_word' id='word_1_170' title='bbox 907 3327 941 3384; x_wconf 93' lang='lat' dir='ltr'><strong>ab</strong></span> <span class='ocrx_word' id='word_1_171' title='bbox 977 3317 1142 3387; x_wconf 63' lang='lat'><strong>80001121510‘</strong></span> <span class='ocrx_word' id='word_1_172' title='bbox 1163 3319 1352 3391; x_wconf 61' lang='lat' dir='ltr'><strong>lillifflstleiss·</strong></span> 
     </span>
     <span class='ocr_line' id='line_1_15' title="bbox 138 3415 941 3490; baseline 0 -18"><span class='ocrx_word' id='word_1_173' title='bbox 138 3419 290 3474; x_wconf 86' lang='lat' dir='ltr'><strong>intrinseco</strong></span> <span class='ocrx_word' id='word_1_174' title='bbox 311 3422 338 3473; x_wconf 88' lang='lat' dir='ltr'><strong>at</strong></span> <span class='ocrx_word' id='word_1_175' title='bbox 357 3415 390 3472; x_wconf 92' lang='lat' dir='ltr'><strong>de</strong></span> <span class='ocrx_word' id='word_1_176' title='bbox 411 3431 457 3487; x_wconf 88' lang='lat' dir='ltr'><strong>sa,</strong></span> <span class='ocrx_word' id='word_1_177' title='bbox 479 3415 626 3490; x_wconf 88' lang='lat' dir='ltr'><strong>aliquando</strong></span> <span class='ocrx_word' id='word_1_178' title='bbox 646 3430 714 3472; x_wconf 85' lang='lat' dir='ltr'><strong>rero</strong></span> <span class='ocrx_word' id='word_1_179' title='bbox 738 3415 771 3472; x_wconf 91' lang='lat' dir='ltr'><strong>ab</strong></span> <span class='ocrx_word' id='word_1_180' title='bbox 784 3417 941 3472; x_wconf 83' lang='lat' dir='ltr'><strong>extrinseco</strong></span> 
     </span>
    </p>
   </div>
   <div class='ocr_carea' id='block_1_4' title="bbox 137 3503 943 3849">
    <p class='ocr_par' dir='ltr' id='par_1_4' title="bbox 137 3503 943 3849">
     <span class='ocr_line' id='line_1_16' title="bbox 137 3503 941 3581; baseline -0.001 -19"><span class='ocrx_word' id='word_1_181' title='bbox 137 3517 255 3581; x_wconf 85' lang='lat' dir='ltr'><strong>agente,</strong></span> <span class='ocrx_word' id='word_1_182' title='bbox 276 3512 307 3562; x_wconf 88' lang='lat' dir='ltr'><strong>et</strong></span> <span class='ocrx_word' id='word_1_183' title='bbox 325 3511 444 3578; x_wconf 83' lang='lat' dir='ltr'><strong>utraque</strong></span> <span class='ocrx_word' id='word_1_184' title='bbox 464 3505 580 3563; x_wconf 89' lang='lat' dir='ltr'><strong>mutatio</strong></span> <span class='ocrx_word' id='word_1_185' title='bbox 601 3503 726 3562; x_wconf 86' lang='lat' dir='ltr'><strong>accidere</strong></span> <span class='ocrx_word' id='word_1_186' title='bbox 746 3511 838 3576; x_wconf 89' lang='lat' dir='ltr'><strong>potest</strong></span> <span class='ocrx_word' id='word_1_187' title='bbox 858 3505 899 3562; x_wconf 83' lang='lat' dir='ltr'><strong>vel</strong></span> <span class='ocrx_word' id='word_1_188' title='bbox 914 3507 941 3561; x_wconf 89' lang='lat' dir='ltr'><strong>in</strong></span> 
     </span>
     <span class='ocr_line' id='line_1_17' title="bbox 137 3595 943 3670; baseline 0.001 -18"><span class='ocrx_word' id='word_1_189' title='bbox 137 3605 212 3667; x_wconf 89' lang='lat' dir='ltr'><strong>parte</strong></span> <span class='ocrx_word' id='word_1_190' title='bbox 235 3597 345 3667; x_wconf 85' lang='lat' dir='ltr'><strong>solum,</strong></span> <span class='ocrx_word' id='word_1_191' title='bbox 367 3595 409 3650; x_wconf 84' lang='lat' dir='ltr'><strong>rol</strong></span> <span class='ocrx_word' id='word_1_192' title='bbox 427 3597 455 3650; x_wconf 90' lang='lat' dir='ltr'><strong>in</strong></span> <span class='ocrx_word' id='word_1_193' title='bbox 470 3602 527 3651; x_wconf 91' lang='lat' dir='ltr'><strong>tota</strong></span> <span class='ocrx_word' id='word_1_194' title='bbox 540 3595 609 3668; x_wconf 89' lang='lat' dir='ltr'><strong>lege.</strong></span> <span class='ocrx_word' id='word_1_195' title='bbox 632 3596 698 3652; x_wconf 84' lang='lat' dir='ltr'><strong>Dico</strong></span> <span class='ocrx_word' id='word_1_196' title='bbox 717 3601 832 3670; x_wconf 89' lang='lat' dir='ltr'><strong>autem,</strong></span> <span class='ocrx_word' id='word_1_197' title='bbox 856 3597 943 3669; x_wconf 87' lang='lat' dir='ltr'><strong>legem</strong></span> 
     </span>
     <span class='ocr_line' id='line_1_18' title="bbox 137 3685 616 3745; baseline -0.006 0"><span class='ocrx_word' id='word_1_198' title='bbox 137 3688 242 3745; x_wconf 90' lang='lat' dir='ltr'><strong>mutari</strong></span> <span class='ocrx_word' id='word_1_199' title='bbox 261 3701 296 3742; x_wconf 85' lang='lat' dir='ltr'><strong>arn</strong></span> <span class='ocrx_word' id='word_1_200' title='bbox 316 3701 346 3742; x_wconf 83' lang='lat' dir='ltr'><strong>se</strong></span> <span class='ocrx_word' id='word_1_201' title='bbox 366 3692 395 3742; x_wconf 86' lang='lat' dir='ltr'><strong>at</strong></span> <span class='ocrx_word' id='word_1_202' title='bbox 413 3685 446 3742; x_wconf 89' lang='lat' dir='ltr'><strong>ab</strong></span> <span class='ocrx_word' id='word_1_203' title='bbox 465 3685 616 3742; x_wconf 85' lang='lat' dir='ltr'><strong>intrinseco</strong></span> 
     </span>
     <span class='ocr_line' id='line_1_19' title="bbox 138 3775 940 3849; baseline -0.001 -16"><span class='ocrx_word' id='word_1_204' title='bbox 138 3779 270 3834; x_wconf 89' lang='lat' dir='ltr'><strong>materiae</strong></span> <span class='ocrx_word' id='word_1_205' title='bbox 285 3817 292 3846; x_wconf 91' lang='lat'><strong>,</strong></span> <span class='ocrx_word' id='word_1_206' title='bbox 314 3775 357 3832; x_wconf 86' lang='lat' dir='ltr'><strong>rel</strong></span> <span class='ocrx_word' id='word_1_207' title='bbox 378 3775 454 3846; x_wconf 85' lang='lat' dir='ltr'><strong>linis,</strong></span> <span class='ocrx_word' id='word_1_208' title='bbox 469 3781 518 3831; x_wconf 90' lang='lat' dir='ltr'><strong>aut</strong></span> <span class='ocrx_word' id='word_1_209' title='bbox 531 3776 646 3831; x_wconf 89' lang='lat' dir='ltr'><strong>rationis</strong></span> <span class='ocrx_word' id='word_1_210' title='bbox 658 3777 719 3830; x_wconf 87' lang='lat' dir='ltr'><strong>eius</strong></span> <span class='ocrx_word' id='word_1_211' title='bbox 735 3776 864 3849; x_wconf 77' lang='lat' dir='ltr'><strong>obligatio</strong></span> <span class='ocrx_word' id='word_1_212' title='bbox 879 3791 940 3833; x_wconf 88' lang='lat' dir='ltr'><strong>cea-</strong></span> 
     </span>
    </p>
   </div>
   <div class='ocr_carea' id='block_1_5' title="bbox 137 3863 959 3938">
    <p class='ocr_par' dir='ltr' id='par_1_5' title="bbox 137 3863 959 3938">
     <span class='ocr_line' id='line_1_20' title="bbox 137 3863 959 3938; baseline 0 -16"><span class='ocrx_word' id='word_1_213' title='bbox 137 3874 188 3923; x_wconf 86' lang='lat' dir='ltr'><strong>eat.</strong></span> <span class='ocrx_word' id='word_1_214' title='bbox 205 3869 245 3924; x_wconf 88' lang='lat' dir='ltr'><strong>Et</strong></span> <span class='ocrx_word' id='word_1_215' title='bbox 264 3864 374 3938; x_wconf 86' lang='lat' dir='ltr'><strong>quando</strong></span> <span class='ocrx_word' id='word_1_216' title='bbox 395 3863 447 3921; x_wconf 90' lang='lat' dir='ltr'><strong>boc</strong></span> <span class='ocrx_word' id='word_1_217' title='bbox 470 3865 605 3938; x_wconf 87' lang='lat' dir='ltr'><strong>contingit</strong></span> <span class='ocrx_word' id='word_1_218' title='bbox 619 3870 728 3921; x_wconf 89' lang='lat' dir='ltr'><strong>tantum</strong></span> <span class='ocrx_word' id='word_1_219' title='bbox 744 3864 769 3920; x_wconf 91' lang='lat' dir='ltr'><strong>in</strong></span> <span class='ocrx_word' id='word_1_220' title='bbox 784 3871 875 3937; x_wconf 86' lang='lat' dir='ltr'><strong>parte,</strong></span> <span class='ocrx_word' id='word_1_221' title='bbox 891 3881 941 3923; x_wconf 88' lang='lat' dir='ltr'><strong>seu</strong></span> <span class='ocrx_word' id='word_1_222' title='bbox 957 3883 959 3888; x_wconf 93' lang='lat'>·</span> 
     </span>
    </p>
   </div>
   <div class='ocr_carea' id='block_1_6' title="bbox 136 3953 939 4118">
    <p class='ocr_par' dir='ltr' id='par_1_6' title="bbox 136 3953 939 4118">
     <span class='ocr_line' id='line_1_21' title="bbox 137 3953 937 4028; baseline 0.001 -17"><span class='ocrx_word' id='word_1_223' title='bbox 137 3957 161 4012; x_wconf 93' lang='lat' dir='ltr'><strong>in</strong></span> <span class='ocrx_word' id='word_1_224' title='bbox 182 3953 348 4028; x_wconf 81' lang='lat' dir='ltr'><strong>particulari</strong></span> <span class='ocrx_word' id='word_1_225' title='bbox 363 3955 526 4025; x_wconf 79' lang='lat' dir='ltr'><strong>occasione,</strong></span> <span class='ocrx_word' id='word_1_226' title='bbox 541 3954 644 4011; x_wconf 88' lang='lat' dir='ltr'><strong>dicitur</strong></span> <span class='ocrx_word' id='word_1_227' title='bbox 659 3954 726 4027; x_wconf 90' lang='lat' dir='ltr'><strong>legis</strong></span> <span class='ocrx_word' id='word_1_228' title='bbox 740 3955 937 4028; x_wconf 88' lang='lat' dir='ltr'><strong>interpretatio,</strong></span> 
     </span>
     <span class='ocr_line' id='line_1_22' title="bbox 136 4043 939 4118; baseline -0.001 -16"><span class='ocrx_word' id='word_1_229' title='bbox 136 4063 186 4104; x_wconf 87' lang='lat' dir='ltr'><strong>seu</strong></span> <span class='ocrx_word' id='word_1_230' title='bbox 201 4045 349 4118; x_wconf 87' lang='lat' dir='ltr'><strong>aequitas,</strong></span> <span class='ocrx_word' id='word_1_231' title='bbox 369 4043 538 4116; x_wconf 79' lang='lat' dir='ltr'><strong>autapiiltia3</strong></span> <span class='ocrx_word' id='word_1_232' title='bbox 554 4043 663 4116; x_wconf 88' lang='lat' dir='ltr'><strong>quando</strong></span> <span class='ocrx_word' id='word_1_233' title='bbox 679 4058 744 4100; x_wconf 89' lang='lat' dir='ltr'><strong>vero</strong></span> <span class='ocrx_word' id='word_1_234' title='bbox 760 4044 864 4116; x_wconf 89' lang='lat' dir='ltr'><strong>integra</strong></span> <span class='ocrx_word' id='word_1_235' title='bbox 878 4061 939 4101; x_wconf 90' lang='lat' dir='ltr'><strong>mu·</strong></span> 
     </span>
    </p>
   </div>
   <div class='ocr_carea' id='block_1_7' title="bbox 136 4123 1399 4238">
    <p class='ocr_par' dir='ltr' id='par_1_7' title="bbox 136 4123 1399 4238">
     <span class='ocr_line' id='line_1_23' title="bbox 136 4123 1399 4238; baseline -0.004 -45"><span class='ocrx_word' id='word_1_236' title='bbox 136 4137 201 4193; x_wconf 90' lang='lat' dir='ltr'><strong>tatio</strong></span> <span class='ocrx_word' id='word_1_237' title='bbox 216 4133 336 4200; x_wconf 84' lang='lat' dir='ltr'><strong>accidit,</strong></span> <span class='ocrx_word' id='word_1_238' title='bbox 352 4132 469 4190; x_wconf 88' lang='lat' dir='ltr'><strong>cassatio</strong></span> <span class='ocrx_word' id='word_1_239' title='bbox 484 4123 537 4190; x_wconf 89' lang='lat' dir='ltr'><strong>dici</strong></span> <span class='ocrx_word' id='word_1_240' title='bbox 552 4138 661 4204; x_wconf 88' lang='lat' dir='ltr'><strong>potest,</strong></span> <span class='ocrx_word' id='word_1_241' title='bbox 677 4137 705 4189; x_wconf 91' lang='lat' dir='ltr'><strong>et</strong></span> <span class='ocrx_word' id='word_1_242' title='bbox 719 4134 755 4188; x_wconf 90' lang='lat' dir='ltr'><strong>ita</strong></span> <span class='ocrx_word' id='word_1_243' title='bbox 769 4148 784 4188; x_wconf 90' lang='lat' dir='ltr'><strong>a</strong></span> <span class='ocrx_word' id='word_1_244' title='bbox 799 4133 876 4189; x_wconf 91' lang='lat' dir='ltr'><strong>nobis</strong></span> <span class='ocrx_word' id='word_1_245' title='bbox 891 4149 938 4206; x_wconf 91' lang='lat' dir='ltr'><strong>ap·</strong></span> <span class='ocrx_word' id='word_1_246' title='bbox 974 4171 1001 4222; x_wconf 39' lang='lat'><strong>,¹</strong></span> <span class='ocrx_word' id='word_1_247' title='bbox 1014 4173 1117 4238; x_wconf 55' lang='lat' dir='ltr'>Tripm</span> <span class='ocrx_word' id='word_1_248' title='bbox 1131 4173 1313 4238; x_wconf 82' lang='lat' dir='ltr'><strong>interpretatio</strong></span> <span class='ocrx_word' id='word_1_249' title='bbox 1325 4175 1399 4238; x_wconf 83' lang='lat' dir='ltr'><strong>legis.</strong></span> 
     </span>
    </p>
   </div>
   <div class='ocr_carea' id='block_1_8' title="bbox 136 4221 940 5283">
    <p class='ocr_par' dir='ltr' id='par_1_8' title="bbox 136 4221 940 5283">
     <span class='ocr_line' id='line_1_24' title="bbox 136 4221 937 4297; baseline -0.004 -15"><span class='ocrx_word' id='word_1_250' title='bbox 136 4224 266 4297; x_wconf 90' lang='lat' dir='ltr'><strong>pellatur.</strong></span> <span class='ocrx_word' id='word_1_251' title='bbox 282 4223 324 4279; x_wconf 81' lang='lat' dir='ltr'><strong>ab</strong></span> <span class='ocrx_word' id='word_1_252' title='bbox 337 4222 491 4280; x_wconf 85' lang='lat' dir='ltr'><strong>extrinseco</strong></span> <span class='ocrx_word' id='word_1_253' title='bbox 504 4229 599 4278; x_wconf 87' lang='lat' dir='ltr'><strong>autem</strong></span> <span class='ocrx_word' id='word_1_254' title='bbox 614 4229 741 4278; x_wconf 91' lang='lat' dir='ltr'><strong>mutatur</strong></span> <span class='ocrx_word' id='word_1_255' title='bbox 756 4221 810 4286; x_wconf 85' lang='lat' dir='ltr'><strong>len,</strong></span> <span class='ocrx_word' id='word_1_256' title='bbox 826 4223 937 4295; x_wconf 85' lang='lat' dir='ltr'><strong>qnando</strong></span> 
     </span>
     <span class='ocr_line' id='line_1_25' title="bbox 137 4311 940 4386; baseline 0 -15"><span class='ocrx_word' id='word_1_257' title='bbox 137 4331 184 4386; x_wconf 92' lang='lat' dir='ltr'><strong>per</strong></span> <span class='ocrx_word' id='word_1_258' title='bbox 199 4313 370 4370; x_wconf 89' lang='lat' dir='ltr'><strong>contrariam</strong></span> <span class='ocrx_word' id='word_1_259' title='bbox 385 4313 520 4369; x_wconf 88' lang='lat' dir='ltr'><strong>actionem</strong></span> <span class='ocrx_word' id='word_1_260' title='bbox 534 4311 658 4369; x_wconf 90' lang='lat' dir='ltr'><strong>aulertur</strong></span> <span class='ocrx_word' id='word_1_261' title='bbox 673 4312 732 4368; x_wconf 89' lang='lat' dir='ltr'><strong>eius</strong></span> <span class='ocrx_word' id='word_1_262' title='bbox 748 4312 894 4385; x_wconf 88' lang='lat' dir='ltr'><strong>obligatio,</strong></span> <span class='ocrx_word' id='word_1_263' title='bbox 910 4321 940 4371; x_wconf 91' lang='lat' dir='ltr'><strong>et</strong></span> 
     </span>
     <span class='ocr_line' id='line_1_26' title="bbox 137 4400 940 4476; baseline 0.001 -18"><span class='ocrx_word' id='word_1_264' title='bbox 137 4406 157 4458; x_wconf 88' lang='lat' dir='ltr'><strong>si</strong></span> <span class='ocrx_word' id='word_1_265' title='bbox 172 4402 287 4476; x_wconf 87' lang='lat' dir='ltr'><strong>quidem</strong></span> <span class='ocrx_word' id='word_1_266' title='bbox 302 4401 327 4458; x_wconf 89' lang='lat' dir='ltr'><strong>id</strong></span> <span class='ocrx_word' id='word_1_267' title='bbox 342 4402 388 4458; x_wconf 92' lang='lat' dir='ltr'><strong>liat</strong></span> <span class='ocrx_word' id='word_1_268' title='bbox 406 4415 439 4458; x_wconf 83' lang='lat' dir='ltr'><strong>aa</strong></span> <span class='ocrx_word' id='word_1_269' title='bbox 455 4407 543 4473; x_wconf 89' lang='lat' dir='ltr'><strong>parte,</strong></span> <span class='ocrx_word' id='word_1_270' title='bbox 557 4407 673 4458; x_wconf 85' lang='lat' dir='ltr'><strong>vocatur</strong></span> <span class='ocrx_word' id='word_1_271' title='bbox 685 4400 872 4472; x_wconf 87' lang='lat' dir='ltr'><strong>dispensatio,</strong></span> <span class='ocrx_word' id='word_1_272' title='bbox 888 4403 940 4459; x_wconf 85' lang='lat' dir='ltr'><strong>arab</strong></span> 
     </span>
     <span class='ocr_line' id='line_1_27' title="bbox 136 4490 939 4565; baseline 0 -17"><span class='ocrx_word' id='word_1_273' title='bbox 136 4509 189 4565; x_wconf 84' lang='lat' dir='ltr'><strong>qua</strong></span> <span class='ocrx_word' id='word_1_274' title='bbox 210 4492 456 4549; x_wconf 88' lang='lat' dir='ltr'><strong>commutationem</strong></span> <span class='ocrx_word' id='word_1_275' title='bbox 470 4490 688 4563; x_wconf 88' lang='lat' dir='ltr'><strong>comprehendo:</strong></span> <span class='ocrx_word' id='word_1_276' title='bbox 707 4492 730 4544; x_wconf 89' lang='lat' dir='ltr'><strong>si</strong></span> <span class='ocrx_word' id='word_1_277' title='bbox 745 4497 839 4546; x_wconf 88' lang='lat' dir='ltr'><strong>autem</strong></span> <span class='ocrx_word' id='word_1_278' title='bbox 854 4493 899 4548; x_wconf 85' lang='lat' dir='ltr'><strong>dat</strong></span> <span class='ocrx_word' id='word_1_279' title='bbox 914 4493 939 4548; x_wconf 91' lang='lat' dir='ltr'><strong>in</strong></span> 
     </span>
     <span class='ocr_line' id='line_1_28' title="bbox 136 4578 939 4654; baseline -0.002 -15"><span class='ocrx_word' id='word_1_280' title='bbox 136 4589 193 4640; x_wconf 89' lang='lat' dir='ltr'><strong>tota</strong></span> <span class='ocrx_word' id='word_1_281' title='bbox 208 4583 281 4654; x_wconf 88' lang='lat' dir='ltr'><strong>lege,</strong></span> <span class='ocrx_word' id='word_1_282' title='bbox 297 4586 415 4638; x_wconf 84' lang='lat' dir='ltr'><strong>vocatur</strong></span> <span class='ocrx_word' id='word_1_283' title='bbox 429 4581 583 4652; x_wconf 87' lang='lat' dir='ltr'><strong>abrogatio,</strong></span> <span class='ocrx_word' id='word_1_284' title='bbox 596 4594 645 4636; x_wconf 86' lang='lat' dir='ltr'><strong>seu</strong></span> <span class='ocrx_word' id='word_1_285' title='bbox 662 4578 787 4650; x_wconf 86' lang='lat' dir='ltr'><strong>irritatio,</strong></span> <span class='ocrx_word' id='word_1_286' title='bbox 803 4588 852 4638; x_wconf 92' lang='lat' dir='ltr'><strong>aut</strong></span> <span class='ocrx_word' id='word_1_287' title='bbox 865 4580 939 4637; x_wconf 90' lang='lat' dir='ltr'><strong>abla-</strong></span> 
     </span>
     <span class='ocr_line' id='line_1_29' title="bbox 137 4669 939 4744; baseline -0.002 -16"><span class='ocrx_word' id='word_1_288' title='bbox 137 4675 173 4729; x_wconf 92' lang='lat' dir='ltr'><strong>tio</strong></span> <span class='ocrx_word' id='word_1_289' title='bbox 195 4672 277 4744; x_wconf 87' lang='lat' dir='ltr'><strong>legis.</strong></span> <span class='ocrx_word' id='word_1_290' title='bbox 293 4671 334 4728; x_wconf 83' lang='lat' dir='ltr'><strong>Ex</strong></span> <span class='ocrx_word' id='word_1_291' title='bbox 358 4669 458 4742; x_wconf 86' lang='lat' dir='ltr'><strong>qulbus</strong></span> <span class='ocrx_word' id='word_1_292' title='bbox 481 4675 602 4742; x_wconf 88' lang='lat' dir='ltr'><strong>quatuor</strong></span> <span class='ocrx_word' id='word_1_293' title='bbox 625 4670 748 4727; x_wconf 87' lang='lat' dir='ltr'><strong>membra</strong></span> <span class='ocrx_word' id='word_1_294' title='bbox 762 4677 939 4742; x_wconf 88' lang='lat' dir='ltr'><strong>consurgunt</strong></span> 
     </span>
     <span class='ocr_line' id='line_1_30' title="bbox 137 4757 938 4834; baseline 0 -17"><span class='ocrx_word' id='word_1_295' title='bbox 137 4762 293 4834; x_wconf 90' lang='lat' dir='ltr'><strong>singillatim</strong></span> <span class='ocrx_word' id='word_1_296' title='bbox 308 4757 519 4832; x_wconf 86' lang='lat' dir='ltr'><strong>pertractanda,</strong></span> <span class='ocrx_word' id='word_1_297' title='bbox 535 4761 735 4832; x_wconf 86' lang='lat' dir='ltr'><strong>interpretatio,</strong></span> <span class='ocrx_word' id='word_1_298' title='bbox 751 4762 882 4831; x_wconf 85' lang='lat' dir='ltr'><strong>cessatio,</strong></span> <span class='ocrx_word' id='word_1_299' title='bbox 898 4761 938 4817; x_wconf 94' lang='lat' dir='ltr'><strong>di·</strong></span> 
     </span>
     <span class='ocr_line' id='line_1_31' title="bbox 136 4848 939 4923; baseline 0.002 -17"><span class='ocrx_word' id='word_1_300' title='bbox 136 4851 291 4923; x_wconf 83' lang='lat' dir='ltr'><strong>rpensatio,</strong></span> <span class='ocrx_word' id='word_1_301' title='bbox 306 4855 335 4905; x_wconf 90' lang='lat' dir='ltr'><strong>et</strong></span> <span class='ocrx_word' id='word_1_302' title='bbox 347 4849 489 4923; x_wconf 85' lang='lat' dir='ltr'><strong>abrogatis</strong></span> <span class='ocrx_word' id='word_1_303' title='bbox 504 4848 580 4922; x_wconf 88' lang='lat' dir='ltr'><strong>legia.</strong></span> <span class='ocrx_word' id='word_1_304' title='bbox 596 4850 699 4917; x_wconf 83' lang='lat' dir='ltr'><strong>Quibus</strong></span> <span class='ocrx_word' id='word_1_305' title='bbox 714 4849 776 4909; x_wconf 94' lang='lat' dir='ltr'><strong>addi</strong></span> <span class='ocrx_word' id='word_1_306' title='bbox 793 4851 865 4909; x_wconf 89' lang='lat' dir='ltr'><strong>solet</strong></span> <span class='ocrx_word' id='word_1_307' title='bbox 878 4868 939 4908; x_wconf 91' lang='lat' dir='ltr'><strong>mu·</strong></span> 
     </span>
     <span class='ocr_line' id='line_1_32' title="bbox 137 4937 939 5012; baseline 0.002 -16"><span class='ocrx_word' id='word_1_308' title='bbox 137 4941 202 4998; x_wconf 87' lang='lat' dir='ltr'><strong>tatio</strong></span> <span class='ocrx_word' id='word_1_309' title='bbox 217 4941 284 5012; x_wconf 89' lang='lat' dir='ltr'><strong>legis</strong></span> <span class='ocrx_word' id='word_1_310' title='bbox 303 4954 351 5010; x_wconf 91' lang='lat' dir='ltr'><strong>per</strong></span> <span class='ocrx_word' id='word_1_311' title='bbox 373 4937 555 5009; x_wconf 86' lang='lat' dir='ltr'><strong>additionem,</strong></span> <span class='ocrx_word' id='word_1_312' title='bbox 571 4945 603 4995; x_wconf 92' lang='lat' dir='ltr'><strong>ut</strong></span> <span class='ocrx_word' id='word_1_313' title='bbox 615 4945 726 4996; x_wconf 85' lang='lat' dir='ltr'><strong>constat</strong></span> <span class='ocrx_word' id='word_1_314' title='bbox 739 4955 771 4997; x_wconf 83' lang='lat' dir='ltr'><strong>ea</strong></span> <span class='ocrx_word' id='word_1_315' title='bbox 787 4941 816 4998; x_wconf 90' lang='lat' dir='ltr'><strong>d.</strong></span> <span class='ocrx_word' id='word_1_316' title='bbox 833 4941 939 4998; x_wconf 85' lang='lat' dir='ltr'><strong>Tboma</strong></span> 
     </span>
     <span class='ocr_line' id='line_1_33' title="bbox 136 5028 939 5104; baseline -0.001 -15"><span class='ocrx_word' id='word_1_317' title='bbox 136 5047 163 5104; x_wconf 87' lang='lat' dir='ltr'><strong>q.</strong></span> <span class='ocrx_word' id='word_1_318' title='bbox 178 5032 227 5103; x_wconf 82' lang='lat' dir='ltr'><strong>st,</strong></span> <span class='ocrx_word' id='word_1_319' title='bbox 242 5036 294 5086; x_wconf 93' lang='lat' dir='ltr'><strong>art.</strong></span> <span class='ocrx_word' id='word_1_320' title='bbox 314 5033 339 5086; x_wconf 93' lang='lat' dir='ltr'><strong>l.</strong></span> <span class='ocrx_word' id='word_1_321' title='bbox 354 5028 548 5086; x_wconf 81' lang='lat' dir='ltr'><strong>Verumtamen</strong></span> <span class='ocrx_word' id='word_1_322' title='bbox 571 5030 592 5084; x_wconf 91' lang='lat' dir='ltr'><strong>si</strong></span> <span class='ocrx_word' id='word_1_323' title='bbox 612 5029 712 5085; x_wconf 89' lang='lat' dir='ltr'><strong>additio</strong></span> <span class='ocrx_word' id='word_1_324' title='bbox 732 5029 799 5102; x_wconf 88' lang='lat' dir='ltr'><strong>legis</strong></span> <span class='ocrx_word' id='word_1_325' title='bbox 815 5031 862 5089; x_wconf 88' lang='lat' dir='ltr'><strong>liat</strong></span> <span class='ocrx_word' id='word_1_326' title='bbox 880 5032 939 5088; x_wconf 90' lang='lat' dir='ltr'><strong>sine</strong></span> 
     </span>
     <span class='ocr_line' id='line_1_34' title="bbox 136 5116 935 5193; baseline 0.003 -18"><span class='ocrx_word' id='word_1_327' title='bbox 136 5119 315 5176; x_wconf 85' lang='lat' dir='ltr'><strong>diminutione</strong></span> <span class='ocrx_word' id='word_1_328' title='bbox 331 5116 374 5173; x_wconf 86' lang='lat' dir='ltr'><strong>rel</strong></span> <span class='ocrx_word' id='word_1_329' title='bbox 391 5116 566 5188; x_wconf 87' lang='lat' dir='ltr'><strong>abrogatione</strong></span> <span class='ocrx_word' id='word_1_330' title='bbox 578 5117 818 5190; x_wconf 78' lang='lat' dir='ltr'><strong>praeexistantium</strong></span> <span class='ocrx_word' id='word_1_331' title='bbox 831 5120 935 5193; x_wconf 89' lang='lat' dir='ltr'><strong>legum,</strong></span> 
     </span>
     <span class='ocr_line' id='line_1_35' title="bbox 137 5203 938 5283; baseline 0.004 -19"><span class='ocrx_word' id='word_1_332' title='bbox 137 5211 223 5283; x_wconf 86' lang='lat' dir='ltr'><strong>magia</strong></span> <span class='ocrx_word' id='word_1_333' title='bbox 236 5208 359 5282; x_wconf 88' lang='lat' dir='ltr'><strong>pertinet</strong></span> <span class='ocrx_word' id='word_1_334' title='bbox 371 5203 408 5264; x_wconf 89' lang='lat' dir='ltr'><strong>ad</strong></span> <span class='ocrx_word' id='word_1_335' title='bbox 420 5205 654 5264; x_wconf 88' lang='lat' dir='ltr'><strong>introductionem</strong></span> <span class='ocrx_word' id='word_1_336' title='bbox 665 5222 753 5265; x_wconf 84' lang='lat' dir='ltr'><strong>norae</strong></span> <span class='ocrx_word' id='word_1_337' title='bbox 764 5209 938 5282; x_wconf 88' lang='lat' dir='ltr'><strong>legis,quam</strong></span> 
     </span>
    </p>
   </div>
   <div class='ocr_carea' id='block_1_9' title="bbox 1277 3521 1461 3595">
    <p class='ocr_par' dir='ltr' id='par_1_9' title="bbox 1277 3521 1461 3595">
     <span class='ocr_line' id='line_1_36' title="bbox 1277 3521 1461 3595; baseline 0.011 -3"><span class='ocrx_word' id='word_1_338' title='bbox 1277 3521 1420 3595; x_wconf 85' lang='lat' dir='ltr'><strong>CAPUT</strong></span> <span class='ocrx_word' id='word_1_339' title='bbox 1433 3527 1461 3594; x_wconf 90' lang='grc' dir='ltr'><strong>Ι.</strong></span> 
     </span>
    </p>
   </div>
   <div class='ocr_carea' id='block_1_10' title="bbox 630 3684 1780 3798">
    <p class='ocr_par' dir='ltr' id='par_1_10' title="bbox 630 3684 1780 3798">
     <span class='ocr_line' id='line_1_37' title="bbox 630 3684 1780 3798; baseline 0.022 -37"><span class='ocrx_word' id='word_1_340' title='bbox 630 3726 638 3757; x_wconf 76' lang='lat' dir='ltr'><strong>r</strong></span> <span class='ocrx_word' id='word_1_341' title='bbox 654 3684 766 3758; x_wconf 69' lang='lat' dir='ltr'><strong>i¹¹²¹¹¹d⁰</strong></span> <span class='ocrx_word' id='word_1_342' title='bbox 782 3702 816 3742; x_wconf 73' lang='lat'><strong>⁰¹</strong></span> <span class='ocrx_word' id='word_1_343' title='bbox 830 3686 940 3743; x_wconf 61' lang='lat' dir='ltr'><strong>d⁰s⁰⁰t¹¹</strong></span> <span class='ocrx_word' id='word_1_344' title='bbox 979 3715 1025 3772; x_wconf 88' lang='lat' dir='ltr'><strong>De</strong></span> <span class='ocrx_word' id='word_1_345' title='bbox 1043 3717 1160 3772; x_wconf 82' lang='lat' dir='ltr'><strong>ratione</strong></span> <span class='ocrx_word' id='word_1_346' title='bbox 1181 3721 1258 3774; x_wconf 82' lang='lat' dir='ltr'><strong>recta</strong></span> <span class='ocrx_word' id='word_1_347' title='bbox 1275 3719 1491 3794; x_wconf 79' lang='lat' dir='ltr'><strong>interpretandi</strong></span> <span class='ocrx_word' id='word_1_348' title='bbox 1503 3719 1597 3798; x_wconf 77' lang='lat' dir='ltr'><strong>tepent</strong></span> <span class='ocrx_word' id='word_1_349' title='bbox 1610 3724 1780 3786; x_wconf 80' lang='lat' dir='ltr'><strong>itomanam</strong></span> 
     </span>
    </p>
   </div>
   <div class='ocr_carea' id='block_1_11' title="bbox 1122 3805 1619 3882">
    <p class='ocr_par' dir='ltr' id='par_1_11' title="bbox 1122 3805 1619 3882">
     <span class='ocr_line' id='line_1_38' title="bbox 1122 3805 1619 3882; baseline 0.016 -20"><span class='ocrx_word' id='word_1_350' title='bbox 1122 3805 1225 3879; x_wconf 79' lang='lat' dir='ltr'><strong>quoad</strong></span> <span class='ocrx_word' id='word_1_351' title='bbox 1238 3806 1402 3882; x_wconf 78' lang='lat' dir='ltr'><strong>legitimum</strong></span> <span class='ocrx_word' id='word_1_352' title='bbox 1415 3826 1535 3868; x_wconf 83' lang='lat' dir='ltr'><strong>sensum</strong></span> <span class='ocrx_word' id='word_1_353' title='bbox 1548 3816 1619 3870; x_wconf 81' lang='lat' dir='ltr'><strong>eius.</strong></span> 
     </span>
    </p>
   </div>
   <div class='ocr_carea' id='block_1_12' title="bbox 1257 3987 1502 4053">
    <p class='ocr_par' dir='ltr' id='par_1_12' title="bbox 1257 3987 1502 4053">
     <span class='ocr_line' id='line_1_39' title="bbox 1257 3987 1502 4053; baseline 0.012 -4"><span class='ocrx_word' id='word_1_354' title='bbox 1257 3987 1502 4053; x_wconf 69' lang='lat' dir='ltr'><strong>Summamum</strong></span> 
     </span>
    </p>
   </div>
   <div class='ocr_carea' id='block_1_13' title="bbox 1008 4174 1780 5286">
    <p class='ocr_par' dir='ltr' id='par_1_13' title="bbox 1008 4174 1780 5286">
     <span class='ocr_line' id='line_1_40' title="bbox 1406 4174 1779 4245; baseline 0.027 -20"><span class='ocrx_word' id='word_1_355' title='bbox 1406 4201 1442 4212; x_wconf 87' lang='lat'><strong>·-</strong></span> <span class='ocrx_word' id='word_1_356' title='bbox 1450 4174 1476 4226; x_wconf 75' lang='lat'><strong>2.</strong></span> <span class='ocrx_word' id='word_1_357' title='bbox 1488 4175 1547 4227; x_wconf 87' lang='lat' dir='ltr'><strong>llari</strong></span> <span class='ocrx_word' id='word_1_358' title='bbox 1560 4185 1633 4230; x_wconf 91' lang='lat' dir='ltr'><strong>certo</strong></span> <span class='ocrx_word' id='word_1_359' title='bbox 1641 4187 1726 4245; x_wconf 82' lang='lat' dir='ltr'><strong>potest</strong></span> <span class='ocrx_word' id='word_1_360' title='bbox 1740 4185 1779 4235; x_wconf 92' lang='lat' dir='ltr'><strong>in·</strong></span> 
     </span>
     <span class='ocr_line' id='line_1_41' title="bbox 1011 4244 1780 4309; baseline 0.016 -16"><span class='ocrx_word' id='word_1_361' title='bbox 1011 4245 1175 4308; x_wconf 89' lang='lat' dir='ltr'><strong>terpretatio,</strong></span> <span class='ocrx_word' id='word_1_362' title='bbox 1183 4257 1249 4307; x_wconf 85' lang='lat' dir='ltr'><strong>quae</strong></span> <span class='ocrx_word' id='word_1_363' title='bbox 1261 4247 1442 4296; x_wconf 85' lang='lat' dir='ltr'><strong>auctoritatem</strong></span> <span class='ocrx_word' id='word_1_364' title='bbox 1456 4244 1521 4309; x_wconf 86' lang='lat' dir='ltr'><strong>legis</strong></span> <span class='ocrx_word' id='word_1_365' title='bbox 1532 4245 1703 4302; x_wconf 76' lang='lat' dir='ltr'><strong>babeat—3.</strong></span> <span class='ocrx_word' id='word_1_366' title='bbox 1713 4253 1780 4306; x_wconf 87' lang='lat' dir='ltr'><strong>llaec</strong></span> 
     </span>
     <span class='ocr_line' id='line_1_42' title="bbox 1013 4314 1777 4378; baseline 0.017 -16"><span class='ocrx_word' id='word_1_367' title='bbox 1013 4314 1194 4378; x_wconf 86' lang='lat' dir='ltr'><strong>interpretatio</strong></span> <span class='ocrx_word' id='word_1_368' title='bbox 1212 4328 1262 4365; x_wconf 93' lang='lat' dir='ltr'><strong>non</strong></span> <span class='ocrx_word' id='word_1_369' title='bbox 1280 4316 1363 4366; x_wconf 90' lang='lat' dir='ltr'><strong>solum</strong></span> <span class='ocrx_word' id='word_1_370' title='bbox 1374 4321 1414 4366; x_wconf 83' lang='lat' dir='ltr'><strong>est</strong></span> <span class='ocrx_word' id='word_1_371' title='bbox 1428 4316 1497 4365; x_wconf 88' lang='lat' dir='ltr'><strong>nuda</strong></span> <span class='ocrx_word' id='word_1_372' title='bbox 1508 4316 1659 4374; x_wconf 78' lang='lat' dir='ltr'><strong>declaratio,</strong></span> <span class='ocrx_word' id='word_1_373' title='bbox 1673 4321 1718 4372; x_wconf 85' lang='lat' dir='ltr'><strong>sed</strong></span> <span class='ocrx_word' id='word_1_374' title='bbox 1730 4325 1777 4375; x_wconf 84' lang='lat' dir='ltr'><strong>nli·</strong></span> 
     </span>
     <span class='ocr_line' id='line_1_43' title="bbox 1011 4383 1776 4457; baseline 0.012 -23"><span class='ocrx_word' id='word_1_375' title='bbox 1011 4383 1113 4447; x_wconf 89' lang='lat' dir='ltr'><strong>quando</strong></span> <span class='ocrx_word' id='word_1_376' title='bbox 1130 4384 1254 4446; x_wconf 88' lang='lat' dir='ltr'><strong>quaedam</strong></span> <span class='ocrx_word' id='word_1_377' title='bbox 1273 4386 1392 4435; x_wconf 90' lang='lat' dir='ltr'><strong>mutatio.</strong></span> <span class='ocrx_word' id='word_1_378' title='bbox 1403 4411 1438 4420; x_wconf 92' lang='lat'><em>-</em></span> <span class='ocrx_word' id='word_1_379' title='bbox 1450 4385 1577 4446; x_wconf 83' lang='lat' dir='ltr'><strong>Quaenam</strong></span> <span class='ocrx_word' id='word_1_380' title='bbox 1594 4391 1776 4457; x_wconf 84' lang='lat' dir='ltr'><strong>requiruntur,</strong></span> 
     </span>
     <span class='ocr_line' id='line_1_44' title="bbox 1013 4453 1777 4524; baseline 0.014 -22"><span class='ocrx_word' id='word_1_381' title='bbox 1013 4460 1042 4503; x_wconf 92' lang='lat' dir='ltr'><strong>ut</strong></span> <span class='ocrx_word' id='word_1_382' title='bbox 1055 4454 1237 4517; x_wconf 87' lang='lat' dir='ltr'><strong>interpretatio</strong></span> <span class='ocrx_word' id='word_1_383' title='bbox 1249 4453 1350 4505; x_wconf 86' lang='lat' dir='ltr'><strong>dicatur</strong></span> <span class='ocrx_word' id='word_1_384' title='bbox 1362 4453 1520 4504; x_wconf 89' lang='lat' dir='ltr'><strong>authentica.</strong></span> <span class='ocrx_word' id='word_1_385' title='bbox 1533 4483 1568 4492; x_wconf 91' lang='lat'><em>-</em></span> <span class='ocrx_word' id='word_1_386' title='bbox 1579 4457 1606 4508; x_wconf 76' lang='lat' dir='ltr'><strong>l,</strong></span> <span class='ocrx_word' id='word_1_387' title='bbox 1620 4457 1777 4524; x_wconf 88' lang='lat' dir='ltr'><strong>interpreta-</strong></span> 
     </span>
     <span class='ocr_line' id='line_1_45' title="bbox 1013 4523 1777 4588; baseline 0.014 -17"><span class='ocrx_word' id='word_1_388' title='bbox 1013 4523 1051 4574; x_wconf 88' lang='lat' dir='ltr'><strong>tio</strong></span> <span class='ocrx_word' id='word_1_389' title='bbox 1069 4535 1101 4573; x_wconf 84' lang='lat' dir='ltr'><strong>ex</strong></span> <span class='ocrx_word' id='word_1_390' title='bbox 1120 4536 1167 4573; x_wconf 90' lang='lat' dir='ltr'><strong>usu</strong></span> <span class='ocrx_word' id='word_1_391' title='bbox 1185 4524 1319 4588; x_wconf 86' lang='lat' dir='ltr'><strong>desumpta</strong></span> <span class='ocrx_word' id='word_1_392' title='bbox 1338 4523 1467 4574; x_wconf 89' lang='lat' dir='ltr'><strong>interdum</strong></span> <span class='ocrx_word' id='word_1_393' title='bbox 1479 4531 1633 4588; x_wconf 84' lang='lat' dir='ltr'><strong>potestesse</strong></span> <span class='ocrx_word' id='word_1_394' title='bbox 1646 4531 1777 4582; x_wconf 87' lang='lat' dir='ltr'><strong>authenti-</strong></span> 
     </span>
     <span class='ocr_line' id='line_1_46' title="bbox 1010 4593 1777 4657; baseline 0.013 -15"><span class='ocrx_word' id='word_1_395' title='bbox 1010 4605 1051 4642; x_wconf 86' lang='lat' dir='ltr'><strong>ca.</strong></span> <span class='ocrx_word' id='word_1_396' title='bbox 1064 4619 1098 4629; x_wconf 95' lang='lat'>-</span> <span class='ocrx_word' id='word_1_397' title='bbox 1108 4593 1134 4644; x_wconf 78' lang='grc'><strong>5.</strong></span> <span class='ocrx_word' id='word_1_398' title='bbox 1148 4593 1292 4657; x_wconf 74' lang='lat' dir='ltr'><strong>Aliquando</strong></span> <span class='ocrx_word' id='word_1_399' title='bbox 1309 4595 1453 4644; x_wconf 86' lang='lat' dir='ltr'><strong>necessaria</strong></span> <span class='ocrx_word' id='word_1_400' title='bbox 1471 4600 1512 4646; x_wconf 83' lang='lat' dir='ltr'><strong>est</strong></span> <span class='ocrx_word' id='word_1_401' title='bbox 1530 4594 1680 4648; x_wconf 84' lang='lat' dir='ltr'><strong>doctrinalis</strong></span> <span class='ocrx_word' id='word_1_402' title='bbox 1696 4599 1777 4652; x_wconf 81' lang='lat' dir='ltr'><strong>inter-</strong></span> 
     </span>
     <span class='ocr_line' id='line_1_47' title="bbox 1010 4662 1776 4727; baseline 0.013 -15"><span class='ocrx_word' id='word_1_403' title='bbox 1010 4663 1125 4724; x_wconf 90' lang='lat' dir='ltr'><strong>pretatio</strong></span> <span class='ocrx_word' id='word_1_404' title='bbox 1137 4663 1164 4711; x_wconf 91' lang='lat' dir='ltr'><strong>in</strong></span> <span class='ocrx_word' id='word_1_405' title='bbox 1177 4664 1277 4727; x_wconf 91' lang='lat' dir='ltr'><strong>legibus</strong></span> <span class='ocrx_word' id='word_1_406' title='bbox 1290 4662 1482 4714; x_wconf 81' lang='lat' dir='ltr'><strong>humanis—b.</strong></span> <span class='ocrx_word' id='word_1_407' title='bbox 1492 4665 1674 4717; x_wconf 80' lang='lat' dir='ltr'><strong>Convementia</strong></span> <span class='ocrx_word' id='word_1_408' title='bbox 1687 4669 1776 4722; x_wconf 88' lang='lat' dir='ltr'><strong>docto·</strong></span> 
     </span>
     <span class='ocr_line' id='line_1_48' title="bbox 1010 4733 1775 4796; baseline 0.013 -15"><span class='ocrx_word' id='word_1_409' title='bbox 1010 4745 1067 4782; x_wconf 90' lang='lat' dir='ltr'><strong>rum</strong></span> <span class='ocrx_word' id='word_1_410' title='bbox 1080 4745 1196 4796; x_wconf 87' lang='lat' dir='ltr'><strong>magnam</strong></span> <span class='ocrx_word' id='word_1_411' title='bbox 1208 4733 1286 4783; x_wconf 87' lang='lat' dir='ltr'><strong>habet</strong></span> <span class='ocrx_word' id='word_1_412' title='bbox 1298 4735 1489 4784; x_wconf 87' lang='lat' dir='ltr'><strong>auctoritatem.</strong></span> <span class='ocrx_word' id='word_1_413' title='bbox 1500 4760 1535 4769; x_wconf 91' lang='lat'><em>-</em></span> <span class='ocrx_word' id='word_1_414' title='bbox 1547 4735 1572 4784; x_wconf 86' lang='grc'><strong>7.</strong></span> <span class='ocrx_word' id='word_1_415' title='bbox 1587 4735 1620 4786; x_wconf 93' lang='lat' dir='ltr'><strong>Ut</strong></span> <span class='ocrx_word' id='word_1_416' title='bbox 1633 4749 1709 4790; x_wconf 82' lang='lat' dir='ltr'><strong>uerus</strong></span> <span class='ocrx_word' id='word_1_417' title='bbox 1721 4741 1775 4791; x_wconf 90' lang='lat' dir='ltr'><strong>col·</strong></span> 
     </span>
     <span class='ocr_line' id='line_1_49' title="bbox 1009 4800 1776 4872; baseline 0.013 -22"><span class='ocrx_word' id='word_1_418' title='bbox 1009 4800 1106 4864; x_wconf 85' lang='lat' dir='ltr'><strong>ligatur</strong></span> <span class='ocrx_word' id='word_1_419' title='bbox 1126 4814 1214 4853; x_wconf 88' lang='lat' dir='ltr'><strong>sensus</strong></span> <span class='ocrx_word' id='word_1_420' title='bbox 1234 4803 1308 4865; x_wconf 81' lang='lat' dir='ltr'><strong>legis,</strong></span> <span class='ocrx_word' id='word_1_421' title='bbox 1321 4803 1373 4853; x_wconf 89' lang='lat' dir='ltr'><strong>tria</strong></span> <span class='ocrx_word' id='word_1_422' title='bbox 1386 4809 1447 4852; x_wconf 90' lang='lat' dir='ltr'><strong>sunt</strong></span> <span class='ocrx_word' id='word_1_423' title='bbox 1459 4802 1578 4854; x_wconf 88' lang='lat' dir='ltr'><strong>notanda.</strong></span> <span class='ocrx_word' id='word_1_424' title='bbox 1593 4831 1627 4841; x_wconf 95' lang='lat'>-</span> <span class='ocrx_word' id='word_1_425' title='bbox 1637 4806 1664 4856; x_wconf 88' lang='lat'><strong>8.</strong></span> <span class='ocrx_word' id='word_1_426' title='bbox 1678 4807 1776 4872; x_wconf 85' lang='lat' dir='ltr'><strong>Duplex</strong></span> 
     </span>
     <span class='ocr_line' id='line_1_50' title="bbox 1010 4871 1775 4936; baseline 0.014 -18"><span class='ocrx_word' id='word_1_427' title='bbox 1010 4873 1148 4922; x_wconf 84' lang='lat' dir='ltr'><strong>verborum</strong></span> <span class='ocrx_word' id='word_1_428' title='bbox 1166 4872 1320 4936; x_wconf 89' lang='lat' dir='ltr'><strong>proprietas.</strong></span> <span class='ocrx_word' id='word_1_429' title='bbox 1330 4871 1532 4934; x_wconf 90' lang='lat' dir='ltr'><strong>-Signillcatio</strong></span> <span class='ocrx_word' id='word_1_430' title='bbox 1545 4875 1642 4925; x_wconf 85' lang='lat' dir='ltr'><strong>usualis</strong></span> <span class='ocrx_word' id='word_1_431' title='bbox 1655 4876 1686 4926; x_wconf 89' lang='lat' dir='ltr'><strong>ad</strong></span> <span class='ocrx_word' id='word_1_432' title='bbox 1699 4886 1775 4930; x_wconf 90' lang='lat' dir='ltr'><strong>natu·</strong></span> 
     </span>
     <span class='ocr_line' id='line_1_51' title="bbox 1010 4941 1774 5007; baseline 0.012 -17"><span class='ocrx_word' id='word_1_433' title='bbox 1010 4942 1090 4991; x_wconf 87' lang='lat' dir='ltr'><strong>ralem</strong></span> <span class='ocrx_word' id='word_1_434' title='bbox 1109 4942 1149 4992; x_wconf 85' lang='lat' dir='ltr'><strong>vel</strong></span> <span class='ocrx_word' id='word_1_435' title='bbox 1168 4943 1270 4992; x_wconf 81' lang='lat' dir='ltr'><strong>civilem</strong></span> <span class='ocrx_word' id='word_1_436' title='bbox 1288 4948 1329 4992; x_wconf 88' lang='lat' dir='ltr'><strong>est</strong></span> <span class='ocrx_word' id='word_1_437' title='bbox 1347 4941 1546 4993; x_wconf 80' lang='lat' dir='ltr'><strong>reducenda—</strong></span> <span class='ocrx_word' id='word_1_438' title='bbox 1558 4943 1584 4994; x_wconf 89' lang='grc'><strong>9.</strong></span> <span class='ocrx_word' id='word_1_439' title='bbox 1598 4945 1726 5007; x_wconf 82' lang='lat' dir='ltr'><strong>Quomodo</strong></span> <span class='ocrx_word' id='word_1_440' title='bbox 1738 4950 1774 4999; x_wconf 89' lang='lat' dir='ltr'><strong>sit</strong></span> 
     </span>
     <span class='ocr_line' id='line_1_52' title="bbox 1010 5011 1772 5082; baseline 0.01 -22"><span class='ocrx_word' id='word_1_441' title='bbox 1010 5011 1178 5074; x_wconf 86' lang='lat' dir='ltr'><strong>intelligenda</strong></span> <span class='ocrx_word' id='word_1_442' title='bbox 1201 5011 1263 5062; x_wconf 85' lang='lat' dir='ltr'><strong>baec</strong></span> <span class='ocrx_word' id='word_1_443' title='bbox 1285 5011 1384 5074; x_wconf 85' lang='lat' dir='ltr'><strong>regula.</strong></span> <span class='ocrx_word' id='word_1_444' title='bbox 1407 5013 1506 5063; x_wconf 86' lang='lat'><strong>-10.</strong></span> <span class='ocrx_word' id='word_1_445' title='bbox 1529 5013 1595 5075; x_wconf 87' lang='lat' dir='ltr'><strong>Quid</strong></span> <span class='ocrx_word' id='word_1_446' title='bbox 1617 5014 1772 5082; x_wconf 85' lang='lat' dir='ltr'><strong>laciendum,</strong></span> 
     </span>
     <span class='ocr_line' id='line_1_53' title="bbox 1010 5080 1772 5149; baseline 0.012 -20"><span class='ocrx_word' id='word_1_447' title='bbox 1010 5080 1110 5144; x_wconf 86' lang='lat' dir='ltr'><strong>quando</strong></span> <span class='ocrx_word' id='word_1_448' title='bbox 1124 5094 1172 5131; x_wconf 85' lang='lat' dir='ltr'><strong>uox</strong></span> <span class='ocrx_word' id='word_1_449' title='bbox 1184 5080 1275 5131; x_wconf 91' lang='lat' dir='ltr'><strong>babeat</strong></span> <span class='ocrx_word' id='word_1_450' title='bbox 1288 5082 1376 5145; x_wconf 91' lang='lat' dir='ltr'><strong>plures</strong></span> <span class='ocrx_word' id='word_1_451' title='bbox 1388 5081 1596 5145; x_wconf 81' lang='lat' dir='ltr'><strong>significationes.</strong></span> <span class='ocrx_word' id='word_1_452' title='bbox 1608 5085 1693 5136; x_wconf 92' lang='lat' dir='ltr'><strong>—ll.</strong></span> <span class='ocrx_word' id='word_1_453' title='bbox 1707 5087 1772 5149; x_wconf 89' lang='lat' dir='ltr'><strong>Quid</strong></span> 
     </span>
     <span class='ocr_line' id='line_1_54' title="bbox 1008 5150 1772 5215; baseline 0.01 -15"><span class='ocrx_word' id='word_1_454' title='bbox 1008 5150 1221 5201; x_wconf 86' lang='lat' dir='ltr'><strong>considerandum</strong></span> <span class='ocrx_word' id='word_1_455' title='bbox 1238 5151 1307 5200; x_wconf 85' lang='lat' dir='ltr'><strong>circa</strong></span> <span class='ocrx_word' id='word_1_456' title='bbox 1321 5151 1488 5201; x_wconf 90' lang='lat' dir='ltr'><strong>intentionem</strong></span> <span class='ocrx_word' id='word_1_457' title='bbox 1502 5153 1667 5215; x_wconf 84' lang='lat' dir='ltr'><strong>legislatoris.</strong></span> <span class='ocrx_word' id='word_1_458' title='bbox 1680 5181 1716 5192; x_wconf 91' lang='lat'><em>-</em></span> <span class='ocrx_word' id='word_1_459' title='bbox 1729 5156 1772 5208; x_wconf 74' lang='lat'><strong>1².</strong></span> 
     </span>
     <span class='ocr_line' id='line_1_55' title="bbox 1008 5219 1773 5286; baseline 0.008 -16"><span class='ocrx_word' id='word_1_460' title='bbox 1008 5219 1078 5270; x_wconf 88' lang='lat' dir='ltr'><strong>llens</strong></span> <span class='ocrx_word' id='word_1_461' title='bbox 1097 5219 1252 5283; x_wconf 84' lang='lat' dir='ltr'><strong>legislatoris</strong></span> <span class='ocrx_word' id='word_1_462' title='bbox 1271 5219 1396 5284; x_wconf 89' lang='lat' dir='ltr'><strong>quomodo</strong></span> <span class='ocrx_word' id='word_1_463' title='bbox 1414 5227 1499 5285; x_wconf 89' lang='lat' dir='ltr'><strong>potest</strong></span> <span class='ocrx_word' id='word_1_464' title='bbox 1517 5233 1574 5274; x_wconf 87' lang='lat' dir='ltr'><strong>esse</strong></span> <span class='ocrx_word' id='word_1_465' title='bbox 1590 5225 1680 5286; x_wconf 89' lang='lat' dir='ltr'><strong>regula</strong></span> <span class='ocrx_word' id='word_1_466' title='bbox 1692 5226 1773 5276; x_wconf 91' lang='lat' dir='ltr'><strong>inter·</strong></span> 
     </span>
    </p>
   </div>
   <div class='ocr_carea' id='block_1_14' title="bbox 0 0 2144 6242">
    <p class='ocr_par' dir='ltr' id='par_1_14' title="bbox 0 0 2144 6242">
     <span class='ocr_line' id='line_1_56' title="bbox 0 0 2144 6242; baseline 0 3"><span class='ocrx_word' id='word_1_467' title='bbox 0 0 2144 6242; x_wconf 95' lang='lat' dir='ltr'><strong> </strong></span> 
     </span>
    </p>
   </div>
  </div>
 </body>
</html>
