4278 6242
914 276 1061 396 cernar:
1695 331 1755 396 itt

154 487 217 556 pter
243 478 319 538 illarn
348 476 417 538 aliae
439 475 676 548 interpretationes
699 471 870 530 necessariae
889 447 959 526 sint.
999 476 1074 528 tanta
1087 471 1232 529 consensio
1246 469 1394 531 doctorum
1410 473 1513 531 indicat
1526 487 1702 530 communem
1715 487 1799 531 acce-

154 571 280 644 ldeoque
295 568 448 626 observant
459 566 599 638 doctores,
612 562 686 639 quod
700 563 860 620 constitutio
871 559 976 618 decla··
996 560 1163 633 piationem,
1178 567 1206 618 et
1220 562 1421 619 observantiam
1435 562 1500 634 legis
1515 564 1542 618 in
1562 562 1608 619 illo
1623 579 1721 635 sensu,
1738 568 1798 621 tum

153 679 220 720 rans
235 661 328 731 aliam,
341 661 368 716 in
380 660 434 728 his,
449 673 520 730 quae
535 673 591 736 οοοΙ
603 654 741 727 exprimit,
756 653 854 724 recipit
868 665 962 708 omnes
997 650 1097 720 etiam,
1113 650 1237 723 quisvis
1254 656 1344 722 potest
1358 650 1501 723 accidere,
1517 658 1658 708 utcontra
1672 666 1798 730 commu-

155 751 415 824 interpretationes,
434 763 503 822 quas
523 744 684 804 constitutio
698 742 851 812 declarata,
868 747 899 798 ut
917 757 963 798 su·
998 754 1061 796 uem
1073 741 1192 796 omnium
1206 741 1352 798 doctorum
1366 742 1616 813 interpretationem
1627 749 1684 798 tam
1698 741 1797 800 efficax

156 841 246 898 mitur
264 854 298 896 ex
312 839 408 895 Gloasa
423 839 448 894 in
461 835 628 894 Clementia.
646 836 782 902 stateem,
801 832 884 889 verbo
897 847 965 888 cmo·
999 829 1068 886 ratic
1092 834 1235 898 occurrat,
1256 836 1287 886 ut
1310 831 1336 886 in
1357 831 1523 887 conscientia
1546 830 1645 887 reddet
1671 845 1799 888 securam

158 928 301 998 seetndc,
320 928 353 986 do
368 928 513 998 electione,
527 932 556 983 et
570 926 595 982 in
611 941 673 996 cap.
689 927 720 981 Is
734 925 801 998 qui,
819 922 904 980 serbo
919 919 964 978 ael
1000 918 1165 975 contrariam
1185 918 1400 992 intelligentiam.
1415 925 1452 978 dt
1472 936 1535 978 xero
1557 921 1602 977 ubi
1623 921 1712 977 variae
1735 926 1800 978 sunt

159 1020 254 1081 electi,
275 1017 309 1075 de
324 1017 449 1074 election.
466 1017 494 1072 in
511 1019 539 1086 6,
550 1021 579 1070 et
593 1013 709 1070 babetur
723 1027 852 1084 expresse
868 1013 894 1066 in
908 1013 964 1068 Au·
999 1007 1147 1074 doctorum
1168 1010 1417 1080 interpretationes,
1441 1011 1516 1068 iuxta
1532 1008 1639 1080 pondus
1660 1011 1799 1066 rationum

158 1109 284 1167 theutica
299 1107 333 1164 de
352 1105 412 1161 tiliis
426 1112 490 1162 ante
511 1103 612 1160 dotalia
630 1103 813 1158 instrumenta
834 1100 921 1172 naus,
937 1102 965 1156 in
1000 1103 1029 1155 et
1043 1096 1189 1155 doctorum
1204 1099 1397 1156 auctoritatem
1412 1098 1589 1156 iudicandum
1602 1105 1656 1168 est,
1668 1114 1801 1156 occurre·

158 1201 225 1272 line,
239 1196 418 1264 collationi,
430 1194 476 1251 ubi
490 1192 516 1250 id
530 1197 625 1250 notam
638 1191 726 1248 Gloss.
741 1197 768 1248 et
783 1191 894 1247 anicet
907 1188 963 1255 alii,
1000 1185 1047 1244 bat
1061 1187 1102 1243 laio
1116 1186 1265 1258 disputatio
1278 1187 1311 1244 de
1331 1190 1464 1246 electione
1479 1188 1653 1261 opinionum,
1668 1188 1714 1245 iila
1729 1203 1795 1246 vero

159 1305 231 1364 quos
246 1287 371 1345 referunt
383 1285 506 1342 Matiene.
520 1281 565 1339 lib.
581 1288 607 1339 5.
622 1279 883 1353 recopilat.titul.t,
896 1278 915 1335 l.
929 1283 963 1348 2,
1001 1277 1034 1334 ed
1051 1277 1190 1334 materiam
1204 1277 1237 1334 de
1252 1279 1425 1336 Conscientia
1440 1285 1555 1348 spectat.

162 1379 235 1453 glos.
254 1381 282 1448 s,
297 1393 326 1432 n.
351 1379 403 1445 ld,
419 1376 504 1444 Burg·
521 1371 554 1429 de
566 1372 618 1428 Par
632 1371 651 1428 l.
672 1375 696 1429 1.
717 1371 817 1434 Tauri,
836 1384 864 1423 ο.
880 1371 946 1425 288.
1041 1369 1067 1424 1.
1083 1365 1136 1422 Sed
1148 1368 1225 1424 eirca
1237 1368 1305 1425 banc
1318 1370 1569 1440 interpretationem
1580 1367 1741 1440 interrogari
1753 1382 1801 1438 po·
1876 1411 1879 1423 .

202 1472 232 1526 l.
248 1463 378 1523 Secundo
393 1461 539 1520 dicendum
559 1467 617 1530 est,
635 1459 754 1517 multum
773 1456 863 1514 valere
883 1457 968 1512 intar-
1002 1462 1066 1528 test,
1080 1455 1181 1528 quibus
1192 1457 1330 1529 principiis
1343 1473 1391 1514 seu
1407 1458 1507 1530 regulis
1520 1457 1652 1515 utendum
1663 1458 1699 1513 sit
1711 1455 1744 1513 ad
1756 1471 1802 1512 se-

161 1556 346 1629 pretatioaem
363 1568 397 1608 ex
417 1567 470 1608 usu
490 1550 663 1623 desumptam
684 1547 719 1605 ed
740 1548 804 1619 legis
826 1545 968 1618 obligatio·
1002 1561 1064 1603 rum
1086 1560 1196 1602 sensum
1217 1552 1245 1602 et
1266 1546 1456 1619 obligationem
1479 1547 1544 1622 legis
1565 1545 1755 1620 colligendam.
1771 1549 1801 1602 ln

161 1661 226 1702 nem
243 1640 495 1717 praescribendam,
508 1647 536 1696 et
548 1637 686 1696 interdurn
702 1637 783 1694 talem
798 1651 859 1692 asso
874 1649 965 1706 posse,
1003 1635 1804 1709 quopuoctolatissimescribuntiurisinterpretes,quia
1894 1691 1900 1699 ,

163 1742 195 1792 ut
210 1733 370 1792 authentica
385 1731 431 1801 sit,
443 1735 471 1785 et
483 1745 534 1800 pro
547 1729 605 1802 lege
620 1724 753 1785 habenda.
767 1727 839 1782 llaec
854 1723 968 1780 assertio
1004 1726 1114 1797 proprie
1133 1725 1166 1782 ad
1187 1725 1246 1782 illos
1267 1731 1384 1800 spectat,
1402 1727 1465 1799 quia
1486 1741 1552 1783 vero
1571 1727 1651 1783 etiam
1670 1723 1804 1797 theologis

163 1823 322 1881 communis
341 1819 488 1876 doctorum
501 1825 557 1888 est,
573 1823 606 1874 ut
624 1816 743 1873 sumitur
757 1830 790 1870 ex
810 1829 872 1884 cap.
891 1815 968 1870 Cane
1004 1815 1094 1886 aliqua
1107 1813 1223 1871 directio
1234 1814 1260 1871 iu
1273 1816 1364 1889 legum
1376 1831 1409 1873 ao
1424 1831 1561 1874 canonum
1573 1815 1747 1889 intelligentia
1759 1829 1805 1871 ne-

162 1912 303 1980 werras,
316 1911 350 1968 de
365 1907 532 1967 consuetud.
543 1914 681 1982 quatenus
691 1907 718 1963 in
730 1921 762 1961 eo
776 1903 888 1977 dicitur,
903 1919 969 1960 oon·
1004 1904 1124 1961 cessaria
1147 1911 1207 1975 est,
1230 1919 1290 1961 eam
1306 1905 1430 1988 breviter
1450 1905 1723 1978 comprehendemus.
1745 1904 1806 1960 Tria

163 2000 340 2061 suetudinem
357 2014 418 2056 esse
432 1999 560 2071 optimam
575 1997 666 2072 legum
682 1997 876 2066 interpretem,
893 1991 968 2066 quod
1003 1993 1086 2065 igitur
1100 1995 1191 2064 capita
1205 1993 1377 2052 observando
1394 2003 1468 2068 sunt,
1481 2011 1552 2069 quae
1562 2011 1647 2068 supra
1661 1993 1806 2052 tractando

162 2093 247 2151 etiarn
263 2090 379 2148 babetur
391 2089 416 2145 in
426 2088 480 2168 lsi
489 2086 525 2144 rte
534 2087 785 2161 interpretatione,
802 2082 871 2142 lide
885 2082 967 2156 legib.
1004 2083 1038 2141 de
1052 2085 1141 2140 lorma
1155 2083 1222 2156 legis
1237 2083 1424 2159 distinximus,
1438 2087 1543 2143 scilicet
1553 2086 1635 2142 verba
1647 2084 1724 2156 legis,
1737 2097 1806 2157 que·

161 2183 285 2240 Pertinet
300 2187 392 2236 autem
404 2176 438 2234 atl
449 2179 589 2234 materiam
599 2176 633 2232 de
648 2172 899 2242 consuetudinem
910 2170 970 2228 ideo
1004 2179 1084 2231 mnus
1100 2174 1278 2247 significativa
1291 2181 1372 2246 suat,
1388 2191 1464 2234 mens
1483 2175 1661 2248 legislatoris,
1677 2181 1706 2230 et
1723 2173 1803 2228 ratic:

164 2271 243 2329 illam
257 2281 460 2342 prosequemur
470 2266 496 2322 iu
508 2281 534 2323 c.
543 2267 600 2322 llll.
612 2265 672 2322 libri
683 2265 823 2337 sequentis
834 2262 868 2319 ad
879 2263 968 2319 tinem.
1004 2271 1032 2321 et
1045 2264 1080 2320 de
1094 2263 1206 2336 singulis
1222 2264 1325 2338 aliquid
1339 2273 1382 2322 est
1396 2266 1558 2338 dicendum,
1574 2265 1701 2339 quoniam
1717 2279 1750 2320 ex
1764 2261 1807 2318 his

209 2368 235 2418 5.
252 2358 343 2416 Tertio
357 2354 504 2413 dicendum
519 2362 573 2426 est,
589 2354 662 2427 leges
677 2353 812 2410 humanas
826 2355 909 2410 etiam
923 2350 970 2408 ad·
1006 2353 1132 2410 omnibus
1147 2352 1247 2426 pendet
1261 2371 1325 2411 rara
1341 2355 1529 2429 interpretatio
1543 2357 1619 2429 legis.
1629 2355 1710 2411 Circa
1724 2350 1807 2407 rerba
1887 2360 1890 2368 ·

163 2453 276 2508 mittere
292 2446 470 2505 doctrinalem
485 2445 747 2518 interpretationem
761 2457 832 2515 quae
847 2441 911 2499 licet
922 2457 971 2514 per
1005 2441 1152 2500 dicendum
1164 2449 1219 2514 est,
1232 2445 1260 2499 in
1272 2447 1344 2500 omni
1356 2445 1415 2519 lege
1426 2445 1545 2503 humana
1556 2445 1673 2518 primum
1685 2441 1808 2500 omniurn

165 2557 198 2598 se
213 2556 268 2597 uon
278 2537 390 2596 inducat
402 2536 604 2608 obligationem,
619 2536 684 2607 quia
696 2549 751 2590 non
762 2532 843 2588 habet
852 2537 973 2604 potesta·
1005 2530 1202 2604 expectandam
1217 2547 1277 2589 esse
1287 2534 1432 2592 uerborum
1444 2531 1735 2608 proprietatem,idest
1745 2525 1809 2602 pr'o·

167 2639 225 2688 tem
245 2626 438 2686 introducendi
456 2625 558 2700 legem,
574 2624 655 2682 babet
670 2629 760 2680 tamen
775 2637 857 2679 suum
877 2628 973 2678 aucto·
1006 2625 1092 2697 priam
1110 2623 1341 2696 significationem
1359 2640 1421 2682 nam
1435 2640 1469 2682 ex
1487 2624 1533 2681 illa
1547 2625 1662 2681 maxima
1676 2620 1809 2679 sumenda

171 2719 264 2778 ritatis
274 2717 402 2790 gradum,
414 2716 462 2789 qui
474 2720 565 2787 potest
576 2713 714 2770 interdum
724 2727 785 2770 esse
797 2719 853 2768 tam
865 2716 970 2783 certus,
1007 2721 1050 2770 est
1062 2728 1127 2770 vera
1136 2714 1323 2785 interpretatio
1337 2714 1416 2788 legis,
1429 2729 1591 2788 semperque
1602 2719 1644 2768 est
1655 2710 1808 2783 praeieran-

167 2817 203 2868 ut
217 2809 331 2866 inducat
344 2806 545 2863 necessitatem.
555 2807 611 2861 Hoc
626 2810 714 2861 totum
727 2803 795 2860 adeo
811 2808 906 2859 notum
918 2807 971 2874 est,
1007 2803 1053 2874 da,
1071 2804 1121 2860 nisi
1136 2803 1238 2877 aliquid
1254 2805 1355 2862 obstet.
1373 2805 1417 2862 Sic
1431 2807 1503 2862 enim
1517 2804 1550 2860 de
1565 2800 1809 2860 testatoredioitur

168 2908 202 2957 ut
222 2899 382 2971 probatione
396 2911 450 2952 non
471 2894 608 2967 indigeat3
624 2909 686 2950 nam
706 2893 774 2950 haec
789 2899 832 2949 est
853 2891 972 2950 humanu
1008 2898 1033 2952 in
1050 2896 1070 2952 l.
1084 2911 1144 2952 non
1159 2894 1257 2962 aliter,
1275 2895 1449 2969 troslegio.
1465 2901 1492 2964 3,
1508 2911 1568 2950 non
1583 2891 1671 2950 aliter
1685 2908 1707 2949 a
1719 2892 1811 2962 signi·

170 2988 309 3057 conditio,
327 2992 359 3043 ut
377 2987 420 3041 xix
436 2984 521 3056 possit
541 2984 622 3040 bomo
636 2989 691 3040 tam
713 2981 865 3054 perspicuis
885 2981 972 3038 verbis
1000 2987 1144 3060 floritione
1164 2985 1318 3042 verborum
1330 2988 1393 3044 etus
1406 2967 1514 3051 recedi,
1529 3001 1620 3058 quam
1634 2983 1809 3040 caramani-

168 3093 283 3136 sensum
300 3091 382 3133 suum
401 3073 551 3146 explicare,
568 3075 633 3147 quin
647 3072 838 3145 ambiguitates
851 3077 878 3128 et
891 3071 974 3127 dubia
998 3074 1117 3146 festum
1130 3080 1186 3136 ert,
1203 3073 1289 3132 aliud
1300 3077 1399 3149 ipsum
1413 3078 1554 3142 sensisse;
1569 3089 1636 3147 ergo
1652 3071 1737 3129 multo
1753 3085 1810 3126 ma·
1866 3114 1868 3117 .

167 3173 321 3227 nascantur
339 3185 346 3236 3
369 3166 530 3236 praesertim
550 3163 616 3236 quia
636 3163 677 3218 lex
703 3161 823 3218 humana
849 3160 973 3234 loquitur
1007 3167 1049 3238 gis
1062 3164 1095 3222 de
1109 3165 1200 3222 serbis
1215 3163 1379 3237 legislatoris
1397 3163 1469 3222 idem
1484 3163 1660 3221 asserendum
1673 3157 1809 3217 est.Unde

168 3261 291 3317 breviter
306 3262 334 3311 et
348 3255 373 3310 in
387 3254 517 3328 genardi,
529 3259 557 3310 et
570 3255 595 3309 in
611 3251 790 3324 applicatione
804 3250 863 3307 eius
878 3250 913 3307 ad
927 3264 974 3304 ra·
1008 3264 1034 3309 tn
1048 3253 1067 3310 l.
1081 3257 1105 3316 l.
1117 3255 1130 3324 i
1140 3256 1166 3310 st
1178 3257 1213 3321 is,
1228 3255 1278 3325 qut
1292 3269 1408 3324 narem,
1421 3254 1449 3310 ll.
1462 3252 1496 3310 de
1510 3253 1672 3310 exercitoria
1689 3251 1808 3316 actione,

172 3350 227 3407 rins
243 3361 328 3404 casus
342 3345 369 3399 in
386 3342 548 3415 particulari
562 3343 690 3400 oriuntur
704 3340 863 3414 lreqttenter
878 3338 972 3411 dubia,
1007 3343 1119 3411 dicitur,
1133 3346 1165 3399 in
1182 3341 1282 3399 dubiis
1300 3359 1361 3398 non
1382 3358 1443 3400 esse
1463 3340 1659 3399 recedendum
1673 3357 1695 3397 o
1713 3338 1810 3396 verbis

172 3443 287 3512 propter
303 3447 373 3507 quae
386 3431 517 3488 iudicium
532 3429 709 3503 prudentum,
722 3436 751 3486 et
763 3428 913 3485 declaratio
926 3428 974 3485 do·
1008 3431 1109 3497 edicti,
1127 3439 1156 3488 et
1168 3433 1196 3486 in
1212 3431 1230 3486 l.
1239 3435 1406 3505 prospecti,
1426 3431 1453 3488 tf.
1469 3434 1520 3505 qui
1533 3435 1561 3487 et
1575 3446 1596 3486 a
1609 3427 1731 3503 petbus.
1749 3441 1811 3483 rer·

169 3525 296 3585 ctriualis
316 3521 471 3580 necessaria
490 3527 543 3578 est.
560 3520 678 3592 Denique
692 3533 725 3576 ex
747 3518 798 3575 lrac
812 3519 975 3575 necessitate
1009 3522 1049 3578 bis
1063 3520 1264 3577 inhaerendum
1278 3536 1349 3591 esse,
1365 3521 1470 3577 etiamsi
1482 3536 1526 3577 res
1541 3521 1633 3593 gravis
1646 3532 1707 3574 ease
1720 3515 1811 3574 videa·

170 3626 232 3676 orta
246 3621 289 3672 est
309 3613 376 3670 iuris
397 3611 482 3668 civilis
503 3610 612 3682 peritia,
628 3609 708 3666 cuius
729 3609 896 3680 praecipuus
917 3607 975 3662 linis
1009 3617 1065 3667 tur.
1085 3608 1318 3686 andprotdem,
1336 3610 1544 3684 ait,perqnam
1559 3609 1740 3674 duremort,
1760 3604 1812 3664 sed

172 3713 227 3779 est,
237 3718 335 3762 rerum
344 3716 455 3759 sensum
466 3713 614 3772 veramque
626 3699 874 3770 interpretationem
884 3696 975 3769 legum
1009 3699 1115 3757 itatem
1126 3702 1241 3773 scripto
1251 3705 1303 3756 eat.
1313 3699 1380 3755 Hinc
1391 3701 1473 3755 etiarn
1485 3700 1510 3755 in
1521 3697 1695 3772 cap.2,ised
1705 3711 1807 3770 neque,

169 3798 356 3854 humanarum
382 3790 498 3848 tradere.
513 3788 591 3858 Quod
606 3803 708 3844 munus
723 3787 935 3844 commendetur
949 3788 976 3842 iu
1010 3789 1043 3846 de
1057 3789 1182 3846 translat.
1195 3789 1316 3861 episcop.
1327 3803 1471 3861 concessa,
1484 3789 1608 3846 cessione
1621 3789 1809 3861 episcopatus,

172 3887 193 3944 l.
204 3882 335 3942 un.C.de
350 3879 560 3952 prolessoribus,
571 3877 617 3951 qui
628 3876 864 3947 Constantinopol.
874 3876 919 3932 lib.
931 3880 975 3947 12,
1011 3895 1064 3936 non
1080 3886 1208 3936 censetur
1223 3893 1357 3935 concessa
1371 3878 1522 3936 translatio.
1537 3879 1571 3936 Et
1585 3880 1657 3935 ratio
1671 3877 1807 3934 redditur:

174 3983 313 4052 quatenus
328 3970 456 4028 honorari
469 3969 544 4025 lubet
565 3983 622 4041 eos,
638 3968 685 4040 qui
705 3965 752 4023 illo
767 3980 879 4022 munere
893 3965 979 4038 probe
1011 3974 1092 4028 Nam
1105 3971 1132 4025 st
1145 3970 1229 4024 circa
1242 3967 1469 4025 translationem
1482 3966 1562 4024 idem
1568 3967 1642 4040 fieri
1661 3965 1809 4032 coluisset,

171 4071 305 4126 utuntur.
377 4097 379 4102 ·
1012 4054 1091 4129 qnod
1104 4055 1140 4113 tle
1154 4060 1282 4114 cessione
1293 4056 1422 4126 dicarat,
1437 4063 1465 4114 et
1477 4058 1512 4114 de
1527 4057 1725 4116 translatione
1734 4062 1815 4130 pote·

216 4161 243 4216 6.
260 4159 300 4212 lie
319 4152 370 4208 hac
390 4151 473 4222 igitur
488 4149 707 4219 interpretatione
722 4152 831 4203 eertum
851 4151 909 4216 est,
925 4159 979 4200 non
1012 4152 1065 4204 rat
1083 4150 1277 4220 expressisse:
1290 4147 1463 4220 Significans,
1479 4163 1532 4203 nco
1547 4161 1607 4203 esse
1628 4145 1813 4203 recedendum

175 4247 280 4306 habere
295 4245 350 4300 rim
365 4241 448 4314 legis,
463 4239 597 4311 quianon
616 4234 770 4310 procedite
791 4239 924 4308 potestate
938 4234 980 4290 iu·
1014 4252 1030 4294 a
1049 4238 1214 4308 proprietate
1235 4236 1398 4306 verborum,
1416 4237 1507 4309 qttoad
1521 4237 1577 4294 lieri
1598 4236 1702 4309 possit:
1718 4236 1814 4294 similia

172 4333 360 4404 riedietionis,
376 4329 423 4386 sed
438 4344 454 4385 e
468 4328 580 4384 scientia
594 4332 623 4382 et
636 4325 737 4382 iudicio
753 4322 937 4397 prudentum,
952 4327 981 4378 et
1015 4326 1149 4384 habentur
1162 4329 1189 4382 in
1203 4341 1265 4398 cap.
1279 4325 1328 4383 Aa
1342 4325 1538 4394 audientiam,
1557 4327 1591 4384 de
1606 4327 1706 4383 decim.

175 4427 238 4485 ideo
252 4425 384 4491 dicimus,
395 4434 444 4490 per
454 4434 483 4475 se
498 4432 551 4473 non
565 4415 694 4472 inducere
707 4413 981 4488 obligationemtluia
1053 4417 1131 4474 Ratio
1145 4431 1210 4472 vero
1225 4416 1300 4472 clara
1313 4421 1370 4487 est,
1386 4417 1450 4488 quia
1465 4416 1547 4473 verba
1561 4418 1588 4472 in
1603 4415 1742 4472 communi
1756 4430 1814 4471 ser.

175 4533 240 4574 vero
250 4516 276 4570 in
297 4506 585 4569 omniarteiudioium
598 4506 748 4577 peritorum
761 4503 842 4560 inille
855 4517 981 4576 magnam
1017 4521 1096 4562 mone
1118 4510 1288 4576 usurpantur
1302 4505 1327 4560 in
1345 4507 1454 4578 propria
1469 4507 1683 4579 significatione,
1698 4521 1760 4561 nam
1775 4503 1816 4560 id·

178 4605 284 4663 inducit
297 4599 529 4674 probabilitatem,
545 4594 603 4652 ideo
618 4596 700 4651 etiam
715 4595 740 4650 in
755 4594 806 4651 hac
823 4594 913 4667 legum
929 4593 982 4648 lau·
1017 4596 1093 4652 circo
1111 4594 1183 4650 illam
1198 4595 1350 4667 recipiuntr
1365 4611 1432 4667 ergo
1447 4596 1533 4652 multo
1552 4596 1637 4667 magis
1653 4593 1705 4650 boc
1718 4592 1815 4650 intelli·

174 4707 320 4754 manarum
345 4687 568 4761 interpretatione
586 4683 654 4740 haec
674 4682 834 4740 doctrinalis
850 4683 982 4755 interpre·
1017 4684 1137 4758 gendum
1150 4690 1191 4739 est
1205 4686 1309 4740 servari
1321 4686 1349 4740 iu
1359 4684 1483 4757 legibus,
1499 4687 1562 4758 quia
1577 4683 1744 4741 debentesse
1759 4682 1816 4740 cla·

175 4785 242 4843 tatio
258 4795 391 4854 magnum
405 4777 487 4834 babet
500 4776 669 4832 auctoritatis
684 4772 802 4845 pondus.
822 4775 852 4830 ln
867 4789 922 4845 quo
937 4788 983 4829 va·
1017 4791 1063 4832 rae
1079 4781 1108 4832 et
1121 4791 1176 4831 non
1195 4777 1332 4846 expositae
1347 4775 1627 4832 circumventionibus
1647 4782 1674 4832 et
1687 4773 1761 4830 lalsia
1776 4773 1818 4829 in·

175 4877 206 4934 rii
220 4873 323 4948 gradus
346 4883 406 4926 esse
421 4872 552 4939 possunt,
569 4880 632 4920 nam
647 4864 669 4919 si
684 4861 710 4919 iu
727 4864 843 4920 alicuius
858 4863 925 4935 legis
942 4864 983 4917 iu·
1018 4865 1275 4937 terpretalinnibus,
1291 4872 1323 4922 ut
1337 4863 1561 4936 supradiximus.
1577 4861 1655 4922 Unde
1674 4863 1818 4918 confirma-

175 4963 320 5036 telligentia
343 4972 438 5015 omnes
452 4958 616 5032 interpretes
630 4951 801 5022 conveniant,
818 4950 984 5008 iaciunthu·
1018 4962 1064 5011 tur
1080 4954 1114 5010 ab
1132 4952 1316 5022 incommodo,
1332 4956 1396 5027 quia
1411 4953 1475 5010 alias
1496 4952 1560 5010 nihil
1576 4958 1649 5008 esset
1670 4957 1778 5007 certum
1791 4951 1818 5006 in

175 5067 285 5112 manem
306 5045 512 5116 certitudinem,
527 5050 555 5100 et
569 5041 730 5116 regulariter
740 5041 890 5114 loquendo,
902 5040 984 5096 etiam
1018 5044 1135 5116 legibus,
1147 5059 1236 5116 neque
1248 5058 1296 5115 per
1308 5042 1368 5099 illas
1383 5049 1494 5116 possent
1505 5043 1625 5115 regulari
1636 5041 1757 5098 actiones
1769 5042 1818 5097 bo·

176 5143 310 5202 inducent
329 5136 524 5210 obligationem
538 5131 664 5190 servandi
679 5131 777 5202 legem,
790 5138 818 5187 et
833 5129 926 5187 utendi
941 5130 985 5187 illa
1020 5135 1135 5205 minum,
1152 5133 1217 5206 quia
1233 5134 1423 5205 unusquisque
1435 5137 1528 5204 posset
1538 5148 1589 5188 suo
1600 5131 1712 5187 arbitrio
1724 5130 1758 5187 ad
1769 5131 1819 5186 im·

178 5234 205 5291 in
233 5231 312 5305 praxi
341 5228 417 5284 iuxta
444 5222 526 5281 talem
553 5221 813 5294 interpretationem.
830 5221 899 5278 Tum
919 5220 984 5294 quia
1019 5224 1146 5297 proprios
1164 5238 1263 5280 sensus
1279 5219 1817 5287 illasderirnre.confirmaturseoundo‚
