4284 6246
414 371 476 434 ate
1077 421 1079 424 .
1119 385 1219 432 arnan
1234 385 1280 432 vr.

369 510 474 568 maiora
489 509 611 582 pericula
625 480 672 566 aut
687 507 757 565 mala
773 507 817 564 illo
832 508 913 565 modo
927 509 1071 565 evitenturs
1082 509 1118 564 Et
1131 508 1169 564 ita
1204 507 1280 564 eiosa
1295 513 1441 580 censetur3
1458 521 1523 579 ergo
1538 511 1658 579 oportet,
1675 512 1706 562 ut
1721 504 1794 578 leges
1808 521 1861 561 non
1875 506 1926 562 nisi
1942 512 2006 575 post

369 599 485 657 solvitur
506 599 583 655 lacile
604 601 673 655 ratio
699 597 841 654 dubitandi
861 599 887 654 in
914 598 1046 670 principio
1068 599 1165 671 posita:
1204 599 1317 670 longum
1329 593 1437 668 tempus
1448 593 1644 668 mutenturjne
1657 593 1813 652 bulusmodi
1823 595 1937 652 mutatio
1950 595 2004 651 ire-

367 700 431 746 nam
445 683 508 766 licet
520 688 553 745 sd
565 687 722 757 tollendam,
735 687 777 744 rel
788 687 972 761 abrogandam
985 687 1070 760 legem
1083 703 1168 745 causa
1203 694 1319 760 quenter
1332 689 1485 757 contingat.
1948 695 1952 702 '

367 778 439 834 iusta
455 777 609 835 necessaria
622 779 670 846 sit,
687 775 862 834 nibilominus
877 793 930 832 uon
946 783 988 832 est
1009 780 1165 840 necessaria
1243 784 1270 835 8.
1286 779 1409 833 Breviter
1424 783 1516 833 autern
1527 773 1676 832 dicendum
1686 781 1740 846 est,
1753 775 1778 830 in
1790 774 1843 831 boc
1856 790 1911 831 non
1923 790 2007 846 posse

367 873 422 924 tem
440 883 541 940 urgens
555 874 583 924 et
600 866 701 938 gravis,
718 873 749 922 ut
763 872 874 938 propter
891 865 961 922 illam
977 866 1019 923 lex
1038 868 1096 939 ipsa
1111 874 1166 923 sta·
1202 873 1306 924 certam
1321 874 1349 924 et
1361 865 1544 922 universalem
1555 865 1679 936 regulam
1691 863 1833 925 constitui.
1851 863 1921 920 Cum
1931 865 2006 920 enim

367 959 414 1014 tim
430 965 538 1028 cesset,
554 959 627 1014 sicut
640 957 720 1012 ctiam
737 955 771 1012 ad
792 945 1003 1028 dispensandum
1019 956 1166 1028 requiritur
1201 955 1307 1012 dictum
1322 957 1369 1026 sit,
1386 954 1472 1027 legem
1486 970 1519 1011 ex
1534 955 1605 1010 iusta
1620 967 1704 1010 causa
1716 955 1788 1010 iuste
1803 957 1916 1026 mutari3
1934 969 2007 1026 quo-

366 1062 453 1103 causa
471 1047 556 1118 iusto,
571 1061 642 1118 quue
662 1060 710 1117 per
730 1059 760 1101 se
780 1044 865 1101 solam
888 1045 956 1117 legis
976 1045 1167 1117 obligationem
1202 1046 1378 1116 tiescumque
1401 1059 1487 1100 eausa
1506 1043 1577 1098 iuste
1592 1044 1749 1115 contingat,
1764 1043 1835 1099 iusta
1848 1043 1901 1100 erit
1914 1049 2007 1100 muta-

367 1136 475 1193 nulerre
496 1151 549 1192 non
573 1135 654 1192 valet.
671 1135 765 1206 Neque
790 1141 940 1206 repugnat,
963 1135 1165 1206 abrogationem
1201 1135 1254 1206 tio,
1272 1136 1328 1190 sive
1344 1135 1378 1190 sit
1391 1141 1456 1205 post
1470 1133 1568 1204 breve,
1585 1133 1642 1189 sire
1657 1138 1721 1204 post
1734 1131 1845 1204 longum
1864 1141 2006 1202 tempusa

366 1240 427 1281 esse
441 1225 552 1289 iustam,
565 1222 631 1280 lieet
640 1224 683 1280 lea
697 1239 749 1279 non
761 1221 844 1280 luerit
857 1223 966 1295 iniusta,
979 1224 1044 1296 quie
1061 1223 1166 1280 lustum
1201 1225 1258 1297 lege
1273 1223 1400 1293 condita3
1417 1239 1479 1279 nam
1495 1222 1547 1278 boc
1558 1221 1776 1279 accidentarium
1787 1228 1842 1292 est,
1853 1228 1882 1278 el
1894 1227 2005 1279 utrum-

365 1314 447 1370 etiom
458 1319 547 1385 potest
558 1311 705 1380 omitti,sel
716 1313 815 1368 mutari
828 1319 941 1384 propter
953 1305 1039 1385 magle
1050 1313 1163 1386 iustum,
1200 1331 1255 1388 que
1277 1316 1336 1370 sine
1356 1312 1439 1371 dubio
1458 1319 1549 1384 potest
1563 1309 1730 1382 contingere.
1747 1310 1920 1382 Regulariter
1937 1326 2005 1366 vero

365 1403 440 1460 siout
459 1401 561 1475 aliquid
582 1403 665 1459 etiam
686 1402 771 1458 omitti
793 1407 899 1474 potest,
916 1403 1041 1475 quamvis
1062 1419 1114 1459 non
1131 1405 1167 1460 sit
1201 1387 1351 1476 loquendo,
1367 1405 1442 1459 sicut
1456 1410 1499 1458 est
1514 1399 1640 1472 vitanda,
1655 1401 1693 1456 ita
1707 1400 1789 1456 etiam
1803 1398 2007 1456 estdilierenda

365 1492 459 1550 inutile
482 1498 594 1564 propter
610 1490 683 1548 aliud
703 1489 809 1546 utilius.
826 1495 865 1546 Αο
880 1491 995 1564 denique
1009 1491 1096 1548 multa
1115 1490 1166 1547 hu·
1202 1495 1336 1564 mutatio,
1353 1499 1488 1563 quantum
1504 1490 1560 1546 lieri
1576 1489 1672 1560 possit.
1688 1487 1765 1546 Unde
1780 1489 1805 1542 in
1820 1503 1889 1544 casu
1905 1487 2002 1557 dubio,

365 1580 481 1638 insrnodi
495 1587 569 1650 sunt,
585 1595 655 1651 quac
670 1595 702 1635 ex
717 1577 837 1636 bernano
853 1579 962 1637 arbitrio
977 1579 1111 1650 pendent,
1129 1582 1164 1636 ita
1201 1582 1243 1637 rel
1260 1588 1365 1639 tentum
1381 1579 1525 1651 probabili,
1539 1586 1567 1634 et
1581 1580 1691 1650 quoties
1703 1579 1841 1650 utrimque
1853 1579 1890 1633 sil
1900 1591 2005 1649 aequa-

364 1677 396 1728 ut
410 1676 438 1727 el
459 1669 529 1725 iuste
550 1675 721 1740 statuantur,
735 1675 778 1740 et,
794 1669 816 1724 si
836 1667 1019 1742 derogemur,
1035 1671 1165 1727 iniustitia
1200 1671 1276 1742 litas,
1298 1669 1488 1726 conservanda
1508 1669 1599 1740 potius
1617 1674 1659 1723 est
1678 1666 1737 1740 lex,
1756 1682 1840 1739 quam
1857 1665 2001 1737 mutanda3

363 1776 418 1816 non
433 1759 496 1831 fiat,
515 1759 582 1832 quia
595 1757 724 1829 prudenti
738 1757 827 1829 aliqua
842 1757 947 1815 ratione
963 1758 1088 1833 abrogari
1103 1775 1165 1831 pos·
1200 1767 1260 1818 tum
1277 1760 1342 1833 qnia
1355 1767 1503 1832 postquam
1517 1764 1560 1814 est
1572 1756 1640 1828 lata,
1657 1757 1735 1829 quasi
1750 1763 1793 1814 est
1806 1758 1832 1811 in
1847 1757 2005 1828 possessio-

364 1855 441 1922 sunt,
457 1850 557 1905 Corar.
574 1849 659 1904 citato
673 1845 736 1902 loco
751 1845 877 1903 advertit.
1199 1866 1244 1923 ne,
1261 1857 1289 1908 et
1304 1850 1330 1906 ln
1345 1848 1427 1907 dubio
1442 1850 1541 1906 melior
1555 1854 1597 1904 est
1611 1845 1730 1903 conditio
1745 1845 1927 1919 possidentis3
1941 1851 2005 1902 tum

404 1939 487 1998 l..Err
507 1939 559 1994 hac
575 1953 641 1994 vero
656 1937 807 1993 assertione
823 1936 911 1994 intulit
925 1937 988 1993 Solo
1003 1936 1072 1994 libro
1091 1941 1115 1996 l.
1132 1938 1164 1996 da
1199 1941 1280 1998 otiam
1302 1941 1366 2014 quia
1387 1954 1495 2010 semper
1510 1935 1710 2010 praeponderat
1723 1934 1854 1992 damnum
1870 1935 2004 1991 mutatio-

364 2029 449 2086 iustit.
465 2043 494 2100 q.
509 2030 537 2098 7,
549 2032 602 2083 art.
620 2028 643 2083 l.
661 2026 686 2081 in
700 2025 763 2096 fine,
779 2041 918 2083 summum
936 2027 1093 2084 Pontificem
1109 2043 1163 2084 non
1198 2031 1255 2086 nis:
1272 2037 1301 2087 et
1314 2030 1366 2086 boc
1381 2029 1463 2085 etiam
1478 2027 1596 2084 suadent
1608 2027 1730 2082 rationes
1744 2024 1846 2080 iactae.
1861 2023 2004 2081 Nihilomi-

362 2133 443 2191 posae
456 2131 550 2174 errare
566 2117 592 2172 in
607 2113 768 2190 abrogandis
780 2113 885 2188 legibus
897 2115 1035 2173 canonicis
1048 2118 1105 2173 sine
1119 2118 1163 2172 iu·
1199 2137 1251 2176 nus
1266 2127 1356 2176 tomen
1371 2117 1480 2175 duobus
1494 2132 1528 2173 ex
1542 2115 1633 2172 causis
1648 2116 1704 2170 deri
1721 2119 1811 2186 potest
1825 2115 1898 2170 iusta
1909 2119 2003 2170 muta·

363 2214 406 2264 sta
416 2204 630 2279 causa,quandn
646 2204 719 2276 leges
734 2203 794 2260 illae
805 2205 975 2262 necessariae
986 2211 1052 2260 sunt
1062 2205 1163 2277 populo
1198 2211 1236 2265 tio
1255 2207 1321 2280 le'gis
1340 2211 1410 2263 intra
1424 2206 1506 2262 breve
1521 2212 1641 2276 tempus.
1658 2203 1746 2260 Primo
1761 2204 1785 2259 si
1798 2218 1832 2258 ex
1846 2201 1938 2275 aliquo
1953 2217 2003 2258 er·

318 2325 321 2333 =
362 2295 529 2366 christiano,
551 2294 616 2367 qula
636 2309 690 2350 non
710 2298 801 2364 potest
813 2309 906 2350 errare
926 2295 953 2350 in
969 2293 1027 2366 bis,
1042 2310 1113 2366 quae
1129 2295 1163 2352 ad
1198 2313 1272 2369 rore,
1288 2296 1330 2352 rel
1347 2295 1603 2367 inconsideratione,
1616 2293 1671 2349 sive
1682 2290 1823 2364 culpabili,
1836 2291 1893 2348 sire
1908 2289 2003 2347 incul-

362 2384 442 2442 tidem
456 2392 483 2441 et
499 2398 589 2440 mores
603 2381 749 2455 pertinent.
765 2381 843 2448 Quod
858 2387 901 2439 est
916 2384 959 2455 pie
974 2390 1000 2440 et
1012 2383 1163 2455 prudenter
1197 2385 1277 2457 pabili
1298 2386 1417 2459 letacii,
1433 2401 1495 2442 naru
1510 2399 1598 2454 error,
1615 2397 1793 2457 quocumque
1809 2391 1931 2452 tempore
1948 2395 2000 2437 co-

362 2475 469 2532 dictum
489 2479 624 2546 quantum
646 2470 680 2527 ad
702 2470 776 2543 leges
796 2473 874 2543 quasi
889 2471 1120 2542 fundamentales,
1135 2480 1163 2528 et
1197 2483 1357 2548 gnoscatur,
1373 2474 1559 2532 emendandus
1570 2480 1624 2539 est,
1636 2480 1665 2530 et
1676 2472 1835 2546 praesertim
1849 2469 2014 2544 quandoln·

362 2566 479 2621 manime
504 2560 687 2630 necessarias,
712 2566 741 2616 et
764 2567 898 2632 quantum
922 2560 957 2617 ad
981 2562 1161 2620 universalem
1197 2581 1343 2622 commune
1367 2563 1575 2623 incommodum
1596 2561 1750 2619 redundare
1769 2568 1870 2633 potest.
1891 2562 2000 2617 Secun-

362 2653 564 2726 abrogationem
584 2649 1162 2722 earnm.Eatautemseiendum,Pontid·
1196 2654 1243 2727 do,
1259 2655 1369 2727 quando
1383 2655 1475 2730 legum
1491 2653 1604 2711 materia
1619 2652 1737 2708 multum
1753 2651 1950 2722 variabilisest‚
1963 2657 1999 2706 ut
2062 2697 2065 2700 .

363 2757 423 2799 cem
439 2757 494 2797 non
509 2755 588 2812 posse
603 2754 696 2796 errare
712 2740 739 2793 in
753 2738 869 2798 serendis
881 2739 997 2811 legibus,
1010 2741 1161 2813 approban·
1196 2745 1328 2816 contingit
1348 2747 1375 2801 in
1398 2745 1503 2818 legibus
1525 2741 1681 2800 taxantibus
1702 2742 1788 2812 pretia
1807 2756 1913 2811 rerum,
1930 2740 2000 2812 quia

362 2829 410 2904 tle,
425 2847 474 2887 seu
491 2827 666 2902 proponendo
680 2827 830 2894 Ecclesiae,
846 2827 919 2899 quod
935 2829 1036 2886 melum
1050 2836 1103 2900 est,
1119 2831 1161 2887 vel
1197 2833 1272 2889 valor
1284 2849 1380 2890 earum
1401 2823 1434 2890 ea
1454 2834 1549 2905 copia,
1566 2831 1607 2887 rel
1623 2832 1710 2902 inopia
1725 2845 1820 2885 earum
1835 2829 1950 2900 pendet3
1966 2835 1999 2884 et

359 2919 439 2976 bonis
462 2918 587 2976 moribus
607 2919 790 2975 eontrarium.
810 2918 845 2973 Et
859 2933 924 2974 cunr
938 2919 1033 2975 eadem
1047 2936 1161 2992 propor·
1194 2923 1222 2976 in
1243 2921 1284 2976 bis
1305 2923 1374 2978 solet
1393 2937 1460 2978 esse.
1468 2921 1596 2994 frequens
1611 2921 1725 2976 mutatio
1740 2925 1852 2990 propter
1867 2918 1997 2991 frequen-

360 3012 433 3068 tione
443 3024 496 3065 nnn
512 3015 604 3080 potest
612 3023 705 3065 errare
717 3006 873 3079 abrogando
883 3007 1160 3080 legem,reprobando
1196 3017 1250 3066 tem
1272 3017 1425 3082 temporum
1446 3009 1614 3066 varietatem.
1636 3010 1665 3064 ln
1681 3008 1721 3063 bis
1734 3023 1801 3078 ergo
1818 3007 1922 3080 legibus
1938 3024 1997 3065 non

361 3106 491 3172 tanquam
509 3098 628 3167 melum,
649 3096 723 3170 quod
738 3095 840 3152 bonum
854 3103 913 3167 est,
928 3096 971 3153 rel
986 3097 1063 3154 bonis
1078 3099 1159 3155 mori·
1195 3099 1366 3171 eritiniust'a,
1379 3115 1429 3160 nec
1442 3098 1600 3170 imprudens
1613 3097 1737 3167 mutatio,
1749 3097 1856 3155 etiamsi
1867 3097 1996 3170 trequen-

359 3189 412 3246 bus
433 3187 507 3244 utile.
529 3189 622 3244 Potest
642 3193 732 3242 tamen
752 3185 896 3258 aliquando
911 3201 971 3242 esse
985 3203 1118 3246 excessus
1132 3190 1159 3244 in
1196 3195 1237 3245 ter
1251 3187 1306 3244 liat.
1330 3191 1364 3244 Et
1382 3188 1417 3244 ob
1438 3187 1560 3245 eamdem
1576 3201 1688 3242 eausam
1702 3193 1795 3258 potest
1810 3187 1922 3244 mutetis
1936 3187 1996 3244 lieri

361 3276 534 3334 multitudine
550 3274 725 3348 legum,quia
736 3273 787 3330 boc
800 3275 899 3345 pendet
908 3289 941 3331 er
953 3275 1098 3347 prudentia
1109 3280 1159 3335 bu·
1194 3279 1264 3334 intra
1285 3278 1367 3334 breve
1388 3284 1515 3350 tempus,
1537 3283 1569 3332 ut
1587 3277 1658 3332 intra
1677 3291 1779 3333 annum
1796 3284 1907 3349 propter
1920 3279 1997 3334 oeci·

359 3368 481 3424 manain
497 3364 656 3437 particulari
670 3362 819 3420 iudicante.
835 3365 869 3420 tir
879 3361 973 3421 eadem
985 3369 1158 3437 proportione
1193 3366 1304 3423 dentem
1320 3367 1500 3436 sterilitatem,
1516 3364 1558 3422 vel
1573 3365 1645 3422 intra
1658 3364 1769 3421 brevius
1783 3372 1904 3438 tempus,
1920 3369 1943 3423 si
1958 3382 1995 3423 ex

359 3463 472 3527 possent
494 3455 567 3528 leges
587 3453 700 3510 nimium
720 3451 852 3524 diminui,
873 3451 914 3508 rel
930 3452 1019 3526 aliqua
1033 3454 1159 3528 abrogari
1193 3455 1284 3528 aliquo
1298 3471 1368 3512 casu
1382 3457 1557 3526 contingente
1572 3454 1665 3511 similis
1682 3455 1798 3511 mutatio
1814 3455 1868 3512 fiat.

358 3559 391 3601 eo
410 3552 549 3617 tempore,
565 3559 621 3616 qno
636 3548 695 3598 erat
710 3541 802 3613 utilis,
819 3543 882 3614 quia
898 3541 950 3598 lroc
964 3545 1045 3600 etiam
1060 3544 1159 3615 pendet
1231 3546 1330 3602 Ultimo
1349 3545 1497 3601 dicendum
1517 3550 1574 3615 est,
1595 3544 1799 3616 abrogationem
1814 3543 1879 3616 legis
1894 3544 1993 3602 buma-

357 3635 385 3690 in
405 3632 565 3705 particulari
585 3649 618 3690 ex
637 3631 747 3688 arbitrio
768 3629 940 3702 prudentiali.
957 3632 1103 3703 Nunquam
1118 3640 1158 3688 ta·
1193 3650 1243 3691 nae
1264 3649 1425 3706 asupremo
1441 3634 1562 3705 principe
1578 3633 1677 3690 laetam
1693 3635 1749 3689 sine
1764 3648 1848 3690 causa
1862 3635 1992 3708 legitimd,

357 3737 438 3796 men,
454 3725 493 3780 ita
508 3722 666 3796 providente
681 3720 784 3791 Spiritu
798 3726 910 3790 sancto,
927 3719 955 3776 id
968 3720 1092 3777 bereum
1108 3737 1159 3778 no·
1192 3722 1308 3780 aolidem
1322 3737 1395 3793 esse,
1411 3721 1476 3778 licet
1487 3721 1585 3778 iniuste
1596 3722 1650 3778 liat.
1664 3722 1720 3778 llixi
1730 3737 1752 3778 c
1763 3738 1900 3794 supremo
1907 3727 1994 3799 prte-

357 3811 430 3869 tabili
446 3812 585 3870 Ecclesiae
598 3811 773 3868 detrimento.
1193 3814 1272 3886 cipe,
1291 3812 1355 3885 quia
1369 3813 1391 3866 si
1405 3811 1451 3868 liat
1465 3810 1499 3866 ab
1513 3810 1603 3883 aliquo
1619 3810 1737 3867 interiori
1750 3826 1782 3868 err
1799 3814 1993 3870 commissione

395 3906 484 3977 Atque
505 3917 537 3957 ex
560 3899 601 3956 lris
622 3904 713 3971 potest
733 3897 812 3955 lacile
832 3899 963 3972 intelligi,
980 3905 1076 3956 utrum
1093 3898 1157 3972 legis
1191 3904 1262 3973 eius,
1278 3900 1393 3958 inualida
1407 3899 1552 3958 iudicanda
1568 3901 1619 3957 erit
1631 3901 1693 3957 talis
1707 3901 1863 3973 abrogatio,
1878 3909 1993 3974 propter

357 3993 486 4061 mutatio,
503 3996 535 4046 ut
548 3987 622 4044 licita
637 3988 680 4057 sit,
696 3987 793 4044 debeat
807 4003 868 4044 esse
883 4003 945 4044 rara
960 3989 1078 4062 etlougo
1089 3993 1157 4046 tem·
1193 4006 1276 4062 supra
1297 3990 1371 4048 diota
1392 3989 1426 4046 de
1447 3988 1670 4061 dispensatione,
1690 4005 1761 4063 quae
1780 3989 1824 4046 bic
1836 3990 1992 4056 ,evidentius

356 4098 423 4157 pore
443 4087 506 4153 post
525 4077 614 4150 legem
633 4075 727 4132 latam.
748 4076 783 4132 tit
797 4075 867 4131 ratio
882 4075 1022 4132 dubitandi
1034 4093 1094 4133 esse
1109 4094 1157 4150 po·
1192 4080 1363 4152 proceduo13
1385 4080 1448 4152 quia
1462 4079 1505 4136 rel
1525 4079 1592 4136 liaec
1612 4085 1734 4151 potestas
1754 4096 1808 4137 non
1828 4079 1898 4136 solet
1915 4097 1993 4138 conr·

329 4167 333 4174 ’
357 4181 427 4244 test,
447 4169 512 4243 quio
531 4167 575 4224 lex
594 4181 648 4222 non
668 4163 751 4221 debet
769 4167 846 4237 poni,
863 4172 895 4222 ut
909 4166 1017 4223 modico
1033 4172 1156 4240 tempore
1192 4171 1261 4226 mitti
1276 4169 1467 4239 inferioribus,
1483 4168 1526 4225 vel
1540 4170 1646 4226 nonnisi
1660 4185 1709 4242 per
1723 4170 1834 4226 modum
1849 4169 1993 4243 dispensa·

356 4263 454 4332 duret,
470 4264 501 4315 ut
515 4256 583 4314 dixit
595 4254 624 4310 d.
640 4252 737 4310 Tbonr.
758 4255 782 4309 l.
798 4259 828 4336 2,
843 4269 871 4327 q.
890 4258 937 4317 96,
953 4261 1006 4312 art.
1026 4260 1052 4327 1,
1069 4262 1097 4312 et
1110 4271 1156 4328 pa·
1193 4260 1283 4332 tionis,
1299 4260 1342 4315 vel
1357 4259 1391 4316 ad
1406 4275 1544 4315 summurn
1558 4273 1606 4330 per
1617 4258 1729 4315 modum
1746 4258 1867 4330 partialis
1878 4275 1993 4318 revoca·

355 4357 415 4423 tet,
434 4348 498 4422 quia
518 4360 603 4418 supra
621 4350 764 4401 ostensum
783 4349 842 4414 ost,
860 4343 948 4417 legem
963 4343 996 4400 de
1013 4360 1041 4401 se
1055 4344 1156 4403 debere
1193 4350 1283 4423 tionis,
1298 4348 1331 4406 de
1345 4365 1401 4422 qua
1416 4347 1512 4405 eadere
1525 4355 1567 4405 est
1578 4349 1658 4404 ratio.
1671 4347 1790 4421 ideoque
1801 4346 1834 4405 de
1846 4347 1906 4406 solo
1917 4351 1992 4422 prin·

355 4453 417 4497 esse
438 4441 620 4510 perpetuam
642 4448 708 4505 orgo
730 4449 783 4490 non
805 4431 887 4489 debet
906 4432 978 4490 intra
993 4434 1074 4490 breve
1090 4440 1158 4492 tem·
1192 4438 1252 4510 cipe
1267 4436 1336 4494 solet
1349 4439 1400 4494 isto
1415 4438 1558 4494 conclusio
1574 4437 1668 4510 statui,
1684 4451 1755 4510 quse
1766 4440 1923 4496 communis
1935 4446 1989 4513 est,

355 4545 408 4602 pus
429 4525 539 4584 mutari.
561 4525 628 4581 llem
648 4525 727 4595 quia,
750 4528 783 4579 ut
802 4537 886 4594 supra
899 4522 1074 4597 dicebamus,
1090 4541 1156 4582 con·
1192 4533 1220 4584 el
1241 4526 1275 4584 ab
1295 4527 1347 4582 illis
1363 4530 1443 4584 etiam
1459 4526 1620 4604 auctoribus
1635 4523 1799 4600 admittitur,
1814 4529 1861 4599 qui
1877 4528 1990 4586 similem

356 4616 476 4675 suetudo
496 4621 539 4671 est
559 4615 716 4671 necessaria
736 4612 770 4670 ad
791 4611 949 4670 firmandam
972 4613 1075 4688 legem5
1097 4613 1157 4671 talis
1190 4615 1223 4672 de
1250 4617 1449 4688 dispensatione
1469 4623 1581 4690 negant.
1602 4617 1681 4672 ilatio
1702 4623 1793 4672 autem
1819 4616 1914 4674 eadem
1935 4627 1988 4692 est,

246 4773 249 4780 ,
355 4714 447 4765 autern
466 4702 641 4762 consuetudo
654 4703 769 4776 requirit
779 4701 941 4760 diuturnum
955 4710 1075 4776 tempus3
1088 4720 1155 4777 ergo
1191 4706 1255 4778 quia
1276 4705 1343 4777 legis
1365 4705 1494 4778 obligatio
1515 4705 1615 4777 pendet
1633 4721 1666 4761 ex
1685 4705 1826 4762 voluntate
1845 4707 1987 4780 principis3
2013 4783 2017 4790 Ι

355 4798 425 4856 ratio
445 4789 582 4869 postulat,
603 4801 635 4851 ut
652 4795 724 4850 intra
738 4791 821 4849 brera
836 4799 944 4864 tempus
959 4795 1074 4850 mutatio
1089 4793 1155 4866 legis
1190 4794 1319 4854 voluntas
1335 4803 1427 4852 autem
1441 4794 1502 4865 illa,
1518 4793 1583 4850 licet
1596 4794 1668 4850 mala
1681 4794 1733 4863 sit,
1749 4793 1875 4852 absoluta
1889 4805 1916 4852 et
1930 4797 1989 4854 eiii·

354 4904 409 4946 non
430 4887 484 4942 liat.
505 4886 650 4942 Praeterea
669 4882 737 4938 baec
759 4884 875 4939 mutatio
889 4883 955 4956 legis
970 4890 1037 4940 tunc
1052 4885 1156 4956 praeci·
1190 4899 1241 4940 oax
1255 4891 1313 4954 est3
1326 4900 1391 4958 ergo
1405 4884 1476 4942 tollit
1488 4885 1631 4955 imperium
1644 4890 1672 4940 et
1682 4883 1882 4957 obligationem.
1897 4888 1986 4944 ilices:

354 4993 409 5051 pue
429 4982 505 5032 recte
526 4975 572 5045 lit,
594 4972 706 5046 quando
725 4971 911 5043 experimento
926 4978 1051 5045 constat,
1068 4973 1156 5045 legem
1190 4974 1318 5031 voluntas
1338 4975 1456 5046 ponendi
1476 4974 1565 5047 legem
1586 4973 1643 5029 siue
1663 4975 1736 5030 insta
1757 4989 1842 5031 causa
1855 4990 1910 5031 non
1924 4976 1989 5034 lacit

353 5083 408 5123 non
421 5063 558 5137 expedites
573 5062 625 5119 boc
637 5067 728 5119 autern
739 5061 957 5133 experimentum
969 5078 1023 5120 non
1035 5064 1085 5118 nisi
1097 5063 1155 5120 lon·
1189 5064 1276 5137 legem
1299 5053 1429 5135 relidam,
1450 5063 1558 5120 etiamsi
1576 5077 1609 5120 ea
1623 5069 1701 5133 parte
1717 5062 1878 5136 legislatoris
1894 5064 1928 5121 sit
1942 5065 1988 5120 ab·

354 5171 389 5230 go
409 5162 533 5227 ternpore
553 5151 683 5209 sumitur.
705 5151 824 5222 benique
843 5150 878 5206 ob
894 5151 942 5207 bas
956 5158 985 5208 et
998 5151 1098 5209 similes
1111 5168 1155 5209 ra·
1190 5154 1291 5225 soluta,
1307 5154 1371 5224 quia
1386 5169 1440 5210 non
1454 5159 1546 5225 potest
1559 5151 1692 5226 quicquid
1703 5152 1778 5224 vult,
1790 5167 1855 5225 ergo
1865 5152 1933 5211 idem
1946 5159 1988 5210 est

355 5246 443 5308 tiones
463 5243 592 5318 frequens
613 5240 730 5300 mutatio
752 5241 846 5314 legum
865 5243 1048 5300 communiter
1062 5242 1153 5316 perai-
1189 5243 1368 5300 econtrario.
