4278 6242
870 366 1115 432 mannxxvrrr,
1705 351 1769 418 117

163 500 276 557 Rursus
288 501 495 571 consequenter
505 495 659 570 sirbiungit:
669 491 795 552 Nollem
805 491 974 552 telemach-
1010 495 1137 570 punitur,
1158 497 1319 572 frequenter
1340 497 1409 557 haec
1428 497 1484 557 duo
1499 499 1721 572 coniunguntur,
1737 502 1769 555 ut
1781 495 1809 554 in

163 593 300 648 tractem
311 585 554 645 oldericolumas
565 585 755 643 sabsecutam
765 587 911 650 intereos,
924 585 976 656 qut
1009 587 1196 656 superioribus
1210 591 1301 647 visum
1316 595 1367 646 est.

164 677 228 754 tege
249 678 434 736 concrctam
449 674 642 751 prohibente:
662 675 785 748 pondero
804 676 876 730 enim
891 672 975 729 verbo
1049 683 1075 736 8.
1092 679 1159 736 Dico
1180 694 1263 753 ergo,
1279 679 1362 738 talem
1378 684 1472 738 actum
1486 677 1540 736 dici
1554 693 1615 735 esse
1628 677 1737 735 nullum
1749 676 1809 749 ipsc

164 769 212 828 illa
228 767 327 826 uideri
339 766 487 835 colamus,
504 753 570 840 'quia
583 764 617 822 ad
632 771 725 823 actum
741 764 857 821 bominis
871 777 972 820 conve·
1008 763 1095 839 lactc,
1110 767 1152 824 vel
1166 769 1224 841 ipso
1238 755 1383 843 lurc,quia
1396 785 1429 828 eo
1445 769 1514 842 ipso,
1530 765 1603 842 quod
1618 768 1647 824 fit
1660 773 1758 824 contra
1771 765 1809 823 lc·

165 859 336 918 nientiseime
357 857 533 928 reseruntur,
555 861 583 913 et
603 853 663 913 idac
683 857 711 912 in
725 854 877 926 benigniori
890 867 975 908 sensu
1009 869 1071 928 gem
1083 856 1286 931 prohibentem,
1298 863 1341 916 eet
1352 859 1495 916 subiectus
1508 857 1696 914 retractationi
1709 860 1739 911 et
1748 855 1811 913 nul·

167 955 236 1006 sunt
260 947 482 1018 interpretanda,
504 961 559 1001 non
579 945 652 1001 enirn
672 943 770 1001 dicunt
787 951 880 1000 actum
895 943 975 998 abeo·
1008 942 1079 1002 litati
1100 946 1134 1003 ab
1155 948 1215 1020 ipso
1229 953 1351 1022 puncto,
1366 951 1392 1005 in
1407 963 1463 1022 quo
1476 947 1520 1020 iit3
1537 947 1572 1004 ita
1588 951 1629 1017 ut,
1643 945 1709 1002 licet
1721 944 1808 1003 multo

166 1039 226 1095 lute
244 1052 308 1094 esse
322 1035 440 1105 nullum,
457 1032 505 1091 sed
519 1033 557 1090 ila
567 1031 674 1094 videri,
690 1031 718 1089 id
732 1038 776 1089 est
788 1030 933 1102 declarari,
948 1035 976 1086 et
1008 1041 1105 1106 postea
1135 1043 1258 1109 tempora
1282 1038 1388 1095 teratur
1413 1037 1545 1094 sententia
1569 1040 1664 1092 contra
1687 1033 1808 1092 valorem
1844 1081 1851 1094 .

166 1126 283 1184 iudicari
300 1124 410 1183 debere.
426 1125 461 1180 llt
474 1122 602 1181 eumdem
616 1137 728 1180 sensum
742 1120 844 1178 babent
857 1119 903 1176 illa
913 1135 975 1176 nott
1009 1131 1102 1198 actus3
1120 1125 1294 1185 nibilominus
1309 1126 1440 1185 sententia
1454 1124 1659 1185 retrotrahatur
1670 1138 1759 1196 usque
1772 1121 1808 1179 ad

167 1216 268 1274 solum
285 1213 418 1282 inutilia,
431 1213 485 1271 sed
491 1229 549 1288 pro
558 1211 678 1284 toseriis
688 1214 779 1269 etitem
789 1210 973 1274 habeantur:
1008 1211 1075 1271 illud
1092 1220 1211 1288 tempus,
1227 1218 1255 1272 in
1269 1232 1324 1290 quo
1338 1217 1430 1273 lactus
1445 1223 1497 1288 est,
1513 1222 1541 1272 et
1554 1217 1754 1286 consequenter
1766 1227 1807 1270 re·

168 1307 265 1380 utique
286 1303 452 1376 iamdicto,
473 1319 537 1360 nam
551 1301 620 1360 baec
634 1308 663 1359 et
676 1299 774 1358 similia
788 1300 870 1356 verba
884 1298 919 1355 ad
929 1297 975 1353 iu·
1009 1308 1105 1376 vocet,
1127 1311 1156 1361 et
1177 1305 1299 1362 annullet
1319 1322 1413 1362 omnes
1434 1305 1550 1363 auectus
1570 1306 1645 1374 eine,
1660 1302 1809 1360 attulerat

169 1395 275 1452 dicium
295 1393 412 1451 bominis
431 1392 529 1449 reterri
550 1379 648 1448 solent.
671 1390 793 1462 benique
813 1389 877 1445 huic
890 1389 973 1443 inler-
1008 1407 1103 1450 omnes
1118 1393 1245 1470 effectus,
1261 1401 1290 1452 at
1304 1395 1444 1468 utilitates,
1459 1410 1528 1468 quas
1544 1392 1708 1450 contrahens
1718 1407 1753 1451 ex
1762 1391 1809 1449 illo

167 1483 315 1556 pratalioni
330 1487 484 1560 consonant
497 1481 581 1537 verba
594 1480 700 1537 loannis
712 1493 796 1551 naboe
807 1478 833 1534 in
844 1492 906 1548 coit·
923 1479 952 1533 V
949 1478 974 1534 l·
1008 1489 1074 1541 actu
1096 1491 1153 1541 tcto
1174 1485 1220 1541 illo
1241 1491 1363 1558 tempore
1379 1490 1548 1542 consecutus
1560 1489 1617 1554 eat,
1632 1497 1703 1554 quos
1717 1485 1809 1538 brnen

167 1573 229 1640 des,
248 1571 314 1628 dist.
335 1575 383 1628 lb:
409 1567 497 1647 Quod
517 1573 626 1626 contro
646 1568 723 1640 leges
745 1568 903 1640 accipiter,
917 1579 974 1638 per
1008 1579 1102 1644 posset
1115 1574 1140 1630 in
1156 1575 1324 1632 conscientia
1339 1576 1468 1644 retinere,
1485 1570 1808 1629 sicontraillumactnm

167 1661 245 1734 leges
266 1658 548 1717 dissolututeretur.
563 1660 600 1715 Et
612 1659 638 1714 in
653 1658 705 1716 bac
719 1657 887 1730 expositione
899 1654 973 1710 illius
1008 1662 1073 1719 nibil
1093 1663 1119 1719 in
1141 1663 1259 1721 humano
1274 1662 1375 1721 judicio
1390 1665 1475 1720 fieret,
1491 1661 1569 1731 Quod
1584 1667 1675 1718 autem
1691 1659 1736 1715 hic
1749 1674 1808 1716 mc-

169 1750 237 1824 ¹035ss
257 1750 395 1807 ⁰⁰¹l⁵0⁰¹ll
414 1748 558 1805 ¹¹⁰bl⁸⁰¹¹⁰¹
578 1746 670 1821 ‘lumi
691 1747 762 1802 banc
782 1751 888 1818 partem
902 1745 973 1801 llen·
1007 1749 1060 1808 dua
1082 1753 1207 1810 irritandi
1228 1761 1323 1811 actum
1343 1751 1401 1824 ipso
1421 1754 1494 1810 iacto
1508 1753 1544 1809 eit
1556 1750 1691 1824 possibilis
1705 1763 1754 1821 per
1768 1749 1807 1806 le·

168 1841 230 1899 don.
248 1855 344 1914 supra,
355 1845 383 1895 et
396 1838 507 1894 inclinat
518 1837 610 1894 ΜοΙίῐὶ.
628 1839 789 1893 tradidim-
806 1832 843 1889 tle
854 1834 975 1890 iustitio
1008 1857 1070 1914 gem
1093 1842 1259 1911 humanam,
1280 1859 1329 1915 per
1349 1857 1379 1899 gg
1399 1848 1496 1900 notum
1514 1841 1667 1899 videturex
1681 1837 1760 1897 dictis
1775 1839 1809 1897 de

168 1927 241 2002 disp.
266 1935 320 2001 88,
341 1927 375 1984 id
395 1927 629 1983 ⁰⁰¹¹fli¹1¹lli0¹¹0m
645 1924 723 1998 primi
739 1922 902 1995 llBUffltssli·
923 1920 975 1977 ᾹΙῑί
1007 1945 1097 2002 poena
1119 1931 1177 2004 ipsc
1197 1932 1271 1989 lacto
1294 1934 1418 2004 imposita
1433 1947 1481 2004 per
1494 1931 1597 2005 legem,
1614 1944 1676 1986 nam
1691 1927 1759 1986 hacc
1771 1930 1809 1985 ir-

169 2033 236 2076 rero
249 2017 355 2090 antiqui
370 2015 484 2073 contuse
499 2014 668 2087 loquuntur,
684 2011 830 2086 aliquando
843 2011 914 2068 anim
928 2025 974 2066 ex·
1008 2019 1114 2092 fiterio,
1134 2019 1169 2078 da
1189 2037 1243 2094 qua
1257 2037 1332 2078 nunc
1347 2020 1498 2094 loquimur,
1514 2019 1635 2092 poenalis
1648 2023 1701 2090 est,
1718 2023 1749 2074 ut
1762 2016 1810 2075 dc·

169 2115 279 2181 ponunt
293 2106 367 2164 illum
377 2107 466 2179 legem
481 2104 514 2162 dd
529 2103 651 2161 nullitate
661 2105 722 2175 ipsi)
736 2105 811 2172 iure,
827 2099 974 2175 aliquando
1009 2109 1123 2167 clai-gvi,
1146 2109 1224 2178 Quod
1243 2127 1310 2168 egro
1329 2110 1362 2168 dg
1377 2111 1429 2168 hog
1445 2111 1539 2168 saliem
1555 2109 1635 2168 modo
1649 2108 1809 2166 irritationis

170 2213 237 2254 vero
258 2197 293 2254 de
314 2195 438 2253 nullitate
463 2209 515 2267 ope
539 2194 722 2268 exceptionlee
745 2199 774 2248 el
798 2191 820 2246 ti
847 2190 900 2248 hoc
927 2205 975 2262 po-
1009 2199 1068 2272 ipso
1083 2199 1157 2257 lacto
1177 2199 1308 2274 loquatur
1323 2201 1366 2258 lex
1379 2217 1440 2258 ooo
1453 2199 1587 2269 dublum,
1606 2197 1705 2272 colligo
1720 2198 1809 2269 primo

170 2287 278 2345 nteriori
301 2285 383 2343 modo
406 2284 593 2358 intelligatur,
618 2283 726 2341 clarum
749 2288 809 2354 esi,
833 2297 889 2338 11011
913 2297 974 2337 esse
1008 2288 1108 2347 exiliis
1123 2289 1230 2361 verbis,
1246 2307 1317 2364 quae
1331 2296 1398 2347 sunt
1412 2290 1438 2347 in
1452 2291 1511 2364 lege
1524 2288 1677 2360 The'odosii,
1692 2285 1809 2345 locatos

171 2383 268 2435 actum
285 2379 395 2434 omnino
408 2375 516 2432 nullum
530 2375 555 2430 ill
569 2373 752 2446 conscientia,
766 2370 854 2429 donee
868 2386 917 2452 pel·
930 2387 976 2428 ex·
1008 2395 1056 2438 reg
1064 2379 1138 2454 fisci
1148 2381 1262 2439 viribus
1271 2379 1437 2450 vindicari·
1449 2395 1520 2456 quae
1530 2379 1609 2453 piane
1619 2378 1752 2450 indicant,
1763 2393 1818 2434 res·
1829 2386 1843 2446 J

170 2469 328 2540 ceptionem
348 2467 483 2524 irritetur:
505 2466 531 2521 in
545 2465 629 2538 priori
647 2470 739 2522 atthm
761 2479 844 2521 sensu
866 2462 974 2520 videtur
1008 2470 1070 2528 illas
1091 2470 1213 2546 locatas,
1229 2486 1261 2529 ρο
1275 2473 1335 2544 ipso
1351 2486 1461 2529 manere
1476 2470 1658 2541 confiscatam
1675 2467 1809 2526 confisca-

170 2556 341 2630 dloeodttm‚
366 2555 459 2614 stetim
483 2554 613 2613 inducero
637 2553 830 2628 obligationem
853 2553 881 2610 in
906 2568 974 2610 00¹1·
1009 2562 1048 2618 tio
1062 2566 1155 2618 antem
1177 2561 1236 2635 ipso
1252 2561 1325 2618 lacto
1340 2562 1507 2632 incurritur,
1522 2561 1636 2634 eiusque
1650 2557 1690 2614 vis
1704 2564 1761 2630 ast,
1777 2562 1809 2615 ut

171 2647 299 2704 scientia.
1010 2651 1144 2707 sententia
1163 2650 1330 2708 declarativa
1351 2650 1411 2708 talis
1430 2648 1523 2707 delicti
1545 2664 1632 2722 usque
1653 2645 1686 2704 ad
1699 2652 1808 2719 tempus

215 2734 332 2794 tunm
343 2733 459 2792 obiicere
469 2749 618 2806 possumus
629 2739 725 2790 contra
735 2730 915 2789 assertionem
926 2747 974 2804 po·
1009 2741 1151 2798 commissi
1164 2739 1257 2797 delicti
1270 2739 1483 2813 retrotrahatur,
1497 2739 1562 2797 licet
1572 2743 1634 2796 ante
1646 2739 1808 2796 mutandam

170 2825 265 2897 silam,
280 2825 345 2898 quia
358 2822 465 2881 videtur
479 2822 724 2880 contradictionem
739 2820 887 2892 involvere,
900 2819 974 2894 quod
1009 2845 1060 2886 nec
1081 2831 1283 2902 possessionem
1306 2827 1430 2902 aulerat,
1451 2829 1637 2900 necomnino
1657 2826 1807 2885 dominium

170 2913 216 2971 ¹0¹
237 2914 323 2970 ῐῑῐῑῑθῑ
342 2920 438 2971 illum
458 2914 520 2985 il)so
539 2913 608 2982 iure,
625 2911 667 2968 li!
681 2910 770 2982 (⁸⁰¹⁰,
786 2917 814 2967 θῑ
827 2909 901 2983 quod
920 2925 974 2965 ¹¹⁰⁰
1009 2919 1103 2991 tollat,
1123 2934 1173 2977 seu
1191 2917 1336 2992 impediat,
1352 2926 1381 2977 et
1394 2924 1596 2992 consequenter
1612 2931 1699 2990 neque
1714 2921 1807 2972 actum

170 3005 267 3062 stetim
287 3003 390 3077 obliget
415 3003 442 3058 in
464 2999 643 3060 constitutit·
665 3004 733 3059 Nom
756 3001 778 3057 sl
799 3007 974 3072 comitiolus,
1009 3009 1119 3066 omnino
1130 3009 1254 3066 annullet
1264 3009 1290 3065 in
1302 3007 1619 3066 conscientia.Secundo
1630 3005 1656 3062 id
1667 3005 1808 3077 colligoex

170 3111 199 3150 v.
216 3110 244 3168 g.
260 3099 303 3150 eet
315 3096 376 3167 ipso
390 3093 449 3150 iure
466 3091 574 3166 nullum
594 3107 661 3166 ergo
678 3107 729 3149 neo
744 3090 874 3149 transferi
887 3089 975 3148 domi·
1009 3099 1061 3157 illis
1074 3099 1164 3158 verbio
1184 3099 1329 3175 utriusque
1348 3099 1466 3157 codicis:
1482 3096 1606 3157 Nullum
1618 3099 1753 3171 poclum,

170 3185 267 3255 nium,
289 3199 340 3240 ¹¹0⁰
361 3182 409 3239 dli
428 3180 889 3256 5⁰⁸3018⁰¹¹⁰¹¹10dffllll¹l¹¹ffliss
908 3197 975 3238 0⁰¹²·
1008 3187 1105 3246 videri
1123 3187 1260 3246 colemus
1283 3189 1482 3247 subsecutum.
1505 3189 1579 3256 Quae
1599 3185 1634 3242 ad
1652 3186 1743 3242 minus
1760 3183 1808 3241 ba·

170 3273 286 3331 scientia
300 3287 376 3342 eum,
395 3273 443 3345 qui
456 3272 556 3344 aliquid
570 3270 692 3344 possidet
705 3287 740 3329 en
752 3273 778 3327 ri
792 3270 852 3328 talis
864 3279 974 3330 contra·
1008 3279 1075 3337 bont
1094 3279 1168 3337 hunc
1189 3295 1316 3350 sensum,
1339 3278 1416 3352 quod
1435 3277 1515 3336 iudex
1529 3280 1566 3334 ita
1578 3275 1660 3333 debet
1673 3273 1806 3348 iudicare,

172 3371 253 3433 ctus;
276 3376 342 3436 ergo
362 3359 468 3418 inducit
487 3361 676 3434 obligationem
690 3361 717 3418 in
730 3361 908 3419 conscicntia.
922 3364 975 3419 lle·
1008 3378 1037 3426 et
1056 3366 1197 3426 declarare
1218 3368 1294 3427 illum
1316 3375 1428 3440 aetum,
1445 3383 1477 3424 ac
1497 3367 1519 3423 si
1538 3365 1630 3423 nullus
1644 3369 1807 3421 contractus
1850 3417 1853 3424 ,

173 3450 308 3524 δβθῦᾶθθι
324 3451 417 3524 ”edili
431 3467 484 3508 ¹¹⁰⁰
499 3467 592 3524 9⁰⁵⁸&
609 3453 738 3524 inspectis
751 3452 839 3508 lillis
853 3451 925 3509 illini
936 3451 974 3509 ¹0·
1009 3464 1058 3515 aut
1078 3459 1224 3516 contentio
1245 3458 1386 3532 perillum
1405 3457 1476 3513 lacta
1490 3460 1577 3525 esset,
1593 3459 1621 3510 et
1634 3467 1807 3526 consequen·

171 3543 226 3615 gis,
243 3540 310 3615 quin
324 3539 446 3597 indicent
459 3556 576 3613 poenam
591 3541 649 3613 ipso
663 3543 724 3599 iure
739 3541 832 3614 latam,
847 3544 924 3599 iuxta
935 3541 974 3599 di·
1008 3555 1050 3605 ter
1065 3547 1208 3605 declarare
1222 3547 1323 3619 debet,
1338 3546 1440 3604 nnllam
1461 3545 1649 3618 obligationem
1664 3541 1818 3623 nullumve!

172 3637 222 3704 cta,
241 3646 325 3702 supra
340 3630 373 3687 de
388 3630 448 3704 tege
461 3629 578 3701 poenali·
594 3631 673 3698 Quod
687 3636 760 3702 patet
773 3647 806 3688 ex
820 3629 890 3687 illis:
904 3635 973 3690 Neo
1007 3639 1137 3696 abactam
1157 3638 1256 3694 babere
1272 3637 1410 3708 potuisse:
1425 3649 1538 3696 necesse
1551 3639 1593 3689 est
1607 3647 1685 3704 ergo,
1700 3636 1732 3687 ut
1745 3630 1805 3687 talis

174 3721 272 3780 solem
287 3721 422 3788 intitulat
436 3719 488 3776 ted
498 3723 653 3794 etiamprc
663 3717 971 3792 instrumentalem
1008 3729 1142 3786 sententia
1151 3726 1363 3799 retrotrahatur,
1373 3725 1437 3800 qnia
1448 3723 1596 3781 declaratio
1608 3720 1805 3795 lerturdeipso

171 3819 200 3868 et
216 3827 248 3868 ea
263 3810 330 3868 illis:
347 3809 408 3868 Sed
423 3813 450 3865 et
464 3808 667 3884 siquidstterit
679 3810 867 3868 subsecutam
877 3827 916 3869 eoo
926 3827 969 3878 eo,
1007 3824 1073 3876 totu
1088 3817 1212 3875 absolute
1226 3822 1254 3874 et
1267 3819 1469 3890 consequenter
1483 3813 1517 3871 ab
1530 3827 1563 3870 eo
1577 3817 1690 3884 puncto,
1707 3812 1735 3867 in
1750 3826 1805 3884 quc
1917 3851 1919 3856 ,

171 3899 251 3958 tttoct
271 3914 386 3974 quoque
404 3915 525 3956 cossam
539 3903 627 3972 atque
640 3899 744 3958 irtuttle
758 3915 819 3957 esse
830 3904 974 3976 perspici·
1005 3907 1096 3965 iactus
1109 3913 1162 3964 est.
1246 3930 1252 3941 ·

174 4007 255 4048 mus.
265 3987 443 4071 Nihilominus
456 3994 546 4046 tamen
555 3987 629 4060 dico,
638 3988 831 4048 contrahentes
842 4006 896 4047 non
907 3990 974 4050 obli·
1045 3997 1136 4054 Tertio
1154 3995 1182 4052 id
1198 3995 1284 4070 magis
1298 3994 1456 4052 declaratur
1469 3995 1496 4050 in
1510 3993 1560 4050 illis
1573 3992 1680 4049 verbis:
1697 3991 1807 4047 Huius·

171 4080 236 4152 gari
256 4078 303 4134 illa
321 4076 381 4151 lege
403 4075 437 4132 ad
457 4075 644 4150 exequendam
665 4078 691 4133 in
706 4094 735 4135 se
749 4078 831 4135 talem
847 4094 971 4153 poenam,
1006 4085 1090 4144 modi
1101 4083 1195 4158 soctc
1213 4101 1273 4142 oon
1294 4084 1391 4142 solam
1403 4082 1540 4150 inutilla,
1557 4080 1609 4140 aad
1620 4096 1674 4156 pro
1688 4077 1806 4151 infectis

117 4177 128 4188 ·
173 4184 226 4225 nec
246 4159 279 4224 ad
299 4165 511 4225 rescindendum
526 4174 701 4226 contractum
716 4175 778 4226 ante
798 4170 970 4228 sententiam.
1007 4179 1100 4233 etlam
1123 4176 1304 4234 habeantur.
1327 4177 1463 4233 llicnntur
1487 4179 1577 4232 autem
1602 4169 1722 4241 inutilia,
1742 4169 1806 4243 quia

173 4253 260 4330 idque
275 4257 377 4313 clarius
391 4261 445 4328 cst,
458 4255 568 4330 quando
580 4257 774 4315 contrahentes
784 4261 970 4334 consentiunt,
1006 4267 1115 4323 nultum
1134 4265 1260 4323 fructum
1286 4281 1381 4338 parere
1406 4270 1538 4338 possunl3
1561 4259 1715 4319 revocando
1740 4265 1807 4316 sunl

172 4354 200 4405 et
213 4352 313 4404 neuter
328 4345 361 4402 ab
375 4345 461 4403 altero
476 4348 544 4418 petit
557 4347 776 4418 dissolutionem,
789 4365 837 4406 seu
849 4350 972 4407 annulla-
1007 4369 1073 4428 ergo
1090 4355 1261 4428 aprincipio,
1271 4353 1337 4411 alias
1349 4370 1401 4411 non
1413 4369 1512 4426 parum
1523 4353 1600 4410 utilia
1609 4365 1670 4408 esse
1681 4356 1802 4422 possent.

174 4439 276 4494 donem
295 4442 390 4508 actus,
412 4436 477 4508 qnia
489 4435 533 4492 hic
549 4442 644 4494 neuter
659 4437 739 4495 alteri
753 4439 820 4496 lacit
833 4440 970 4512 iniuriam,
1007 4446 1042 4503 Et
1056 4445 1110 4502 boc
1125 4445 1291 4517 explicatur,
1307 4459 1372 4502 cum
1385 4443 1513 4500 additur:
1529 4440 1585 4501 Sed
1595 4447 1622 4498 et
1632 4436 1806 4513 siquidsue-

173 4533 202 4582 et
217 4531 333 4596 uterque
347 4524 453 4592 ridetur
467 4525 518 4581 iuri
532 4541 583 4581 sno
599 4525 708 4583 cedere.
725 4528 917 4586 Verumtamen
930 4535 973 4587 et·
1006 4536 1047 4590 rit
1061 4533 1251 4592 subsecutam
1265 4549 1301 4590 en
1312 4549 1353 4601 eo,
1367 4530 1412 4588 cel
1423 4531 1457 4588 ob
1468 4529 1510 4598 td,
1525 4527 1604 4604 quod
1613 4526 1819 4606 interdicente,

173 4614 250 4671 iamsi
271 4630 344 4670 unua
364 4615 490 4686 privatim
511 4621 600 4686 petat,
622 4614 693 4674 alius
713 4633 768 4674 non
790 4619 926 4677 tenebitur
945 4621 972 4676 in
997 4621 1123 4696 sactum
1136 4629 1180 4682 est
1193 4622 1264 4698 lege,
1280 4621 1360 4680 illoti
1373 4637 1483 4697 qaoque
1497 4636 1617 4679 rossum
1632 4623 1720 4692 cique
1737 4621 1806 4674 inu·

173 4705 358 4775 conscientia,
373 4707 437 4776 quia
452 4711 548 4762 neubr
562 4710 672 4762 tenetur
688 4708 713 4762 in
727 4707 894 4765 conscientia
908 4725 972 4780 poe·
1007 4711 1058 4771 tile
1077 4729 1139 4770 esse
1156 4715 1363 4789 perspicimus.
1386 4712 1421 4768 Et
1440 4710 1534 4768 eadem
1555 4711 1659 4767 ratione
1674 4709 1806 4766 dicuntur

173 4809 236 4851 narn
251 4794 351 4864 subire,
366 4793 410 4850 rel
424 4793 584 4864 admittere,
598 4794 686 4852 donec
699 4811 747 4869 per
758 4795 876 4854 iudicem
888 4815 972 4872 coga·
1007 4819 1059 4875 pro
1073 4803 1179 4861 iniectis
1194 4803 1298 4876 baberi,
1315 4804 1381 4878 quia
1394 4803 1432 4861 ita
1444 4801 1478 4860 de
1491 4801 1544 4858 illis
1558 4785 1803 4870 iudicandnm‘est,

174 4889 233 4953 tur,
246 4889 277 4939 ut
290 4883 316 4940 in
331 4881 412 4968 simili
423 4890 500 4940 recte
510 4881 683 4941 dixittlastro
696 4885 777 4945 lib.2.
790 4885 826 4943 dc
838 4885 892 4960 leg.
900 4904 971 4962 poe·
1007 4906 1040 4964 ac
1061 4892 1083 4948 si
1104 4907 1156 4949 non
1177 4899 1270 4950 essent
1288 4893 1370 4962 iacta,
1385 4898 1413 4950 et
1425 4895 1626 4964 consequenter
1640 4903 1734 4946 omnes
1749 4886 1806 4944 iru-

173 4971 239 5031 nat.
252 4987 315 5045 cap.
327 4977 356 5043 2,
366 4971 453 5029 corol.
469 4977 496 5030 3.
507 4975 602 5046 Neque
617 4982 772 5048 repugnant
783 4975 826 5033 illa
836 4976 904 5047 duo,
917 4980 972 5035 sci·
1007 4987 1071 5038 ctus
1093 4982 1232 5040 auterendl
1247 4988 1327 5051 sunt,
1343 4988 1398 5040 eto.
1414 4985 1505 5055 Atque
1520 4979 1573 5052 boc
1589 4978 1670 5036 modo
1684 4975 1805 5048 explica·

173 5063 256 5134 licet,
272 5062 428 5121 nullitatem
442 5065 502 5136 ipso
516 5065 590 5121 lacto
606 5065 722 5137 imponi,
738 5074 766 5123 et
780 5083 834 5124 non
852 5068 971 5142 obligare
1007 5078 1052 5128 tur
1066 5072 1181 5129 verbum
1202 5072 1267 5130 illud
1285 5074 1311 5130 in
1325 5074 1345 5130 l.
1364 5070 1512 5137 iubentes,
1530 5067 1543 5137 i
1563 5083 1650 5137 scot,
1669 5068 1699 5124 o.
1714 5065 1749 5124 de
1763 5081 1806 5123 sa·

171 5155 199 5211 in
215 5154 384 5211 conscientia
398 5157 459 5210 ante
474 5155 652 5228 sententiam3
668 5171 729 5212 nant
742 5155 972 5232 inpoenispriva·
1006 5177 1082 5219 cros.
1105 5163 1214 5221 Eccles.
1237 5163 1283 5221 ubi
1304 5163 1430 5221 alienatio
1449 5161 1586 5218 bonorum
1605 5155 1806 5216 ecclesiastico·

173 5242 253 5318 tiria,
268 5244 383 5302 merline
397 5242 508 5318 quando
522 5246 669 5318 requirunt
682 5247 821 5304 actionem
834 5249 909 5321 eius,
924 5250 970 5323 qui
1006 5267 1070 5310 rum
1089 5252 1209 5314 indebito
1224 5255 1304 5313 modo
1318 5254 1408 5321 lacta,
1425 5253 1467 5310 bie
1481 5253 1574 5313 verbis,
1586 5251 1722 5309 irritatur:
1744 5248 1805 5322 Qut
