4278 6242
391 342 433 403 92
684 366 688 374 ·
1091 357 1239 406 nmnnv.

356 480 439 538 modo
458 477 486 535 id
506 478 667 552 contingere
687 485 788 551 potest.
805 480 896 536 Primo
917 481 988 536 enim
1008 447 1162 553 impeditur·
1194 485 1244 551 tat,
1260 495 1309 538 eeu
1324 480 1486 538 sententiam
1500 493 1554 534 non
1569 478 1682 551 prolart3
1698 494 1762 538 uam
1777 480 1834 537 sire
1850 479 1930 549 iure,
1948 478 2002 534 sire

357 569 413 624 sine
428 568 575 640 iniustitia,
592 570 616 624 sl
631 574 710 625 actus
721 569 756 626 sit
766 569 907 640 occultus,
922 570 960 626 ita
975 575 1005 628 ut
1016 573 1042 626 in
1056 568 1158 627 iudicio
1195 570 1293 626 iniuria
1306 569 1332 627 id
1344 568 1435 626 lacere
1446 566 1701 641 omittat,quamdiu
1714 585 1780 628 cum
1790 569 1897 626 ellectu
1910 575 2005 626 aetum
2066 565 2067 624 Q

356 655 465 730 probari
481 671 533 713 non
549 659 647 730 poesin
663 659 728 732 quia
742 673 774 716 ex
790 660 815 714 vi
832 657 890 714 talis
904 659 970 733 legis
985 673 1065 718 nemo
1080 666 1156 717 tene·
1193 673 1246 716 non
1261 659 1366 730 irritat,
1381 657 1426 714 ille
1442 657 1561 714 valorem
1575 673 1658 716 suum
1671 661 1771 718 retinet
1783 673 1851 716 oum
1866 657 2004 714 omnibus
2066 651 2067 670 ³

358 752 404 805 tur
418 752 511 803 actum
526 761 607 802 suum
624 747 746 821 irritare,
763 746 805 804 rel
819 754 993 808 contractum
1008 748 1158 806 dissolven-
1193 746 1353 817 effectibus,
1373 746 1420 819 qui
1434 746 1469 803 ab
1484 746 1528 804 illo
1541 753 1706 806 naseuntur.
1723 747 1881 818 Probatur,
1903 747 2008 820 quiasi
2066 773 2067 776 κ

358 834 409 908 do,
425 834 467 891 vei
483 835 624 908 spoliando
638 852 668 893 se
683 837 767 894 rebus
781 839 915 911 acceptis,
932 844 963 896 ut
976 839 1065 910 eapite
1080 852 1158 910 prae·
1193 840 1341 894 omittatur
1360 836 1476 893 irritatio
1495 837 1552 892 sina
1567 837 1698 894 iniustitia
1712 837 1843 909 alicuius,
1862 844 1936 894 tunc
1951 851 2007 892 ssa·

358 924 467 982 cedenti
486 923 591 982 dietum
611 932 662 982 est.
679 927 713 982 Et
731 927 792 984 ideo
806 927 868 984 nibil
883 934 997 1000 peccat,
1014 929 1062 1002 qni
1077 927 1160 985 talem
1195 932 1244 984 net
1264 940 1309 981 res
1332 925 1357 980 in
1376 924 1474 982 eodem
1489 931 1581 995 statu,
1596 926 1622 982 in
1635 941 1691 998 quo
1705 932 1784 984 antea
1797 933 1872 996 erat,
1889 930 1920 982 et
1933 923 2009 982 nulla
2066 979 2067 1004 2

359 1022 454 1072 sctum
476 1013 622 1072 occultum
643 1020 772 1088 tanquam
794 1016 904 1074 omniuo
924 1017 1032 1074 firmum
1048 1023 1077 1076 et
1092 1017 1158 1073 rali-
1196 1017 1265 1072 ratio
1286 1029 1373 1071 novae
1395 1013 1569 1087 obligationis
1582 1016 1744 1073 intervenit:
1760 1017 1784 1070 si
1799 1030 1867 1071 vero
1883 1015 2007 1070 irritatio

360 1105 426 1165 dum
450 1110 584 1176 perpetuo
608 1111 771 1178 conservat,
797 1108 864 1179 quia
886 1121 915 1164 re
934 1122 999 1164 vera
1023 1106 1086 1164 talis
1103 1112 1157 1176 est,
1198 1105 1297 1162 iniuste
1311 1103 1444 1176 denegata
1456 1103 1655 1174 est,tenebitur
1667 1103 1778 1177 quidem
1789 1104 1824 1162 ad
1834 1119 2009 1175 recompen-

359 1192 490 1266 quamdiu
511 1207 527 1247 a
547 1192 639 1248 iudice
660 1208 715 1248 non
736 1194 870 1252 irritatur.
886 1197 981 1268 Neque
1000 1196 1081 1254 etiam
1095 1209 1161 1267 pec·
1198 1194 1316 1251 eandum
1330 1191 1475 1264 damnum,
1490 1194 1538 1265 qui
1551 1193 1681 1250 iniuriam
1696 1191 1797 1263 intulit,
1809 1192 1870 1248 sire
1886 1193 1936 1248 ille
1950 1192 2009 1250 lue·

360 1288 423 1352 cat,
444 1281 548 1338 etiamsi
562 1288 655 1340 actum
675 1283 818 1340 occultum
834 1284 960 1357 retineat,
976 1299 1010 1342 ne
1024 1284 1160 1355 irriteturq
1197 1284 1234 1341 rit
1253 1282 1353 1352 iudea,
1378 1282 1479 1338 iniuste
1494 1279 1640 1338 iudicando
1653 1286 1753 1338 eontra
1765 1281 1888 1354 allegata
1900 1286 1934 1338 et
1948 1295 2011 1352 pro-

360 1370 425 1442 quia
445 1386 478 1427 err
499 1370 551 1428 boe
572 1371 659 1442 capite
681 1387 734 1428 uon
755 1372 873 1430 violatur
894 1373 955 1444 lea,
970 1389 1021 1430 nec
1036 1371 1119 1430 alioui
1133 1373 1162 1430 iit
1197 1374 1272 1443 bata,
1289 1371 1345 1428 sire
1360 1370 1443 1428 luerit
1456 1369 1542 1428 luleus
1556 1371 1710 1442 testis,sire
1723 1370 1775 1427 alia
1789 1370 1873 1429 tertia
1887 1384 2011 1442 persona

361 1451 469 1516 iniuria.
479 1459 636 1517 Cavendum
651 1467 694 1516 est
709 1468 800 1518 autem
813 1478 845 1518 ne
861 1463 979 1534 ipsomet
992 1469 1058 1520 actu
1073 1462 1163 1536 aliqua
1198 1462 1298 1518 iniuste
1312 1458 1499 1532 cooperando,
1517 1459 1573 1516 sive
1586 1460 1702 1532 ipsemet
1714 1474 1781 1516 reus
1794 1459 1903 1516 iniusto
1919 1473 1951 1514 aa
1964 1455 2012 1514 de·

363 1548 510 1606 commissa
524 1550 568 1618 sit,
582 1565 644 1605 nam
659 1549 702 1606 illa
718 1549 898 1609 rescindenda
908 1559 962 1608 est.
975 1553 1011 1610 Ut
1024 1552 1087 1610 licet
1098 1565 1163 1608 reu·
1198 1548 1349 1619 leniendo,
1370 1547 1544 1606 nihilominus
1560 1555 1650 1604 tamen
1665 1553 1745 1604 aetus
1761 1562 1875 1618 semper
1891 1561 2012 1604 conscr-
2066 1575 2067 1586 η

362 1636 430 1694 ditio
453 1637 491 1693 rei
512 1637 584 1693 ultra
605 1635 744 1694 dimidiam
766 1639 832 1695 iusti
846 1640 927 1711 pretii
949 1656 1002 1697 non
1023 1639 1160 1709 sltirrita,
1201 1639 1309 1695 rabitur
1329 1636 1455 1708 salidus,
1476 1643 1503 1693 et
1515 1637 1629 1694 effectus
1643 1637 1715 1708 eius,
1730 1635 1837 1694 seilicet
1849 1635 2012 1692 dominium

364 1725 412 1782 sed
427 1724 693 1798 rescindenda,licet
706 1743 761 1784 non
776 1727 990 1786 rescindaturde
1004 1728 1164 1800 lacto,quia
1200 1728 1386 1801 acquisitum,
1409 1725 1451 1784 vel
1472 1725 1537 1798 quid
1557 1723 1660 1796 simile,
1685 1739 1793 1796 semper
1818 1725 2008 1796 permanebit,

364 1821 407 1872 est
419 1814 546 1885 occulta,
563 1821 672 1872 tenetur
686 1814 810 1873 venditor
825 1818 852 1872 in
865 1819 1045 1889 conscientia,
1060 1823 1088 1873 et
1102 1816 1164 1874 abs·
1201 1815 1333 1889 quamdiu
1353 1829 1419 1874 oum
1439 1813 1540 1871 ellectu
1558 1821 1638 1871 actus
1652 1828 1707 1870 non
1722 1813 1856 1872 irritatur.
1874 1813 1958 1872 Unde
1974 1819 2013 1868 et·

364 1919 419 1978 quo
439 1903 496 1961 ulla
516 1905 660 1959 coactione
680 1902 780 1960 iudicis
799 1907 942 1963 restituere
965 1912 1070 1978 partem
1089 1905 1164 1962 illam
1200 1906 1253 1960 iam
1272 1904 1317 1975 lit,
1335 1911 1367 1960 ut
1387 1903 1408 1958 si
1428 1903 1470 1962 lea
1485 1919 1539 1960 non
1553 1903 1642 1960 irritet
1656 1903 1715 1975 ipso
1730 1902 1803 1958 laeto
1818 1940 1826 1971 ,
1843 1900 1896 1958 red
1919 1901 2011 1958 aulum

366 1993 458 2065 pretii,
470 1994 497 2048 in
515 2009 571 2065 quo
585 1995 704 2049 excessit
716 1993 832 2050 iustitiae
848 1995 1024 2068 aequitatem,
1035 2002 1063 2051 et
1076 1994 1167 2052 omnia
1200 1991 1350 2066 praecipiat
1360 1991 1569 2061 irritariaetum,
1578 1991 1741 2048 tuncaolum
1752 1991 2014 2061 irriteturtempore

365 2081 474 2153 damna,
485 2097 555 2153 quac
569 2081 603 2137 ob
617 2096 676 2137 eam
688 2083 864 2155 causam,rel
879 2090 993 2156 propter
1004 2083 1163 2140 dilationem
1202 2079 1273 2138 latae
1293 2081 1444 2139 sententiae
1464 2077 1798 2137 condemnatoriae.linds
1814 2079 1838 2135 si
1852 2078 2011 2150 contingat,

366 2171 547 2229 restitutionis
572 2171 693 2244 iniquam
713 2179 822 2245 emptor
842 2189 940 2245 passus
959 2179 1011 2229 est.
1025 2174 1086 2230 Ele
1101 2188 1166 2228 con·
1203 2176 1298 2240 actum
1320 2166 1439 2226 rescindi
1461 2167 1553 2242 aliquo
1574 2175 1717 2241 tempore,
1744 2173 1895 2240 postquem
1922 2168 2014 2224 lactus

367 2277 449 2318 rerso
470 2261 493 2316 si
513 2267 622 2332 emptor
637 2260 687 2316 luit
700 2261 817 2318 iniustus
833 2263 857 2317 in
874 2261 1006 2334 parvitate
1020 2261 1116 2333 pretii,
1129 2266 1168 2336 te·
1203 2263 1256 2330 est,
1279 2273 1334 2315 non
1355 2257 1557 2316 retrotrahatur
1580 2257 1709 2316 rescissio
1732 2256 1766 2314 ad
1786 2257 1896 2314 initium
1918 2261 2011 2326 actus,

368 2349 481 2406 nebitur
497 2347 625 2420 supplere
638 2347 712 2420 quod
727 2347 855 2420 abstulit,
874 2357 903 2409 et
916 2349 1031 2422 damna,
1048 2365 1119 2424 quae
1134 2364 1168 2405 er
1204 2345 1252 2404 sed
1273 2346 1362 2403 solum
1385 2351 1451 2403 tune
1471 2345 1598 2419 incipiet,
1617 2361 1681 2404 eum
1695 2346 1736 2419 ut,
1751 2346 1817 2419 quia
1831 2351 1919 2403 antea
1932 2351 2013 2402 actus

371 2437 415 2494 iila
430 2435 608 2493 diminutione
627 2434 704 2493 alteri
724 2444 917 2510 secutarum,
939 2437 1114 2495 nibilominus
1130 2443 1170 2494 ta·
1204 2437 1256 2494 luit
1275 2434 1398 2507 ualidus,
1418 2441 1447 2492 et
1466 2435 1588 2507 tructus,
1601 2452 1629 2492 r.
1645 2450 1674 2508 g.
1690 2434 1736 2492 iilo
1756 2441 1884 2506 tempore
1905 2434 2015 2504 accepti

369 2541 434 2584 meu
458 2532 549 2597 potest
571 2541 629 2582 rem
653 2532 772 2598 emptam
797 2527 930 2598 retinere,
947 2533 973 2583 et
988 2525 1098 2584 iruetus
1111 2527 1170 2584 eius
1204 2541 1238 2582 er
1257 2539 1288 2582 re
1308 2524 1443 2598 anquisda
1457 2539 1506 2596 per
1524 2523 1607 2582 talem
1623 2530 1797 2582 contractum
1812 2524 1887 2582 iuste
1902 2524 2013 2594 accepti

370 2615 503 2690 similiter,
523 2615 586 2689 quia
607 2631 672 2671 eum
693 2621 773 2670 actus
793 2614 876 2672 luerit
890 2615 1007 2688 validus,
1022 2615 1112 2673 laetus
1126 2622 1170 2673 est
1206 2621 1290 2686 sunt,
1311 2621 1339 2672 et
1352 2629 1418 2673 cuns
1432 2613 1557 2670 absoluto
1571 2619 1599 2670 et
1612 2613 1735 2687 perlecto
1748 2614 1858 2690 illorprn
1872 2613 2010 2672 dominio.

370 2704 497 2761 dominus
517 2704 556 2760 rei
577 2709 704 2775 emptae,
726 2709 792 2772 cum
812 2705 871 2761 sola
895 2706 1057 2778 obligatione
1082 2720 1171 2764 resar·
1205 2705 1379 2778 Tantumque
1393 2717 1504 2760 manere
1518 2703 1619 2774 poterit
1633 2703 1762 2778 obligatio
1776 2701 2012 2774 recompensandi

372 2793 459 2853 ciendi
480 2793 614 2850 iniuriam.
774 2845 777 2854 ,
1205 2792 1317 2860 damna,
1332 2794 1354 2850 si
1368 2807 1439 2865 quae
1453 2792 1531 2850 altari
1547 2791 1646 2850 iniuste
1660 2792 1734 2850 illota
1747 2792 1890 2864 luere,rel
1904 2795 1935 2850 ln
1949 2799 2014 2848 actu

412 2883 540 2940 Secundo
550 2927 551 2931 ,
561 2888 651 2955 potest
670 2881 737 2940 bueo
758 2883 872 2941 irritatio
891 2889 972 2940 aetus
986 2882 1106 2958 letiamsl
1121 2900 1172 2956 pu·
1206 2885 1267 2955 ipso
1282 2883 1307 2939 in
1322 2881 1464 2954 principio,
1480 2880 1523 2938 vel
1537 2883 1564 2938 in
1580 2895 1658 2939 mora
1672 2881 1789 2940 iaciendi
1804 2881 1890 2940 talem
1904 2897 2014 2940 recom-

372 2973 478 3044 blious‚
501 2989 549 3029 sen
571 2971 717 3043 probabilis
738 2972 785 3046 sit)
806 2975 863 3029 sine
883 2973 1015 3030 iniustitia
1037 2973 1170 3045 impediri,
1207 2974 1412 3044 pensationem,
1435 2976 1466 3028 ut
1479 2969 1584 3029 dictum
1598 2978 1650 3031 est.
1665 2973 1897 3039 Quaaomniaea
1912 2973 2014 3046 princi·

322 3123 327 3140 ,
372 3071 422 3121 aut
441 3079 475 3119 ea
495 3077 632 3119 consensu
653 3062 789 3132 partium,
804 3062 869 3135 quia
888 3069 988 3120 neutra
1002 3061 1061 3119 vult
1075 3069 1170 3120 actum
1207 3063 1259 3134 piis
1279 3061 1396 3119 iustitiae
1420 3063 1576 3120 necessario
1592 3070 1767 3134 sequuntur,
1782 3069 1810 3118 et
1822 3079 1881 3120 non
1896 3069 2014 3136 possunt

321 3210 323 3212 ,
373 3150 544 3218 rescindere,
567 3156 616 3208 aut
635 3152 700 3224 quia
720 3150 764 3206 illa
784 3166 863 3222 pars,
881 3152 962 3207 cuius
976 3153 1101 3224 interest,
1116 3167 1171 3208 non
1208 3150 1308 3208 babere
1328 3149 1564 3222 controversiam,
1585 3157 1614 3208 et
1626 3149 1688 3208 ideo
1703 3150 1818 3224 longiori
1830 3152 2009 3223 probatione,

373 3240 434 3298 vult
446 3241 520 3298 litem
534 3253 655 3312 morere,
671 3253 722 3295 nec
738 3241 929 3297 rescissionem
944 3239 1171 3298 intentarelunc
1206 3246 1256 3297 aut
1276 3239 1459 3311 disputatione
1479 3255 1534 3296 non
1555 3237 1684 3312 indigent.
1700 3241 1787 3298 secus
1808 3255 1877 3298 sero
1902 3244 1975 3312 erit,
1990 3243 2012 3298 si

373 3330 444 3386 enim
460 3328 523 3385 nibil
538 3329 627 3402 egilam
641 3336 740 3387 contra
754 3329 852 3402 legem,
864 3344 929 3387 oum
945 3331 1002 3402 ipsa
1016 3347 1071 3388 noa
1085 3332 1171 3402 impe·
1208 3327 1251 3386 lea
1269 3329 1360 3384 irritet
1380 3334 1473 3386 aetum
1494 3329 1553 3400 ipso
1573 3330 1635 3385 iure
1655 3345 1720 3386 cum
1741 3327 1838 3386 ordine
1852 3329 1889 3386 ad
1904 3335 2014 3388 senten·
2066 3357 2067 3370 a

375 3425 415 3476 ret
428 3418 571 3492 partibus,
588 3424 620 3475 ut
633 3423 727 3475 actam
741 3419 890 3492 rescindam
906 3433 958 3476 nee
973 3421 1055 3477 etiam
1070 3419 1120 3477 sibi
1134 3420 1173 3477 ia·
1209 3420 1274 3476 tiam
1295 3416 1515 3490 declaratoriam,
1531 3433 1594 3476 nem
1615 3424 1682 3476 tuno
1704 3419 1912 3480 retrotrahatur
1925 3421 2013 3478 irrita·

374 3507 1170 3580 ciuntiniuriam,rciquandoeamutuoconsensuaetum
1210 3508 1262 3578 tio,
1286 3514 1317 3565 ut
1337 3506 1412 3590 inira
1425 3506 1526 3566 dicam.
1603 3555 1612 3570 ,

373 3605 555 3672 conservant,
570 3600 634 3670 quia
646 3597 748 3655 volenti
761 3604 788 3655 et
797 3599 979 3664 ¹consentienti
993 3615 1048 3656 uon
1062 3599 1091 3655 lit
1103 3598 1174 3656 iniu·
1246 3597 1346 3665 Quaeri
1359 3611 1426 3654 aero
1440 3602 1542 3668 potest,
1552 3595 1574 3653 si
1588 3611 1651 3669 pars
1664 3600 1812 3672 ipsa,quae
1824 3614 1886 3658 rem
1899 3600 2014 3658 alterius

375 3690 425 3760 ria,
440 3687 483 3745 rel
496 3685 606 3761 quando
620 3689 655 3760 is,
668 3687 716 3760 qui
731 3687 813 3745 babet
826 3689 878 3760 ius,
891 3705 945 3745 non
958 3690 1074 3746 intentat
1087 3690 1174 3745 actio-
1208 3701 1257 3759 per
1276 3692 1452 3743 contractum
1471 3686 1627 3744 imitabilem
1649 3687 1736 3746 salide
1754 3691 1949 3764 compararit,
1969 3706 2015 3762 per

374 3792 453 3846 nem,
474 3777 539 3849 quia
552 3778 610 3847 ipse
625 3782 714 3846 potest
727 3775 825 3833 cedere
839 3779 892 3834 iuri
907 3794 976 3850 suo,
992 3783 1020 3834 ct
1033 3777 1102 3835 alter
1117 3792 1171 3834 non
1208 3775 1366 3834 iniustitiam
1382 3790 1480 3835 novam
1494 3775 1634 3850 impediat,
1651 3783 1862 3836 recontractus
1876 3781 2013 3851 irritetur,

374 3865 511 3937 obligatur
525 3864 559 3920 ad
578 3865 758 3921 irritationem
773 3865 988 3936 procurandam.
1003 3866 1116 3938 Semper
1130 3872 1171 3924 ta·
1208 3865 1251 3922 vel
1266 3881 1314 3937 per
1329 3865 1395 3936 rim,
1411 3871 1439 3924 et
1453 3870 1557 3922 melum
1572 3864 1656 3924 alium
1671 3865 1807 3940 cogendo,
1822 3882 1858 3926 ηε
1872 3871 2015 3928 rescissio·

373 3968 436 4010 meu
457 3952 592 4010 tenebitur
614 3951 648 4008 ad
670 3954 953 4025 recompensationem
972 3953 1136 4024 taciendam,
1152 3955 1175 4011 si
1209 3969 1271 4011 nem
1289 3959 1450 4012 contractus
1464 3953 1600 4026 petat,vel
1615 3953 1791 4014 subornando
1805 3956 1936 4029 iniquum
1948 3957 2016 4016 iudi·

372 4042 500 4100 iniuriam
520 4041 629 4112 intulit,
645 4043 722 4098 iusta
737 4041 858 4113 proxime
874 4043 987 4100 dictale
1001 4043 1173 4116 praecedenti
1209 4051 1338 4115 cem,uut
1352 4043 1434 4100 salsos
1448 4042 1606 4112 testes,'ete.
1622 4057 1657 4100 aa
1671 4043 1698 4102 iu
1712 4059 1745 4102 eo
1759 4060 1827 4102 casu
1839 4051 1971 4106 teneatur
1984 4062 2015 4103 ea

374 4137 489 4206 puncto.
501 4130 590 4204 litque
605 4127 667 4186 binc
682 4133 764 4188 etiam
778 4131 817 4203 tit,
831 4138 862 4188 ut
875 4134 963 4204 possit
975 4133 1044 4191 haec
1060 4133 1173 4192 irritatio
1207 4133 1311 4191 iustitia
1331 4131 1487 4189 rescindere
1500 4137 1694 4201 contractum,
1709 4133 1815 4192 etiamsi
1827 4148 1880 4206 per
1893 4135 2015 4194 iudicem

374 4218 496 4292 impediri
519 4233 568 4290 per
598 4217 746 4290 legitimam
770 4223 1012 4294 praescriptionem
1040 4222 1173 4281 adsersus
1210 4222 1333 4279 irritatus
1351 4235 1406 4278 non
1426 4221 1519 4280 luerit.
1535 4219 1649 4289 Quando
1667 4221 1736 4280 euim
1751 4236 1800 4294 per
1814 4222 1884 4280 alios
1900 4227 2014 4296 ponitur

374 4311 580 4381 actionem,seu
599 4313 732 4382 actorem,
745 4311 791 4381 qui
803 4309 853 4366 luit
863 4311 1003 4384 negligens
1014 4313 1040 4368 in
1057 4312 1174 4384 peteuda
1209 4311 1261 4370 tals
1280 4311 1507 4384 impedimentum
1526 4311 1584 4368 eine
1597 4311 1699 4369 iniusta
1713 4314 1911 4384 cooperatione
1923 4315 2010 4387 ipsius

373 4399 536 4469 irritatione,
560 4411 622 4454 nam
642 4398 665 4454 si
684 4405 781 4455 eontra
803 4399 882 4457 illum
903 4401 1103 4474 praescriptum
1125 4403 1171 4474 sit,
1209 4402 1313 4474 partis,
1329 4415 1379 4460 sen
1393 4401 1448 4473 rei,
1468 4413 1521 4458 non
1536 4405 1646 4458 tenetur
1658 4401 1716 4472 ipse
1730 4400 1846 4473 spoliare
1859 4417 1891 4458 se
1904 4418 1938 4459 re
1953 4418 2013 4471 sua,

374 4492 575 4560 consequenter
588 4491 630 4542 est
644 4489 753 4544 omnino
768 4488 892 4546 firmatus
905 4495 1002 4561 aetus,
1017 4497 1046 4548 et
1060 4491 1172 4548 irritatio
1209 4490 1251 4546 vel
1270 4497 1447 4549 contractum
1464 4505 1515 4546 sua
1530 4488 1668 4548 vuluntate
1682 4488 1806 4561 solvere,
1826 4493 1918 4566 magis
1930 4507 2014 4565 quam

376 4579 505 4649 exclusa,
525 4575 589 4649 quia
608 4575 675 4633 baec
696 4593 750 4634 nou
768 4585 860 4650 potest
877 4579 950 4652 lieri,
972 4581 1023 4637 nisi
1038 4579 1172 4637 mediante
1208 4585 1289 4638 antea
1307 4580 1532 4652 teneretur,quia
1545 4578 1621 4636 nulla
1634 4594 1704 4635 nova
1715 4578 1976 4652 ratio·obligationis
1989 4581 2013 4636 in

375 4671 498 4742 actione,
520 4675 548 4724 et
570 4667 642 4723 aetio
667 4667 718 4724 luit
730 4682 778 4739 per
792 4669 1032 4740 praescriptionem
1046 4670 1171 4728 saclusa.
1206 4685 1240 4728 eo
1255 4671 1404 4730 invenitur.
1417 4669 1467 4726 Alii
1482 4683 1547 4725 vero
1561 4668 1585 4724 si
1597 4669 1692 4725 iniusti
1707 4667 1831 4741 luerunt,
1843 4670 2013 4728 tenebuntur

372 4757 451 4828 Quod
465 4772 531 4815 vero
545 4763 654 4828 tempus
668 4755 702 4812 ad
717 4757 954 4827 praescribendam
966 4761 1100 4819 actionem
1114 4760 1172 4818 sul·
1207 4759 1241 4817 ad
1258 4756 1552 4832 recompensationem,
1570 4771 1624 4814 non
1639 4771 1704 4814 vero
1717 4757 1753 4814 ad
1767 4758 1973 4819 restituendum
1987 4760 2011 4815 ia

371 4849 455 4922 liciat,
464 4863 518 4904 non
532 4851 574 4902 est
588 4845 671 4902 buius
685 4845 737 4902 loci
750 4847 970 4918 capererevide
982 4848 1071 4907 biolin.
1083 4855 1166 4908 tract.
1207 4850 1299 4922 specie
1321 4864 1371 4922 per
1394 4846 1585 4908 rescissionem
1600 4851 1781 4912 contractus,
1795 4847 1861 4920 quia
1874 4847 1945 4906 baec
1961 4864 2011 4906 non

374 4945 402 4998 2.
418 4937 454 4996 de
467 4939 563 4995 iustu.
579 4934 652 5008 disp.
671 4937 717 4992 il·
833 4957 836 4968 ·
1206 4947 1250 4998 est
1269 4939 1295 4996 in
1316 4954 1415 4998 eorum
1436 4941 1588 5011 potestate,
1612 4951 1677 4993 eum
1702 4935 1821 5008 pendeat
1843 4951 1879 4994 ea
1896 4935 2012 4994 alterius

414 5028 506 5086 'lertio
520 5032 610 5100 potest
624 5025 738 5082 irritatio
750 5024 817 5081 buco
829 5025 964 5100 impediri,
973 5027 1126 5086 licetactus
1136 5031 1173 5086 sit
1207 5028 1366 5100 uoluntate,
1387 5029 1495 5085 scilicet
1514 5025 1598 5099 ipsius
1618 5025 1669 5082 rei.
1686 5024 1721 5083 At
1734 5039 1801 5083 vero
1814 5025 1929 5098 quando
1943 5028 2013 5098 ipsa·

376 5116 504 5190 publicus
523 5124 553 5174 st
572 5113 729 5188 probabilis,
745 5121 772 5170 et
785 5113 820 5170 ad
833 5113 952 5174 iudicem
965 5115 1171 5190 delatus,util-
1206 5124 1263 5176 met
1283 5133 1348 5190 pars
1371 5131 1421 5175 seu
1446 5132 1511 5174 reus
1530 5115 1595 5173 lecit
1616 5114 1698 5172 talem
1726 5115 1873 5186 iniuriam,
1900 5115 2012 5174 ridetur

375 5207 432 5264 lum
453 5207 559 5280 irritet,
582 5205 647 5278 quia
664 5203 743 5262 iudea
758 5219 823 5262 oum
837 5203 937 5264 ellectu
951 5205 1028 5265 illum
1042 5222 1097 5266 non
1111 5207 1172 5267 irri·
1207 5207 1294 5268 teneri
1314 5207 1349 5266 ad
1369 5203 1554 5282 reparandum
1567 5201 1714 5280 damnum,
1730 5202 1805 5276 quod
1820 5203 1913 5264 intulit
1926 5206 1954 5262 in
1968 5221 2011 5264 ea·
