4232 6220
373 275 437 340 666
1069 285 1236 338 11666111.

334 423 392 488 tur,
402 423 431 472 et
441 415 539 490 aliegat
551 416 650 474 cover.
663 415 688 472 ia
701 418 728 488 t,
742 419 769 474 2.
781 430 810 488 6.
823 430 887 488 666.
902 417 930 488 6,
942 419 958 481 s
969 415 997 486 6,
1010 411 1078 472 61166
1093 416 1137 484 16,
1175 413 1240 487 quia
1260 412 1386 472 Christus
1405 415 1538 475 Dominus
1551 416 1604 481 iam
1618 416 1735 490 dixerat,
1750 425 1779 476 et
1791 419 1859 479 satis
1874 417 1986 492 publice

333 521 410 563 61116.
426 510 453 575 3,
469 507 623 578 quietique
637 504 816 578 modolaret,
832 505 898 562 dum
912 505 960 577 ait,
973 497 1088 562 iudaeos
1098 505 1139 560 ic·
1173 503 1394 574 praedicaverat:
1413 506 1477 578 Epo
1491 511 1592 564 cutem
1603 505 1670 564 diso
1680 507 1769 576 66616,
1784 513 1862 582 qnia
1872 513 1984 570 661616,

333 593 426 653 666166
445 600 472 652 16
493 594 689 654 contrahendis
704 595 857 669 coniugiis,
873 593 930 651 suis
945 594 1050 667 iegibus
1066 593 1140 668 tuu-
1173 598 1224 667 gui
1242 593 1392 654 dimiserit
1409 611 1537 654 onorem
1549 613 1653 664 susm,
1670 597 1996 674 encepmsmnicstlm·
2099 601 2100 612 ³

334 702 389 759 que
404 687 465 743 latis
479 686 565 744 Levit.
585 683 632 758 181
645 686 799 758 gnbemari:
815 683 891 758 quod
905 699 938 740 er
952 682 1010 740 aliis
1026 683 1140 753 iurispe-
1173 687 1220 741 nis
1234 701 1344 753 occsa,
1364 687 1547 754 eremitatem,
1568 691 1596 744 et
1608 691 1659 760 qut
1672 686 1833 746 dimissam
1847 688 1984 750 66166611,
2099 679 2100 728 i

229 790 232 795 ·
334 777 395 834 ritis
415 775 531 851 allegat,
552 792 607 834 non
625 781 714 833 161666
729 773 913 846 61611661,66
928 773 987 829 11166
1002 771 1030 828 111
1044 771 1140 828 1616111·
1174 773 1374 842 adulteratur,
1391 775 1485 844 blattis.
1505 781 1532 834 5.
1547 782 1575 833 61
1594 782 1635 836 19.
1652 778 1825 850 despondeo,
1843 778 1898 835 illis
1918 778 1987 836 locis

333 865 454 940 gendum
470 867 517 938 sit,
532 865 574 922 rel
589 871 695 924 tantum
709 864 793 936 lacto,
809 863 852 920 661
867 863 929 937 quis
943 859 1059 920 ellectcs
1079 859 1139 917 inde
1174 863 1274 922 docere
1291 871 1397 922 tanturn
1414 864 1544 938 voluisse,
1561 865 1632 922 iilam
1648 867 1734 940 legem
1750 869 1839 944 Mopsi
1854 868 1941 924 icisse
1952 885 1985 924 er

335 961 478 1029 sequetur.
501 956 576 1014 citat
594 955 676 1013 etiarn
695 953 722 1010 6.
744 955 875 1012 11166661
893 954 919 1010 16
938 952 1020 1010 661111.
1042 969 1070 1026 q.
1083 954 1135 1026 69,
1174 954 1293 1026 quadam
1316 954 1534 1030 dispensatione,
1554 971 1625 1029 quae
1646 957 1699 1013 iam
1714 974 1765 1014 suo
1781 965 1908 1029 ternpore
1926 973 1987 1014 cer·
2099 951 2100 1028 ξ

334 1050 439 1116 6612,
461 1043 802 1116 663,61166161,6161.
820 1047 867 1114 39,
883 1041 1140 1112 661.2,663,6111
1174 1049 1269 1100 saturn
1285 1049 1353 1114 erat,
1369 1044 1445 1102 etad
1460 1051 1561 1102 statum
1576 1039 1889 1120 perlectionem,'etlegi
1906 1055 1987 1104 nato·
2099 1041 2100 1074 ³

333 1133 773 1208 611111661666616,16661166,666
789 1134 816 1189 16
826 1146 926 1204 genere
937 1131 1013 1204 dicit,
1026 1129 1140 1202 impedi·
1175 1132 1224 1190 rali
1239 1141 1455 1192 consentaneum
1469 1129 1638 1192 reducenda.
1654 1137 1713 1192 666
1728 1143 1818 1193 umen
1835 1144 1905 1196 tunc
1918 1139 1987 1194 anti-

335 1230 461 1281 rnentcm
480 1222 650 1296 disparitatis
671 1222 765 1280 cuitus
784 1236 913 1280 nonesse
927 1219 1035 1277 6611166
1049 1219 1139 1276 616166
1175 1238 1256 1296 quem
1272 1223 1371 1298 legem,
1387 1225 1431 1281 661
1445 1223 1621 1296 generaliter,
1637 1226 1679 1282 661
1694 1225 1806 1308 11161616
1822 1227 1986 1296 particulari
2099 1263 2100 1268 κ

334 1315 405 1371 16166
420 1313 552 1386 16666166,
566 1313 633 1371 11661
648 1314 735 1385 666611
749 1313 808 1370 iure
822 1311 942 1369 humano
958 1325 1007 1382 per
1022 1325 1086 1366 scas
1100 1308 1140 1365 le·
1175 1313 1326 1384 666666611,
1342 1312 1390 1370 666
1405 1320 1513 1370 tantum
1529 1312 1563 1370 ad
1579 1316 1781 1372 revocationem
1797 1315 1940 1386 suturam,
1956 1325 1986 1374 ut
2099 1375 2100 1380 ,

333 1418 382 1476 ges
402 1402 552 1460 introduci.
567 1391 641 1460 diat
658 1403 740 1459 etiam
760 1403 859 1458 66666.
875 1401 901 1457 16
916 1402 993 1458 Sum.
1009 1414 1071 1471 666.
1089 1402 1138 1471 22,
1176 1403 1218 1458 616
1239 1401 1344 1474 dicam,
1361 1405 1450 1474 riam,
1464 1409 1493 1460 61
1505 1403 1610 1460 animos
1625 1407 1799 1476 praeparavit
1814 1421 1866 1478 per
1881 1407 1987 1464 doctri·

334 1508 411 1550 num.
431 1497 485 1563 ta,
506 1494 553 1566 qui
568 1489 755 1549 etiamsolum
771 1490 805 1548 de
819 1489 970 1546 infidelibus
985 1490 1138 1562 generatim
1174 1506 1237 1548 nam
1257 1491 1285 1551 e't
1304 1492 1518 1550 declarationem
1533 1496 1672 1567 veritatis,
1689 1511 1742 1551 con
1757 1511 1809 1568 per
1824 1495 1988 1570 promulga·
2099 1485 2100 1488 '

334 1583 421 1652 dicit,
436 1582 641 1639 matrimonium
654 1582 725 1638 inter
739 1597 786 1638 eos
800 1594 854 1638 uon
868 1580 970 1652 661666,
986 1579 1010 1634 61
1023 1580 1059 1635 611
1072 1593 1140 1634 con·
1173 1580 1274 1638 tionem
1291 1581 1409 1639 alicuius
1424 1583 1487 1640 nori
1500 1584 1652 1656 praecepti.

335 1681 379 1730 tra
392 1688 495 1752 eorum¹
503 1671 588 1744 leges.
603 1671 680 1739 Quod
694 1670 844 1744 generatim
858 1685 955 1726 verum
969 1675 1028 1739 est,
1048 1674 1138 1726 tamen
1216 1674 1242 1730 1.
1258 1671 1412 1730 6161661166
1428 1687 1492 1728 6666
1511 1679 1569 1745 661,
1590 1688 1624 1730 66
1638 1689 1654 1730 6
1667 1672 1710 1731 616
1724 1677 1909 1732 6661666666
1924 1691 1989 1733 666-

334 1761 411 1837 leges
426 1759 872 1832 1661116116666666666616161
887 1758 962 1832 leges
976 1757 1138 1816 iudaeorum
1175 1761 1243 1831 perit
1264 1761 1307 1818 1116
1328 1761 1444 1818 6666166
1464 1775 1585 1821 cessare.
1606 1765 1637 1818 16
1651 1778 1707 1837 quo
1721 1763 1842 1820 breviter
1859 1764 1989 1820 couside-

334 1843 495 1925 icbdelicm,
509 1859 572 1908 tum
585 1850 650 1924 quia
663 1853 718 1907 iam
732 1865 787 1908 non
801 1855 867 1907 sunt
880 1849 966 1921 leges,
978 1848 1053 1922 leges
1067 1848 1139 1906 enim
1173 1848 1289 1908 randum
1308 1857 1362 1922 est,
1379 1851 1452 1924 teges
1466 1849 1663 1925 concedentes,
1677 1867 1726 1910 seu
1737 1851 1874 1912 iacientes
1889 1854 1988 1922 buius-

334 1944 483 2016 abrogntae
501 1959 554 2000 non
568 1947 635 1999 sunt
646 1941 737 2014 leges,
754 1946 812 1997 turn
827 1941 909 1998 etiam
924 1938 989 2011 quia
1004 1954 1058 1998 non
1073 1945 1139 1996 6661
1174 1941 1248 1997 16661
1264 1939 1379 1998 effectus
1394 1939 1534 1998 iudiciales
1549 1941 1645 2016 luisse,
1662 1949 1693 1999 61
1702 1943 1863 2000 6666161116
1874 1944 1935 2017 legs
1948 1961 1988 2001 re·
2010 1945 2013 1950 '

335 2031 407 2090 16166
427 2048 477 2104 666
489 2032 562 2104 iilis,
577 2029 626 2100 sed
641 2047 691 2102 prc
705 2029 849 2102 republica
863 2028 933 2086 66611
949 2025 1139 2086 ecclesiastica
1174 2029 1266 2102 podii,
1290 2035 1318 2088 et
1337 2029 1485 2103 similibus,
1503 2029 1622 2103 ideoque
1640 2032 1815 2090 verisimilius
1838 2049 1919 2106 esse,
1935 2049 1988 2090 non

335 2111 512 2190 iudaeorum,
524 2137 596 2195 quae
610 2121 665 2178 iam
678 2136 732 2176 non
746 2124 831 2178 catat.
848 2118 925 2178 Unde
936 2134 1033 2192 parum
1044 2119 1137 2191 661611,
1173 2121 1258 2178 161666
1277 2127 1404 2178 mortuns
1424 2135 1512 2194 usque
1533 2119 1567 2177 sd
1580 2121 1715 2195 integram
1733 2125 1919 2180 mutationem
1933 2131 1988 2180 eta-

334 2210 410 2286 quod
430 2213 482 2284 ipsi
501 2211 591 2268 iudaei
610 2211 696 2268 veiint
709 2209 762 2268 illis
775 2208 883 2283 legibus
896 2209 1059 2283 gubernari,
1074 2212 1139 2282 quia
1174 2217 1220 2268 tus
1234 2226 1405 2288 synagogam
1422 2225 1492 2284 quae
1504 2217 1571 2268 tunc
1583 2211 1656 2269 lacta
1666 2219 1721 2284 est,
1731 2212 1847 2284 ’666666
1863 2214 1989 2284 promut-

335 2295 426 2360 solum
447 2309 489 2359 661
508 2317 541 2359 ex
562 2302 730 2360 couscientia
750 2316 880 2368 erronea,
904 2307 935 2358 61
954 2299 1025 2373 dixi,
1042 2308 1141 2372 661661
1173 2309 1237 2376 gato
1258 2301 1398 2373 evangetio
1420 2300 1462 2358 1611
1482 2299 1530 2358 1116
1548 2302 1641 2374 coepit
1658 2317 1720 2358 ease
1740 2301 1895 2359 mortifera.
1914 2303 1988 2375 Ergo

335 2393 418 2461 enim,
431 2391 518 2465 legem
532 2390 605 2449 iiiam
620 2391 787 2474 utdivinam
803 2391 1010 2464 adbucrigere.
1025 2391 1104 2460 Quod
1118 2392 1139 2448 si
1175 2408 1264 2466 usqne
1285 2391 1318 2449 ad
1340 2390 1408 2448 iilud
1429 2399 1540 2463 tempus
1560 2390 1664 2452 durare
1683 2393 1776 2464 potuit
1794 2391 1840 2448 bic
1855 2391 1985 2450 eitectns.

335 2481 397 2554 quis
417 2482 514 2554 lingat,
530 2480 659 2553 iudaeos,
676 2496 730 2536 non
746 2481 871 2538 obstante
884 2481 1075 2554 abrogatione,
1092 2497 1139 2554 po·
1172 2483 1240 2540 item
1255 2497 1304 2556 pro
1319 2481 1364 2539 illo
1380 2488 1502 2554 tempore
1515 2480 1633 2554 legitime
1644 2479 1756 2538 duravit
1766 2481 1844 2538 iliius
1858 2481 1987 2554 reipubli-

335 2573 423 2628 tcisae
442 2571 502 2627 illas
522 2571 597 2642 leges
610 2582 685 2632 nunc
700 2576 867 2644 acceptare,
882 2569 1096 2642 respondemus,
1113 2570 1139 2628 td
1174 2589 1223 2630 cae
1240 2579 1343 2643 status,
1357 2585 1423 2646 ergo
1435 2569 1553 2628 liberum
1564 2570 1675 2642 luitiili,
1688 2571 1727 2628 uti
1738 2570 1849 2642 tegibus
1864 2569 1901 2628 ad
1911 2587 1987 2628 eum·

335 2661 449 2734 quidem
468 2662 596 2733 potuisse
616 2659 708 2717 iocum
728 2657 842 2733 habere,
864 2660 886 2718 si
900 2659 990 2718 iudaei
1004 2676 1077 2717 nunc
1093 2660 1139 2717 ba·
1173 2661 1236 2719 dem
1256 2668 1357 2719 statum
1377 2661 1592 2734 pertinentibus,
1608 2676 1675 2734 ergo
1688 2661 1769 2718 etiam
1783 2660 1838 2718 icit
1853 2660 1984 2736 liberum,

334 2748 431 2806 beraut
451 2749 588 2821 propriam
613 2748 811 2832 rempublicam
832 2755 860 2806 61
879 2752 907 2804 16
929 2765 962 2806 66
981 2763 1139 2822 supremam
1175 2752 1217 2808 uti
1231 2750 1382 2824 privilegiis
1395 2755 1423 2807 et
1436 2749 1575 2810 lareribus
1586 2750 1704 2824 66611166
1716 2750 1791 2825 leges
1803 2751 1853 2806 sibi
1871 2767 1988 2809 conces-

334 2843 514 2910 potestatem,
531 2839 573 2895 rei
592 2839 744 2911 principem
762 2849 925 2911 supremum
939 2839 966 2895 in
981 2838 1140 2911 temporali·
1174 2840 1222 2896 sis.
1240 2841 1362 2912 Denique
1381 2854 1430 2912 pro
1445 2855 1479 2896 eo
1499 2845 1623 2912 tempore
1636 2839 1774 2898 durabant
1787 2855 1888 2912 66666,
1908 2848 1938 2898 61
1952 2842 1987 2897 ri·

334 2926 400 2999 bus,
416 2930 463 3002 qui
477 2929 563 3001 possit
576 2926 652 3000 leges
666 2929 750 2984 terre.
766 2931 833 2986 6661
849 2928 876 2984 16
890 2943 924 2984 66
938 2943 1008 2986 casu
1022 2929 1095 3002 teges
1109 2929 1140 2986 il·
1174 2943 1257 3001 gorea
1278 2928 1372 3001 legum
1392 2923 1576 3000 iudicialium
1597 2943 1665 3002 erge
1685 2935 1713 2986 et
1732 2927 1862 2988 tereres:
1881 2945 1947 2986 nam
1961 2929 1988 2984 111

336 3009 378 3074 166
399 3015 499 3074 babere
520 3023 631 3088 possent
644 3016 795 3074 efficaciam
816 3024 843 3074 61
857 3016 891 3074 611
907 3017 1098 3090 obligandum,
1113 3025 1141 3076 et
1175 3020 1261 3093 magis
1281 3008 1427 3090 ampliandi
1447 3025 1525 3090 sunt,
1540 3018 1594 3076 imo
1608 3018 1771 3076 beneficium
1786 3019 1923 3094 principis
1936 3019 2003 3084 66,
2099 3089 2100 3096 ¹

334 3106 371 3163 ad
384 3107 557 3180 irritandum,
569 3122 623 3163 non
638 3113 670 3164 ut
683 3106 796 3179 diuinae,
812 3107 860 3163 sed
872 3106 1061 3179 athamante,
1077 3123 1140 3164 nam
1174 3115 1229 3182 rat,
1244 3107 1379 3180 quamdiu
1392 3113 1485 3180 aperte
1499 3123 1553 3184 noo
1570 3115 1729 3166 revocatur.
1745 3111 1780 3164 nt
1798 3122 1867 3166 vero
1881 3108 1998 3180 666111--

335 3195 409 3268 leges
428 3195 569 3253 iudiciales
589 3203 705 3268 possunt
724 3196 760 3252 ita
779 3195 980 3268 acceptumst
998 3211 1072 3254 nunc
1093 3194 1140 3253 bc·
1176 3199 1222 3256 iud
1243 3205 1369 3270 tempus,
1389 3205 1418 3256 61
1438 3197 1615 3272 promulgato
1636 3196 1985 3270 sufficientefierangciiu,

334 3285 411 3344 116661
420 3300 475 3343 666
485 3285 586 3343 babent
596 3285 787 3358 661661661661,
801 3301 853 3344 666
866 3284 1063 3359 rempublicam
1076 3301 1141 3358 pro·
1174 3293 1309 3346 evacuata
1324 3295 1367 3344 est
1382 3288 1492 3344 omnino
1503 3286 1549 3343 illa
1562 3287 1603 3344 ier
1614 3285 1706 3360 quoad
1719 3286 1769 3352 bos
1779 3285 1911 3358 61166166,
1923 3286 1987 3359 quia

303 3412 306 3420 -
334 3375 424 3449 priam
438 3381 466 3433 61
479 3375 609 3445 liberam,
624 3382 653 3432 et
666 3374 725 3432 ideo
740 3375 805 3432 licet
821 3375 905 3431 661161
919 3374 987 3432 tales
1007 3375 1081 3447 leges
1094 3391 1140 3433 ac·
1176 3391 1210 3434 ex
1233 3383 1299 3434 tunc
1320 3375 1460 3437 iudicialis
1479 3377 1562 3432 etiarn
1581 3380 1728 3448 praecepta
1746 3375 1863 3433 inerunt
1876 3377 1986 3433 omnine

336 3473 458 3539 6661666,
471 3464 512 3520 661
526 3465 605 3538 quasi
617 3464 774 3537 restituere,
787 3479 841 3520 non
852 3472 981 3542 possunu
991 3466 1073 3522 sicut
1088 3481 1139 3522 nec
1176 3474 1296 3525 mortua·
1307 3473 1335 3524 et
1351 3467 1486 3525 extincta.
1508 3467 1577 3524 ltem
1598 3467 1663 3538 quie
1682 3465 1779 3522 cadem
1800 3473 1845 3523 est
1867 3467 1940 3522 ratio
1954 3463 1986 3521 de

336 3561 456 3626 possunt
472 3554 540 3610 alies
559 3554 634 3627 leges
652 3553 747 3610 6161166
768 3554 818 3611 sibi
839 3553 1141 3628 constituere,gedle-
1174 3554 1448 3629 boceliectc,etde
1466 3551 1987 3628 66116611666,166166161616166166
2099 3579 2100 3584 1

305 3642 311 3654 '
335 3644 417 3716 gibus
433 3643 601 3716 principum,
616 3643 716 3716 quibua
731 3642 860 3714 subsunt,
876 3641 1047 3715 gubernandi
1062 3648 1138 3716 sunt,
1174 3643 1302 3704 eumdem
1322 3643 1660 3717 terminumobttgarionu
1677 3651 1708 3700 et
1730 3645 1922 3702 concessionis
1941 3643 1986 3700 ba·
2040 3643 2047 3662 '

294 3755 296 3761 v
337 3749 390 3789 non
405 3748 471 3807 ergo
485 3739 577 3805 potest
590 3731 634 3789 1116
648 3733 739 3805 661616
752 3733 894 3790 6116116661.
1174 3734 1250 3804 buit,
1269 3741 1299 3791 et
1317 3733 1444 3792 absolute
1464 3736 1593 3792 66666616
1609 3740 1669 3805 6616
1686 3735 1854 3806 tumebam,
1872 3735 1939 3806 quia
1954 3734 1988 3788 si·

377 3826 405 3881 6.
427 3822 556 3880 &cundo
577 3821 725 3880 dicendum
747 3828 804 3893 est,
825 3821 912 3894 legem
933 3828 1057 3879 veterem
1076 3827 1140 3879 ante
1174 3823 1247 3882 milis
1266 3822 1435 3895 dispensatio
1451 3821 1567 3880 maxima
1582 3822 1733 3893 pertinebat
1746 3821 1781 3880 ad
1797 3821 1987 3894 imperiectio·
2030 3851 2036 3864 ·

337 3913 410 3990 diem
430 3914 610 3970 Pentecostes
624 3928 678 3969 non
693 3912 818 3969 amisisse
832 3913 887 3968 rim
903 3926 982 3969 suam
997 3909 1141 3986 (61661161-
1175 3927 1239 3970 nem
1254 3910 1327 3969 iliius
1342 3911 1421 3985 legia,
1436 3908 1539 3968 611666
1554 3926 1602 3983 per
1615 3910 1704 3983 legem
1716 3909 1819 3968 Christi
1830 3910 1988 3984 perlectam

337 4003 443 4060 lectum
463 3999 655 4073 dispensandi,
672 4017 722 4058 seu
735 4001 908 4073 permittendi
922 4016 970 4074 ea,
986 4015 1139 4075 61166666-
1174 4009 1377 4072 666666166611
1399 4000 1791 4076 11161666166666166611166
1807 4000 1988 4062 auferebatur

275 4119 278 4126 v
336 4085 445 4148 166166
466 4097 583 4148 naturae
603 4090 694 4162 aliquo
714 4089 795 4149 modo
810 4091 994 4164 permittebat.
1011 4092 1083 4149 llaec
1098 4105 1142 4148 as·
1176 4107 1264 4164 ocus,
1285 4091 1382 4150 debuit
1402 4093 1484 4150 etiam
1500 4091 1601 4148 aulerri
1615 4091 1804 4164 commodum,
1820 4094 1986 4166 praesertim

336 4183 419 4240 sertio
434 4180 531 4249 eodem
545 4180 638 4254 modo,
651 4197 706 4255 quo
718 4181 896 4254 praecedens,
909 4181 1072 4254 explicanda
1085 4189 1138 4239 est.
1175 4182 1244 4241 adeo
1258 4181 1451 4255 imperfectum
1465 4188 1493 4238 et
1509 4180 1559 4255 tegi
1576 4180 1691 4238 naturali
1705 4180 1860 4240 dissonum.
1891 4173 1895 4180 ’

335 4275 416 4332 Ratio
438 4275 509 4330 enim
531 4271 630 4348 prioris
650 4272 736 4344 partis
757 4278 816 4346 est,
837 4273 903 4345 quia
918 4271 970 4330 iila
983 4271 1027 4330 lex
1040 4267 1141 4329 inlecta
1209 4276 1243 4348 6.
1257 4271 1335 4330 Unde
1349 4271 1379 4330 lit
1392 4285 1576 4343 consequens,
1592 4285 1667 4327 nunc
1680 4269 1753 4328 inter
1764 4270 1880 4332 iudaeos
1891 4273 1986 4333 infide·

336 4366 454 4437 mansit,
476 4369 507 4422 ut
526 4364 566 4420 sic
581 4361 688 4434 dicam,
704 4366 762 4420 toto
776 4361 823 4419 1116
837 4369 973 4435 ternpore,
989 4377 1040 4420 nec
1054 4363 1140 4436 magis
1175 4361 1215 4420 166
1234 4377 1290 4418 666
1307 4359 1421 4418 dissolvi
1433 4361 1641 4422 matrimonium
1656 4359 1757 4418 virtute
1771 4359 1847 4419 illius
1863 4361 1945 4438 tegis,
1958 4374 1999 4423 et-

336 4455 433 4530 quoad
449 4453 524 4512 huno
546 4452 690 4526 effectum,
711 4467 795 4526 quam
815 4452 906 4526 quoad
926 4452 994 4510 atior
1007 4458 1140 4510 revocata
1174 4455 1377 4524 consequenter
1400 4449 1605 4508 matrimonium
1629 4455 1807 4508 contractum
1835 4466 1918 4510 cum.
1932 4454 1985 4512 aiis

336 4553 393 4620 est,
413 4546 478 4618 quia
495 4543 562 4602 nibil
581 4541 616 4600 de
636 4541 689 4599 hoc
710 4541 810 4599 effectu
831 4541 987 4614 specialiter
1003 4548 1139 4600 statutum
1174 4547 1237 4612 post
1255 4539 1308 4597 1616
1329 4536 1987 4613 6666616666116616666561611666616666-

336 4643 395 4708 est,
417 4634 630 4713 666166611666
649 4631 803 4690 durationis
818 4632 843 4688 16
859 4631 910 4688 11116
924 4634 1077 4705 praeceptis
1090 4630 1143 4708 icit
1174 4638 1301 4689 vertatur
1315 4630 1350 4689 ad
1370 4629 1466 4700 iidem,
1482 4628 1668 4703 separandum
1686 4645 1747 4686 esse
1767 4646 1783 4688 6
1804 4631 1945 4704 6666666,
1958 4641 1987 4691 61

335 4726 472 4798 diversus,
493 4730 542 4781 aut
556 4713 643 4796 magia
657 4720 798 4794 limitatus,
814 4737 898 4794 quem
912 4723 939 4777 in
950 4720 1019 4778 sitis.
1031 4721 1108 4780 Unde
1119 4722 1140 4779 si
1175 4720 1332 4796 cogendum
1347 4734 1407 4778 esse
1424 4721 1522 4776 reverti
1537 4717 1572 4775 ad
1581 4720 1708 4791 primam,
1720 4722 1743 4775 si
1756 4726 1847 4777 tamen
1862 4721 1909 4780 1116
1920 4739 1986 4780 con·
2099 4713 2100 4720 '

336 4817 363 4872 in
378 4814 468 4872 triduo
487 4813 585 4872 mortis
604 4811 716 4884 Christi,
731 4811 773 4868 rei
787 4811 812 4867 16
826 4810 959 4868 discursu
972 4811 1079 4868 dierum
1093 4827 1140 4884 pa·
1166 4812 1247 4868 66611
1267 4812 1351 4869 611661
1371 4808 1447 4866 velit.
1470 4809 1538 4866 Nem
1560 4807 1582 4864 ei
1603 4807 1686 4881 nolit,
1708 4809 1761 4866 1661
1776 4825 1811 4867 cr
1823 4809 1877 4866 alio
1895 4813 1985 4883 capite

338 4906 474 4963 sebatium
492 4917 581 4976 nsque
601 4902 636 4960 ad
649 4904 849 4973 Pentecostem,
865 4900 978 4958 iudaeus
993 4901 1141 4960 dimitteret
1175 4898 1663 4972 6166616666661666616161661616,
1680 4903 1708 4954 61
1716 4897 1811 4956 licebit
1820 4899 1880 4957 siro
1892 4900 1984 4958 denuo
2099 4905 2100 4930 t

338 5011 454 5054 uxorem
472 4995 549 5050 iuxta
569 4992 734 5064 permissum
755 4991 837 5064 tegis,
857 4992 1063 5048 matrimonium
1077 5005 1141 5048 sere
1175 4977 1652 5060 666616666661666111616666,
1668 4988 1690 5044 si
1704 4973 1781 5060 66111,
1797 4995 1830 5046 61
1843 4989 1930 5048 tradit
1943 4993 1985 5047 tn·

338 5085 547 5157 dissolveretur,
568 5083 646 5140 iuxta
667 5079 878 5154 probabiliorem
893 5095 1004 5138 sensum
1019 5079 1090 5139 itlius
1105 5079 1141 5140 le·
1175 5081 1300 5141 66661.
1314 5081 1342 5138 in
1355 5095 1417 5153 cap.
1435 5075 1616 5147 6661161666,
1631 5076 1665 5134 de
1676 5076 1778 5140 divort.
1792 5079 1841 5136 nbi
1852 5079 1919 5138 11661
1930 5096 1983 5137 666

337 5176 396 5252 gis,
411 5189 494 5250 quem
513 5188 598 5250 supra
618 5171 709 5232 secuti
727 5186 835 5230 scmus.
854 5172 949 5234 Potest
962 5187 1029 5232 vcro
1047 5171 1140 5245 obiici,
1176 5173 1203 5236 in
1219 5168 1360 5246 speciejde
1375 5168 1490 5244 iudaeis,
1505 5168 1553 5228 sed
1567 5167 1714 5243 generatim
1728 5168 1763 5226 de
1777 5167 1983 5228 1666616666-
