4190 6234
1482 205 1501 241 Ο

379 311 423 378 aa
1081 323 1230 377 amana.

340 452 387 512 sed
402 454 493 513 solum
508 469 563 513 non
581 469 660 528 posse
674 456 708 512 ab
722 453 779 513 aliis
793 455 856 530 cogi
870 453 905 513 ad
924 453 1010 527 illam,
1026 467 1076 511 eeu
1091 450 1141 509 bo-
1175 467 1237 509 nem
1257 453 1283 508 in
1305 451 1473 510 conscientia
1497 449 1531 509 ed
1551 450 1737 526 exequendam
1755 458 1841 511 totam
1861 465 1991 526 poenam

340 547 385 602 nis
398 546 457 603 suis
468 545 662 618 privari.Quod
676 547 787 620 quidem
798 546 878 620 longe
892 543 1032 602 diversum
1046 538 1141 615 est,'et
1176 540 1237 597 inde
1251 540 1442 615 subsecutam,
1457 541 1563 598 etiamsi
1575 556 1609 598 ex
1630 544 1738 599 actione
1752 541 1872 599 bominis
1896 539 1991 598 delio·

338 633 493 692 distinctam
509 635 587 693 valde
606 637 739 694 rationem
758 636 848 694 babet.
864 636 933 693 Nam
946 636 994 708 qui
1015 631 1138 706 deliquit,
1175 630 1282 705 quentis
1294 630 1423 703 pendeat,
1433 631 1546 704 quando
1557 629 1698 688 adduntur
1708 631 1761 688 alie
1772 631 1856 688 verba
1866 632 1896 687 in
1911 629 1990 702 lege,

338 725 468 782 conscius
486 731 530 782 est
548 725 590 782 sui
605 724 709 798 delicti,
723 731 752 783 et
771 727 810 783 ita
828 723 921 799 quoad
935 739 964 781 se
985 724 1038 780 iam
1058 719 1140 777 babet
1173 736 1248 794 quae
1267 719 1339 779 hauc
1361 723 1537 779 intentionem
1558 719 1715 794 legislatoris
1736 723 1800 778 satis
1821 719 1986 793 explicant,

339 809 474 886 prolatam
490 815 650 872 sententiam
664 815 706 871 sui
720 816 857 890 cuminis,
874 820 903 871 et
915 813 972 870 sine
986 812 1084 869 iniuria
1097 808 1140 866 vel
1174 811 1216 867 vel
1229 810 1338 884 quando
1357 810 1400 868 lex
1419 817 1493 868 esset
1507 809 1620 880 inutilis,
1634 809 1816 893 etinellicax,
1833 807 1887 866 uisi
1904 809 1989 864 boae

339 901 468 960 scandalo
487 910 577 977 potest
596 919 710 977 poenam
729 907 895 962 sustineren
915 919 944 960 se
958 903 1032 977 ipso,
1049 897 1140 975 quoad
1174 900 1304 958 ellectum
1323 906 1352 958 et
1370 899 1562 973 obligationem
1579 899 1732 958 induceret.
1751 901 1831 957 lanta
1845 899 1925 956 hane
1942 912 1990 953 as·

338 991 406 1048 alios
417 1007 482 1052 vero
495 1007 549 1050 nou
561 1000 604 1051 est
617 992 750 1052 delictum
758 991 793 1051 de
808 1009 837 1052 se
851 994 1017 1052 sullicienter
1028 997 1138 1062 notum,
1173 991 1320 1048 sartionem
1331 988 1396 1046 mibi
1410 987 1487 1047 valde
1497 988 1588 1062 piacet
1598 989 1753 1047 communis
1773 988 1862 1060 opinio
1875 991 1992 1044 Panor-

338 1079 425 1140 donac
440 1097 489 1155 per
503 1084 664 1141 sententiam
678 1083 851 1158 declaretur3
867 1082 940 1140 unde
953 1083 976 1139 si
990 1081 1047 1139 aliis
1061 1082 1140 1139 dore·
1174 1078 1267 1135 mitani
1280 1085 1309 1136 et
1330 1077 1462 1150 aliorum,
1477 1093 1561 1151 quam
1575 1079 1600 1136 in
1621 1079 1746 1151 proximo
1759 1083 1873 1150 puncto,
1895 1076 1990 1148 priori

339 1177 386 1227 tur
406 1170 515 1229 licentia
529 1172 681 1247 exequendi
701 1188 816 1246 menam
831 1178 892 1230 ante
915 1173 997 1230 talem
1014 1169 1138 1228 deelara-
1173 1166 1236 1226 loco
1252 1166 1345 1240 retuli,
1360 1175 1388 1226 et
1400 1183 1460 1225 eam
1477 1166 1623 1226 admittunt
1636 1167 1680 1224 alii
1694 1167 1803 1241 allegati
1817 1181 1867 1239 pro
1882 1171 1991 1221 nostra

339 1262 534 1333 bonem,esset
544 1262 654 1319 oscado
665 1255 793 1319 inserendi
808 1260 1050 1335 iniurias,aliaque
1060 1274 1139 1316 saan-
1173 1261 1316 1332 sepienda,
1335 1274 1403 1330 uno,
1419 1256 1460 1314 vel
1481 1256 1534 1314 alio
1552 1264 1681 1331 excepto,
1698 1264 1729 1315 ut
1747 1258 1775 1313 in
1795 1255 1991 1329 sequentibus

337 1349 401 1408 dala
418 1350 482 1408 inda
501 1351 650 1408 orirentur.
665 1352 760 1408 Fateor
772 1350 911 1425 equidem,
928 1350 1092 1407 decisionem
1107 1346 1139 1403 il·
1172 1349 1304 1422 exemplis
1328 1347 1480 1406 ostendam.
1497 1347 1575 1405 Ratio
1601 1354 1693 1406 autern
1713 1346 1873 1404 assertionis
1901 1342 1992 1401 iacile

339 1439 394 1498 llus
415 1439 481 1498 iuris
503 1455 556 1498 non
576 1455 637 1498 esse
657 1439 807 1498 lormaliter
821 1449 849 1498 et
860 1455 989 1514 expresse
1003 1437 1037 1496 de
1050 1447 1135 1512 quae·
1173 1436 1251 1495 reddi
1266 1443 1364 1510 potest.
1381 1438 1450 1494 llam
1470 1437 1605 1510 posterior
1624 1452 1689 1508 pars
1704 1436 1819 1508 probata
1837 1442 1882 1494 est
1895 1435 1927 1492 in
1951 1435 1992 1490 si·

339 1530 439 1604 stione,
455 1545 539 1604 quam
551 1537 715 1604 tractamus,
725 1529 791 1588 alias
805 1530 881 1588 nulla
894 1529 991 1608 luisset
1004 1529 1038 1586 de
1059 1527 1138 1584 bonis
1173 1529 1229 1586 mili
1243 1530 1270 1584 in
1284 1528 1373 1600 eapite
1388 1526 1573 1600 praecedenti,
1590 1526 1636 1584 arbi
1651 1525 1830 1599 comedimus,
1842 1541 1900 1582 non
1922 1539 1990 1580 esse

278 1677 280 1686 ,
337 1619 539 1678 haeretieorum
553 1621 752 1679 controversia.
764 1619 944 1679 Nihilominus
957 1625 1049 1677 tamen
1059 1615 1138 1673 valde
1173 1617 1404 1691 interpretandam
1423 1617 1510 1690 legem
1525 1631 1591 1674 curn
1608 1616 1694 1690 ipsius
1708 1618 1847 1673 iniuriaet
1864 1614 1991 1686 vilipen·

335 1701 475 1786 probabile
487 1710 607 1767 sumitur
621 1708 684 1766 inde
698 1717 902 1784 argumentum:
918 1708 983 1783 quin
997 1708 1019 1765 si
1032 1707 1075 1765 lex
1088 1722 1140 1779 pu·
1172 1708 1227 1781 dio,
1243 1715 1272 1765 et
1285 1707 1346 1766 ideo
1360 1706 1558 1765 extendendam
1572 1721 1634 1764 esse
1648 1705 1682 1764 ad
1700 1705 1862 1764 sententiam
1878 1703 1985 1775 latam,

337 1802 414 1858 niens
432 1801 491 1872 ipso
514 1801 575 1858 iure
600 1799 626 1856 in
646 1797 781 1858 bonorum
799 1799 1007 1870 confiscatione,
1022 1791 1075 1855 n'ou
1092 1796 1140 1854 dat
1173 1800 1197 1856 si
1217 1797 1408 1856 necessarium
1422 1797 1458 1854 sit
1476 1796 1510 1854 ad
1525 1795 1666 1855 vitandum
1681 1796 1733 1854 boc
1754 1793 1987 1862 incommodum

337 1893 383 1948 ius
396 1889 463 1946 liaeo
478 1887 512 1945 ad
526 1888 686 1960 usurpanda
701 1888 747 1946 illa
758 1887 829 1946 bona
843 1894 905 1946 ante
919 1887 1078 1946 sententiam
1092 1885 1139 1944 de·
1173 1903 1241 1961 ergo
1262 1887 1333 1945 idem
1348 1888 1376 1942 in
1396 1887 1532 1959 praesenti
1550 1901 1566 1943 a
1587 1886 1691 1945 lortiorl
1712 1887 1859 1945 dicendum
1880 1889 1939 1957 est,
1957 1891 1988 1940 et

336 1979 511 2038 elaratnriam
534 1978 670 2049 criminis,
686 1981 769 2037 etiam
790 1994 843 2037 non
864 1977 971 2036 aulerct
984 1977 1034 2051 ipsi
1045 1976 1140 2050 possi·
1174 1977 1263 2034 omnia
1277 1976 1315 2034 ibi
1329 1977 1404 2033 dicta
1413 1980 1532 2049 possunt
1545 1974 1590 2033 hic
1604 1992 1669 2033 aum
1681 1976 1854 2049 proportione
1866 1989 1987 2032 necom-

254 2099 258 2108 ν
339 2070 414 2129 denti
428 2070 471 2128 ius
485 2067 617 2126 retinendi
631 2067 694 2144 illa;
711 2067 782 2126 unde
796 2070 836 2142 lit,
852 2075 883 2126 ut
896 2084 950 2125 non
964 2067 1098 2140 obligetur
1112 2066 1139 2122 in
1174 2064 1291 2136 mederi,
1306 2079 1395 2140 neque
1409 2080 1442 2146 ea
1456 2072 1583 2138 repetere
1597 2071 1717 2139 oportet.
1727 2067 1806 2124 ilatio
1820 2079 1887 2122 vero
1902 2063 1983 2138 prio·

337 2158 503 2218 conscientia
513 2173 542 2214 se
557 2157 608 2214 illis
616 2160 723 2232 privare
733 2166 796 2216 ante
810 2155 1141 2216 sententiamtiontirma·
1174 2157 1213 2214 ris
1228 2156 1323 2228 partis,
1339 2161 1367 2213 et
1388 2156 1474 2214 totius
1487 2155 1599 2228 regulae
1612 2163 1664 2228 est,
1680 2158 1744 2230 quia
1764 2155 1909 2230 legislator
1925 2155 1981 2211 bu-

337 2249 417 2324 rique
437 2248 491 2305 boe
512 2253 602 2320 potest
620 2247 751 2319 exemplis
767 2290 774 2320 ,
795 2263 865 2322 quae
886 2245 1055 2305 adducemus
1078 2250 1141 2317 post
1174 2262 1271 2304 manave
1285 2253 1376 2318 potest
1389 2245 1443 2303 hoc
1459 2245 1540 2303 modo
1556 2262 1604 2320 per
1619 2263 1659 2320 se,
1674 2255 1703 2304 et
1717 2260 1767 2304 sua
1781 2247 1926 2304 voluntate
1941 2245 1983 2302 ei-

338 2347 499 2414 sequentem
519 2328 747 2412 regulam'llunc
772 2337 855 2394 allero
876 2353 961 2395 unum
975 2353 1009 2393 ex
1023 2333 1140 2392 concilio
1174 2338 1256 2395 licere
1271 2335 1353 2395 talem
1367 2335 1548 2408 privationem
1561 2353 1596 2395 ex
1608 2338 1682 2394 iusta
1696 2352 1791 2407 caasa,
1806 2344 1835 2393 et
1856 2331 1984 2410 obligare

337 2430 449 2489 trident.
464 2433 657 2502 sess.2t,cap.
672 2427 756 2487 ll.de
768 2427 907 2486 relormat.
919 2425 965 2484 ubi
979 2425 1067 2482 iertur
1081 2424 1140 2496 ipso
1174 2425 1208 2483 ad
1222 2425 1323 2484 similes
1341 2427 1474 2496 actiones,
1491 2426 1533 2483 vel
1554 2426 1716 2484 omissiones
1729 2441 1763 2484 ex
1782 2426 1861 2483 simili
1876 2441 1980 2494 eausa,

338 2521 398 2578 iure
412 2533 500 2592 poena
513 2518 668 2592 privationis
682 2517 752 2574 iuris
772 2521 1041 2590 patronatuscontra
1056 2513 1139 2571 laicos
1175 2524 1207 2574 ut
1221 2515 1370 2573 inhabilitat
1383 2531 1527 2589 personam
1542 2514 1576 2573 ad
1591 2516 1805 2589 matrimonium,
1820 2514 1863 2573 vel
1878 2515 1979 2589 probi·

339 2616 483 2684 patroaes,
497 2614 525 2665 et
543 2607 741 2664 beneficiorum
761 2612 859 2664 contra
873 2605 991 2663 elericos
1003 2617 1140 2675 vrsurpan·
1174 2605 1222 2663 bet
1232 2606 1303 2663 ierre
1314 2605 1484 2679 suffragium,
1494 2604 1603 2679 quando
1617 2605 1785 2680 expedit,vel
1799 2607 1893 2664 aulert
1906 2607 1981 2664 bone

340 2706 382 2756 tes
393 2697 465 2756 bona
478 2694 713 2754 ecelesiarum.Et
726 2700 815 2752 umen
826 2701 934 2752 certum
948 2691 1140 2766 est,perillau1
1175 2695 1342 2769 reipublicae
1361 2697 1531 2770 necessaria3
1548 2712 1614 2770 ergo
1629 2697 1700 2755 idem
1718 2704 1810 2771 potest
1822 2696 1937 2756 ellleerc
1953 2698 1981 2754 in

340 2787 428 2862 legem
444 2801 498 2843 noa
515 2784 632 2860 obligari
649 2784 700 2842 hos
722 2783 914 2858 delinquentes
928 2783 963 2840 ad
977 2798 1008 2839 ee
1023 2780 1141 2854 spuliuu·
1175 2801 1290 2859 poenam
1302 2787 1413 2859 tusum,
1428 2801 1494 2859 ergo
1508 2785 1531 2842 si
1542 2785 1613 2843 hanc
1626 2777 1795 2846 voluntatem
1811 2789 1879 2845 satis
1893 2786 1982 2860 expli·

340 2877 406 2950 dos,
427 2877 493 2950 quia
511 2875 598 2932 verba
620 2890 674 2933 aon
698 2879 805 2950 cogunt
827 2873 863 2932 ad
886 2870 1140 2947 interpretationem
1174 2883 1231 2945 cet,
1245 2891 1275 2932 re
1289 2891 1354 2940 vern
1369 2874 1395 2933 id
1414 2874 1488 2933 iacit.
1503 2876 1598 2950 Neque
1613 2876 1743 2948 obstabit,
1758 2877 1834 2951 qued
1854 2875 1918 2935 inde
1934 2891 1982 2932 ne·

339 2963 407 3024 adeo
419 2965 581 3039 rigorosam.
1175 2966 1303 3024 cessitate
1317 2965 1436 3038 quadam
1446 2965 1542 3023 morali
1556 2968 1835 3040 sequatur,actioues
1849 2966 1982 3038 poenales

380 3060 408 3114 6.
423 3055 644 3114 Fundamentum
658 3061 750 3114 autem
764 3055 918 3114 contrariae
933 3054 1084 3111 sententiae
1098 3051 1139 3110 la·
1175 3055 1352 3131 exequendas
1372 3071 1433 3113 esse
1455 3054 1488 3112 ab
1508 3055 1567 3127 ipso
1588 3070 1651 3118 reo:
1671 3064 1730 3114 tum
1751 3057 1817 3130 qnia
1834 3063 1981 3113 ostensum

340 3145 394 3204 nile
407 3145 566 3203 dissolvitur
580 3159 614 3202 ex
627 3143 720 3204 dictis.
734 3143 957 3204 Particulaenim
970 3141 1137 3219 ipensocto,
1175 3151 1232 3215 est,
1244 3144 1293 3202 bas
1305 3146 1388 3203 etiam
1402 3145 1526 3202 actiones
1541 3159 1621 3216 posse
1635 3144 1739 3202 directe
1754 3145 1856 3218 imponi
1869 3147 1898 3203 in
1911 3161 1983 3219 poe·

238 3227 247 3234 ’
339 3236 383 3293 vel
397 3234 536 3308 quaelibet
551 3233 736 3306 aequivalens,
753 3251 840 3308 capax
853 3242 897 3292 est
909 3232 1091 3305 amplissimae
1105 3235 1142 3289 si·
1176 3250 1238 3291 nam
1253 3235 1311 3307 ipso
1326 3234 1411 3305 lacto,
1423 3241 1452 3291 et
1466 3240 1528 3292 ante
1542 3249 1652 3292 omnem
1666 3233 1891 3306 declarationem,
1903 3237 1983 3294 sieut

338 3324 520 3399 gnificatiouis
536 3324 685 3380 sententiae
698 3323 768 3382 latae
788 3324 891 3399 absque
907 3320 962 3381 ulla
975 3325 1140 3381 necessitate
1175 3328 1294 3398 possunt
1303 3323 1422 3396 praecipi
1434 3322 1469 3379 ob
1481 3322 1548 3382 alias
1562 3325 1683 3381 rationes
1697 3325 1797 3400 iustas,
1808 3331 1869 3383 tum
1882 3325 1980 3398 etiam,

339 3411 530 3472 declarationis
546 3410 692 3486 iudicialis,
704 3420 737 3470 ut
749 3412 848 3487 probat
861 3411 1018 3484 exemplum
1029 3411 1062 3469 de
1076 3425 1141 3468 cen·
1177 3413 1242 3487 quia
1263 3428 1371 3485 semper
1392 3413 1583 3485 supponimus,
1599 3413 1666 3470 tales
1686 3413 1786 3472 debere
1805 3429 1868 3473 esse
1881 3414 1981 3473 buius·

340 3506 423 3564 suris.
436 3502 553 3574 Oportet
569 3507 678 3575 autem,
691 3509 725 3559 ut
739 3502 781 3560 rel
793 3517 828 3560 ex
842 3502 961 3576 ipsomet
972 3503 1031 3559 iure
1052 3502 1093 3558 vel
1107 3517 1140 3558 ea
1176 3501 1250 3561 modi
1266 3493 1400 3576 actiones,
1413 3511 1444 3559 ut
1455 3518 1508 3558 non
1523 3501 1657 3561 excedant
1668 3505 1801 3563 rationem
1813 3504 1901 3562 iustae
1914 3519 1982 3578 poe·

339 3594 484 3654 communi
494 3607 547 3648 usu
562 3582 718 3661 constet,in
728 3591 780 3650 boe
796 3607 879 3649 sensu
890 3597 917 3648 et
932 3590 983 3648 bac
994 3590 1141 3649 intentione
1176 3609 1238 3666 nae,
1255 3592 1432 3650 considerata
1444 3592 1578 3666 qualitate
1592 3591 1694 3666 delicti,
1708 3600 1738 3650 et
1749 3592 1916 3667 reipublicae
1932 3610 1980 3658 ne:

339 3685 405 3757 poni
418 3683 444 3739 iu
458 3682 517 3755 lege
527 3696 544 3737 a
556 3680 721 3754 legislatore.
731 3683 790 3740 lloe
804 3687 896 3739 autem
911 3682 938 3737 in
952 3681 1081 3738 censuris
1096 3683 1141 3738 in·
1176 3682 1314 3755 cessitate,
1335 3689 1362 3740 et
1377 3680 1512 3739 humanae
1526 3686 1641 3740 naturae
1657 3683 1751 3741 morali
1765 3683 1932 3756 conditione,
1947 3699 1979 3738 ec

340 3759 466 3844 venitur,
484 3777 513 3828 et
535 3768 587 3827 luit
604 3785 760 3844 congraum
780 3777 892 3845 propter
907 3771 1038 3828 moenem
1053 3785 1138 3842 supra
1176 3771 1365 3845 possibilitate.
1387 3769 1464 3831 Unde
1491 3772 1572 3830 etiam
1592 3787 1641 3846 per
1661 3788 1690 3830 se
1711 3774 1851 3848 loquimur
1871 3774 1905 3832 de
1926 3774 1981 3831 bae

223 3899 227 3907 -
340 3865 458 3937 lacum,
474 3861 500 3919 in
516 3861 575 3920 aliis
588 3875 654 3920 vero
668 3861 763 3933 poenis
777 3875 828 3918 nec
840 3860 933 3917 locum
948 3859 1049 3916 babent
1063 3874 1141 3932 prae·
1175 3863 1350 3936 obligatione,
1370 3877 1434 3920 nam
1448 3862 1471 3919 si
1491 3877 1541 3937 per
1555 3859 1682 3922 accidens
1702 3863 1842 3924 interdum
1855 3880 1909 3922 non
1931 3881 1981 3938 po·

341 3954 432 4012 dictae
446 3954 579 4023 rationes,
595 3965 646 4007 oea
660 3950 743 4006 etiam
764 3963 797 4007 ex
812 3949 872 4007 iure
887 3949 929 4006 vol
941 3947 1141 4007 consuetudine
1176 3957 1231 4010 teet
1244 3951 1306 4009 talis
1319 3952 1447 4010 executio
1457 3951 1492 4008 ab
1505 3953 1566 4024 ipso
1581 3967 1629 4010 reo
1644 3953 1700 4011 fieri
1714 3941 1773 4012 side
1782 3968 1882 4028 magno
1895 3970 1979 4012 esan·

339 4049 470 4101 censure
489 4047 582 4115 potest
594 4038 639 4097 ille
659 4054 769 4111 sensus,
783 4037 895 4111 quande
909 4039 995 4096 maior
1016 4037 1141 4096 deelara-
1175 4039 1248 4115 dalo,
1264 4041 1306 4098 vel
1328 4041 1385 4100 sine
1399 4055 1497 4115 magna
1511 4041 1630 4117 inlamia,
1646 4051 1695 4101 aut
1708 4043 1762 4101 alio
1783 4045 1859 4118 gravi
1872 4045 1982 4103 incom-

340 4133 379 4190 tio
390 4132 418 4188 in
431 4130 490 4204 iege
500 4145 554 4187 non
569 4126 691 4201 additur,
703 4129 757 4186 imo
769 4128 940 4204 contrarium
951 4133 1061 4185 constat
1074 4144 1141 4185 con·
1175 4129 1273 4204 modo,
1290 4131 1424 4205 quodvis
1443 4136 1535 4205 potest
1548 4130 1631 4190 homo
1644 4131 1696 4190 sibi
1715 4133 1764 4206 ipsi
1779 4132 1894 4206 inlerre,
1911 4140 1979 4192 tunc

339 4220 501 4293 suetudine,
513 4227 543 4278 et
556 4219 712 4276 insinnatur
727 4219 754 4277 in
767 4219 838 4292 iure,
851 4216 957 4276 utdixi.
967 4219 1142 4291 Possuatque
1175 4220 1351 4279 excusabitur
1366 4223 1427 4296 quis
1441 4220 1476 4279 eb
1496 4221 1669 4295 obligatione,
1686 4237 1736 4281 seu
1755 4224 1921 4282 executione
1941 4225 1979 4281 le·

340 4311 427 4370 multa
438 4309 563 4384 exempla
576 4307 666 4366 alierri
680 4307 772 4388 legum
782 4313 812 4366 et
826 4321 974 4381 canonum,
986 4306 1012 4362 iu
1027 4307 1140 4381 quibus,
1175 4311 1236 4384 gis3
1264 4311 1291 4370 id
1312 4318 1403 4370 tamen
1423 4317 1465 4371 est
1483 4325 1534 4386 per
1554 4311 1704 4388 accidens,
1731 4327 1795 4372 nam
1816 4313 1859 4372 lex
1879 4330 1929 4389 per
1950 4329 1980 4372 se

339 4417 396 4460 non
410 4399 536 4467 obstante
549 4398 597 4457 illa
614 4397 834 4472 particulares
854 4396 947 4454 statim
961 4397 1050 4455 oritur
1071 4395 1141 4454 obli·
1176 4399 1289 4480 obligat.

341 4493 416 4567 gatio
432 4490 467 4548 nd
482 4503 586 4562 poenae
599 4489 804 4560 executionem,
820 4493 959 4561 quatenus
972 4499 1006 4544 ex
1021 4487 1142 4546 ministe·
1214 4493 1242 4548 8.
1257 4489 1340 4562 Magis
1361 4494 1451 4548 antem
1471 4487 1653 4563 explicabitur
1672 4491 1740 4550 haec
1761 4492 1869 4567 regula,
1889 4493 1978 4552 addu-

339 4582 382 4641 rio
403 4581 518 4638 bominis
539 4577 650 4652 pendet,
672 4591 705 4635 err
729 4576 830 4651 quibus
853 4575 985 4650 exemplis
1009 4574 1141 4634 nonnulla
1175 4580 1229 4637 etis
1248 4577 1385 4637 nonnullis
1405 4578 1546 4653 exemplis,
1564 4596 1619 4638 non
1640 4578 1672 4639 ut
1691 4581 1749 4657 illa,
1765 4599 1837 4657 quae
1856 4582 1890 4642 ad
1912 4584 1979 4642 alias

340 4671 434 4730 statim
448 4669 604 4746 alieremup,
616 4666 776 4740 explicando
788 4675 949 4741 sequentem
964 4666 1099 4739 regulam.
1110 4667 1141 4722 ln
1174 4671 1303 4727 materias
1324 4669 1470 4743 portinent,
1486 4667 1529 4726 bie
1549 4685 1584 4727 ex
1601 4670 1726 4743 protenso
1745 4678 1913 4744 tractemus,
1931 4674 1980 4732 sed

341 4778 397 4838 qua
411 4760 493 4820 simul
507 4773 676 4832 exponemus
692 4757 814 4815 ultimam
834 4762 940 4831 partem
954 4756 1038 4814 buius
1059 4771 1140 4830 regu·
1175 4758 1265 4816 solum
1280 4763 1311 4814 ut
1324 4758 1489 4832 attingamus
1504 4773 1547 4830 ea,
1563 4773 1638 4832 quae
1653 4759 1688 4816 ad
1706 4762 1863 4834 generalem
1876 4760 1979 4819 doctri·

340 4853 400 4926 lae,
414 4865 463 4924 per
476 4864 560 4923 quam
573 4846 646 4904 illem
660 4845 826 4919 limitamus,
842 4845 895 4903 nisi
907 4860 941 4905 ex
955 4847 1082 4919 materia,
1096 4846 1140 4905 vel
1174 4863 1238 4905 nem
1250 4848 1342 4921 legum
1353 4845 1556 4922 intelligendam
1572 4848 1673 4906 inerint
1684 4857 1848 4923 opportune.
1857 4853 1979 4912 Primum

340 4941 475 5002 adiunctis
488 4936 578 4996 verbis
595 4935 671 4994 aliud
684 4936 839 5010 colligatur.
1071 4963 1086 4980 ν
1174 4951 1242 5010 ergo
1262 4937 1418 5008 exemplum
1432 4937 1468 4994 sit
1486 4937 1519 4994 de
1534 4937 1641 5011 legibus
1655 4942 1809 5014 canonicis,
1825 4957 1896 5016 quae
1917 4959 1980 5016 pro·

374 5035 406 5092 i.
421 5030 512 5088 lertio
531 5027 616 5102 igitur
634 5026 731 5099 regula
745 5027 790 5082 sit:
805 5026 890 5099 Leges
905 5024 1033 5106 pqenales
1054 5027 1140 5098 impo-
1174 5033 1236 5100 pter
1251 5023 1342 5104 aliqua
1355 5025 1455 5084 delicte
1469 5027 1577 5099 privant
1589 5029 1700 5096 omuino
1716 5031 1798 5088 titulo
1811 5039 1839 5089 et
1856 5032 1976 5091 dominio

339 5129 434 5182 uenus
455 5119 635 5192 privationem
648 5117 709 5188 ipso
729 5115 815 5187 laeto,
831 5115 967 5174 inducunt
986 5114 1157 5202 absolutam¹
1173 5115 1296 5174 beneficii
1314 5114 1433 5189 legitime
1446 5122 1526 5173 antee
1546 5117 1649 5176 obtenti
1668 5125 1696 5176 et
1716 5122 1847 5194 possessi,
1862 5130 1891 5180 et
1910 5139 1978 5181 eon·

341 5209 522 5288 privationem
531 5207 679 5279 bonorum,
691 5219 774 5280 qaam
789 5204 944 5280 intendunt,
956 5212 984 5264 et
998 5204 1139 5280 obligatio·
1174 5210 1324 5282 sequenter
1345 5204 1464 5282 obligant
1488 5205 1522 5264 ad
1549 5207 1757 5282 resignationem
1778 5209 1900 5272 beneficii
1926 5215 1978 5273 iam
