4256 6224
393 355 457 428 586
1090 357 1257 426 tranans.

352 504 464 563 Christi.
477 503 558 563 Nulla
576 505 648 562 enim
662 502 845 578 promulgatio
859 501 933 560 illius
946 500 1015 574 legis
1028 498 1103 558 iacta
1116 499 1158 556 rel
1195 499 1318 560 ultimam
1335 501 1572 560 resurrectionem
1587 499 1728 562 bominum
1741 520 1795 561 nnn
1810 505 1914 564 luisset
1927 520 1999 563 mor·

354 595 444 654 addita
456 602 498 651 est
509 597 534 651 ia
548 593 592 650 illo
607 594 709 663 triduo,
723 603 753 650 ut
768 608 816 665 per
830 608 859 650 se
874 599 971 648 notum
989 591 1078 648 esest
1093 603 1159 660 ergo
1193 591 1340 664 tua,'qnia
1360 590 1435 648 illam
1453 592 1534 649 etiam
1554 593 1764 667 praefigurabat.
1780 596 1839 652 lton
1859 596 1915 652 luit
1934 611 2000 668 ergo

354 685 460 742 vivente
472 684 582 741 Christo
592 686 619 740 in
630 683 687 740 'rite
700 683 809 740 mortali
822 681 887 739 eatis
900 684 973 736 esset
987 678 1160 751 promulgata
1195 681 1399 748 necessarium,
1413 687 1445 738 ut
1458 697 1554 738 omnes
1567 683 1672 756 figurae
1685 693 1779 741 essent
1792 687 1938 758 impletae,
1955 687 2000 740 sed

354 774 398 831 len
413 790 494 846 nova,
510 777 537 831 in
552 779 639 831 morte
653 772 751 831 Christi
765 772 845 830 etiam
859 770 1017 843 obligasset,
1036 769 1102 842 quin
1117 767 1158 824 lex
1194 769 1475 842 illae,quaeerantde
1487 774 1643 844 praecipuis
1654 776 1801 850 mysteriis
1814 791 1908 848 neque
1916 777 2000 831 etiarn

354 864 523 922 sufficienter
543 863 636 936 edita,
658 869 685 919 et
704 859 878 935 promulgata
898 859 1021 933 obligat,
1046 872 1097 914 nec
1117 864 1160 912 est
1195 860 1246 918 boc
1262 860 1352 918 solum
1375 861 1571 919 attendendum
1586 869 1646 934 eat,
1668 863 1715 920 sed
1737 864 1874 936 maxime,
1889 863 1925 920 ad
1941 879 2001 933 pro·

354 955 445 1026 aliud,
466 953 541 1026 quod
553 959 730 1026 expectetur3
746 953 769 1007 si
783 957 875 1009 eutem
890 954 954 1006 ante
970 947 1073 1006 Christi
1087 961 1160 1002 mor·
1194 951 1387 1022 mulgationem
1399 952 1581 1008 necessariam
1594 950 1626 1008 ed
1638 953 1804 1026 novaelegis
1816 951 2002 1010 introductio·

355 1053 411 1103 tem
425 1043 607 1118 promulgatio
623 1042 764 1099 sufficiens
775 1057 828 1098 non
844 1039 1005 1113 praecessit,
1016 1044 1045 1094 et
1061 1035 1122 1093 ideo
1132 1038 1159 1090 in
1195 1056 1256 1097 nem
1276 1047 1304 1098 et
1317 1040 1503 1098 exclusionem
1519 1041 1642 1099 alterius.

270 1193 274 1202 ,
355 1139 415 1194 eiua
430 1142 517 1192 morte
532 1149 585 1190 non
604 1132 733 1206 obligarit
747 1132 788 1188 lex
808 1146 897 1204 nova,
918 1128 1043 1202 proiecto
1060 1141 1112 1182 nec
1131 1126 1159 1182 in
1233 1135 1279 1189 25.
1297 1133 1362 1188 bico
1376 1145 1444 1203 ergo
1457 1133 1556 1188 tertio:
1569 1133 1714 1188 bennatus
1727 1147 1780 1188 non
1795 1131 1851 1188 luit
1868 1130 2001 1203 abrogata

355 1235 480 1298 ternpore
500 1223 710 1301 resurrectionis
731 1221 784 1277 luit
810 1219 950 1278 sufficiens
977 1214 1160 1290 promulgatio
1194 1227 1256 1278 toto
1277 1227 1398 1293 tempore
1419 1226 1484 1290 post
1508 1222 1735 1279 resurrectionem
1756 1237 1850 1294 usque
1873 1221 1909 1278 ad
1930 1221 2001 1279 diem

355 1331 443 1376 norae
458 1315 534 1387 legis,
549 1320 577 1370 ct
589 1317 790 1386 consequenter
803 1325 853 1366 nee
867 1310 927 1368 eius
941 1306 1081 1382 obligatio.
1092 1307 1159 1362 Nata
1194 1311 1426 1368 Porticenses-ln
1444 1309 1496 1366 hac
1515 1311 1702 1381 propositione
1721 1326 1775 1366 oon
1799 1312 1914 1368 invenio
1937 1327 2001 1368 cen·

355 1408 436 1466 etiam
452 1406 495 1463 lex
514 1403 603 1460 divine
617 1401 732 1476 positive
747 1417 801 1458 non
819 1399 921 1472 obligat
939 1403 1001 1454 ante
1022 1394 1161 1454 sufficien·
1194 1398 1375 1456 tradicentem
1393 1405 1473 1456 estre
1492 1398 1624 1472 allegatos
1645 1406 1790 1470 auctores,
1810 1415 1903 1472 neque
1918 1401 1999 1456 etiam
2100 1419 2101 1474 a

354 1506 411 1558 tern
425 1494 684 1568 promulgationem,
697 1499 728 1549 ut
743 1493 800 1563 ipse
815 1491 880 1547 Soto
895 1488 995 1545 ibidem
1007 1487 1160 1557 latetur,et
1193 1489 1304 1547 invenis
1321 1487 1528 1561 difficultatem,
1544 1495 1594 1545 sut
1607 1491 1741 1562 rationem
1755 1487 1920 1558 (supremas,
1937 1505 2001 1560 ,gp
2100 1489 2101 1526 t

355 1589 427 1648 libro
440 1585 565 1661 sequenti
581 1585 662 1641 latius
677 1583 812 1652 dicemus,
822 1579 958 1637 ubietiam
969 1575 1158 1646 ostendemus,
1194 1581 1283 1654 posim
1294 1579 1496 1637 resolutionem
1507 1584 1610 1650 puncto
1620 1577 1794 1649 praecedenti
1811 1577 2001 1645 uadimonia

355 1679 445 1753 legem
461 1693 560 1734 novam
575 1689 631 1732 neu
650 1670 835 1748 obligasseab
857 1668 967 1726 instanti
980 1664 1159 1724 resurrectio·
1193 1686 1248 1727 noa
1268 1669 1319 1727 terit
1338 1669 1381 1726 lex
1402 1685 1474 1726 nora
1493 1667 1667 1741 promulgata
1684 1667 1780 1724 inillis
1797 1669 2002 1741 quinquaginta

355 1772 409 1844 nis,
418 1784 486 1843 ergo
498 1781 586 1840 neque
598 1773 664 1822 tunc
675 1763 793 1820 cessavit
804 1759 931 1832 obligatio
942 1757 1008 1829 legis
1017 1757 1158 1828 antiquae.
1193 1758 1290 1816 diebus
1304 1764 1368 1830 post
1386 1749 1634 1825 resurrectionem,
1651 1758 1737 1830 magis
1750 1771 1836 1829 quem
1849 1758 1879 1813 tn
1893 1757 1941 1814 die
1963 1773 2002 1814 fg.

397 1867 445 1922 tt.
456 1859 676 1919 Fundamentum
687 1860 779 1910 tutem
792 1866 841 1924 pro
853 1851 920 1907 soto
930 1847 1083 1905 adductum
1096 1860 1160 1917 pro·
1194 1848 1389 1919 surrectionis,
1409 1854 1441 1904 ut
1462 1861 1495 1904 err
1508 1844 1668 1918 evangelio,
1683 1854 1712 1903 et
1724 1841 1842 1903 detdrus
1864 1847 2003 1919 apostolo-

358 1953 484 2012 babiliter
498 1946 628 2020 ostendit,
644 1948 706 2001 ante
720 1940 953 2012 reattrrectionem
966 1941 1159 1994 non‘cessesse
1195 1955 1258 2000 rum
1272 1944 1397 2007 constris
1408 1936 1479 2008 'ergo
1500 1948 1551 1991 nee
1571 1933 1613 1990 lex
1633 1950 1704 1990 nora
1719 1938 1805 2008 magis
1818 1935 1949 2009 obtigere
1966 1939 2004 1992 tn.

356 2044 447 2118 legem
461 2049 593 2111 veterem,
606 2042 761 2092 nontamen
774 2030 882 2104 probat,
895 2029 985 2086 statim
997 2027 1023 2083 in
1037 2040 1160 2083 recurre·
1194 2029 1268 2100 cepit
1283 2029 1309 2086 in
1321 2027 1374 2084 illis
1386 2025 1484 2084 diebus
1502 2041 1591 2098 usque
1603 2023 1637 2082 ad
1646 2023 1829 2083 Pentecosten
1844 2026 2002 2096 exclusive,

357 2136 447 2192 ctione
461 2145 596 2190 cessasse.
612 2127 679 2184 llam
694 2121 857 2199 mysterium
871 2124 982 2176 nostrae
996 2114 1090 2173 salutis
1103 2115 1159 2182 due
1194 2116 1857 2193 quaminresurrectione3ergonecleavetus
1878 2115 2002 2172 illisdie-
2100 2181 2101 2192 ἵ

358 2226 485 2298 requirit.
502 2224 592 2280 Unum
605 2222 648 2274 est
661 2212 761 2270 solutio
775 2209 937 2268 sufficientis
950 2207 1026 2279 pretii
1040 2220 1089 2276 per
1102 2219 1160 2260 rae·
1194 2209 1247 2267 bus
1270 2208 1402 2281 abrogata
1419 2211 1473 2264 est.
1490 2207 1612 2278 Utraque
1630 2206 1703 2262 enim
1724 2206 1929 2279 consequentia
1948 2204 2002 2261 est.

356 2317 441 2373 ritum
455 2319 482 2387 et
500 2307 713 2386 satisfactionem
726 2301 841 2372 Christi,
863 2297 936 2356 aliud
951 2303 993 2355 est
1012 2294 1160 2368 applicatio
1195 2299 1262 2356 dens
1281 2304 1326 2357 eet
1346 2314 1379 2355 ex
1398 2296 1540 2371 principiis
1554 2296 1659 2368 positis.
1675 2297 1713 2352 Et
1724 2295 1785 2353 ideo
1800 2295 1869 2352 nibil
1882 2295 2003 2367 amplius
2100 2291 2101 2342 1

357 2404 430 2462 illius
445 2397 658 2470 redemptionis,
672 2409 728 2449 non
743 2391 833 2447 solum
846 2405 880 2446 ex
893 2393 970 2460 parte
985 2393 1095 2456 nostra,
1112 2382 1160 2440 sed
1195 2387 1228 2445 de
1244 2386 1295 2445 hoc
1311 2387 1462 2444 assertione
1474 2383 1567 2443 diacre
1581 2400 1696 2442 necesse
1712 2393 1769 2454 est,
1784 2400 1837 2441 nec
1851 2384 2003 2442 difficulta·
2100 2375 2101 2450 t

256 2525 260 2540 ·
357 2497 440 2552 etiam
450 2507 483 2549 en
497 2494 574 2563 parte
588 2485 675 2558 ipsius
687 2481 790 2538 Christi
801 2476 891 2552 quoad
905 2476 1009 2549 aliquas
1023 2474 1158 2544 actiones,
1195 2484 1250 2534 tem
1263 2481 1289 2532 in
1311 2477 1357 2533 illa
1375 2476 1497 2542 invenio,
1513 2475 1560 2531 eui
1572 2471 1740 2546 respondere
1753 2488 1869 2531 necesse
1886 2475 1937 2532 sit.
1952 2477 2003 2532 Per
2100 2483 2101 2552 ξ

357 2591 428 2660 quas
449 2585 476 2638 in
496 2578 590 2636 ordine
610 2573 643 2631 ad
669 2572 739 2628 benc
760 2568 970 2641 applicationem
991 2565 1017 2622 in
1041 2564 1159 2637 generali
1196 2567 1245 2623 bas
1266 2572 1359 2624 autem
1380 2564 1581 2638 propositiones
1599 2577 1695 2620 omnes
1716 2561 1806 2620 solum
1830 2563 2002 2634 explicatu·

358 2679 509 2748 spectatam
532 2665 666 2746 tittssllii·
687 2659 766 2730 0¹¹⁰li
778 2674 844 2731 0¹8⁰
859 2657 893 2714 ld
908 2658 1026 2729 primum
1042 2659 1159 2726 spectat,
1195 2665 1253 2727 est,
1269 2654 1370 2728 quibus
1383 2653 1557 2725 temporibus
1569 2669 1624 2709 non
1644 2652 1727 2711 luerit
1744 2651 1877 2726 abrogata
1898 2653 1942 2710 len
1956 2669 2001 2710 re·

357 2779 389 2820 re
404 2776 469 2818 vera
485 2759 538 2815 luit
556 2753 706 2824 redemptio
724 2750 806 2822 plene
821 2752 1012 2804 consummata
1029 2745 1055 2800 in
1071 2750 1161 2802 morte
1196 2754 1257 2816 tus,
1273 2753 1301 2802 et
1315 2749 1517 2817 consequenter
1535 2741 1609 2799 illam
1625 2741 1760 2814 obligasse
1775 2757 1866 2815 usque
1878 2742 1916 2799 ad
1929 2741 2000 2798 diem

358 2851 459 2908 Christi
483 2840 698 2919 praescindendo
713 2855 729 2895 a
742 2837 959 2893 resurrectione.
975 2833 1015 2890 ab
1028 2832 1074 2890 illo
1088 2833 1160 2888 enim
1197 2838 1375 2895 Pentecosten
1395 2831 1494 2890 saltem
1513 2832 1661 2891 exclusive.
1677 2833 1811 2904 Superest
1822 2845 1892 2905 ergo
1907 2830 2000 2888 dicen.

358 2947 464 3015 puncto
479 2934 544 2992 nibil
560 2930 632 2990 aliud
648 2928 748 2986 meruit
760 2925 886 2984 Christus
898 2923 1027 2980 nominas
1037 2962 1044 2992 ,
1056 2927 1104 2978 aut
1118 2937 1162 2992 sa·
1194 2926 1277 2996 dum,
1290 2939 1324 2980 an
1336 2923 1362 2980 in
1374 2921 1417 2979 die
1426 2924 1605 2980 Pentecosten
1617 2919 1727 2978 desierit
1736 2919 1875 2994 obligare,
1894 2921 1939 2976 ret
1951 2919 2002 2977 ³21.

359 3029 468 3088 tislecit.
488 3025 557 3093 Quia
570 3023 597 3078 in
611 3026 715 3093 puncto
730 3017 825 3074 mortis
840 3015 913 3071 linita
924 3023 967 3070 est
981 3011 1033 3081 eie,
1044 3017 1073 3066 et
1083 3017 1162 3067 entra
1197 3021 1251 3073 tem
1266 3013 1389 3084 coeperit
1401 3011 1541 3084 abrogari.

359 3123 432 3178 riam
446 3131 500 3173 non
516 3120 558 3170 est
571 3109 713 3184 proprium
727 3105 873 3176 meritum,
889 3105 932 3161 rel
946 3101 1114 3173 satisfactio,
1130 3108 1163 3158 ut
1233 3108 1281 3163 26.
1297 3105 1325 3159 ln
1337 3101 1389 3158 boc
1398 3115 1465 3173 ergo
1475 3106 1579 3172 puncto
1591 3105 1647 3156 tres
1659 3098 1733 3157 modi
1742 3098 1852 3157 dicendi
1864 3115 1929 3158 csse
1939 3116 2001 3173 pos·

358 3211 388 3268 in
406 3214 431 3268 1.
447 3213 514 3264 tem.
531 3208 559 3260 3.
575 3201 661 3274 partis
676 3197 757 3254 latius
770 3195 877 3254 dictum
891 3198 943 3252 est.
956 3191 1034 3250 Unde
1044 3198 1107 3250 ante
1119 3207 1162 3249 re·
1195 3199 1270 3251 sunt.
1286 3193 1394 3249 Primus
1408 3197 1468 3260 est,
1483 3189 1572 3262 legem
1586 3195 1705 3246 veterem
1719 3191 1747 3245 in
1761 3189 1806 3247 die
1821 3192 2001 3248 Pentecostes

359 3296 560 3355 surrectionem
574 3293 656 3348 laona
669 3285 737 3343 coeli
756 3292 850 3356 aperta
864 3283 931 3353 luit,
942 3287 971 3340 et
981 3282 1086 3340 animae
1099 3297 1162 3338 san·
1178 3282 1279 3340 ¹luisse
1298 3280 1409 3339 omnino
1428 3284 1580 3350 mortuam,
1596 3277 1622 3334 id
1643 3286 1687 3336 est
1704 3294 1756 3351 pro
1773 3280 1906 3336 universo
1922 3295 2001 3336 mun·

360 3369 471 3445 ateium
486 3387 572 3441 Deum
587 3379 679 3437 videre
693 3379 854 3447 coeperunt.
872 3373 898 3430 Si
913 3380 1007 3430 autem
1019 3370 1092 3429 ultra
1106 3367 1161 3428 eul-
1195 3372 1247 3445 do,
1273 3378 1302 3428 et
1323 3385 1373 3442 pro
1395 3381 1573 3442 quocumque
1594 3365 1671 3438 loco,
1690 3355 1719 3424 in¹
1734 3381 1791 3440 qun
1808 3377 1892 3426 erent
1911 3367 2002 3426 ttrdsei

359 3476 505 3534 dolentiam
523 3478 553 3528 et
573 3466 770 3543 plenitudinem
790 3462 984 3535 redemptionis
1005 3461 1161 3520 considere·
1195 3461 1319 3532 dispersi.
1340 3460 1414 3516 llaec
1434 3471 1499 3513 vern
1518 3457 1652 3513 sententia
1671 3455 1880 3514 babetdillioile
1905 3457 2002 3514 lunda·

360 3583 423 3624 mus
438 3564 529 3621 omnia
545 3559 692 3635 mysteria,
703 3561 731 3610 et
744 3567 854 3610 omnem
868 3550 998 3620 modum,
1013 3565 1070 3623 quo
1083 3550 1162 3608 Chri·
1195 3555 1335 3619 mentum,
1350 3545 1490 3616 videlicet,
1503 3545 1589 3617 legem
1599 3558 1699 3602 nevam
1709 3551 1776 3602 tune
1787 3545 1927 3619 obligasse
1944 3549 2004 3604 uni-

361 3654 569 3714 sruslieminus
587 3663 652 3704 sues
671 3647 792 3703 acdcnes
806 3648 834 3700 et
847 3642 978 3716 mysteria
990 3639 1025 3695 ad
1038 3646 1161 3698 nostram
1196 3654 1307 3695 versum
1325 3637 1436 3706 orbem,
1456 3635 1532 3707 quod
1550 3634 1628 3691 nobis
1648 3633 1791 3706 verisimile
1806 3650 1862 3692 ooo
1878 3635 2000 3708 videtur,

361 3747 494 3815 salutem,
510 3741 625 3811 eiusque
640 3733 830 3793 executionem
842 3729 994 3798 ordinavit,
1008 3745 1063 3786 non
1074 3734 1116 3785 est
1126 3729 1164 3786 si·
1195 3730 1318 3802 pertinet
1332 3740 1397 3783 vero
1412 3723 1447 3782 nd
1461 3725 1563 3781 librum
1576 3731 1753 3797 sequentem,
1764 3731 1794 3780 et
1803 3723 1867 3782 ideo
1879 3727 1908 3782 in
1924 3725 2001 3783 illum

362 3835 490 3892 steodum
511 3830 536 3885 in
556 3825 773 3885 resurrectione:
790 3837 852 3878 nam
871 3821 954 3878 etiam
968 3817 1095 3876 Christus
1110 3821 1163 3875 llo·
1195 3817 1288 3876 locum
1303 3815 1536 3889 impugnationem
1551 3812 1623 3870 illius
1636 3812 1806 3871 fundamenti
1820 3817 2000 3886 remittimus,

362 3926 455 3982 minus
471 3915 597 3977 ascendit
609 3919 723 3988 propter
737 3909 961 3984 glorificationem
980 3913 1119 3980 nostram,
1134 3913 1163 3966 et
1196 3923 1253 3980 quo
1275 3906 1437 3976 destructo,
1457 3905 1515 3960 ruit
1537 3903 1620 3960 ettam
1644 3902 1691 3960 bic
1715 3901 1816 3960 modus
1839 3903 2003 3962 diocaeses

362 4014 436 4070 misit
453 4009 583 4081 Spiritum
596 4008 722 4062 sanctum
737 3998 770 4056 ad
786 4013 871 4056 novae
886 3997 952 4070 legis
967 3997 1163 4070 promulgatio·
1196 3997 1247 4054 otio
1263 3995 1399 4068 principio
1413 4007 1498 4066 supra
1511 3993 1616 4064 posito,
1632 3991 1708 4066 quod
1728 3992 1772 4052 lea
1784 3998 1868 4051 setus
1885 4011 1945 4053 nnn
1958 3995 2004 4052 de·

362 4117 441 4171 nem,
459 4105 489 4154 et
507 4093 758 4159 confirmationem,
773 4086 849 4145 etad
864 4086 1012 4158 perlectam
1026 4085 1086 4142 eius
1100 4101 1164 4158 gra·
1196 4087 1243 4143 siit
1256 4083 1392 4157 obligare,
1404 4082 1454 4139 nisi
1468 4080 1579 4154 quando
1594 4080 1637 4138 lea
1650 4096 1721 4139 nore
1732 4081 1856 4157 obligate
1866 4083 1999 4159 incoepit.

362 4193 414 4247 tiae
429 4182 720 4250 communicationem,
733 4191 816 4250 qaam
832 4176 908 4232 nobis
923 4181 1064 4234 meruerat
1074 4192 1082 4238 t
1094 4189 1162 4248 erge
1196 4173 1340 4233 Secttndus
1363 4172 1463 4228 modus
1482 4168 1589 4226 dicendi
1607 4176 1665 4238 est,
1686 4169 1774 4243 legens
1793 4179 1921 4231 veterem
1936 4174 2003 4230 obli·

361 4279 456 4336 eadem
478 4273 581 4331 ratione
600 4284 655 4326 non
674 4266 770 4324 debuit
782 4279 893 4322 cessare
907 4262 949 4320 lea
964 4269 1058 4333 vetus,
1073 4263 1162 4320 donec
1195 4277 1276 4338 gesse
1292 4259 1404 4330 iudaeos
1419 4273 1508 4332 usque
1523 4256 1557 4314 ad
1572 4259 1722 4330 perlectam
1732 4261 1866 4334 evangelii
1878 4265 2003 4335 prompt.

361 4369 412 4426 ista
432 4365 524 4423 omnia
543 4359 674 4435 mysteria
688 4355 897 4428 perficerentur.
913 4352 989 4412 Unde
1003 4353 1067 4409 nibil
1082 4360 1163 4424 urget
1195 4353 1351 4425 gerionem,
1368 4349 1488 4422 ideoque
1502 4347 1529 4402 in
1541 4346 1585 4403 die
1599 4349 1777 4407 Pentecosten
1790 4365 1844 4408 nee
1859 4360 2001 4410 mortuam

362 4452 541 4516 confirmatio.
564 4450 632 4506 Nam
653 4447 695 4503 lex
714 4446 797 4503 etiarn
816 4449 912 4514 vetus,
929 4449 957 4499 et
973 4444 1162 4500 caeremoniae
1196 4441 1295 4510 luisse,
1318 4453 1368 4495 nec
1390 4436 1513 4509 coepisse
1532 4436 1668 4509 abrogari.
1683 4437 1757 4495 llaec
1776 4454 1844 4497 nero
1863 4446 2002 4500 mutemus

361 4548 421 4606 eius
444 4559 500 4602 non
524 4546 632 4598 tantum
653 4538 819 4592 mortemer
843 4533 1092 4602 resurrectionem,
1114 4529 1162 4588 sed
1198 4530 1330 4603 supponit
1350 4521 1405 4585 duo
1425 4526 1573 4599 principia:
1595 4539 1683 4583 unum
1700 4527 2001 4602 est,legemreterem
2100 4535 2101 4546 ¹

362 4637 444 4696 etiam
458 4630 663 4697 ascensionem,
676 4623 794 4694 Spiritus
805 4621 893 4677 sancti
904 4620 1067 4691 adventum,
1079 4635 1163 4676 voca·
1195 4636 1250 4677 non
1263 4619 1348 4676 brisce
1367 4615 1536 4674 mortiterum
1551 4631 1640 4688 usque
1655 4615 1689 4672 ad
1703 4615 1775 4698 illud
1786 4623 1916 4694 tempus;
1931 4621 2003 4678 struo

362 4729 463 4784 tionem
472 4720 611 4796 gentium,
624 4721 653 4773 et
663 4714 715 4770 alia
726 4713 857 4786 mysteria
870 4717 982 4767 nostrae
994 4708 1088 4765 salutm
1099 4724 1163 4780 pro·
1196 4715 1254 4777 est,
1270 4723 1324 4765 non
1346 4706 1424 4779 prius
1446 4705 1530 4762 luisse
1550 4712 1705 4776 mortuam,
1720 4721 1803 4779 quam
1820 4711 2000 4780 mortiferam

361 4814 524 4888 phetabant,
542 4814 569 4866 et
582 4803 785 4879 significabant:
801 4815 867 4872 ergo
887 4799 928 4856 rel
949 4796 1100 4855 sistendum
1118 4805 1163 4857 est
1196 4814 1267 4872 quae
1287 4797 1343 4855 duo
1365 4795 1479 4852 interius
1499 4793 1677 4853 examinanda
1697 4804 1779 4866 sunit
1796 4812 1860 4854 nam
1884 4797 1930 4858 hic
1950 4815 2002 4856 esp

362 4905 389 4962 in
405 4894 507 4972 morie,
523 4897 566 4954 vel
588 4897 660 4952 ultre
675 4889 904 4950 resurrectionem
920 4885 1160 4960 progrediendum.
1195 4892 1310 4962 possent
1325 4886 1385 4942 sine
1400 4884 1565 4940 contusione
1580 4887 1693 4941 tractari
1704 4927 1711 4956 ,
1722 4893 1749 4942 et
1761 4887 1825 4944 ideo
1836 4893 2002 4948 sententiam

362 4995 457 5068 lleque
471 5003 538 5046 rere
548 4983 735 5042 necessarium
747 4979 813 5049 luit,
826 4983 856 5034 ut
868 4991 962 5034 omnes
974 4977 1077 5048 figurae
1089 4976 1162 5032 illiue
1197 4977 1266 5033 banc
1282 4973 1378 5032 taleam
1390 4987 1452 5030 esse
1464 4973 1661 5045 supponimus,
1673 4972 1747 5046 quod
1759 4991 1787 5030 c.
1800 4975 1899 5034 illllll.
1912 4987 2003 5035 osten.

364 5084 431 5156 legis
455 5077 635 5150 implerentur
656 5078 717 5128 ante
736 5068 943 5142 abrogationem
960 5067 1036 5140 eius,
1057 5065 1162 5139 alioqui
1196 5064 1304 5132 demate,
1317 5060 1740 5135 impugnandopraecipueillud
1754 5064 1915 5123 secundum
1927 5069 2003 5140 prin·

363 5187 417 5228 nen
428 5171 581 5237 cessasset,
593 5163 682 5219 donec
693 5159 780 5217 multa
790 5157 843 5214 elle
853 5156 983 5230 mysteria
992 5155 1163 5226 compleren·
1195 5156 1312 5226 ctplum.
1329 5153 1439 5210 'tertius
1459 5149 1563 5208 modus
1576 5149 1685 5208 dic'endi
1709 5157 1769 5220 est,
1792 5155 2001 5230 abrogationem

365 5271 428 5334 tur,
442 5256 516 5335 qnod
531 5254 662 5322 nimium,
675 5256 702 5310 et
716 5245 868 5308 absurdum
880 5251 938 5321 est,
950 5244 1015 5304 alias
1027 5260 1114 5319 usque
1125 5245 1160 5304 ad
1196 5245 1264 5318 legis
1284 5243 1385 5302 veteris
1399 5240 1525 5315 coepisse
1538 5241 1565 5298 in
1584 5239 1626 5297 die
1641 5243 1819 5302 Pentecosten
1835 5261 1893 5302 aon
1910 5253 2000 5306 tamen
