4262 6246
843 375 1025 425 carorxx.
1681 359 1721 425 89

127 506 251 578 positiva,
266 504 314 561 sed
328 517 389 560 csse
403 501 437 559 de
451 503 511 559 iure
525 503 655 578 naturali,
671 500 797 574 quamvis
813 515 867 564 aon
882 515 925 558 re·
958 500 1066 576 posito,
1085 498 1161 573 quod
1175 497 1238 572 bat,
1254 511 1303 555 seu
1319 514 1373 554 noa
1388 499 1515 570 prohibet
1527 498 1600 556 illam
1615 501 1707 581 facere
1721 503 1761 557 in·

125 594 216 664 saltet,
229 594 281 649 nisi
300 593 388 665 posita
400 591 567 648 institutione
582 590 646 648 talis
657 591 771 661 formae,
784 605 868 662 quam
885 589 923 644 in·
958 586 1129 662 valide,quia
1143 605 1175 644 ex
1187 587 1251 656 hoc,
1264 586 1338 661 quod
1353 588 1397 644 fiat
1411 587 1537 659 invalide,
1547 595 1654 646 tantum
1671 591 1761 663 sequi·

124 684 195 741 venit
208 681 252 739 lex
269 681 397 754 positiva,
414 681 488 738 siout
501 681 652 752 profanatio
663 680 757 737 calicis
771 677 923 736 consecrati
958 683 1019 749 tur,
1037 685 1067 734 nt
1086 693 1140 734 noa
1161 678 1259 735 habeat
1278 677 1420 752 effectum,
1434 679 1510 751 quod
1530 695 1583 736 noa
1597 685 1640 737 eet
1660 686 1757 738 eontra

125 770 295 843 sacrilegium
308 778 352 825 est
372 776 470 826 contra
492 770 579 842 legem
594 770 758 837 naturalem,
776 768 839 824 lieet
859 782 924 837 sup·
958 773 1148 838 praeceptum.

125 866 205 932 ponat
222 857 461 916 consecrationem
481 872 514 914 ex
536 858 651 930 positiva
673 857 853 914 institutione.
870 853 924 910 Sed
997 856 1025 913 e.
1041 856 1136 912 bicos:
1152 857 1192 913 Er
1207 855 1252 912 tali
1266 863 1331 912 actu
1346 855 1463 912 invalido
1478 857 1556 930 sequi
1567 863 1660 929 potest
1673 858 1754 916 dece·

125 949 185 1004 licet
205 963 302 1005 verum
324 947 371 1018 sit,
391 947 443 1004 tale
463 951 610 1018 peccatum
630 961 692 1003 esse
714 951 814 1003 contra
837 943 922 1015 legem
958 945 1015 1016 ptio
1031 944 1156 1014 alterius,
1174 945 1215 1001 val
1230 945 1377 1017 inimicitia,
1393 944 1436 1002 vel
1451 946 1536 1004 simile
1553 947 1757 1018 inconvenieus,

127 1035 295 1108 naturalem,
315 1037 399 1091 etiam
413 1042 457 1092 est
469 1040 565 1092 contra
578 1035 665 1108 legem
681 1033 841 1106 positivam,
858 1047 920 1088 narn
959 1032 1000 1088 vel
1016 1031 1113 1090 saltem
1126 1032 1169 1088 ille
1184 1038 1264 1089 actus
1275 1034 1313 1088 sic
1328 1033 1418 1090 factus
1432 1036 1485 1090 erit
1498 1034 1604 1091 otiosus
1616 1041 1645 1092 et
1660 1036 1757 1107 imper-

124 1142 155 1182 eo
173 1127 242 1197 ipsa,
254 1123 329 1197 quod
345 1124 559 1195 praefinittalcm
571 1123 686 1182 formam
697 1125 725 1178 in
737 1122 783 1179 tati
794 1121 921 1191 materia,
957 1123 1054 1180 tineus.
1068 1120 1230 1193 Respondeo
1244 1123 1268 1177 in
1285 1122 1389 1194 primis,
1407 1124 1473 1180 licet
1487 1123 1539 1180 hoc
1553 1128 1641 1180 totum
1657 1140 1757 1182 conce-

125 1215 265 1272 oonstituit
279 1215 306 1269 in
327 1213 372 1270 illa
390 1211 511 1270 medium
529 1213 650 1270 iustitiae
665 1213 706 1269 vel
725 1211 881 1292 religionis,
896 1199 924 1264 et
957 1211 1052 1283 datur,
1067 1226 1121 1267 non
1136 1211 1228 1282 sequi,
1246 1209 1321 1284 quod
1337 1213 1373 1267 sit
1388 1211 1445 1284 lege
1459 1211 1579 1268 humana
1594 1212 1758 1284 prohibitus.

127 1304 193 1375 ideo,
204 1304 251 1376 qni
263 1301 510 1359 debitamlormana
521 1303 725 1374 praetermittit,
738 1301 822 1357 etiam
834 1298 921 1370 legem
957 1301 1057 1358 Deinde
1076 1299 1154 1371 dico,
1165 1299 1233 1355 baec
1247 1316 1299 1355 noa
1321 1315 1370 1372 per
1385 1315 1413 1355 se
1433 1303 1524 1373 sequi,
1540 1300 1664 1358 sedasse
1684 1302 1759 1358 acci·
1836 1325 1840 1332 ·

127 1393 270 1450 humanam
284 1391 381 1463 violat,
396 1392 461 1464 quia
478 1392 519 1448 fer
533 1391 577 1448 illa
590 1390 756 1449 instituendo
772 1388 854 1446 talem
868 1388 923 1444 for·
956 1389 1089 1463 dentalia,
1103 1391 1167 1462 quia
1181 1396 1272 1461 potest
1287 1389 1423 1446 interdum
1438 1391 1506 1447 ratio
1522 1389 1624 1464 aliqua,
1640 1391 1681 1446 vel
1696 1392 1756 1448 finis

124 1499 203 1552 nam,
217 1483 296 1555 ponit
307 1481 381 1538 illam
396 1486 428 1536 ut
441 1480 625 1538 necessariam
640 1481 674 1536 ad
689 1481 879 1547 honestatem,
893 1481 922 1532 et
945 1479 1094 1537 honestus
1111 1495 1225 1537 movere
1241 1478 1274 1535 ad
1290 1486 1481 1536 testamentum
1497 1478 1661 1552 faciendum,
1676 1480 1757 1537 etiam

122 1577 322 1646 consequenter
336 1570 462 1644 prohihet
476 1578 572 1629 actum
586 1572 645 1628 sine
660 1570 705 1627 illa
718 1570 834 1636 factum,
849 1567 921 1623 sicut
958 1570 1015 1626 sine
1030 1569 1214 1639 solemnitate,
1228 1575 1269 1639 ut,
1282 1569 1304 1624 si
1320 1569 1397 1625 aliter
1412 1585 1465 1626 noa
1480 1571 1567 1640 possit
1582 1575 1709 1626 constare
1722 1569 1756 1627 de

123 1664 174 1733 lex,
186 1676 256 1735 quae
271 1667 351 1718 taxat
364 1663 485 1732 pretium
499 1662 551 1730 rei,
564 1659 722 1716 necessario
735 1656 862 1730 prohibet
875 1670 922 1710 ca·
958 1659 1098 1716 voluntate
1119 1657 1274 1728 morientis,
1291 1658 1386 1714 saltem
1407 1658 1451 1714 illo
1473 1657 1553 1714 modo
1573 1665 1696 1728 constet,
1713 1659 1757 1715 vel

123 1754 177 1808 rius
198 1749 330 1822 vendere,
344 1750 450 1806 etiamsi
470 1750 566 1806 verbis
581 1749 733 1806 formaliter
753 1747 922 1819 prohibenti·
956 1753 1079 1806 certent
1098 1747 1273 1803 siccatorias
1294 1746 1440 1802 satisfaciet
1457 1752 1572 1803 testator
1593 1747 1756 1820 importunis

121 1841 171 1896 bns
190 1838 216 1895 id
237 1853 293 1894 noa
313 1837 473 1910 explicaret.
490 1837 570 1895 Aliud
591 1839 701 1910 siguum
720 1843 790 1902 erat,
812 1835 922 1910 quando
956 1838 1087 1909 precibus
1102 1837 1218 1892 alicuius
1233 1835 1367 1907 extranei,
1383 1835 1491 1907 volens,
1508 1843 1541 1892 ut
1555 1835 1624 1892 alius
1639 1835 1672 1892 ab
1687 1837 1757 1893 iute-

121 1927 264 2000 prohibitr'o
277 1933 359 1984 aetus
373 1926 453 1983 aliter
466 1927 532 1983 facti
547 1927 658 1998 ponitur
671 1928 698 1982 ia
715 1927 785 1998 lege,
801 1933 829 1982 et
847 1924 923 1984 addi·
957 1932 1028 1983 state
1042 1926 1141 1982 hebeat
1155 1924 1364 1981 haereditatem:
1381 1931 1447 1981 tunc
1468 1925 1540 1980 enim
1555 1940 1643 1997 neque
1658 1927 1756 1984 menti·

122 2025 165 2074 tnr
179 2017 313 2088 irritatio,
328 2031 390 2072 nam
404 2022 471 2072 tunc
487 2015 529 2071 lca
544 2015 590 2071 illa
605 2017 728 2071 continet
743 2020 922 2086 praeceptum
957 2020 1015 2086 tur,
1027 2028 1117 2086 neque
1132 2013 1213 2069 alicui
1225 2013 1291 2070 facit
1304 2013 1441 2084 iniuriam,
1453 2013 1499 2070 sed
1514 2016 1602 2070 utitur
1614 2017 1674 2072 inre
1689 2031 1753 2086 suo,

121 2108 293 2178 negativum,
310 2107 416 2161 ratione
435 2103 515 2162 euius
529 2104 631 2177 obligat
644 2103 677 2160 ed
699 2095 854 2174 vitandum,
871 2117 922 2160 seu
957 2109 986 2159 et
1002 2102 1121 2158 fortasse
1138 2101 1247 2158 redimit
1261 2101 1430 2158 vexationem
1446 2117 1535 2158 suam.
1550 2103 1585 2158 Et
1604 2104 1639 2160 ita
1652 2103 1687 2158 ibi
1702 2119 1755 2161 nou

120 2210 170 2251 noa
191 2192 382 2251 intentandum
406 2193 486 2250 talem
506 2200 611 2250 actum.
627 2193 706 2262 Quod
730 2192 868 2250 interdum
892 2194 922 2248 fit
957 2191 1102 2248 intervenit
1114 2191 1258 2263 deceptio,
1274 2190 1316 2247 vel
1331 2193 1353 2248 si
1366 2197 1508 2264 separatur,
1524 2192 1574 2249 erit
1589 2193 1694 2264 passiva
1710 2193 1755 2267 (ut

120 2285 220 2340 directe
242 2281 425 2354 probibendo,
442 2289 474 2338 nt
494 2288 568 2353 patet
588 2281 614 2338 in
635 2282 751 2339 concilio
771 2281 921 2338 tridentino
957 2282 997 2336 sic
1012 2278 1128 2353 dicam),
1139 2296 1192 2336 non
1207 2281 1312 2348 activa3
1328 2286 1356 2336 et
1370 2279 1442 2336 idem
1456 2287 1498 2337 est
1511 2281 1545 2338 de
1559 2281 1711 2354 inimicitia,
1727 2288 1756 2338 et

120 2387 186 2428 sess.
197 2375 246 2442 25,
260 2385 290 2426 e.
303 2375 345 2428 ts.
356 2369 406 2428 Ubi
422 2371 498 2442 prius
512 2369 640 2442 prohibet
653 2370 710 2426 fieri
725 2370 921 2441 professionem
957 2361 1023 2426 aliis'
1034 2369 1225 2426 incommodis.
1241 2368 1332 2425 Altera
1352 2367 1469 2441 denique
1482 2386 1546 2441 pars
1566 2370 1754 2427 antecedentis

121 2469 182 2518 ante
200 2459 341 2530 expletum
362 2465 471 2530 tempus
492 2456 685 2530 professionis,
701 2457 743 2514 vel
765 2459 876 2530 aetatis,
896 2464 924 2514 et
957 2457 1084 2535 ardictio
1100 2457 1178 2530 plane
1193 2459 1401 2530 sequitur,quia
1416 2473 1466 2514 acc
1477 2474 1511 2516 ex
1525 2460 1622 2529 forma,
1636 2475 1685 2516 seu
1696 2475 1769 2517 ver·-

121 2547 216 2607 deiade
231 2547 323 2603 irritat
337 2544 505 2604 illambndc
519 2547 658 2603 interdum
671 2547 712 2603 lex
728 2546 804 2604 addit
817 2549 924 2619 specia-
957 2545 1000 2603 bis
1013 2547 1080 2619 legis
1092 2548 1232 2619 positivae,
1245 2562 1294 2602 nec
1309 2563 1343 2603 ex
1353 2549 1468 2604 materia
1478 2551 1538 2604 eius
1553 2548 1691 2622 colligitur
1703 2547 1756 2605 tale

120 2638 170 2694 lem
184 2651 301 2710 poenam
317 2641 425 2708 praeter
444 2636 619 2693 irritationem
635 2644 748 2708 propter
764 2642 857 2694 actum
881 2638 921 2692 sio
959 2642 1135 2708 praeceptum
1150 2637 1317 2708 humanum,
1335 2643 1367 2692 ut
1383 2653 1523 2708 suppoa03
1539 2654 1605 2712 ergo
1626 2653 1679 2696 non
1699 2645 1754 2709 est,

121 2727 235 2796 factum,
251 2739 316 2782 nam
331 2739 419 2796 poena
438 2730 482 2780 est
499 2727 607 2797 signum
624 2724 825 2797 prohibitionis,
845 2730 876 2781 ut
896 2727 921 2781 ia
957 2742 1009 2783 nec
1024 2741 1089 2784 cum
1105 2725 1281 2784 fundamento
1297 2733 1388 2799 potest
1402 2726 1544 2784 affirmari.

119 2816 210 2872 eodem
229 2813 351 2872 coucilia
367 2816 470 2885 capi.
486 2813 611 2870 eiusdem
633 2829 701 2871 sees.
715 2815 800 2871 videri
820 2819 920 2887 potest.
997 2818 1023 2874 i.
1040 2817 1106 2872 bico
1125 2814 1263 2872 secmvdo:
1280 2817 1366 2888 Leges
1386 2816 1542 2887 negativae,
1563 2831 1634 2888 quae
1653 2814 1755 2872 directe

154 2902 268 2971 Quaado
282 2917 351 2959 vero
370 2907 502 2959 neutrum
516 2917 549 2960 ex
567 2902 608 2958 his
623 2905 706 2976 siguis
722 2906 749 2960 in
771 2903 830 2977 lege
849 2904 922 2960 inve·
958 2905 1102 2978 prohibent
1125 2911 1229 2975 actum,
1251 2909 1278 2960 et
1302 2904 1336 2961 ad
1349 2906 1490 2962 maiorem
1516 2907 1680 2976 firmitatem,
1703 2921 1754 2962 sen

121 2995 203 3064 nitur,
216 2991 279 3048 talio
294 2991 338 3047 lea
353 3006 407 3048 non
422 2991 525 3064 obligat
540 2995 567 3048 in
582 2995 752 3052 conscientia
762 2994 794 3051 ad
809 3009 922 3050 servan·
957 2997 1198 3068 exaggerationem
1211 2993 1403 3064 prohibitionis
1413 2994 1521 3052 irritant
1536 2994 1754 3067 illum,obligant

119 3083 179 3138 dam
199 3081 535 3153 formampraescriptam
550 3082 577 3137 ia
598 3088 682 3154 actu,
698 3099 747 3140 seu
762 3082 796 3140 ad
817 3099 870 3139 non
886 3083 923 3140 fa·
958 3087 985 3141 in
1001 3085 1172 3142 conscientia
1184 3084 1218 3140 ad
1235 3083 1315 3140 talem
1330 3092 1423 3140 actum
1439 3084 1590 3142 vitandum.
1606 3083 1754 3142 Conclusio

119 3170 243 3229 ciendum
258 3175 354 3228 actum
371 3172 428 3228 siae
442 3170 489 3226 tali
502 3170 605 3243 forma,
622 3178 649 3228 et
670 3174 696 3226 ia
710 3171 763 3228 hoc
783 3188 866 3229 seusu
882 3179 922 3230 ta·
957 3180 999 3230 cst
1009 3173 1094 3243 olera,
1107 3173 1140 3229 de
1154 3188 1208 3245 qua
1225 3171 1307 3229 videti
1320 3178 1410 3244 potest
1424 3173 1639 3244 Navarr.supra,
1651 3180 1679 3230 et
1691 3187 1755 3244 pro·

120 3259 149 3315 lis
164 3261 205 3316 lex
227 3259 283 3317 dici
304 3264 396 3330 pateat
416 3274 484 3330 pure
504 3259 622 3316 irritans.
639 3261 697 3318 Hoc
718 3260 828 3318 videtur
846 3261 924 3319 sufli-
957 3260 1382 3335 botunquiatalislcrcstiusta
1395 3262 1476 3317 iutali
1488 3261 1664 3332 prohibitione
1675 3277 1754 3332 prae·

120 3351 221 3406 eleuter
241 3347 355 3421 probari
376 3347 501 3420 evemplo
516 3347 550 3404 da
569 3355 733 3407 testamento
753 3351 877 3407 solemni.
893 3352 922 3406 fn
957 3356 1015 3411 eise
1036 3357 1171 3424 spectata,
1192 3359 1221 3407 et
1240 3351 1363 3409 continet
1384 3357 1561 3422 praeceptum
1582 3351 1749 3422 negativum,

120 3437 209 3510 quaid
231 3451 364 3510 expresse
377 3437 498 3494 asseruit
519 3437 641 3494 blatiens.
657 3441 685 3494 ia
706 3439 751 3494 lib.
768 3443 794 3496 5.
808 3441 921 3511 recopil.
957 3458 1021 3514 ergo
1033 3439 1171 3514 obligatio
1182 3439 1388 3496 conscientiaad
1400 3439 1541 3497 vitandum
1551 3439 1631 3496 talem
1643 3446 1749 3496 actum.

120 3531 159 3585 tit.
171 3532 199 3600 t,
216 3527 235 3583 l.
248 3533 275 3599 t,
291 3525 382 3582 Gloss.
399 3529 444 3596 10,
455 3540 483 3581 a.
496 3530 539 3599 te,
550 3533 579 3584 et
592 3526 677 3584 refert
690 3527 837 3584 Nevoraia
852 3530 919 3585 lfan
956 3534 1035 3589 Patet
1048 3531 1256 3602 consequentia,
1268 3529 1332 3600 quia
1344 3529 1387 3584 hic
1402 3535 1444 3586 est
1456 3529 1621 3585 intrinsecus
1634 3521 1749 3584 ellact‘us

118 3621 200 3689 oli,
216 3619 305 3681 nme,
321 3615 369 3689 qui
388 3615 513 3687 loquitur
527 3614 560 3671 de
582 3616 640 3689 lege
654 3631 724 3689 pure
743 3616 865 3690 poenali,
882 3623 922 3673 ta·
957 3620 1025 3692 legis
1039 3620 1136 3688 iustae,
1152 3618 1207 3674 sive
1222 3617 1398 3690 prohibentis,
1414 3618 1470 3674 sive
1485 3617 1687 3689 praecipientis:
1705 3615 1750 3672 hic

119 3704 738 3777 citetamanvidetursumercargumcntumx
750 3705 840 3762 simili:
852 3705 922 3762 idem
958 3717 1050 3765 autem
1070 3709 1185 3764 effectus
1205 3723 1259 3763 uon
1279 3705 1436 3778 impeditur,
1458 3712 1602 3778 propterea
1615 3705 1690 3777 quod
1711 3703 1753 3762 len

118 3811 181 3868 ergo
194 3801 238 3852 est
252 3795 279 3850 ia
296 3792 441 3850 similibus.
459 3794 537 3851 hiatio
552 3799 644 3852 autem
658 3801 715 3866 est,
732 3796 798 3868 quia
811 3795 922 3852 efficere
957 3795 1039 3853 addat
1053 3795 1231 3852 irritationem
1247 3795 1436 3877 prohibitioni,
1453 3796 1527 3850 sicut
1540 3809 1625 3864 supra
1643 3793 1751 3850 diceba·

119 3889 333 3954 testamentum,
350 3881 392 3938 rel
406 3880 521 3939 similem
537 3885 670 3940 actionem
686 3883 773 3939 valide
785 3924 792 3955 ,
806 3899 860 3939 aon
875 3892 918 3940 est
957 3903 1029 3960 mus,
1041 3885 1204 3943 additionem
1217 3899 1319 3956 poenae
1337 3899 1390 3940 oon
1404 3884 1513 3941 artferre
1527 3883 1716 3954 obligationem
1728 3883 1753 3938 ia

117 3973 149 4029 de
158 3976 219 4031 iure
233 3979 420 4043 naturae,uec
431 3970 511 4028 etiam
523 3973 690 4045 praecipitur
702 3988 750 4046 per
761 3974 846 4045 legem
857 3973 924 4031 dan·
956 3976 1124 4035 conscientia
1134 3975 1201 4046 legis
1213 3973 1347 4046 poenalia,
1360 3980 1403 4030 est
1415 3974 1486 4030 enim
1502 3988 1566 4029 cum
1578 3971 1752 4042 proportione

118 4067 171 4118 tem
184 4063 306 4119 formam
326 4060 534 4118 substantialem
549 4064 638 4134 actui,
654 4077 721 4135 ergo
735 4079 789 4120 non
803 4070 846 4120 est
859 4079 923 4136 pec·
956 4065 1051 4122 andem
1065 4063 1144 4120 ratio.
1161 4062 1228 4130 Quin
1243 4063 1335 4134 potius
1349 4061 1375 4118 iu
1395 4059 1530 4133 praesenti
1546 4067 1630 4132 auget
1649 4059 1752 4132 obliga·
1809 4077 1814 4082 .

116 4157 208 4207 catum
219 4165 269 4222 per
279 4164 312 4206 se
322 4148 458 4223 loquendo
468 4148 559 4208 faeere
571 4156 664 4208 ectum
676 4151 752 4208 illum
762 4151 920 4208 invalidum.
957 4154 1068 4218 tionem,
1084 4158 1143 4209 tum
1159 4151 1222 4224 quia
1235 4165 1267 4207 es
1283 4167 1334 4208 suo
1348 4163 1448 4221 genere
1461 4149 1573 4220 gravius
1586 4154 1639 4220 est,
1655 4149 1754 4221 magis·

116 4240 181 4304 baia
195 4238 274 4312 quod
289 4254 344 4295 aon
366 4243 409 4294 est
423 4245 518 4295 contra
532 4247 720 4313 pmeceptum,
736 4256 790 4296 aon
803 4249 847 4297 est
860 4255 923 4312 pec·
956 4258 1009 4316 que
1023 4249 1131 4298 erecta
1146 4242 1252 4298 ratione
1267 4238 1400 4295 exorbitat
1413 4238 1505 4295 facere
1523 4245 1615 4294 actum
1631 4238 1752 4310 prohibi-

116 4335 224 4399 catum3
239 4343 313 4401 argo
327 4341 378 4383 nec
394 4327 484 4384 facere
498 4326 575 4385 illum
587 4329 644 4385 sine
658 4329 832 4386 solemnitate
846 4345 924 4401 prae·
955 4340 1013 4389 tum
1024 4339 1052 4388 et
1062 4333 1181 4394 irritum,
1192 4333 1390 4400 quamtaatum
1403 4327 1579 4398 prohibitum,
1591 4334 1649 4383 tum
1660 4328 1752 4398 etiam,

117 4417 217 4488 scripta
228 4419 287 4473 crit
309 4423 468 4488 peecatum,
480 4416 576 4489 quiesi
588 4417 713 4476 omittere
725 4416 922 4475 solemnitatem
955 4422 1021 4496 quia
1031 4421 1074 4477 ille
1089 4417 1187 4475 arodus
1202 4415 1364 4488 probibendi
1375 4417 1477 4473 indicat
1490 4419 1621 4474 maiorem
1634 4417 1753 4490 gravita-

116 4513 186 4564 essat
211 4511 374 4578 peccatum,
390 4507 506 4562 maxima
521 4505 549 4562 id
568 4513 654 4580 esset,
668 4509 735 4580 quia
748 4507 824 4564 lieret
843 4513 922 4564 actus
957 4515 1010 4567 tem
1025 4507 1229 4580 prohibitionis,
1245 4513 1303 4562 tum
1317 4521 1350 4562 ex
1371 4510 1448 4576 parte
1462 4506 1633 4562 necessitatis
1654 4505 1756 4562 vitandi

117 4595 245 4662 invalide,
260 4601 292 4652 et
311 4596 369 4650 siue
383 4594 493 4666 fructu,
510 4594 681 4667 vel-effectu,
697 4611 768 4668 quae
782 4598 853 4653 enim
873 4596 923 4652 alia
959 4601 1038 4657 talem
1059 4603 1164 4666 aetum,
1180 4603 1239 4651 tum
1259 4609 1292 4650 ea
1311 4600 1386 4666 parte
1402 4594 1558 4651 intentionis
1579 4583 1753 4668 legislatoris

117 4681 276 4740 deformitas
292 4684 330 4739 ibi
354 4683 779 4756 potestcogitarilPrlmavero
798 4700 861 4757 pars
876 4699 923 4741 an·
957 4689 1022 4746 satis
1046 4688 1116 4744 enim
1140 4684 1294 4758 siguificat,
1320 4699 1349 4740 se
1378 4683 1447 4740 velle
1471 4683 1590 4756 obligare
1617 4689 1775 4755 quantum*

118 4773 266 4831 tecedentis
283 4773 429 4846 probatur,
439 4773 503 4845 quia
517 4774 589 4830 eicnt
600 4775 643 4830 ius
658 4779 773 4830 naturae
786 4789 839 4830 nou
853 4773 920 4830 obli·
957 4779 1055 4851 possit.
1463 4773 1468 4783 '

117 4867 160 4931 gat
173 4862 208 4918 ad
223 4860 302 4918 illam
318 4861 455 4918 actionem
469 4861 595 4918 absolute
609 4861 791 4919 exercendam
802 4861 842 4936 (ut
857 4879 922 4935 sup·
995 4865 1094 4924 Statim
1108 4877 1174 4920 vero
1194 4863 1318 4919 occurrit
1331 4860 1539 4935 inquirendum,
1555 4860 1694 4934 quomodo
1707 4876 1754 4917 eo·

118 4953 208 5025 pono),
224 4951 264 5008 ita
277 4951 363 5006 etiam
379 4965 431 5006 noa
447 4950 551 5024 obligat
564 4951 597 5007 ad
617 4951 746 5008 ellectum
760 4952 831 5025 eius,
848 4958 878 5009 ut
894 4969 920 5007 v.
955 4957 1050 5030 gnosoi
1071 4953 1172 5026 possit,
1194 4951 1303 5023 quando
1324 4950 1367 5007 lea
1387 4950 1440 5007 hoc
1462 4949 1543 5007 modo
1564 4949 1681 5022 obliget,
1703 4965 1754 5005 seu

118 5055 143 5109 g.
158 5039 190 5095 ad
211 5038 440 5096 transferendum
462 5038 615 5096 dominium
635 5055 759 5097 mearum
780 5055 873 5098 rerum
894 5043 921 5098 in
957 5044 1039 5120 (quod
1056 5039 1461 5114 idemesthuaadocoutineat
1475 5039 1756 5111 prohibitionemeute

119 5127 216 5200 alium,
235 5128 281 5186 vel
304 5128 370 5200 quid
385 5128 480 5184 simile.
496 5130 571 5202 Ergo
591 5129 672 5185 etiam
687 5145 741 5186 nou
760 5130 862 5204 obligat
880 5133 922 5188 ins
956 5132 1143 5189 irritationem.
1158 5128 1331 5201 Respondeo,
1347 5128 1481 5185 utendum
1494 5142 1555 5184 esee
1569 5125 1706 5199 principiis
1720 5141 1753 5183 ac

120 5225 230 5275 naturae
247 5217 284 5274 ad
304 5216 477 5275 adiciendam
491 5219 565 5275 illam
587 5219 721 5277 actionem
737 5219 840 5292 valide,
856 5237 921 5293 sup·
956 5219 1060 5295 regulis
1081 5234 1165 5293 supra
1185 5219 1265 5276 detis.
1282 5219 1348 5276 llam
1369 5219 1458 5290 primo
1471 5215 1669 5274 consideranda
1690 5221 1756 5272 suat

192 5327 296 5378 Suam,
306 5322 440 5379 mneritas
449 5327 537 5370 -Pers
547 5327 574 5369 ff.
1506 5323 1532 5366 tt
