4190 6234
828 370 1024 422 mannam.
1649 350 1687 416 61

110 503 246 574 mutum,
261 500 314 560 sed
329 501 420 559 solum
435 501 488 560 sub
502 499 669 572 conditione,
684 499 733 557 nui
747 499 809 573 quis
823 499 900 556 malit
936 497 1029 556 landas
1044 498 1092 556 bas
1107 499 1181 574 leges
1192 515 1241 572 per
1257 498 1326 570 illas,
1338 515 1408 574 quae
1423 499 1474 556 snb
1489 513 1575 572 poene
1588 497 1733 572 prohibent

109 593 155 652 tisri
178 607 282 664 poenas
306 591 458 664 obnoxius,
474 607 525 650 seu
541 589 631 667 (quod
645 589 756 664 perinde
770 588 831 664 est)
847 588 899 646 sub
932 589 1036 663 venari,
1046 598 1095 648 aut
1105 589 1179 664 ligna
1192 589 1357 660 cadere,aut
1371 589 1497 663 aliquide
1511 605 1596 664 regno
1609 587 1733 646 extrabe-

110 684 295 756 disiunetione‚
309 683 354 741 vel
367 683 492 741 solvendi
507 683 655 755 tributum,
672 681 714 738 uel
729 697 845 754 posnam
860 680 895 738 ob
933 695 979 748 re,
996 696 1058 737 nam
1073 681 1122 738 bne
1137 681 1333 754 prohibitiones
1346 687 1374 738 et
1388 681 1488 739 similes
1502 686 1567 738 sunt
1580 678 1667 737 multo
1681 681 1733 738 nri·

111 791 155 834 uon
176 773 357 845 solutionem,
377 775 401 830 si
418 772 452 831 de
470 773 516 832 illa
531 774 635 832 leretur
649 771 798 844 iudicium,
815 771 897 829 susti·
933 772 1007 829 noris
1021 774 1161 844 momenti,
1176 771 1313 829 ordinarie
1328 769 1475 846 loquendo,
1491 779 1519 829 et
1536 778 1615 829 cetra
1630 785 1731 827 causas

111 865 188 924 asnd'u
211 873 277 923 tunc
293 865 369 938 legas
382 881 438 922 non
451 865 575 938 obligare
588 864 614 920 in
628 862 795 921 conscientia
807 859 898 920 deter-
933 862 1025 936 gravis
1039 863 1209 920 necessitatis
1223 863 1310 936 regni,
1324 869 1353 920 et
1372 862 1405 920 ed
1419 862 1476 920 illas
1492 861 1596 920 sullleit
1608 859 1653 917 illa
1666 875 1729 917 coa-

110 961 197 1016 minata
211 955 245 1012 ad
257 956 427 1014 solutionem
440 955 546 1028 tributi,
560 953 608 1012 sed
623 954 713 1012 solum
724 969 774 1027 per
786 953 897 1011 modum
936 954 1002 1024 etio,
1016 953 1059 1010 vel
1074 954 1261 1024 compensatio
1273 954 1351 1026 quasi
1364 955 1524 1027 contingens
1540 967 1587 1024 per
1602 963 1728 1023 poenam.

110 1063 222 1122 poenae,
243 1062 294 1104 seu
317 1045 401 1102 simul
421 1061 486 1102 cum
505 1045 567 1116 illa,
590 1045 700 1120 quando
714 1047 850 1119 erigatur.
867 1046 897 1102 ln
933 1043 1110 1101 tributorum
1128 1050 1225 1100 autem
1242 1043 1391 1117 impositio,
1407 1050 1435 1101 et
1455 1043 1555 1100 solutio
1569 1048 1612 1099 est
1631 1057 1679 1113 per
1693 1040 1732 1100 le·

110 1153 160 1212 qua
171 1143 243 1210 parte
256 1135 328 1194 dnae
339 1135 530 1194 includuntur.
542 1137 602 1194 Una
616 1142 659 1192 est
669 1151 748 1207 posse
764 1135 897 1192 tributum
936 1149 997 1207 gem
1020 1134 1123 1190 intenta
1142 1141 1273 1208 tanquam
1294 1149 1344 1208 per
1364 1151 1393 1192 se
1412 1134 1512 1205 debita,
1532 1138 1558 1189 et
1578 1134 1733 1190 necessaria

111 1229 146 1286 sie
166 1235 267 1284 uatum
289 1226 407 1299 imponi,
422 1233 450 1285 et
469 1226 521 1282 boc
541 1230 584 1283 est
602 1241 652 1298 per
667 1241 696 1282 se
710 1232 818 1298 netum3
835 1241 897 1282 nam
935 1225 1100 1297 reipublicae
1115 1241 1148 1282 ac
1169 1225 1295 1298 principi3
1311 1233 1340 1283 et
1358 1226 1419 1284 ideo
1438 1241 1472 1282 ex
1487 1241 1514 1281 se
1535 1221 1655 1296 postulat
1669 1238 1732 1296 pro-

109 1317 201 1392 pendet
219 1333 252 1374 cx
270 1317 414 1374 voluntate
435 1317 581 1388 principis,
603 1320 631 1374 at
650 1330 705 1372 uon
723 1315 898 1372 eontinetin·
934 1316 1024 1388 prium
1039 1331 1071 1372 ao
1091 1314 1228 1372 directum
1248 1323 1437 1389 praeceptura,
1453 1331 1501 1387 per
1516 1330 1545 1370 se
1564 1321 1592 1371 et
1606 1313 1731 1370 absolute

107 1409 237 1481 iusu'tlam,
258 1423 310 1465 nec
331 1410 472 1480 rigorem,
489 1406 535 1464 sed
555 1407 647 1480 potins
661 1405 809 1463 lenitatem:
835 1421 897 1492 nam
932 1405 1062 1479 obligans,
1078 1407 1185 1464 etiamsi
1201 1422 1305 1477 poenae
1319 1406 1541 1465 accumulentur.
1558 1406 1730 1478 Quapropter

106 1503 130 1559 in
149 1516 180 1557 eo
200 1497 309 1556 ridetur
329 1499 456 1570 princeps
477 1497 620 1570 potiusea
634 1503 709 1570 parte
730 1496 830 1554 cedere
843 1497 897 1554 iuri
934 1511 989 1552 non
1003 1497 1127 1572 existimo
1149 1496 1288 1564 sufficere,
1302 1497 1377 1571 quod
1391 1497 1435 1555 lex
1453 1498 1583 1570 loquatur
1601 1497 1733 1553 conditio-

106 1608 169 1661 suo,
181 1605 264 1664 qnam
277 1591 304 1646 in
318 1587 413 1663 aliquo
428 1587 570 1646 excedere.
586 1592 625 1644 dc
639 1586 755 1660 denique
770 1603 826 1643 nnn
840 1603 897 1643 rna·
932 1587 985 1643 nali
1010 1587 1103 1658 modo,
1119 1588 1140 1642 si
1161 1588 1223 1660 quis
1245 1605 1298 1644 non
1321 1589 1435 1646 soluerit
1454 1587 1508 1646 tale
1528 1587 1671 1656 tributum,
1686 1585 1734 1644 tall

103 1685 145 1756 gis
162 1687 298 1754 repugnat
312 1679 356 1736 bic
370 1677 469 1736 modus
484 1679 549 1753 legis
562 1681 590 1734 in
606 1677 658 1734 bac
672 1678 795 1750 materia,
812 1692 894 1750 quam
933 1693 1019 1749 poena
1039 1678 1180 1751 puniatur,
1197 1684 1226 1735 ut
1246 1677 1292 1736 illo
1306 1679 1388 1736 modo
1402 1678 1575 1753 intelligatur.
1591 1679 1659 1735 Nam
1673 1676 1734 1734 talis

103 1775 128 1828 in
147 1772 217 1829 aliis:
240 1771 317 1830 nulla
334 1771 408 1828 enirn
425 1771 496 1827 ratio
509 1769 674 1827 discriminis
688 1769 781 1825 atlerri
797 1774 895 1841 potest,
935 1767 976 1824 lea
991 1768 1119 1840 supponit
1130 1767 1297 1838 necessario,
1311 1768 1363 1826 tale
1378 1769 1513 1826 tributum
1524 1784 1584 1825 asse
1598 1768 1732 1838 debitunt,

102 1871 133 1921 ut
146 1863 178 1920 de
190 1863 249 1921 aliis
265 1862 453 1936 argumentati
469 1859 677 1917 sumusdltera
688 1875 751 1932 pars
764 1857 898 1931 cst,quod
934 1863 962 1913 et
975 1858 1034 1914 ideo
1046 1858 1337 1932 moraliternunquam
1350 1861 1459 1932 ponitur
1470 1858 1516 1916 illa
1529 1857 1734 1931 conditionalis,
1765 1859 1767 1864 '

102 1957 188 2027 perita
207 1953 254 2012 tali
274 1953 349 2026 lega,
371 1951 417 2008 illa
430 1968 486 2008 non
500 1950 605 2024 obligat
623 1950 649 2005 in
664 1949 829 2006 conscicntia
845 1954 898 2004 ste·
933 1949 984 2006 nisi
998 1956 1061 2021 post
1080 1949 1285 2022 impositionem
1306 1951 1411 2021 tributi,
1427 1965 1497 2023 quae
1511 1949 1540 2007 bt
1557 1964 1607 2021 per
1625 1947 1736 2004 absolu·

103 2046 161 2115 dm,
175 2060 224 2100 scu
238 2041 419 2102 determinate
434 2042 470 2099 ad
484 2040 647 2099 solutionem
662 2039 767 2096 tributi.
782 2040 818 2096 Et
831 2038 899 2095 baso
934 2045 993 2096 tum
1014 2046 1204 2112 praeceptum,
1220 2039 1260 2096 vel
1276 2032 1371 2097 saltem
1384 2056 1433 2113 per
1452 2041 1612 2097 taxationem
1627 2039 1735 2113 quanti·

102 2139 181 2192 etiam
199 2141 243 2191 est
261 2133 374 2191 arideus
394 2132 496 2190 eisdem
510 2131 567 2190 lere
581 2130 744 2202 rationibus,
759 2136 819 2187 tum
834 2128 900 2202 quia
934 2131 998 2188 tatis
1012 2128 1169 2202 solvendae,
1181 2145 1236 2204 qua
1248 2129 1333 2202 lacta,
1346 2131 1477 2194 naturalis
1487 2132 1529 2188 lex
1544 2131 1658 2188 iustitiae
1669 2129 1735 2187 obli·

104 2225 226 2298 obligatio
246 2223 316 2280 baec
337 2223 439 2296 pendet
461 2238 496 2281 ex
515 2221 656 2279 uoluntate
676 2220 823 2293 principis,
843 2220 900 2292 ipso
934 2227 982 2296 gat
994 2219 1028 2277 ad
1048 2221 1180 2278 tributum
1196 2220 1369 2293 soluendum,
1385 2225 1464 2279 etiam
1480 2229 1542 2280 ante
1555 2220 1734 2280 adiectionem

103 2325 190 2372 autam
209 2317 340 2387 princeps
360 2313 427 2370 satis
442 2327 492 2384 por
506 2312 569 2369 talia
582 2312 665 2370 verba
678 2309 811 2381 declaret,
828 2309 899 2368 nolle
934 2327 1052 2386 poenae:
1079 2310 1125 2368 illa
1148 2319 1241 2369 autem
1265 2312 1393 2386 obligatio
1407 2329 1461 2370 non
1482 2313 1612 2371 adimitur
1624 2320 1735 2386 propter

105 2423 132 2463 ss
145 2406 265 2480 obbgare
278 2405 417 2477 absolute,
433 2403 482 2461 sed
496 2409 602 2460 tantum
614 2403 666 2460 sub
680 2399 819 2475 praedicta
829 2415 898 2458 eon·
936 2403 1147 2462 conditionalem
1158 2403 1232 2460 illam
1247 2404 1415 2476 adiunctam,
1429 2411 1460 2461 nt
1472 2421 1506 2462 ex
1517 2404 1599 2461 dictis
1613 2409 1732 2460 constat.

106 2497 215 2567 dtbne,
230 2511 282 2553 seu
301 2495 501 2553 disiunctione:
519 2501 577 2551 tum
599 2493 692 2563 etiem,
708 2493 774 2566 quia
787 2507 841 2548 non
854 2497 898 2548 est
935 2493 983 2552 llla
996 2509 1063 2566 ergo
1079 2509 1132 2549 non
1153 2493 1296 2553 sullicitis
1317 2495 1364 2554 tali
1379 2493 1492 2553 miteria
1506 2496 1539 2553 ad
1560 2511 1735 2569 praesumen-

107 2590 189 2644 mu'or
207 2588 278 2644 ratio
291 2585 326 2644 ds
340 2585 394 2643 bac
408 2586 543 2657 maaria,
564 2582 695 2658 quamde
709 2581 782 2640 aliis:
803 2583 828 2638 in
844 2583 902 2638 aliis
935 2582 1013 2653 dum,
1030 2585 1118 2656 legem
1132 2599 1192 2642 esse
1207 2601 1277 2658 pure
1290 2587 1443 2660 poenalem,
1456 2586 1504 2646 sed
1519 2592 1637 2659 oportet,
1650 2592 1681 2643 ut
1694 2585 1737 2643 vel

109 2693 168 2734 sero
189 2677 232 2735 lex
249 2676 297 2734 illa
316 2692 371 2733 nou
392 2675 495 2749 obligat
513 2675 540 2732 in
554 2673 737 2744 conscientia,
753 2673 804 2728 nisi
817 2670 901 2730 modo
937 2675 1097 2732 clarioribus
1105 2676 1195 2732 verbis
1205 2675 1372 2747 declaretur,
1385 2677 1426 2735 ael
1438 2693 1471 2736 ea
1486 2677 1541 2734 aliis
1553 2677 1742 2737 circumstans

110 2767 189 2841 dieto,
202 2776 234 2826 ut
247 2783 333 2839 supra
346 2773 489 2824 ostensum
502 2772 554 2837 est3
570 2767 637 2838 ergo
651 2778 743 2837 neque
757 2763 782 2819 ln
797 2763 859 2820 ista.
937 2767 994 2836 tiis,
1009 2773 1057 2823 aut
1072 2773 1148 2822 certa
1161 2766 1360 2825 consuetudine
1374 2767 1529 2842 colligatur.

144 2859 237 2916 Statim
253 2874 319 2915 aero
334 2857 454 2929 insurgit
466 2855 599 2913 dubitatio
609 2869 694 2927 snpra
707 2855 787 2910 etiam
799 2853 833 2910 de
844 2852 902 2926 lege
974 2856 1017 2913 nd
1036 2855 1243 2915 lundamentum
1267 2873 1332 2930 ergo
1352 2859 1506 2916 contrariae
1526 2857 1672 2916 sententiae
1693 2871 1736 2916 re·

111 2950 210 3022 poenali
222 2949 372 3024 generatim
386 2953 517 3018 tractate,
527 2961 560 3003 en
575 2944 648 3018 leges
660 2943 826 3036 tributorum
837 2942 904 3000 adii·
938 2946 1098 3019 spondetur‚
1114 2945 1148 3004 ad
1167 2963 1305 3006 summum
1324 2949 1439 3023 probare
1453 2952 1561 3007 tertiam
1576 2955 1678 3023 partem
1693 2965 1736 3012 aa·

113 3043 205 3098 elerum
220 3055 352 3112 manem,
369 3045 401 3095 ut
413 3035 579 3110 regulariter
594 3035 736 3106 teruntur,
753 3033 903 3106 intelligen-
937 3038 1062 3095 serilonis
1072 3043 1193 3098 nostrae:
1207 3040 1269 3110 quie
1285 3056 1349 3098 vero
1361 3041 1520 3114 simpliciter
1531 3040 1656 3112 procedit
1668 3056 1735 3097 con·

112 3131 157 3188 dae
177 3131 229 3188 sim
240 3131 317 3188 iuxta
327 3129 397 3187 bane
408 3128 531 3185 ultimam
542 3125 709 3200 partem,vel
720 3126 795 3184 iusta
805 3141 903 3182 secun·
937 3135 980 3184 na
1000 3127 1160 3199 secundam,
1175 3135 1203 3186 et
1220 3128 1337 3186 intendit
1354 3147 1387 3187 aa
1408 3131 1559 3188 adiectione
1574 3146 1674 3203 poenae
1694 3131 1735 3186 in·

113 3221 178 3279 dana
193 3221 246 3280 ssd
266 3222 300 3278 de
322 3220 375 3276 boc
396 3224 501 3292 puncto
514 3217 638 3276 dicemus
651 3216 730 3290 plurn
744 3215 904 3288 paulopost
938 3217 1008 3274 terre
1019 3217 1180 3277 ablationem
1189 3219 1331 3278 absolutae
1342 3221 1511 3296 obligationis
1523 3223 1547 3278 io
1558 3221 1735 3293 conscientia,

114 3315 137 3369 in
150 3329 210 3385 cap.
226 3313 282 3369 XV.
300 3313 378 3370 Nunc
392 3310 511 3367 breuiter
525 3324 637 3381 censeo,
652 3307 726 3380 leges
740 3307 789 3364 has
804 3321 904 3380 poena·
938 3306 1130 3381 respondetur,
1143 3310 1266 3382 negando
1278 3309 1347 3368 bane
1359 3314 1593 3384 consequentiam.
1604 3313 1671 3381 Quia
1683 3326 1737 3368 non

115 3406 148 3462 les
166 3407 335 3478 imponentes
360 3402 465 3460 tributa
485 3400 537 3457 sub
557 3414 657 3472 poena,
672 3414 731 3455 esse
745 3397 853 3470 mixtas,
870 3413 902 3454 ac
938 3405 980 3455 est
991 3397 1280 3458 boonecessariumad
1293 3403 1735 3476 aequitatemiustitiae,utosten·

115 3495 218 3552 subinde
232 3509 280 3566 per
294 3509 324 3550 se
338 3492 460 3568 obligare
473 3492 499 3547 in
513 3488 726 3548 conscientiaad
740 3488 903 3546 solutionem
922 3503 999 3547 ‘sum
1020 3497 1073 3563 est,
1092 3491 1157 3563 quin
1178 3493 1269 3563 potius
1290 3492 1324 3549 ad
1345 3493 1544 3566 providendum
1565 3494 1735 3551 sufficienter

115 3587 209 3644 tnbuti.
229 3587 311 3644 Ratio
331 3591 395 3654 est,
417 3583 481 3656 quia
501 3581 584 3638 rerba
604 3580 671 3654 legis
690 3579 824 3638 ordinarie
839 3586 905 3637 sunt
938 3581 1099 3638 institisset
1116 3582 1258 3655 aequitati,
1274 3599 1344 3657 quae
1364 3585 1445 3642 debet
1459 3585 1561 3642 serrari
1575 3585 1644 3642 inter
1662 3586 1736 3658 prin·

114 3679 296 3750 praeceptiva,
310 3677 395 3731 sicut
409 3681 474 3730 sunt
487 3674 674 3730 communiter
688 3672 714 3728 in
728 3671 785 3728 aliis
800 3671 904 3745 legibus
938 3673 1027 3743 clpam
1040 3677 1069 3728 et
1089 3671 1225 3738 subditos,
1241 3675 1427 3732 necessarium
1442 3681 1494 3747 est,
1511 3682 1543 3732 ut
1557 3676 1657 3734 subditi
1671 3677 1735 3733 sim-

113 3767 277 3838 moralibns,
294 3781 366 3840 quae
381 3764 415 3822 nd
429 3765 532 3822 bonum
547 3764 666 3836 regimen
682 3761 847 3834 reipublicae
861 3776 905 3817 or·
939 3761 1044 3833 pliciter
1054 3768 1083 3818 et
1096 3761 1221 3820 absolute
1232 3763 1388 3838 obligentur
1399 3766 1425 3821 in
1439 3767 1606 3824 conscientia
1616 3766 1649 3824 ad
1664 3769 1736 3826 iusta

112 3858 249 3928 dieantur,
270 3857 388 3928 ideoque
401 3854 523 3928 obligant
543 3854 570 3909 iu
583 3852 770 3924 conscientia,
786 3868 842 3909 non
856 3853 904 3908 ob·
938 3853 1041 3909 tributa
1062 3852 1202 3926 solvenda,
1217 3860 1246 3912 et
1265 3861 1296 3913 ut
1309 3855 1423 3912 rebelles
1437 3856 1564 3915 distincta
1577 3873 1664 3931 poena
1683 3874 1736 3931 pu·
1755 3915 1756 3920 ,

114 3955 195 4004 stante
208 3947 362 4004 adiectione
377 3959 489 4018 poenae.
504 3942 630 4001 &cundo
640 3943 706 4017 quia
716 3945 831 4000 intentio
844 3942 905 4000 talis
939 3942 1059 4001 alentur.
1072 3943 1128 4001 Alia
1141 3946 1212 4002 enim
1226 3953 1271 4002 est
1289 3946 1389 4004 iustitie
1404 3946 1594 4005 vindicatione
1611 3964 1736 4006 commu·
1778 3967 1780 3972 ·

112 4055 169 4096 esse
179 4035 437 4111 praesumitur,nisi
448 4033 521 4090 aliud
531 4039 609 4090 certo
620 4032 834 4090 consarcinati
845 4048 907 4090 cer·
940 4033 1031 4106 tativn
1046 4039 1073 4091 et
1092 4037 1166 4115 prior
1179 4035 1304 4109 obligatio
1318 4035 1351 4093 ad
1372 4039 1595 4096 commutativnm
1611 4041 1735 4113 partinet,

113 4127 235 4200 titudine,
247 4127 325 4202 quia,
339 4132 372 4182 ut
386 4125 518 4192 dicebam,
531 4139 580 4196 per
593 4138 710 4196 poenam
724 4123 819 4181 volunt
833 4125 907 4197 prin·
938 4129 967 4180 et
978 4124 1158 4198 transgressio
1169 4126 1229 4183 eius
1239 4127 1380 4184 consutuit
1390 4143 1491 4185 norum
1503 4136 1674 4196 reatum‚seu
1688 4129 1735 4187 de·
1770 4141 1772 4146 '

113 4221 183 4292 cipes
198 4234 301 4293 angers
314 4215 468 4286 efficaciam
485 4216 564 4289 legia,
581 4231 634 4272 non
648 4215 780 4272 minuere.
793 4216 828 4272 Et
841 4217 906 4289 quia
940 4213 1027 4271 bitum
1047 4215 1073 4270 in
1098 4215 1195 4272 ordine
1215 4215 1249 4272 ad
1272 4218 1401 4276 iustitiam
1422 4218 1625 4276 vindicatlnam.
1641 4222 1736 4294 Neque

113 4325 160 4382 per
173 4327 200 4367 sa
215 4309 303 4382 primo
318 4305 463 4364 intendunt
475 4305 501 4362 in
514 4304 615 4363 ellectu
630 4306 761 4379 consequi
774 4306 905 4364 tributum
942 4305 1022 4361 etiam
1035 4303 1068 4360 de
1079 4306 1229 4363 intentione
1240 4305 1401 4382 legislatoris
1412 4308 1486 4366 eliud
1497 4311 1634 4381 praesumi
1646 4316 1738 4383 potest

115 4401 172 4470 sabi,
183 4407 211 4456 et
223 4398 367 4467 communi
380 4397 451 4454 bono
465 4395 632 4468 reipublicae
646 4396 843 4454 necessarium.
852 4397 907 4455 Un·
941 4394 1010 4451 aaut
1024 4395 1109 4451 solius
1124 4397 1340 4454 comminationis
1355 4414 1469 4472 poenae,
1483 4406 1515 4457 ut
1529 4406 1670 4458 ostensum
1681 4408 1735 4471 cst,

118 4489 148 4546 de
160 4497 201 4548 cst
213 4491 292 4547 tertia
306 4487 388 4560 ratio,
400 4487 465 4560 qnia
478 4487 590 4544 materia
604 4485 701 4544 talium
715 4487 807 4561 legum
821 4489 907 4545 mani·
942 4499 1030 4558 neque
1046 4485 1102 4543 ulla
1117 4487 1304 4561 inaequalitas,
1320 4488 1363 4545 ael
1383 4489 1480 4547 nimius
1494 4490 1568 4564 rigor
1582 4490 1736 4547 resultatio

119 4595 158 4636 me
169 4577 289 4652 postulat
302 4575 457 4634 huiusmodi
473 4575 754 4651 obligationemaqula
768 4585 811 4634 est
823 4587 907 4636 mate·
941 4574 982 4631 bis
1000 4575 1105 4649 legibus
1118 4593 1151 4634 ax
1173 4577 1218 4635 illo
1233 4577 1291 4638 solo
1312 4581 1411 4652 capite,
1427 4581 1513 4655 magis
1531 4597 1613 4656 quam
1632 4581 1658 4637 in
1680 4581 1737 4638 aliis

122 4671 289 4742 minstitiae,
299 4675 330 4726 et
339 4668 364 4724 in
375 4667 572 4740 ragrarissima
586 4683 618 4724 ac
629 4669 821 4740 pertinentend
832 4685 907 4727 cnm·
942 4665 1083 4737 omnibus,
1096 4683 1167 4742 quae
1181 4670 1381 4744 praecipiendo,
1398 4689 1512 4745 poenam
1528 4675 1737 4747 transgressori-

122 4773 194 4817 mune
207 4759 327 4827 bonum,
343 4759 397 4814 imo
410 4758 563 4815 necessaria
578 4757 715 4815 moraliter
730 4757 764 4816 ad
781 4759 907 4831 reipubli·
941 4757 994 4814 bus
1013 4757 1166 4830 minantur3
1182 4759 1224 4816 rel
1247 4775 1330 4833 quam
1348 4762 1374 4818 in
1395 4763 1585 4821 contractibus
1605 4769 1685 4824 iustis
1711 4767 1739 4821 et

124 4865 165 4906 eae
177 4850 411 4908 conservationem
424 4855 451 4906 et
464 4846 704 4922 gubematiouem3
723 4863 788 4922 ergo
802 4847 837 4905 illi
852 4865 908 4906 ma·
942 4849 1112 4924 aequalibus,
1127 4849 1229 4923 quibus
1248 4852 1423 4912 nibilominus
1441 4854 1567 4914 adiicitur
1581 4874 1677 4933 poena,
1693 4860 1737 4919 ul·

126 4940 197 4997 terias
210 4939 286 5014 quasi
300 4939 429 5010 debetur,
441 4946 470 4995 et
482 4937 665 4995 connaturale
675 4946 717 4996 est
731 4946 907 5011 praeceptum
942 4946 986 4999 tra
1000 4941 1144 5015 interesse,
1160 4951 1191 4999 ut
1204 4940 1310 5000 dictum
1324 4950 1376 5000 est.

127 5045 166 5100 per
178 5047 204 5088 se
217 5039 244 5088 et
256 5029 381 5088 absolute
394 5027 529 5102 obligans,
540 5035 568 5086 st
581 5044 635 5084 non
650 5034 760 5086 tantum
774 5030 826 5086 snb
841 5045 907 5088 con·

128 5119 229 5180 daonii
246 5129 329 5197 pacto
352 5117 504 5178 suadeandi
523 5133 653 5191 poenam,
673 5118 748 5192 quod
767 5126 810 5177 est
829 5120 907 5178 valde
1320 5153 1358 5165 —

128 5227 166 5286 prr
179 5213 309 5286 meldens,
324 5219 356 5272 et
377 5211 412 5270 de
428 5226 460 5268 se
479 5207 646 5282 insufficiens
660 5208 693 5266 ad
713 5210 907 5284 gravissimum

126 5307 270 5368 tributorum
290 5307 388 5366 baem.
407 5301 525 5375 ldeoque
544 5315 656 5374 censeo,
672 5317 726 5358 uon
743 5317 805 5360 ease
825 5319 906 5377 regu·
