4294 6238
399 353 462 418 254
1098 373 1201 424 nmnn
1216 373 1263 423 vr.

360 511 441 570 posse
466 503 559 568 postea
580 495 652 554 illam
672 512 819 570 revocare,
835 495 1039 572 intelligendum
1060 496 1155 569 idest,
1193 496 1259 557 dum
1278 498 1469 557 statuentium.
1482 498 1510 555 ln
1531 503 1630 555 neutra
1649 505 1741 555 autem
1758 504 1802 556 est
1815 496 1840 556 id
1855 497 1934 556 iucile
1948 498 1998 556 ad·

359 584 468 659 quando
486 593 607 655 potestas
623 586 711 644 solum
726 587 758 644 sd
774 588 861 662 legem
876 588 1013 644 terendam
1026 595 1069 644 est
1080 603 1156 644 com·
1193 587 1372 658 mittendum,
1388 587 1486 644 nisiex
1501 589 1591 644 verbis
1607 588 1820 645 confirmationis
1835 595 1953 646 constet.

358 676 451 732 missa.
475 676 542 731 Nam
564 675 586 730 si
607 676 730 734 obsolute
751 680 786 734 sit
806 677 870 735 data
891 674 1156 750 sigoberrandum
1233 680 1261 734 ln
1270 678 1355 734 altera
1366 677 1572 735 confirmatione
1582 677 1719 734 essentiali
1730 677 1815 750 magis
1833 679 1938 734 servari
1948 695 2000 751 po·

358 782 423 823 cum
445 769 581 836 potestate
603 764 770 838 legislativc,
791 767 890 839 poterit
905 767 993 838 idem,
1008 767 1055 840 qui
1069 768 1158 840 legem
1195 769 1257 825 terit
1279 767 1321 824 ille
1341 767 1499 837 distinctio,
1514 773 1542 825 et
1562 768 1595 825 de
1617 766 1661 824 illa
1676 767 1782 824 ridetur
1806 769 1881 840 loqui
1894 771 1999 827 Panor-

359 853 428 910 toltit
452 854 619 910 auctoritate
640 854 807 928 apostolica,
831 874 858 914 v.
880 874 908 930 g.
930 872 990 912 eam
1012 870 1155 927 revocare,
1194 858 1322 914 mitanas.
1333 859 1441 916 Namde
1452 857 1547 915 eadem
1559 873 1650 914 sermo
1660 864 1703 914 est
1713 858 1738 913 in
1758 857 1833 914 dicto
1843 873 1904 929 esp.
1919 861 2002 916 Cum

358 943 422 1019 quis
442 943 467 999 in
488 943 541 999 boc
561 945 645 1001 etiam
664 948 832 1003 auctoritate
846 946 994 1019 apostolice
1010 945 1114 1016 utitur,
1130 950 1158 1003 ei
1195 951 1402 1016 accessissent,
1426 951 1490 1021 quie
1510 949 1661 1021 capitulum
1684 946 1817 1004 ecclesiae
1836 963 1888 1004 non
1906 955 2003 1020 potest

358 1035 398 1089 sic
420 1032 526 1105 legatus
540 1035 627 1104 Papae
653 1034 706 1092 lert
727 1036 814 1110 legem
830 1052 879 1108 per
893 1043 1054 1107 potestatem
1070 1038 1158 1108 Papae
1195 1038 1352 1110 extinguere
1377 1037 1535 1110 dignitatem
1560 1036 1679 1110 aliquam
1713 1038 1771 1093 sine
1792 1038 2004 1096 confirmatione

360 1123 410 1178 sibi
421 1123 643 1206 commissam,et
654 1123 724 1181 idem
735 1131 826 1197 potest
835 1125 908 1182 illa'm
917 1140 1059 1182 revocare.
1071 1124 1158 1181 ldem·
1195 1128 1300 1199 Pepne,
1315 1132 1342 1183 et
1358 1127 1531 1183 nibilominus
1546 1126 1581 1182 ibi
1597 1125 1782 1197 supponitur,
1808 1127 1930 1198 potuisse
1948 1143 2005 1184 es·

359 1227 414 1286 que
432 1216 474 1267 est
494 1227 545 1269 suo
566 1212 690 1271 modain
710 1213 902 1288 religionibus,
918 1220 945 1270 et
958 1219 1159 1287 consequenter
1194 1214 1312 1287 pitulum
1334 1217 1496 1274 renunciare
1516 1213 1561 1271 tsli
1582 1221 1718 1272 statutor
1737 1217 1810 1287 Papa
1824 1215 1999 1272 confirmato.

359 1301 431 1358 idem
446 1301 500 1358 erit
514 1317 579 1358 cum
596 1303 770 1375 proportione
783 1305 810 1360 in
824 1303 898 1362 dicto
912 1319 991 1361 casu.
1081 1319 1084 1328 ·
1196 1305 1358 1363 Audendum
1369 1321 1432 1362 vero
1451 1312 1508 1376 est,
1521 1303 1587 1362 licet
1602 1304 1656 1362 boc
1678 1303 1811 1377 procedet
1825 1305 2004 1364 consideratu

403 1391 533 1462 Superest
547 1390 697 1449 dicendum
711 1391 745 1448 de
756 1393 815 1467 lege
826 1383 935 1466 propria
948 1393 1082 1450 interioris
1093 1409 1160 1450 oon·
1196 1397 1321 1463 materia,
1335 1395 1452 1468 etquasi
1463 1393 1604 1451 ordinario
1619 1395 1689 1464 iure3
1710 1393 1884 1450 nibilominus
1894 1397 2004 1453 siPon·

360 1481 466 1537 tirrneta
480 1496 496 1536 a
510 1482 647 1553 principe,
661 1496 715 1537 non
731 1498 764 1538 ex
778 1484 957 1553 necessitate,
970 1482 1016 1538 sed
1029 1481 1062 1538 ad
1075 1483 1160 1539 maio·
1196 1485 1259 1541 liter
1278 1483 1362 1540 addat
1380 1484 1426 1539 illa
1443 1485 1526 1540 verba
1546 1483 1692 1541 inritantia:
1718 1481 1871 1558 Quidquid
1884 1487 1915 1542 in
1927 1499 2003 1540 con-

361 1585 417 1625 rem
431 1572 625 1627 auctoritatem
641 1577 668 1626 et
682 1571 915 1644 approbationem.
930 1575 967 1630 lie
983 1572 1027 1627 ills
1040 1588 1107 1644 ergo
1118 1587 1160 1628 re·
1197 1570 1458 1644 traciumsactum
1465 1571 1575 1646 fuerit,
1589 1575 1721 1630 irritatus
1738 1575 1785 1634 sit,
1800 1581 1929 1640 censetur
1943 1573 2003 1630 tale

273 1661 278 1672 ’
360 1658 494 1730 galeriter
514 1658 622 1716 videtur
641 1660 941 1732 procedere-sententia
955 1661 1071 1732 Bartoli,
1087 1658 1161 1733 quod
1198 1668 1333 1720 statutum
1356 1664 1412 1719 fieri
1433 1663 1612 1720 irrevocabile
1630 1663 1685 1720 sine
1712 1663 1875 1721 auctoritate
1889 1665 2003 1721 Pontifi-

363 1747 423 1802 talis
439 1748 497 1819 lex,
514 1765 567 1804 narn
583 1750 708 1806 obstante
728 1751 932 1808 eontirmatione
947 1751 1096 1822 principis,
1113 1766 1161 1821 po·
1197 1754 1251 1808 cis.
1268 1753 1308 1808 ltu
1322 1751 1393 1808 enim
1409 1751 1526 1808 habetur
1541 1753 1566 1808 in
1578 1752 1651 1809 dicto
1664 1768 1725 1824 cap.
1745 1751 1870 1818 Dilecto,
1885 1753 1929 1809 ubi
1940 1759 2004 1809 stra-

304 1837 322 1884 .’
363 1843 414 1892 test
430 1836 485 1892 tolli
502 1838 535 1892 ab
549 1837 605 1911 bis,
621 1841 669 1911 qui
684 1847 846 1912 potestatem
863 1840 961 1897 hebent
972 1839 1106 1896 condendi
1121 1845 1161 1895 ta·
1196 1847 1304 1912 tutum,
1328 1841 1360 1898 de
1375 1856 1431 1914 quo
1445 1857 1536 1898 sermo
1557 1848 1615 1913 est,
1634 1844 1691 1899 sine
1711 1841 1795 1899 dubis
1812 1851 1873 1898 erat
1892 1843 2004 1900 levera-

362 1923 414 1980 lem
435 1924 533 1998 legem.
548 1928 583 1984 Et
603 1926 656 1984 boc
677 1929 756 1985 etiam
779 1929 885 1986 videtur
903 1929 1002 1985 sentire
1018 1928 1119 1984 Baldus
1133 1930 1161 1984 in
1195 1931 1248 1986 bile
1269 1930 1327 2000 bis,
1344 1932 1392 2003 qui
1414 1930 1649 1986 contirmrtionem
1674 1931 1822 2002 petierant.
1839 1931 1917 1988 Ratio
1931 1947 2003 1988 vero

362 2012 435 2069 dicta
457 2014 475 2069 l.
499 2030 537 2071 esc
555 2015 685 2090 placito,
703 2034 768 2074 cum
782 2020 835 2088 ait,
852 2018 932 2075 talem
948 2018 1035 2091 legem
1049 2017 1161 2075 etiamn
1195 2026 1252 2090 est,
1268 2019 1330 2090 quia
1346 2025 1436 2090 potest
1449 2019 1569 2076 Pontifex
1585 2017 1648 2090 plus
1671 2019 1839 2091 concedere,
1851 2036 1934 2092 quern
1950 2036 2005 2091 pe-

363 2104 435 2174 Pups
457 2107 659 2179 confirmatam,
682 2123 736 2164 non
755 2123 815 2164 esse
835 2110 976 2180 papalem,
991 2107 1039 2164 sed
1054 2122 1161 2178 semper
1195 2113 1316 2178 tatur‚et
1334 2105 1412 2178 aelle,
1424 2115 1454 2163 ut
1469 2107 1762 2164 illametcommoditss
1780 2115 1807 2164 et
1821 2108 1921 2164 utilitas
1936 2108 2004 2164 talis

363 2209 471 2250 manere
487 2196 514 2250 in
532 2198 644 2267 propris
658 2198 748 2268 specie
763 2197 948 2270 statuti,vel,
963 2205 993 2255 ut
1004 2199 1044 2254 sic
1057 2197 1158 2270 dicem,
1196 2199 1401 2254 communitatis
1421 2212 1469 2269 per
1489 2197 1576 2270 legem
1595 2197 1718 2254 eiusdem
1739 2198 1943 2256 communitatis
1956 2199 2004 2254 in-

364 2282 430 2355 legis
446 2285 525 2355 quasi
539 2287 721 2358 municipalis,
736 2303 802 2360 ergo
817 2304 866 2360 per
880 2287 960 2344 talem
976 2287 1162 2344 confirmatio·
1198 2287 1344 2358 troducta,
1361 2291 1409 2358 ite,
1420 2302 1468 2359 per
1489 2285 1566 2343 sua'm
1581 2287 1815 2345 confirmationem
1831 2290 2003 2362 stabiliatur,

363 2387 425 2428 nem
447 2389 499 2430 nun
519 2379 562 2429 est
582 2373 624 2430 lex
646 2374 694 2432 illa
715 2376 787 2433 luctu
806 2378 992 2434 irrevocabilis
1014 2376 1160 2449 apropriis
1196 2381 1227 2432 ut
1248 2379 1348 2434 mutari
1368 2393 1422 2432 non
1444 2378 1532 2446 possit
1546 2376 1579 2432 ab
1593 2377 1709 2448 ipsamet
1729 2380 1925 2436 communitate
1938 2381 2004 2436 sine

365 2462 539 2532 auctoribus,
556 2467 620 2536 quie
636 2480 688 2520 non
709 2467 824 2523 mutavit
839 2473 965 2525 naturam
981 2482 1076 2540 suem,
1092 2479 1159 2538 ergo
1196 2481 1248 2522 sun
1263 2480 1417 2538 consensu3
1431 2468 1495 2539 quia
1510 2464 1544 2521 ad
1557 2466 1645 2537 ipsum
1658 2473 1689 2522 ut
1699 2465 1733 2522 ad
1754 2469 1925 2537 superiorem
1936 2484 2005 2538 spe-

364 2552 489 2623 procedit
509 2568 558 2625 per
579 2568 608 2609 se
629 2554 847 2613 ciarrisdictinne
861 2555 965 2628 papali:
977 2559 1044 2612 item
1063 2556 1162 2612 contir-
1196 2559 1253 2610 ctat
1267 2554 1586 2612 interiorumcommodo
1598 2556 1773 2630 prospicere,
1792 2561 2003 2612 etconservare

365 2643 449 2696 matio
463 2641 507 2698 illa
523 2658 574 2698 non
589 2649 632 2699 est
644 2645 822 2702 constitutiva
837 2646 896 2702 talis
909 2646 993 2720 legis,
1007 2644 1055 2702 sed
1068 2646 1160 2717 potius
1196 2658 1244 2716 per
1259 2645 1345 2717 legem
1360 2661 1456 2714 suam,
1472 2651 1499 2700 et
1513 2650 1605 2715 potest
1622 2645 1659 2700 ita
1673 2642 1744 2700 illam
1772 2645 1949 2718 confirmare,
1966 2655 2003 2704 ut

364 2733 494 2801 supponit
515 2732 588 2788 illam
610 2733 803 2805 constitutam,
819 2739 846 2790 et
865 2733 940 2790 addit
953 2734 1101 2807 quamdam
1116 2750 1163 2791 so·
1195 2732 1279 2791 iaciat
1293 2750 1382 2790 susm
1400 2735 1459 2792 lloc
1473 2741 1563 2790 tumen
1577 2735 1603 2789 in
1619 2732 1664 2789 tsli
1681 2735 1793 2790 materia
1807 2749 1859 2789 nou
1882 2749 2002 2806 praesu·

365 2817 531 2878 lemnitntem
551 2821 747 2879 accidentalem
762 2823 795 2880 ad
810 2824 939 2880 maiorem
954 2825 1048 2880 statuti
1063 2840 1162 2895 appro·
1196 2823 1293 2894 mitur,
1309 2824 1360 2879 nisi
1375 2839 1423 2895 per
1438 2823 1527 2895 alique
1544 2823 1625 2879 verba
1639 2822 1806 2879 declaretur.

366 2908 517 2984 batione'm,
534 2917 562 2967 et
576 2913 786 2984 auctoritatem,
802 2928 868 2986 ergo
884 2899 1036 2971 statuentes
1051 2929 1160 2984 semper
1234 2915 1256 2968 E
1271 2927 1404 2968 conuerso
1420 2927 1484 2968 vero
1498 2913 1630 2984 contingit
1640 2913 1667 2967 in
1682 2911 1736 2968 alio
1759 2911 1881 2968 membro
1891 2911 1925 2970 ds
1939 2912 2003 2985 lege

367 3005 497 3071 poterunt
520 3002 746 3058 constitutionem
767 3019 844 3059 suam
864 3002 976 3075 tollere,
992 3010 1020 3059 et
1034 3010 1101 3060 tunc
1116 3003 1162 3059 dc·
1195 3001 1297 3073 publici
1318 3000 1468 3073 oontmodi3
1485 3017 1546 3056 nam
1568 3000 1590 3056 si
1606 3001 1691 3057 terius
1706 3015 1770 3058 cum
1792 3002 2003 3060 confirmatione

364 3091 435 3145 sinet
448 3091 530 3146 etiam
549 3090 734 3159 confirmatio,
751 3093 829 3164 quasi
844 3091 876 3148 ud
892 3091 1052 3149 desitionem
1065 3092 1161 3149 lunda·
1197 3090 1332 3147 essentiali
1349 3091 1495 3162 principis,
1511 3106 1544 3146 ex
1565 3092 1591 3146 ri
1613 3090 1740 3146 materiae
1753 3095 1797 3146 esi
1817 3090 1859 3146 lex
1873 3094 2003 3163 superio·

363 3179 464 3250 menti,
487 3195 535 3236 seu
559 3180 690 3237 subiecti.
717 3177 877 3252 llneo'ergo
900 3181 1036 3238 sententia
1057 3181 1161 3239 ridetur
1195 3181 1232 3237 ris
1247 3187 1274 3236 et
1286 3179 1486 3248 irrevocabilis,
1502 3187 1528 3234 et
1543 3179 1610 3237 baec
1625 3180 1813 3250 praesumitur
1834 3193 1894 3236 ease
1910 3181 2003 3237 inten-

364 3269 427 3324 mibi
444 3284 505 3325 rere
520 3284 568 3340 per
582 3285 611 3324 se
627 3268 781 3342 loquendo,
798 3270 894 3342 idest,
910 3270 960 3326 nisi
976 3271 1161 3328 aliudconsti·
1197 3270 1233 3327 tio
1255 3270 1401 3342 principis,
1423 3278 1471 3326 aut
1491 3269 1628 3325 pontificis
1644 3268 1837 3326 confirmantis.
1862 3270 2002 3326 Nihilomi-

365 3357 428 3414 terit
448 3355 481 3414 de
503 3357 644 3414 voluntate
665 3359 812 3430 principis3
830 3361 893 3432 quie
913 3361 979 3416 licet
991 3361 1049 3416 eius
1064 3362 1162 3417 confir·
1197 3366 1354 3416 nontamen
1370 3365 1481 3414 nonest
1498 3358 1524 3414 id
1544 3361 1582 3415 itu
1601 3361 1805 3432 necessarium,
1829 3360 1895 3430 quin
1913 3361 2004 3432 possit

363 3449 445 3504 matio
459 3463 512 3504 non
531 3453 638 3519 petatur
654 3455 686 3504 ut
704 3452 875 3522 recesseritis,
892 3449 1065 3506 nibilominus
1087 3447 1163 3520 pote·
1196 3451 1319 3506 Pontifex
1334 3451 1497 3507 contirnrare
1513 3448 1555 3504 illa
1570 3455 1690 3520 statute,
1703 3463 1756 3504 non
1778 3448 1939 3520 imponendo
1951 3465 2002 3505 ne·

363 3539 400 3594 rit
419 3537 492 3610 ipse,
509 3539 531 3593 si
551 3539 637 3611 velit,
659 3537 746 3612 legem
769 3537 860 3596 laceio
882 3554 980 3612 suam,
994 3545 1022 3594 et
1038 3541 1074 3594 ita
1088 3539 1161 3595 illem
1195 3543 1350 3597 cessitatem
1365 3539 1495 3596 retinendi
1508 3538 1563 3610 illa,
1576 3538 1624 3594 serl
1633 3553 1680 3610 per
1704 3537 1815 3594 modum
1826 3537 1938 3610 luroris,
1951 3539 2002 3595 cui

363 3628 538 3697 confirmare,
557 3635 587 3684 ιιι
609 3644 661 3684 suo
683 3630 791 3684 nomine
811 3628 959 3698 subsistat,
973 3635 1002 3696 et
1022 3636 1089 3685 tune
1109 3644 1160 3685 non
1195 3629 1283 3701 possit
1302 3629 1485 3685 communitas
1507 3643 1554 3698 per
1575 3643 1618 3698 se,
1634 3627 1676 3682 vel
1691 3641 1739 3697 per
1761 3642 1843 3683 suum
1858 3634 2000 3700 senatum,

363 3718 416 3772 erit
430 3715 591 3772 revocabilis
607 3716 640 3771 ab
652 3717 845 3789 interioribus3
859 3718 995 3788 oportebit
1006 3724 1115 3787 eutem,
1132 3723 1162 3773 ut
1195 3718 1236 3775 vel
1257 3718 1409 3790 capitulum
1431 3717 1610 3788 renunciare,
1626 3719 1648 3772 si
1669 3715 1748 3787 velit,
1771 3723 1801 3772 ιιι
1820 3714 1923 3773 dictum
1943 3725 1998 3788 est;

363 3804 396 3861 de
413 3805 457 3862 tali
473 3805 612 3860 voluntate
631 3805 759 3876 principis
774 3808 841 3861 setis
856 3822 986 3878 expresse
1001 3813 1120 3864 constet.
1195 3809 1231 3864 ita
1245 3815 1275 3865 ut
1288 3809 1324 3864 sit
1335 3809 1426 3879 potius
1439 3807 1581 3863 concessio
1593 3807 1734 3877 potestatis
1757 3805 1859 3862 terendi
1873 3806 1946 3863 illam
1960 3807 2002 3864 le·

402 3895 442 3950 En
463 3894 563 3966 quibus
585 3893 692 3951 tandem
714 3895 825 3968 intelligi
845 3902 948 3967 potest,
964 3896 1028 3967 quid
1044 3898 1161 3953 sentien·
1194 3911 1256 3969 gem
1277 3913 1343 3953 oum
1364 3901 1497 3968 potestate
1518 3897 1599 3950 etiam
1619 3892 1748 3966 tollendi,
1776 3910 1859 3966 qarum
1874 3895 2003 3953 absoluta

364 3983 430 4040 dum
448 3985 484 4039 sit
497 3982 530 4039 de
544 3983 716 4039 distinctione
731 3983 859 4057 Abbatis,
876 3985 908 4041 sd
930 3991 1074 4058 utrumque
1088 3987 1161 4043 enim
1196 3987 1340 4059 legislatio.
1361 3986 1390 4043 ld
1411 3991 1520 4056 autem,
1536 3991 1568 4040 ut
1585 3999 1638 4057 ego
1652 3986 1760 4056 sentio,
1779 3987 2002 4056 nonpraesumi-

363 4071 595 4128 confirmationem
618 4079 672 4126 tam
693 4073 881 4147 essentialem,
902 4089 985 4146 quam
1006 4076 1160 4133 accidenta-
1195 4083 1256 4147 tur,
1273 4076 1323 4132 nisi
1344 4075 1371 4130 in
1393 4075 1451 4146 ipsa
1471 4073 1674 4130 confirmatione
1701 4072 1869 4130 declaretur.
1884 4074 2003 4146 Oportet

364 4162 416 4218 lem
430 4166 521 4234 potest
538 4160 750 4217 accommodari.
764 4164 861 4218 Rarius
877 4169 966 4220 tamen
979 4179 1010 4218 ac
1022 4163 1159 4222 difficilius
1194 4181 1260 4239 ergo
1275 4166 1357 4222 verba
1367 4162 1579 4220 contirmationis
1590 4161 1732 4235 diligenter
1755 4161 1924 4236 expendere,
1940 4179 2000 4218 sae·

363 4253 388 4306 in
404 4248 580 4318 accidentali,
601 4251 718 4307 maxime
736 4256 824 4307 tamen
838 4250 871 4307 nd
890 4253 1073 4310 essentialem.
1093 4256 1159 4322 Quia
1195 4271 1282 4328 peque
1296 4269 1373 4312 mens
1385 4253 1523 4310 Pontificis
1538 4268 1571 4308 ex
1587 4251 1716 4323 petitione
1741 4250 1920 4324 intelligitur;
1935 4267 2001 4309 nem

362 4341 439 4396 iustu
460 4339 582 4411 proxime
603 4337 694 4410 dicta,
709 4340 817 4395 etiamsi
838 4340 879 4397 lex
900 4341 932 4396 ad
953 4343 1056 4399 bonum
1072 4343 1159 4415 publi·
1195 4344 1356 4416 regulariter
1370 4343 1406 4399 ita
1420 4341 1577 4413 confirmet,
1591 4341 1664 4397 siout
1679 4341 1851 4412 postulatur,
1867 4341 1918 4396 nisi
1934 4342 1996 4413 plus

174 4469 178 4476 -
248 4425 253 4432 ’
364 4445 429 4486 cum
446 4429 595 4500 pertineat,
613 4444 704 4501 perse
720 4445 772 4484 non
788 4430 832 4486 iet
846 4431 1032 4488 irrevocabilis
1047 4441 1159 4505 propter
1194 4434 1337 4505 exprimet.
1356 4433 1383 4488 Si
1403 4437 1492 4487 tamen
1512 4444 1546 4485 ex
1567 4429 1656 4485 verbis
1676 4429 1749 4486 aliud
1768 4445 1823 4486 non
1845 4429 1997 4503 colligitur,

363 4519 595 4576 confirmationem
613 4517 891 4591 accidentalem3nam
905 4520 938 4576 de
952 4520 996 4576 illa
1011 4522 1159 4595 etiumlege
1195 4523 1349 4580 cimeteria
1368 4523 1486 4594 pertinet
1500 4518 1534 4575 ud
1555 4519 1658 4576 bonum
1674 4511 1878 4592 publicum,'et
1897 4523 2001 4577 contir-

363 4607 490 4681 procedit
509 4609 578 4665 ratio
600 4608 683 4688 tacta.
697 4609 765 4676 Quis
786 4614 874 4665 tamen
889 4611 1033 4683 princeps,
1050 4620 1082 4670 ut
1095 4612 1159 4682 dixi,
1197 4615 1278 4668 metio
1301 4610 1454 4666 necessaria
1474 4615 1533 4674 est,
1550 4614 1679 4664 censetur
1707 4608 1893 4665 confirmando
1909 4609 2000 4668 tacere

364 4699 402 4755 sic
417 4698 602 4754 confirmando
614 4696 701 4770 legem
714 4705 804 4770 potest
814 4698 887 4755 iiiam
898 4715 976 4755 suam
990 4699 1089 4774 iecere,
1105 4718 1160 4759 mr·
1195 4699 1282 4776 legem
1304 4701 1378 4756 illam
1400 4714 1494 4772 suam,
1508 4705 1537 4754 et
1558 4697 1763 4756 irrevocabilem
1781 4715 1798 4756 a
1819 4701 1953 4774 subditis,
1967 4710 1999 4760 ιιι

363 4788 403 4861 gis
423 4789 449 4844 id
465 4787 601 4859 praesumi
617 4792 706 4860 potest
720 4789 745 4843 in
760 4789 818 4861 lege
833 4791 987 4861 pertinente
1003 4789 1036 4846 ad
1051 4793 1161 4863 publica
1194 4789 1329 4850 sententia
1342 4789 1496 4847 communis
1511 4787 1608 4844 babere
1624 4788 1741 4845 ridetur.

363 4875 516 4950 commoda,
531 4892 613 4951 quam
627 4875 660 4934 de
674 4878 823 4948 pertinente
838 4878 871 4936 ad
882 4879 1025 4952 proprium
1038 4896 1162 4940 conante·
