4294 6238
365 277 428 342 ato
786 337 787 341 ,
1057 293 1159 344 arasa
1172 293 1234 344 var.

323 418 448 489 procedit
458 434 491 477 ex
504 418 596 492 populi
608 421 808 479 consanamsic
819 435 886 494 ergo
900 418 1049 492 personalis
1060 433 1126 475 con·
1162 426 1215 475 tem
1232 417 1347 482 resultet
1364 419 1446 476 etiam
1460 419 1567 475 verium
1582 422 1611 474 et
1628 415 1770 488 multiplex
1784 415 1828 472 ius
1841 428 1965 472 consue·

323 507 441 564 suetudo
459 523 602 582 uunquam
616 508 725 566 inducit
739 509 837 582 legem.
1161 507 1274 566 tudinis.
1292 509 1360 564 llam
1380 507 1402 564 si
1421 509 1605 565 communitas
1625 507 1660 562 sit
1676 505 1879 574 ecclesiastica,
1896 519 1969 562 con·

361 596 517 669 Eademque
530 597 585 654 lere
600 600 668 654 ratio
683 605 726 654 est
738 598 772 654 de
786 595 986 654 consuetudine
1002 596 1127 670 imperie-
1162 596 1282 654 suetudo
1296 597 1369 654 illius
1390 598 1505 655 inducet
1517 598 1561 652 ius
1581 594 1821 666 ecclesiasticum
1838 594 1860 649 si
1878 593 1967 666 laica,

324 692 386 742 ctae
400 687 613 758 communitatis,
627 695 658 743 ut
673 688 754 744 nnius
768 687 895 758 familiae,
907 687 972 760 quia
986 686 1031 743 illa
1044 688 1126 743 etlam
1162 687 1273 744 inducet
1294 688 1336 744 ius
1357 685 1445 744 civile.
1466 688 1533 743 ltem
1554 687 1580 742 ia
1594 686 1678 758 priori
1693 683 1787 742 ordine
1807 685 1830 739 si
1845 698 1969 740 consue·

324 791 378 832 aon
394 775 627 847 potestinducere
642 777 695 846 ius,
707 778 771 852 quia
785 793 840 834 una
853 775 952 833 lamilia
965 792 1019 832 ann
1034 781 1126 848 potest
1162 776 1229 833 tudo
1254 777 1291 832 sit
1312 777 1399 833 totius
1419 776 1581 847 Ecclesiae,
1601 774 1775 833 consuetudo
1799 771 1912 830 inducet
1923 772 1969 829 ius

324 863 374 920 sibi
389 867 530 937 imponere
545 865 633 940 legem
647 880 822 938 expressam,
838 872 967 937 utsupra
982 864 1086 922 ostendi
1101 865 1127 920 in
1161 866 1329 923 canonicum
1350 879 1518 936 commune,
1538 864 1572 922 de
1592 880 1648 937 qno
1670 869 1735 920 sunt
1753 861 1840 920 multa
1854 861 1971 919 decreta

324 953 370 1011 lib.
383 955 409 1026 l;
428 968 495 1027 argo
516 954 711 1014 multominus
732 955 834 1027 poterit
854 953 983 1011 inducere
1003 955 1125 1026 incitam,
1162 954 1283 1022 distinct.
1303 957 1348 1013 ll.
1364 954 1392 1010 Si
1413 969 1478 1012 vcro
1491 955 1528 1011 sit
1546 955 1630 1011 totius
1645 951 1817 1026 provinciae,
1831 952 1885 1008 erit
1898 967 1972 1024 qua·

323 1043 413 1115 qualis
426 1050 469 1100 est
482 1044 666 1102 consuetudo.
676 1044 802 1115 Accedit,
814 1043 888 1117 quod
900 1044 964 1102 licet
979 1042 1039 1100 talis
1050 1057 1127 1099 com·
1145 1045 1184 1100 ·ai
1204 1043 1358 1115 nationale;
1381 1043 1403 1099 si
1418 1058 1483 1100 vero
1499 1044 1534 1100 sit
1547 1042 1673 1116 specialis
1694 1043 1888 1114 episcopetur,
1911 1041 1972 1099 erit

324 1134 445 1190 munitas
460 1133 547 1206 possit
562 1133 652 1206 aliqua
667 1135 772 1206 private
787 1139 893 1191 statuta
908 1133 1037 1203 condere,
1053 1146 1127 1204 quaa
1161 1134 1239 1206 quasi
1256 1130 1402 1208 synodale,
1418 1147 1467 1189 seu
1482 1131 1691 1204 dioecesanum,
1707 1131 1729 1187 si
1744 1131 1842 1202 privati
1857 1131 1970 1202 capitu·

325 1222 391 1278 licet
404 1237 456 1278 non
469 1238 517 1294 per
532 1222 644 1279 modum
657 1223 734 1295 legis,
744 1223 839 1279 saltem
853 1237 901 1293 per
912 1220 1025 1277 modum
1041 1221 1124 1293 pecti,
1161 1222 1193 1292 li,
1210 1223 1252 1278 vel
1268 1223 1483 1291 communitatis,
1498 1225 1552 1279 erit
1569 1224 1648 1295 quasi
1663 1220 1835 1293 municipale·
1850 1222 1971 1278 Etcum

325 1327 374 1368 seu
390 1319 503 1368 mutuae
518 1312 707 1369 conventionis
721 1311 1032 1384 obligent3nibllominus
1045 1311 1127 1366 etiem
1162 1313 1338 1384 proportione
1352 1314 1379 1368 in
1392 1311 1528 1380 civilibus,
1538 1327 1601 1368 nam
1612 1313 1634 1368 si
1645 1309 1865 1368 sitcoasuetudo
1883 1311 1972 1366 unius

325 1402 378 1459 hnc
393 1393 476 1460 modo
493 1419 545 1459 oon
562 1401 689 1459 videntur
703 1417 782 1474 posse
794 1400 910 1474 obligari
923 1415 1055 1472 personae
1067 1399 1126 1456 talis
1162 1404 1250 1474 regni,
1266 1403 1320 1459 erit
1335 1402 1388 1474 ius,
1405 1407 1438 1457 ut
1451 1403 1491 1456 ita
1503 1399 1604 1470 alicam,
1621 1398 1723 1472 regale,
1739 1414 1789 1455 seu
1813 1399 1972 1470 provincia*-

326 1492 531 1550 communitatis
540 1508 587 1564 per
598 1491 682 1548 solam
695 1490 1005 1562 consuetudinemque
1015 1496 1126 1560 pactum
1163 1492 1201 1563 le,
1219 1497 1265 1548 aul
1280 1491 1426 1548 nationale:
1442 1491 1464 1547 el
1477 1487 1568 1547 autem
1584 1492 1620 1546 eit
1633 1491 1766 1562 civitatis,
1781 1492 1835 1546 crit
1851 1488 1972 1546 munici-

326 1581 369 1638 vel
389 1582 532 1653 promissio
546 1596 600 1636 non
614 1579 755 1637 inducitur
770 1579 827 1636 sola
842 1578 1060 1648 consuetudine,
1077 1577 1126 1633 nisi
1162 1581 1230 1653 pale.
1244 1583 1292 1638 lus
1307 1585 1398 1637 autern
1413 1579 1491 1636 civile
1505 1595 1651 1638 commune
1664 1581 1692 1637 ia
1706 1579 1759 1637 boc
1780 1595 1879 1654 genere
1892 1581 1971 1636 inve·

328 1670 481 1728 intercedat
496 1671 695 1742 praescriptio,
710 1668 751 1726 vel
775 1675 949 1741 supponetur
963 1668 1053 1740 aliqua
1070 1669 1122 1734 les,
1161 1670 1210 1727 nlri
1225 1686 1278 1727 uon
1297 1675 1387 1742 potest
1405 1670 1477 1726 ultra
1492 1671 1533 1727 lus
1552 1671 1689 1742 gentium,
1705 1669 1861 1742 quieveris
1881 1683 1972 1742 regna

327 1761 369 1816 vel
385 1760 531 1829 institutio,
541 1759 565 1815 iu
581 1773 636 1831 qua
651 1758 711 1815 talis
726 1773 878 1814 consensus
893 1758 918 1813 ite
934 1757 1127 1831 obligationem
1161 1761 1187 1817 in
1203 1761 1305 1818 eisdem
1320 1760 1442 1816 moribus
1457 1758 1583 1816 civilibus
1597 1761 1743 1816 convenire
1758 1775 1813 1816 aon
1838 1765 1970 1831 possunt,

326 1849 398 1920 pacti
418 1848 559 1906 suadetur.
575 1847 715 1905 Eteadem
730 1847 833 1903 ratione
854 1846 917 1904 lieet
935 1846 1128 1918 paterfamilias
1162 1859 1189 1908 et
1203 1850 1268 1907 licet
1287 1849 1423 1908 interdum
1440 1850 1465 1905 in
1484 1849 1575 1922 aliqua
1589 1847 1789 1906 consuetudine
1812 1848 1973 1906 similitudi·

327 1943 503 2010 pracceptum
518 1937 604 2008 possit
615 1950 717 2008 ponere
728 1935 753 1990 in
770 1951 820 1991 sua
833 1935 945 2006 lamilia,
967 1951 1020 1992 noa
1036 1945 1126 1992 tamen
1162 1957 1223 1998 nem
1248 1940 1347 1997 bebere
1361 1941 1483 2012 possint,
1499 1954 1553 1994 nna
1569 1945 1658 1996 temen
1674 1953 1722 2009 per
1745 1938 1858 1995 modum
1873 1939 1971 2012 unius,

327 2032 417 2100 potest
439 2042 486 2098 per
508 2041 587 2083 suam
602 2024 829 2116 consuetudinem
844 2025 917 2080 illam
938 2025 1072 2096 obligare,
1092 2025 1127 2081 ob
1163 2032 1210 2089 sed
1226 2045 1275 2102 per
1290 2031 1401 2086 modum
1416 2029 1537 2100 plurium
1551 2029 1623 2085 inter
1638 2043 1667 2084 se
1685 2027 1835 2098 similium,
1854 2029 1928 2085 sicut
1943 2029 1972 2085 in

329 2116 452 2173 eamdem
463 2117 608 2184 rationem,
624 2113 698 2188 quod
714 2113 772 2170 sola
786 2112 958 2170 consuetudo
974 2114 1124 2184 personalis
1162 2119 1254 2178 multis
1270 2119 1376 2191 legibus
1391 2120 1466 2190 regni
1479 2119 1553 2174 varia
1568 2132 1652 2190 regna
1664 2116 1848 2187 concordant,
1869 2117 1912 2174 lex
1926 2125 1972 2175 ta-

329 2222 382 2262 non
396 2211 438 2262 est
453 2206 560 2277 signum
576 2205 689 2260 tacitum
706 2203 853 2276 praecepti.
1092 2185 1109 2214 ’
1163 2223 1223 2265 men
1239 2208 1319 2265 unius
1334 2223 1386 2264 non
1402 2206 1503 2278 obligat
1517 2207 1600 2276 alios,
1618 2221 1668 2263 nec
1681 2223 1696 2263 a
1710 2221 1859 2264 converso.
1872 2209 1972 2282 Neque

368 2301 395 2352 8.
409 2293 582 2367 Relinquitur
593 2309 671 2364 ergo,
685 2299 715 2349 ut
730 2293 787 2349 sola
797 2289 970 2349 consuetudo
982 2292 1060 2364 quasi
1071 2307 1128 2349 me·
1162 2299 1243 2354 etiam
1256 2300 1281 2354 in
1297 2297 1349 2354 hoc
1360 2311 1460 2369 genere
1471 2296 1596 2352 existimo
1609 2296 1722 2367 reperiri
1735 2297 1777 2352 ius
1799 2286 1971 2368 praetorium

328 2384 383 2452 dia,
400 2399 482 2456 quam
498 2398 672 2439 communem
688 2381 896 2454 appellavimus,
913 2397 962 2438 seu
976 2381 1126 2455 publicam,
1163 2388 1283 2460 propris,
1295 2385 1427 2459 quidquid
1440 2385 1522 2458 aliqui
1535 2385 1645 2442 iuristae
1656 2385 1759 2456 dicant,
1773 2391 1803 2442 ut
1821 2384 1904 2442 videri
1919 2401 1972 2457 po·

329 2476 365 2529 sit
380 2472 481 2545 proprii
497 2472 564 2529 iuris
581 2473 691 2552 humani
703 2471 810 2542 positivi
824 2470 975 2526 inductiva.
985 2472 1019 2526 Et
1032 2473 1069 2528 ite
1085 2471 1128 2529 illa
1164 2484 1217 2535 teat
1228 2477 1298 2548 apud
1310 2475 1435 2532 llocharm
1448 2490 1532 2547 supra
1545 2491 1621 2532 num.
1631 2478 1679 2545 223
1691 2476 1757 2549 quia
1775 2472 1820 2530 illa
1831 2473 1900 2548 duo,
1912 2477 1972 2532 sci·

328 2563 386 2619 sula
404 2561 562 2635 inlelligilur
577 2563 603 2616 lb
627 2561 677 2617 hio
694 2562 806 2616 maletis
821 2561 928 2616 nomine
948 2561 1127 2618 consueludi·
1164 2569 1229 2626 licet
1245 2567 1287 2623 ius
1301 2566 1482 2637 praetorium,
1493 2570 1522 2620 at
1536 2563 1806 2620 consuetudinarium
1824 2563 1973 2622 involvunt
1990 2571 1993 2576 “

328 2653 384 2722 uis,
402 2658 596 2708 antecesserunt
609 2653 682 2708 Bert.
696 2652 720 2706 in
736 2649 813 2706 dicta
825 2651 842 2706 l.
857 2649 892 2705 de
905 2650 1009 2723 petibus
1020 2675 1031 2713 ,ι
1052 2652 1076 2707 in
1091 2653 1129 2708 le·
1165 2660 1346 2729 repugnantes
1362 2654 1545 2725 conditiones,
1559 2659 1590 2710 nt
1602 2652 1681 2709 lacile
1700 2651 1879 2726 consideranti
1892 2661 1972 2725 pate·

328 2747 401 2798 etur.
416 2743 531 2811 namt,
546 2746 574 2796 et
592 2739 667 2796 Bald.
684 2739 709 2794 iu
731 2738 809 2796 rubr.
826 2739 947 2812 quaesit
967 2738 1048 2810 longa
1063 2757 1129 2797 con·
1163 2748 1212 2819 bit,
1228 2745 1293 2804 illud
1313 2745 1385 2802 enim
1400 2745 1508 2815 omitto,
1524 2744 1589 2816 quia
1603 2757 1701 2814 parum
1717 2741 1750 2800 ad
1765 2757 1817 2798 nos
1830 2742 1924 2800 refert.

331 2828 464 2898 suetudo,
479 2831 605 2886 Panorm.
619 2826 707 2885 lloch.
723 2833 752 2884 et
765 2842 859 2884 omnes
874 2827 899 2882 in
914 2826 988 2885 dictb
1003 2830 1122 2900 capuit.

328 2919 364 2976 Et
376 2919 453 2976 iacile
468 2924 589 2988 constat,
608 2924 664 2973 tum
680 2934 713 2974 er
728 2916 874 2972 sufficienti
887 2917 1004 2987 partium
1018 2932 1130 2974 enume-

329 3012 452 3073 ratione,
467 3013 526 3066 tum
540 3023 573 3064 es
592 3006 671 3063 dictis
686 3007 761 3062 circa
778 3005 960 3061 definitionem
974 3014 1129 3064 consuetu-

330 3097 411 3169 dinis,
428 3112 499 3171 quae
518 3099 546 3153 in
567 3096 692 3169 sequenti
713 3097 801 3167 capite
822 3094 912 3167 quoad
935 3095 1005 3152 hanc
1026 3103 1129 3166 partem

328 3189 415 3260 magis
434 3186 626 3260 explicabitur.
643 3183 792 3242 Advertere
808 3192 901 3241 nutem
915 3192 1039 3258 oportet,
1054 3185 1129 3243 eliud

327 3293 400 3342 csse,
417 3277 640 3334 communitatem
656 3275 773 3347 aliquem
788 3289 848 3330 esse
863 3289 993 3346 capacem
1008 3281 1131 3346 potesta·

329 3369 363 3424 tls
374 3368 407 3424 ad
420 3367 543 3424 serendas
556 3365 638 3438 leges,
647 3363 721 3420 alind
731 3379 791 3420 esse
804 3362 901 3419 babere
912 3363 993 3420 illam.
1002 3367 1068 3422 Nam
1082 3381 1130 3438 per

329 3471 359 3512 so
378 3457 467 3512 solum
488 3454 586 3512 habent
601 3455 671 3511 banc
691 3457 852 3524 potestatam
870 3453 960 3525 quoad
976 3453 1049 3527 leges
1063 3455 1130 3511 civi-

331 3544 369 3601 les
381 3544 553 3616 raspublicae
566 3557 723 3616 supremae,
737 3556 807 3614 quac
823 3556 901 3597 suam
915 3542 1129 3601 iurisdictionem

328 3637 354 3690 in
369 3635 520 3706 principem
547 3633 664 3706 aliquem
681 3647 733 3688 non
756 3630 970 3687 transtulerunt:
992 3635 1129 3704 capacita-

330 3733 386 3782 tem
397 3740 464 3781 vero
479 3724 579 3780 habent
591 3736 686 3778 omnes
698 3723 910 3778 communitates
921 3722 1065 3793 perlectae,
1079 3739 1128 3780 seu

329 3815 467 3885 civitates,
484 3820 533 3870 aut
555 3811 665 3884 populi,
684 3812 730 3883 qui
752 3816 869 3882 possunt
890 3811 1004 3883 propriis
1025 3812 1131 3884 legibus

329 3905 543 3972 communibus,
568 3901 611 3958 vel
633 3901 844 3972 municipalibus
865 3900 998 3972 obligari,
1021 3901 1129 3959 etianrsi

329 3994 478 4066 principem
498 3992 666 4062 superiorem
683 3988 812 4058 habeant,
825 3990 890 4061 quia
905 3991 1001 4045 saltem
1016 4007 1049 4047 ex
1063 4005 1130 4048 con·
1153 4007 1158 4014 ·

330 4098 413 4138 sensu
424 4081 496 4138 illius·
509 4087 627 4152 possunt
638 4079 711 4151 leges
722 4077 802 4133 lcrre.
811 4078 990 4134 Consuetudo
1002 4094 1067 4150 ergo
1079 4096 1130 4151 pu·

329 4173 399 4229 blica
411 4171 611 4241 cuiuscumque
627 4167 830 4224 communitatis
842 4169 949 4239 capacis
962 4167 1130 4240 obligationis

329 4263 455 4334 propriae
472 4260 550 4334 legis,
563 4274 623 4315 csse
635 4259 737 4331 poterit
748 4257 888 4318 inductiva
898 4259 978 4324 iuris,
992 4265 1125 4331 quantum

263 4385 266 4392 .
329 4360 371 4410 est
384 4367 417 4408 ex
434 4357 510 4423 parte
524 4347 745 4418 communitatis,
761 4348 866 4403 etiamsi
881 4354 947 4403 actu
964 4364 1016 4402 non
1030 4348 1130 4405 habeat

329 4447 492 4517 potestatem
509 4437 611 4496 iereudi
631 4437 713 4509 leges.
729 4437 859 4504 Quamvis
874 4437 934 4493 talis
955 4438 1129 4494 consuetudo

330 4533 423 4605 plures
443 4529 613 4587 conditiones
627 4524 792 4599 requiratad
806 4525 989 4584 inducendam
1004 4527 1090 4600 legem
1104 4528 1131 4584 in

330 4622 529 4678 communitate
547 4632 600 4674 non
612 4617 727 4697 brabante
739 4616 772 4672 de
783 4615 856 4673 lacto
869 4615 940 4673 illam
953 4622 1126 4691 potestatem,

329 4726 411 4784 quam
424 4711 451 4764 in
466 4708 592 4772 habente,
610 4707 674 4778 quia
688 4706 784 4761 saltem
799 4705 916 4778 requirit
927 4707 1037 4763 tacitam
1049 4707 1131 4764 licen·

330 4801 394 4857 tinm
409 4797 552 4871 principis,
572 4802 603 4851 ut
615 4800 712 4866 postea
727 4793 860 4850 dicemus.

369 4887 444 4947 Unde
458 4885 566 4943 tandem
581 4883 706 4955 insertur,
723 4884 798 4939 iuxta
815 4883 903 4939 varias
917 4885 1129 4942 communitates

331 4979 429 5052 magis,
443 4976 486 5034 vel
498 4977 586 5032 minus
600 4973 717 5045 amplas,
730 4985 778 5028 seu
790 4970 943 5044 generales,
954 4988 1035 5045 posse
1048 4973 1130 5031 etiam

1465 2945 1604 3015 CAPUT
1623 2945 1698 3014 IV.-

1164 3150 1209 3204 De
1220 3147 1310 3202 tertio
1323 3141 1469 3200 divisione
1479 3138 1708 3207 consuetudinis,
1733 3139 1967 3202 secaadnastos.

1202 3239 1323 3309 praeter
1338 3236 1383 3289 ius
1403 3237 1431 3288 et
1445 3235 1553 3286 contro
1566 3232 1621 3294 ius,
1632 3228 1682 3285 rabi
1696 3227 1844 3286 aonrrnlla
1854 3229 1890 3288 tle
1905 3235 1968 3288 tru-

1203 3309 1360 3368 ditionibus
1382 3305 1593 3365 ecclesiasticis
1607 3309 1793 3362 tractaretur.

1453 3497 1680 3562 summarium

1166 3693 1191 3743 l.
1205 3692 1291 3742 Tertia
1304 3688 1396 3740 divisio
1408 3686 1610 3738 consuetudinis.
1622 3713 1657 3723 -·
1666 3685 1691 3736 2.
1703 3685 1811 3748 Quinam
1824 3693 1898 3737 actus
1917 3685 1970 3738 dici

1200 3762 1296 3826 possint
1315 3758 1454 3808 secuudum
1475 3758 1556 3819 legem
1574 3757 1732 3816 naturalem,
1752 3755 1857 3819 quinam
1879 3763 1970 3807 contra

1201 3825 1479 3881 earn-t'uusuetudo
1498 3832 1586 3875 contra
1606 3826 1688 3888 legem
1707 3825 1851 3876 naturalem
1871 3827 1970 3876 nullum

1199 3901 1277 3950 lrairot
1294 3897 1424 3948 ellectum.
1436 3923 1470 3932 -
1480 3895 1506 3946 3.
1521 3895 1640 3944 Dubium.
1652 3895 1722 3944 -l.
1737 3894 1786 3945 Per
1805 3895 1970 3946 consuetudi·

1199 3983 1256 4020 nem
1268 3975 1351 4032 potest
1371 3965 1467 4029 aliquid
1487 3965 1616 4026 abrogari,
1635 3963 1756 4026 quodest
1774 3963 1806 4012 de
1829 3965 1889 4013 iure
1907 3978 1970 4027 gen-

1185 4037 1346 4091 .tium.-5.
1360 4035 1400 4085 lns
1410 4035 1525 4099 gentium
1537 4033 1668 4084 moraliter
1681 4031 1807 4095 loquendo
1821 4047 1870 4084 non
1884 4040 1971 4096 potest

1200 4110 1315 4160 totaliter
1333 4106 1399 4156 tolli.
1410 4131 1445 4140 —
1455 4105 1480 4155 6.
1495 4102 1570 4153 Aliud
1583 4108 1623 4152 est
1636 4100 1758 4163 traditio,
1773 4101 1843 4151 aliud
1861 4114 1970 4152 consue·

1200 4179 1310 4229 turlo.-
1321 4177 1345 4224 7.
1361 4176 1488 4237 Quaenam
1501 4172 1655 4222 traditiones
1667 4183 1697 4220 ex
1710 4173 1883 4234 apostolorum
1896 4184 1969 4234 prae·

1199 4248 1281 4312 ceptis
1290 4241 1636 4296 manarunt-Consuetudo
1644 4240 1820 4291 ecclesiastica
1831 4242 1971 4305 aliquando

1199 4319 1255 4369 sinc
1265 4316 1319 4366 ullo
1328 4320 1465 4377 praecepto
1475 4311 1589 4361 inchoari
1602 4310 1972 4373 potest.—8.Qnaeuam·con·

1199 4386 1309 4438 suetudo
1318 4382 1538 4434 ecelesiasticaost
1550 4387 1653 4444 praeter
1663 4379 1704 4430 ius
1713 4379 1971 4432 divinum-Minn-

1199 4454 1310 4508 suetudo
1319 4459 1408 4503 contra
1419 4453 1459 4502 ius
1471 4451 1587 4501 divinum
1600 4449 1700 4498 nullum
1710 4448 1830 4499 ellectum
1844 4449 1971 4498 babet.-

1198 4527 1272 4578 Ciroa
1283 4525 1323 4573 ius
1331 4523 1447 4572 divinum
1457 4527 1541 4584 potest
1551 4519 1672 4570 esseeius
1683 4517 1971 4582 interpres—ludon-

1200 4593 1310 4646 suetudo
1327 4591 1480 4652 secundam,
1498 4596 1617 4653 praeter,
1636 4594 1663 4637 et
1675 4593 1766 4638 contra
1780 4589 1864 4652 legem
1883 4589 1972 4640 buma-

1199 4677 1265 4715 nam.
1276 4662 1400 4720 -llatur
1414 4657 1573 4712 consuetudo
1588 4657 1651 4707 lacti
1668 4657 1809 4707 secundum
1825 4658 1908 4720 legem
1924 4660 1973 4710 bu-

1198 4745 1297 4785 manam
1307 4745 1357 4782 non
1368 4728 1608 4790 iuris.-ll.Quos
1617 4725 1725 4777 allectus
1733 4725 1812 4796 babet
1822 4726 1968 4782 bninsmodi

1199 4800 1368 4855 consuetudo.

1209 4969 1527 5044 1.Tertioprincips·liter
1543 4967 1669 5026 dividitur
1679 4968 1967 5046 consuetudoincam,

331 5069 463 5138 distingui
478 5066 569 5120 varias
583 5060 800 5124 consuetudines
814 5061 954 5134 publicas,
970 5068 998 5118 et
1011 5063 1062 5119 sub
1077 5063 1129 5120 boc
1167 5078 1239 5137 queo
1253 5069 1296 5120 est
1310 5059 1463 5118 secundum
1478 5058 1582 5132 legem,
1597 5065 1707 5131 praeter
1720 5059 1826 5133 legem,
1843 5060 1886 5117 vel
1906 5077 1971 5118 con·

331 5158 454 5217 membro
468 5154 556 5214 medio
570 5158 724 5211 contentas.
738 5153 773 5210 m
788 5153 864 5210 iuxta
876 5151 999 5209 eamdem
1015 5154 1130 5210 varieta·
1169 5161 1211 5211 tra
1231 5153 1328 5226 legem.
1343 5150 1431 5218 Quam
1450 5146 1608 5207 divisionem
1629 5146 1742 5206 uadunt
1762 5147 1832 5206 aab.
1844 5150 1871 5206 in
1893 5150 1970 5210 dicto
