4278 6242
396 349 458 418 {72
686 337 700 356 “
1096 367 1199 438 arnna
1213 369 1262 420 rr.

351 490 388 551 do
401 490 486 566 possit
502 489 636 550 ordinarie
651 506 712 551 esse
723 491 808 550 maior
818 489 968 566 certitudo,
980 507 1064 568 quana
1074 491 1101 550 in
1111 509 1155 551 se-
1190 510 1224 552 ne
1241 491 1388 554 recedatur
1403 509 1421 554 a
1434 493 1577 554 voluntate
1590 494 1762 570 legislatoris,
1775 508 1858 570 quom
1873 491 1994 552 arerbis

352 581 462 656 eundo,
484 583 549 657 quia
568 583 672 640 certius
691 585 870 656 cognoscitur
883 589 1022 656 potestas,
1037 598 1108 657 quae
1122 581 1154 638 li·
1189 583 1258 656 eius,
1275 591 1306 642 ut
1327 585 1386 642 iura
1400 582 1513 643 docent.
1528 583 1570 644 dd
1583 583 1664 658 illud,
1680 584 1754 660 quod
1775 592 1845 643 tunc
1858 600 1913 641 non
1927 599 1993 656 pec·

354 672 418 730 bera
432 687 485 728 uon
500 678 559 744 est,
574 687 658 746 quana
672 671 814 746 voluntas,
826 688 897 747 quae
909 672 995 730 libera
1011 678 1068 744 est,
1084 670 1156 728 nihi*
1188 679 1235 730 eat
1254 671 1315 747 lex,
1337 674 1506 749 respondeo,
1528 675 1593 733 lieet
1614 691 1667 732 non
1686 681 1783 748 peccet
1799 672 1992 748 praecipiendo

352 761 473 819 lominus
493 766 580 818 stante
599 761 705 836 aequali
723 761 932 834 incertitudine,
947 778 1012 820 oum
1026 761 1153 834 probabi·
1188 762 1307 835 malurn,
1326 764 1368 821 rei
1381 765 1462 821 nimis
1476 764 1610 837 arduum,
1625 780 1743 839 peecare
1757 781 1839 838 possa
1855 807 1863 837 ,
1879 763 1942 836 plus
1956 763 1993 819 ai·

352 851 428 907 litate
450 851 475 906 iu
497 848 613 923 iudicio,
634 850 728 908 eadem
746 857 789 908 est
802 853 887 925 ratio,
902 851 999 909 saitem
1013 851 1060 909 ubi
1074 859 1152 910 certo
1187 853 1358 925 gnideando,
1378 869 1462 927 quam
1482 854 1622 928 legislator
1642 855 1775 926 voluerit,
1796 860 1824 912 et
1837 853 1891 910 boc
1910 868 1993 926 posse

352 941 519 1012 constiterit,
541 942 628 1014 legem
649 957 730 1014 posse
746 944 850 999 servari
868 942 926 998 sine
940 947 1074 1014 peccato',
1089 942 1153 1014 quia
1188 957 1234 1012 per
1244 941 1371 1014 epiilriam
1382 943 1636 1018 emendari.Neque
1647 945 1708 1001 bine
1719 950 1869 1019 sequentur
1887 947 1993 1000 incons-

353 1035 421 1088 tune
441 1031 521 1088 etiam
541 1032 624 1090 sorba
643 1029 710 1104 legis
731 1031 848 1088 retinent
867 1032 922 1114 sina
942 1045 1037 1103 suam,
1054 1037 1083 1088 et
1096 1031 1153 1087 iere
1188 1031 1285 1102 moda,
1300 1032 1323 1087 si
1338 1048 1368 1089 re
1383 1047 1448 1089 vera
1461 1033 1593 1092 iudicium
1609 1034 1747 1106 probabile
1757 1041 1785 1091 et
1795 1032 1916 1105 prudens
1934 1048 1994 1089 ser·

352 1119 485 1192 applicari
505 1127 623 1191 possunt
643 1121 710 1177 aliae
731 1122 849 1176 rationes
866 1120 891 1174 in
907 1119 1053 1190 posteriori
1067 1134 1153 1176 mem·
1187 1127 1283 1178 vetur:
1300 1119 1376 1194 quod
1389 1137 1454 1178 sero
1469 1125 1546 1196 sequi
1560 1123 1666 1195 possint
1680 1139 1728 1194 per
1744 1123 1876 1188 abusum,
1891 1121 1994 1193 imper-

352 1210 402 1267 bro
426 1210 533 1269 allatae.
555 1211 683 1283 dissime,
699 1211 765 1285 quia
784 1210 892 1282 quoties
911 1207 1007 1281 epiilria
1021 1223 1076 1264 non
1092 1209 1154 1264 lutt-
1187 1211 1276 1267 linens
1289 1218 1350 1284 est,
1367 1211 1509 1285 multoque
1524 1213 1627 1269 maiora
1641 1219 1807 1286 sequentur,
1823 1211 1844 1266 si
1863 1211 1992 1268 homines

355 1299 438 1356 datur
457 1300 484 1366 in
504 1299 604 1357 iudicio
625 1304 713 1370 certo,
728 1299 791 1356 licet
804 1300 921 1370 excipiat
935 1312 1032 1354 casum
1047 1303 1153 1369 apote-
1188 1316 1242 1356 non
1265 1303 1373 1371 possint
1392 1301 1420 1357 in
1440 1301 1596 1359 huiusmodi
1610 1301 1753 1359 eventibus
1768 1300 1876 1359 iudiciis
1893 1301 1994 1374 proba·

354 1394 426 1445 state
446 1388 624 1461 legislatoris,
644 1403 751 1460 semper
764 1386 846 1445 debet
859 1388 942 1444 etiam
955 1387 1031 1442 inniti
1045 1389 1072 1442 in
1086 1402 1153 1443 con·
1188 1388 1287 1446 bilibus
1309 1391 1360 1446 uti.
1375 1391 1583 1448 panormitanus
1598 1398 1690 1449 autern
1705 1398 1733 1448 et
1745 1392 1857 1449 iuristae
1876 1391 1993 1464 loquun-

355 1479 490 1535 iecturata
510 1484 600 1534 mente
621 1477 742 1534 eiusdem
764 1476 943 1550 legislatoris,
961 1474 1035 1548 quod
1049 1473 1154 1530 scilicet
1188 1477 1281 1536 turde
1295 1478 1395 1550 iudice,
1413 1481 1461 1552 qui
1473 1485 1582 1537 tenetur
1595 1480 1749 1538 seeundum
1765 1480 1838 1554 leges
1855 1479 1990 1552 iudicare,

356 1567 474 1624 noluerit
486 1567 565 1624 talem
579 1583 675 1624 casum
686 1565 929 1637 comprehendere.
939 1566 1007 1622 llam
1018 1579 1084 1621 cum
1098 1579 1154 1620 non
1188 1574 1216 1626 et
1230 1568 1302 1624 inter
1312 1576 1402 1640 partes
1413 1569 1543 1626 iustitiam
1555 1569 1732 1640 distribuere,
1745 1577 1772 1626 at
1781 1568 1842 1626 ideo
1851 1567 1934 1625 debet
1948 1583 1993 1624 se·

355 1661 398 1714 est
422 1661 549 1727 certum,
571 1657 741 1728 superiorem
762 1671 817 1712 non
829 1670 910 1726 posse
925 1654 978 1711 boe
993 1655 1153 1726 praecipere
1188 1657 1236 1731 qui
1249 1656 1333 1714 verba
1347 1658 1425 1732 legis,
1441 1657 1550 1731 quando
1562 1664 1627 1715 arant
1641 1657 1727 1729 clara,
1738 1659 1824 1715 nisiin
1835 1655 1932 1715 eodem
1949 1659 1994 1714 iu·

355 1742 467 1820 propter
484 1747 522 1803 rei
540 1746 719 1819 arduitatem,
735 1752 783 1803 aut
796 1744 1039 1813 inordinationem,
1057 1744 1080 1799 si
1097 1743 1154 1815 ipse
1187 1746 1262 1804 dicio
1279 1747 1366 1817 possit
1379 1747 1550 1804 sufficienter
1565 1747 1685 1820 probari,
1698 1748 1777 1804 aliam
1792 1748 1875 1805 luisse
1895 1745 1994 1804 solun·

355 1836 480 1909 superior
496 1835 671 1893 nibilominus
684 1851 717 1893 ea
731 1840 807 1892 certa
822 1834 935 1892 scientia
950 1832 977 1890 id
992 1833 1152 1905 praecipiat,
1187 1843 1271 1893 tatem
1292 1837 1443 1910 principis,
1465 1853 1528 1894 nam
1550 1844 1616 1894 tune
1637 1836 1791 1894 secundum
1806 1837 1879 1895 illam
1898 1841 1995 1910 posset

356 1927 514 1998 declarans,
533 1941 562 1983 se
573 1940 665 1999 posse,
677 1931 705 1982 et
718 1924 843 1982 iudicans
853 1926 881 1980 in
893 1923 942 1981 tali
952 1929 1017 1980 actu
1027 1938 1081 1978 non
1092 1937 1153 1978 esse
1188 1925 1318 1983 iudicare.

355 2014 597 2086 inordinationem,
612 2014 653 2072 rel
662 2015 772 2071 nimiam
782 2013 960 2090 gravitatem
977 2012 1104 2070 subditus
1117 2018 1154 2067 te·
1229 2022 1255 2074 a.
1272 2016 1355 2072 Maior
1375 2016 1439 2073 milri
1460 2015 1609 2074 difficultas
1629 2022 1672 2074 est
1692 2016 1768 2074 circa
1785 2016 1865 2073 aliam
1884 2021 1995 2087 partam

356 2112 440 2162 netur
459 2103 581 2176 obedire,
603 2103 669 2160 dum
690 2119 743 2160 non
758 2109 801 2160 est
814 2109 920 2172 certus,
936 2101 1041 2158 etiamsi
1056 2100 1154 2172 proba·
1188 2105 1319 2184 opinionis
1329 2105 1464 2177 Caietani,
1477 2105 1550 2178 quod
1563 2113 1653 2164 stante
1663 2106 1766 2164 iudicio
1778 2105 1919 2178 probabili,
1936 2119 1994 2161 non

356 2195 448 2253 biliter
464 2193 582 2268 iudicet,
597 2196 662 2268 quia
673 2193 811 2266 praevalet
822 2193 864 2249 ius
876 2192 1036 2264 superioris,
1051 2197 1080 2248 et
1091 2191 1155 2247 sub·
1190 2193 1270 2252 liceat
1286 2193 1330 2251 ilio
1345 2196 1385 2251 uti
1398 2194 1455 2251 sins
1474 2195 1710 2268 interpretatione,
1729 2195 1925 2252 vel'cousensu
1943 2209 1996 2250 su·

357 2285 430 2342 ditus
455 2284 536 2342 debet
557 2299 638 2341 suum
659 2283 790 2341 iudicium
804 2282 956 2355 deponere,
972 2289 1003 2339 ut
1021 2287 1065 2338 est
1080 2295 1156 2338 conr·
1191 2283 1324 2356 perioris,
1346 2282 1457 2358 quando
1478 2300 1531 2340 non
1552 2291 1595 2342 est
1610 2284 1768 2356 periculum
1787 2285 1815 2338 in
1834 2298 1926 2353 mora,
1944 2281 1995 2338 sed

357 2373 447 2431 munis
468 2373 605 2444 doctrina,
626 2379 655 2430 et
670 2374 696 2429 in
711 2373 787 2444 praxi
802 2371 966 2428 necessaria.
982 2372 1055 2443 Ergo
1070 2371 1094 2425 in
1109 2367 1155 2427 illo
1191 2374 1331 2431 conveniri
1352 2380 1452 2446 potest.
1472 2374 1537 2441 Quia
1558 2375 1584 2429 in
1606 2371 1808 2446 interpretanda
1828 2373 1911 2430 etiam
1931 2371 1995 2443 lege

358 2479 427 2520 casu
442 2460 475 2518 de
486 2462 580 2534 epiilia
591 2478 645 2518 non
656 2461 760 2518 sullicit
770 2460 907 2533 probabile
918 2459 1049 2536 iudicium
1061 2459 1096 2516 de
1110 2460 1156 2516 de·
1189 2462 1307 2519 naturali
1330 2466 1433 2520 utimur
1454 2463 1586 2519 sententia
1601 2462 1732 2535 probabili
1750 2463 1808 2517 sine
1822 2475 1939 2518 recursu
1957 2458 1996 2518 ad

357 2553 432 2609 iectu
452 2553 609 2623 potestatis,
626 2553 674 2608 nisi
694 2551 809 2610 accedat
822 2553 903 2609 stiam
919 2550 1064 2619 iudicium,
1081 2547 1156 2623 quod
1190 2553 1307 2623 Papam,
1327 2552 1367 2608 rel
1389 2552 1539 2623 praelatos,
1559 2567 1624 2624 ergo
1642 2553 1668 2608 in
1681 2551 1787 2624 legibus
1802 2550 1926 2606 humanis
1943 2566 1996 2621 po·

358 2643 486 2715 superior
500 2642 528 2698 in
538 2657 571 2698 eo
586 2656 653 2698 casu
667 2643 708 2696 sic
718 2639 801 2698 dubio
813 2640 930 2699 noluerit
940 2639 1070 2713 obligare3
1087 2654 1154 2711 ergo
1190 2645 1245 2697 test
1256 2641 1338 2697 etiam
1349 2640 1375 2698 id
1386 2641 1443 2696 lieri
1452 2639 1544 2714 quoad
1556 2640 1749 2720 particularem
1761 2639 1907 2696 usum.Sio
1918 2640 1994 2694 enim

359 2747 425 2789 cum
439 2731 491 2788 boo
509 2737 615 2788 tantum
627 2733 663 2787 sit
672 2730 821 2802 probabile,
834 2746 888 2787 non
900 2729 1014 2800 sufficit,
1027 2727 1068 2785 vel
1081 2735 1156 2785 certe
1190 2728 1289 2785 dicunt
1307 2728 1433 2798 iuristae,
1448 2743 1529 2801 posse
1548 2729 1665 2786 iudicem
1679 2727 1713 2784 ad
1729 2727 1866 2785 serendam
1884 2733 1996 2784 senten·

359 2823 382 2878 si
397 2820 500 2878 sufficit
518 2819 648 2877 iudim'um
661 2818 798 2892 probabile
811 2817 844 2875 de
860 2819 1002 2889 potestatis
1017 2824 1045 2875 et
1061 2815 1158 2873 solua·
1192 2820 1256 2874 tiam
1277 2818 1452 2890 probabiliter
1472 2818 1643 2891 interpretari
1665 2819 1751 2891 legem
1771 2817 1797 2872 in
1812 2833 1880 2873 casu
1896 2817 1993 2886 dubio,

360 2911 422 2968 tatis
444 2910 571 2981 delectu,
591 2909 712 2965 sufficiet
726 2910 806 2966 etiam
821 2907 952 2964 iudicium
968 2906 1108 2980 probabile
1123 2905 1157 2963 ds
1192 2919 1242 2965 neo
1257 2918 1411 2980 oportere,
1433 2915 1464 2964 ut
1483 2909 1516 2964 nd
1532 2909 1705 2979 superiorem
1718 2913 1860 2977 recurrat,
1878 2913 1908 2962 ut
1925 2921 1995 2962 con·

359 3000 467 3076 deiectu
487 2998 572 3055 solius
587 2998 747 3055 voluntatis.
1193 3004 1248 3054 stat
1260 3013 1293 3054 ex
1306 2997 1407 3054 Bartol.
1423 2997 1449 3053 in
1465 2997 1483 3053 l.
1504 3001 1528 3070 l,
1543 2999 1574 3054 C.
1590 2996 1622 3052 ds
1637 2996 1717 3070 legib.
1735 3013 1811 3052 num.
1829 3002 1856 3065 tl,
1873 3003 1902 3054 et
1919 2999 1947 3066 9,
1963 3003 1995 3052 et

399 3089 424 3146 l.
441 3087 541 3146 Ultimo
562 3093 655 3157 posset
674 3086 844 3144 sufficienter
859 3083 996 3142 confutari
1011 3083 1054 3140 illa
1070 3083 1158 3156 opinio
1185 3087 1250 3144 ,aliis
1264 3087 1319 3160 ibi,
1335 3094 1363 3145 et
1377 3088 1403 3144 in
1417 3103 1479 3159 cap.
1501 3091 1524 3144 l.
1542 3087 1575 3143 de
1589 3088 1702 3146 constit.
1718 3077 1809 3158 ltic'es,
1825 3086 1852 3143 id
1867 3101 1928 3142 esse
1945 3103 1994 3143 ra-

359 3177 450 3252 quoad
462 3176 658 3248 banopartem,
670 3175 864 3248 quiarationes
876 3175 936 3230 eius
947 3188 1000 3229 non
1014 3173 1159 3230 sufficiunt
1193 3191 1271 3246 rum,
1288 3175 1397 3249 quando
1418 3178 1507 3250 agitur
1526 3174 1561 3236 ds
1578 3175 1799 3248 interpretatione
1813 3175 1880 3249 legis
1898 3173 1996 3250 quoad

359 3268 393 3325 ad
413 3267 608 3340 imponendum
630 3265 822 3339 gravissimum
841 3279 929 3335 onus,
944 3262 1074 3320 deberent
1087 3262 1159 3319 eninr
1193 3281 1305 3322 sensum
1325 3266 1394 3322 eius.
1417 3265 1470 3323 sed
1490 3272 1604 3323 eontra:
1627 3283 1689 3323 num
1704 3281 1755 3323 cur
1770 3282 1822 3322 non
1836 3266 1890 3321 erit
1904 3265 1992 3336 idem,

359 3358 539 3428 convincere,
557 3354 599 3411 rel
619 3353 686 3411 illud
705 3353 936 3411 sufficientissime
954 3352 1085 3424 probare,
1101 3368 1159 3408 ma·
1193 3354 1304 3428 quando
1324 3355 1401 3412 aliter
1420 3355 1643 3413 coniecturamus
1664 3361 1781 3412 mentem
1803 3371 1852 3411 seu
1868 3354 1995 3410 volunta·

359 3449 431 3506 sime
451 3451 548 3502 contra
568 3459 743 3502 communem
764 3443 935 3500 sententiam.
951 3440 992 3499 dd
1013 3440 1164 3514 principale
1195 3450 1249 3499 tem
1268 3443 1448 3517 legislatoris?
1463 3443 1503 3500 rel
1518 3459 1570 3500 our
1584 3445 1674 3515 potius
1686 3444 1737 3501 erit
1757 3443 1931 3525 necessarius
1948 3458 1995 3498 re-

360 3552 427 3611 ergo
449 3535 658 3593 tundamentum
678 3539 797 3609 negatur
816 3531 1027 3605 consequentis,
1052 3531 1085 3588 ad
1107 3533 1159 3603 pri·
1194 3547 1296 3589 cursus
1311 3530 1344 3588 ad
1360 3535 1545 3604 superiorem,
1562 3532 1673 3605 quando
1690 3532 1865 3603 probabiliter
1881 3537 1995 3588 constat

361 3643 434 3686 mam
456 3626 655 3700 probationem·
665 3622 833 3695 respondeo,
855 3620 938 3678 rerba
959 3621 1024 3693 legis
1038 3621 1096 3677 sine
1111 3637 1159 3678 ro·
1192 3620 1225 3678 de
1238 3621 1376 3678 voluntate
1387 3621 1445 3678 eius
1457 3629 1565 3693 praeter
1575 3622 1633 3678 eius
1647 3622 1738 3692 rerba,
1751 3637 1834 3694 quarn
1850 3636 1914 3677 cum
1928 3636 1994 3692 pro·

360 3717 465 3776 luntate
486 3731 540 3771 non
561 3713 660 3770 habere
680 3712 750 3785 vim,
765 3726 817 3768 nec
833 3711 1028 3767 anctoritatem
1043 3709 1078 3767 ad
1092 3710 1160 3768 obli·
1192 3711 1318 3769 babiliter
1339 3717 1443 3768 tantum
1464 3717 1575 3768 constat
1594 3710 1628 3768 de
1647 3727 1731 3767 sensu
1744 3713 1804 3768 eius
1818 3712 1844 3766 in
1859 3711 1992 3783 ambigua

359 3806 494 3880 gandam:
507 3802 591 3860 rerba
604 3803 676 3859 eninr
688 3802 753 3874 legia
764 3800 917 3858 secttndum
929 3816 959 3857 se
971 3805 1078 3856 tantum
1094 3806 1160 3857 sunt
1194 3801 1386 3874 significatione
1408 3801 1574 3858 verborum?
1599 3785 1727 3874 lienique
1739 3802 1765 3856 ia
1791 3801 1913 3873 quolibet
1936 3799 1991 3856 alio

360 3895 396 3953 ad
411 3890 605 3950 ostendendam
619 3891 789 3948 volumtatem
804 3889 963 3962 legislatoris
979 3895 1110 3963 tanquam
1121 3892 1159 3946 si·
1192 3894 1292 3946 eventu
1308 3889 1371 3947 licet
1387 3892 1425 3945 uti
1440 3889 1465 3944 in
1481 3890 1648 3946 conscientia
1663 3890 1794 3962 probabili
1807 3891 1943 3947 sententia
1957 3891 1996 3944 si·

359 3998 445 4057 gnum
459 3995 620 4053 expressum
639 3980 716 4049 eius,
731 3994 785 4035 non
808 3985 851 4035 est
871 3986 961 4034 tamen
976 3977 1028 4034 hoe
1050 3979 1159 4050 signum
1192 3995 1226 4036 ne
1238 3995 1358 4037 recursu
1371 3979 1404 4036 ad
1417 3982 1586 4050 superiorem
1598 4023 1605 4050 ,
1617 3971 1722 4038 etidmsi
1733 3980 1823 4038 abillo
1835 3987 1929 4054 posset
1944 3997 1993 4037 ex·

358 4079 416 4150 tam
428 4071 621 4142 certum,quin
634 4068 721 4140 possit
730 4083 764 4125 ex
776 4068 988 4124 circumstantiis
1004 4066 1121 4134 limitari,
1131 4073 1160 4125 et
1193 4070 1294 4140 pectari
1306 4069 1411 4125 certius
1427 4083 1608 4141 responsum,
1625 4083 1700 4143 ergo.

360 4159 482 4230 extendi,
495 4165 617 4230 utsupra
629 4159 717 4214 visum
727 4163 779 4229 est,
793 4172 859 4230 ergo
870 4155 979 4229 quendo
993 4171 1028 4212 ex
1039 4151 1159 4212 circum·
1230 4157 1409 4214 Nihilominus
1430 4157 1455 4213 in
1476 4157 1527 4212 lsoo
1549 4159 1629 4216 etiam
1649 4165 1757 4216 nonest
1773 4156 1960 4216 recedendum
1975 4175 1993 4216 s

361 4251 465 4308 stantiis
483 4247 694 4306 occurrentibus
708 4246 885 4318 probabiliter
900 4246 1048 4302 limitantur
1064 4245 1156 4317 verba,
1193 4249 1334 4303 communi
1349 4249 1498 4319 sententia,
1514 4263 1586 4320 quse
1600 4247 1708 4306 videtur
1726 4265 1779 4305 usu
1794 4251 1916 4305 omnium
1933 4249 1995 4321 pio-

361 4346 392 4397 ut
412 4355 465 4396 non
487 4335 720 4408 comprehendant
740 4349 837 4391 casum
858 4332 990 4405 aliquem,
1012 4334 1066 4390 iam
1084 4349 1117 4389 ex
1134 4332 1158 4388 ri
1185 4352 1254 4408 ¹rum
1275 4341 1303 4392 et
1323 4335 1489 4408 prudentum
1510 4338 1680 4394 confirmata.
1700 4337 1734 4394 Et
1754 4337 1788 4393 ad
1804 4337 1994 4395 boosuadau·

361 4430 508 4486 verborum
522 4441 575 4482 non
591 4431 632 4480 est
646 4430 764 4494 certum,
776 4438 873 4479 casum
885 4423 966 4479 talem
978 4423 1158 4494 comprehen·
1191 4423 1257 4481 dum
1271 4425 1361 4482 valere
1372 4432 1487 4496 possunt
1497 4419 1619 4508 rationes'
1627 4427 1714 4483 iactae
1725 4428 1752 4482 in
1764 4427 1887 4485 secundo
1906 4444 1993 4485 mem·

360 4519 386 4576 di
402 4518 454 4576 sub
469 4518 542 4591 lege,
559 4515 625 4572 licet
639 4514 674 4570 sit
687 4519 796 4570 certum
807 4511 1001 4585 comprehendi
1013 4513 1065 4569 sub
1077 4514 1157 4588 signi·
1191 4514 1240 4574 bro
1252 4513 1438 4586 praecedentis
1449 4518 1609 4572 sententiae.
1623 4518 1657 4574 lit
1669 4525 1819 4589 praeterea,
1836 4518 1902 4591 quia
1917 4521 1993 4576 inor·

360 4608 484 4666 deatione
506 4597 654 4662 sorborum
675 4603 752 4676 legis.
767 4601 844 4660 Unde
859 4617 923 4658 cunr
937 4602 1055 4673 dicitur,
1075 4603 1157 4659 verba
1190 4602 1315 4661 dinatum
1335 4611 1377 4660 est
1399 4605 1437 4661 uti
1458 4595 1642 4670 coniecturis,
1664 4614 1692 4664 et
1712 4615 1823 4680 propter
1841 4609 1900 4666 illas
1917 4611 1991 4667 solae

359 4699 424 4771 legis
439 4696 518 4769 qnasi
531 4693 670 4766 possidere
684 4693 727 4748 ius
741 4689 894 4765 obtigsnm,
910 4690 1080 4763 respondeo,
1095 4691 1155 4750 inda
1192 4694 1345 4767 relinquere
1360 4693 1442 4750 rerba
1458 4694 1534 4766 legis,
1552 4694 1598 4750 ubi
1613 4702 1702 4766 potest
1720 4704 1797 4754 certo
1812 4706 1941 4756 constare
1955 4701 1990 4758 de

359 4787 449 4843 solum
464 4782 573 4857 probari
587 4781 613 4838 in
627 4797 695 4839 casu
706 4781 814 4837 omnino
827 4780 911 4837 dubio
922 4822 929 4850 ,
942 4780 984 4837 vel
994 4781 1094 4838 ceteris
1109 4796 1168 4852 pa·⁴
1191 4790 1282 4840 mente
1297 4789 1325 4839 et
1338 4782 1479 4841 voluntate
1492 4782 1664 4856 legislatoris.
1680 4787 1714 4843 Et
1724 4785 1783 4845 ideo
1797 4789 1824 4844 in
1834 4791 1909 4846 onsui
1924 4791 1990 4864 apii·

359 4875 449 4944 ribus,
463 4871 638 4946 praelerenda
648 4886 708 4928 esse
721 4869 803 4926 rerba
813 4869 892 4943 legis,
905 4876 933 4926 et
946 4871 1099 4928 secundum
1112 4872 1156 4928 illa
1190 4871 1232 4928 lsia
1247 4871 1337 4928 solum
1348 4871 1478 4943 probabili
1490 4871 1571 4928 debet
1581 4872 1624 4930 bie
1637 4875 1704 4932 ordo
1715 4878 1830 4934 serrari.
1847 4879 1882 4934 Et
1891 4895 1990 4952 quam-

358 4979 419 5021 esse
441 4960 618 5019 iudicandum
638 4959 671 5016 de
692 4957 850 5029 voluntate,
867 4974 919 5014 non
935 4975 999 5016 aero
1015 4961 1060 5017 ubi
1074 4963 1154 5018 estin
1191 4959 1230 5015 ris
1248 4960 1383 5016 ordinaria
1405 4961 1489 5033 magis
1511 4963 1683 5019 necessarius
1704 4965 1741 5020 sit
1754 4965 1902 5038 inepiilria,
1917 4983 1990 5040 quse

358 5053 529 5111 contrarium
549 5048 680 5106 iudicium
702 5047 849 5120 probabile.
865 5047 906 5104 dd
927 5048 998 5105 aliud
1013 5055 1104 5107 autem
1119 5050 1152 5108 de
1188 5055 1231 5106 est
1243 5049 1276 5106 de
1291 5052 1348 5107 sola
1363 5050 1501 5108 voluntate
1517 5049 1689 5124 legislatoris,
1706 5069 1789 5126 quam
1803 5057 1829 5111 in
1843 5055 1900 5126 illa,
1915 5071 1987 5129 quae

358 5148 434 5215 parte
451 5140 544 5199 tutiori
555 5137 708 5210 respondeo
720 5180 727 5208 ,
740 5137 805 5194 satis
816 5151 876 5194 esse
887 5138 965 5210 sequi
977 5140 1098 5208 practice
1109 5145 1153 5195 tu·
1189 5138 1264 5196 cirea
1285 5146 1449 5212 potestatem
1470 5147 1613 5211 versatur3
1636 5141 1810 5200 nibilominus
1827 5145 1852 5201 in
1869 5151 1987 5218 utraque

357 5238 423 5303 tam,
435 5237 468 5289 ut
479 5229 537 5289 alibi
549 5227 613 5288 dixi.
627 5226 727 5285 Deinde
738 5225 810 5300 dico,
821 5225 1069 5300 magiscavendum
1080 5244 1152 5305 esse,
1189 5230 1340 5288 serrandus
1355 5235 1411 5305 est,
1423 5231 1498 5289 iuxta
1512 5232 1641 5289 maurino
1652 5235 1852 5308 necessitatem,
1870 5235 1912 5292 vel
1924 5251 1987 5309 pro·
