4294 6238
408 343 471 406 306
1098 359 1199 410 arnna
1213 361 1276 412 vu.
1321 383 1325 392 ·

645 479 785 550 CAPUT
806 479 895 550 Xlll.
1206 492 1234 543 et
1253 486 1479 545 consuetudinem
1500 487 1689 548 introducere.
1711 489 1893 548 Nihilominus
1913 496 2003 548 tanim

1205 591 1258 632 non
1273 579 1381 633 omnino
1400 576 1437 634 ilo
1455 578 1531 637 deest
1550 594 1703 637 consensus
1717 581 1864 653 principis,
1880 579 1946 653 quia
1959 596 2006 652 per

316 743 321 752 ι
373 693 482 748 mmm
498 701 659 744 comem„
674 689 839 762 ,mmm-3,
858 692 886 744 ep
898 686 997 761 qual„
1011 704 1170 746 consens„
1204 665 1306 724 dictam
1321 666 1457 724 licentiam
1472 667 1549 726 illum
1560 670 1713 742 praestitit,
1726 677 1754 728 ct
1765 685 1874 742 semper
1885 670 2005 742 praeiret,

394 780 434 834 stt
448 777 652 846 necessarius,
666 781 699 833 ut
713 775 893 834 consuetudo
904 781 951 835 los
961 776 1141 835 introducat.
1204 763 1231 812 0⁸
1246 757 1306 814 5⁶⁰⁰
1322 764 1388 815 ¹⁰⁰⁰
1405 761 1592 815 ⁰⁸⁰0⁵⁸⁸lll¹ffl
1606 775 1660 815 ⁰⁰¹¹
1679 767 1738 832 iila
1754 767 1785 817 Ul
1799 760 1931 831 illimis
1946 775 2007 830 ⁸ll0·

1205 846 1309 902 cialiter
1330 847 1400 903 sciat
1421 847 1648 904 consuetudinem
1667 847 1758 906 denuo
1777 847 1968 904 introductam
1980 849 2007 902 in

656 953 878 1018 Summanum
1205 934 1271 1004 tali,
1290 936 1331 992 vel
1353 936 1399 993 tali
1419 938 1547 1009 civitate,
1564 949 1628 994 nam
1649 939 1706 995 sine
1725 939 1772 994 tali
1787 938 1905 994 scientia
1920 939 2011 1009 potuit

1204 1025 1382 1099 anticipatum
1398 1040 1579 1093 consensum,
1596 1033 1627 1083 ut
1642 1028 1680 1084 ite
1693 1026 1782 1084 dicam
1797 1033 1971 1098 ,praestare3
1984 1031 2011 1082 et

370 1145 395 1196 4¹
410 1144 479 1194 vm,
493 1143 589 1206 gradus
602 1143 913 1209 mmmmm-„mmm
925 1119 1114 1205 gmdusgp·
1125 1141 1169 1191 Se,
1205 1112 1238 1169 de
1259 1113 1332 1170 lacto
1354 1115 1505 1186 praestitit,
1528 1114 1638 1190 quando
1659 1115 1734 1173 dedit
1754 1117 1911 1187 licentiam,
1931 1117 2010 1188 quasi

402 1213 588 1264 condus-3.
603 1213 795 1264 tertius.2-t.
809 1212 957 1263 differentia
971 1213 1041 1262 inter
1055 1217 1170 1274 potesta·
1204 1202 1256 1259 sub
1277 1203 1445 1276 conditione,
1468 1207 1490 1261 si
1512 1204 1631 1277 populus
1652 1205 1733 1263 vellet
1753 1205 1875 1277 speciale
1897 1204 1941 1260 ius
1962 1205 2011 1261 sibi

402 1291 454 1334 tem
473 1282 573 1333 terendi
591 1285 661 1347 letti
679 1283 868 1333 ecclesiasticas
886 1290 913 1331 ‘³2
931 1283 1074 1332 civiles—
1087 1281 1170 1344 tmpu-
1204 1291 1325 1347 condere
1346 1308 1400 1349 uno
1421 1292 1463 1350 rel
1483 1293 1535 1350 alio
1557 1293 1649 1350 modo.
1666 1296 1838 1367 Quapropter
1860 1295 1884 1349 s'i
1901 1293 2009 1350 licentia
2121 1331 2122 1350 2

402 1351 1170 1484 illiti·...ieltttlfitldestitisti”tottii
1196 1388 1278 1454 ,ese
1297 1382 1427 1454 iotae
1447 1390 1476 1440 02
1494 1399 1559 1440 ιιι]
1578 1383 1757 1455 superum
1771 1400 1786 1440 ι
1800 1384 1899 1440 sutura
1913 1383 2012 1439 ⁰0⁰⁰*
2121 1457 2122 1460 γ

403 1493 545 1555 personalis
565 1492 700 1555 principis.
716 1517 751 1528 ..
762 1491 788 1541 i.
811 1491 939 1540 obiectio.
951 1517 986 1527 -
999 1489 1123 1539 sotritur.
1135 1515 1170 1525 -
1204 1470 1321 1526 matione
1331 1471 1477 1551 principis,
1490 1475 1526 1529 ita
1541 1479 1648 1530 utente
1659 1473 1731 1530 illam
1743 1475 1886 1536 obtentam
1902 1473 2009 1530 lennon

401 1563 427 1612 8.
442 1561 468 1610 Si
483 1567 566 1610 tamen
577 1559 736 1612 consuetudo
745 1574 796 1610 non
807 1561 955 1623 praevaleat
965 1571 996 1609 ex
1006 1559 1031 1607 vt
1042 1559 1170 1622 praescri·
1204 1558 1320 1632 obliget,
1337 1567 1368 1615 ut
1386 1561 1495 1618 videtur
1514 1577 1574 1619 esso
1589 1563 1615 1617 in
1629 1563 1774 1635 Hispania,
1791 1571 1861 1620 tunc
1876 1562 1956 1618 aliter
1969 1562 2010 1618 di·
2121 1543 2122 1580 ³

401 1630 512 1694 pmms’
523 1633 668 1713 ‘F’qliliffl‘
679 1642 818 1680 ⁰⁰⁰⁵⁰¹¹s¹¹⁵
828 1628 1049 1710 Pess⁰¹¹³¹i⁵·”.⁹·
1061 1629 1099 1678 3¹¹
1109 1641 1170 1678 ⁰⁰¹¹·
1204 1647 1320 1705 cendum
1335 1657 1408 1707 esset
1418 1649 1452 1706 de
1464 1650 1665 1709 consuetudine
1692 1653 1755 1725 quia
1767 1651 1958 1708 necessarlum
1969 1667 2012 1707 cs·

401 1711 492 1750 sensus
503 1712 629 1764 principis
642 1700 736 1750 debeat
748 1711 805 1749 esse
815 1711 952 1764 expressus
962 1699 1003 1748 rel
1014 1704 1171 1761 interpreta-
1672 1693 1680 1725 ²

401 1770 481 1819 „m
493 1795 526 1806 „
541 1771 639 1820 Sufficit
657 1770 763 1819 mestus·
775 1796 810 1807 ,,
825 1770 867 1820 ,0⁸
886 1769 1027 1834 Responsio
1045 1767 1076 1818 ,d
1094 1779 1171 1830 mu,
1204 1743 1261 1808 set,
1277 1737 1350 1795 illam
1363 1740 1447 1796 etiam
1461 1742 1617 1798 confirmari
1631 1757 1646 1798 a
1660 1744 1802 1815 principe,
1813 1747 1842 1799 et
1856 1740 1918 1798 ideo
1932 1740 2011 1796 etiarn

401 1846 488 1890 menta
499 1840 645 1890 contrariae
659 1838 814 1889 sententiae.
1203 1835 1277 1886 esset
1289 1832 1463 1887 necessarius
1478 1847 1566 1888 novus
1580 1846 1733 1889 consensus
1752 1833 1842 1904 illius,
1861 1831 1929 1904 quin
1942 1845 2011 1885 nora

820 1969 828 1984 ‚
1204 1917 1373 1975 confirmatio
1397 1935 1451 1974 non
1475 1919 1558 1977 datur
1583 1920 1640 1977 sine
1664 1937 1735 1978 novo
1759 1936 1914 1978 consensu.
1937 1919 2011 1977 Unde

409 2017 432 2070 l.
449 2013 478 2068 ln
499 2011 553 2069 hoc
574 2013 663 2081 capite
682 2005 845 2080 explicanda
864 2015 906 2064 est
922 2009 1069 2080 praecipua
1084 2021 1170 2063 causa
1203 2005 1296 2077 quoad
1318 2006 1369 2063 lano
1389 2015 1564 2080 reputaretur
1584 2010 1644 2065 telis
1663 2009 1783 2082 populus
1798 2011 1881 2083 quasi
1895 2023 1951 2065 non
1966 2009 2010 2064 tra·

366 2100 489 2159 efficiens
507 2097 742 2158 consuetudinarii
761 2099 840 2155 iuris.
856 2099 886 2154 ln
905 2115 961 2171 qua
979 2099 1097 2170 primurn
1111 2113 1169 2153 om·
1203 2093 1270 2151 bens
1286 2096 1423 2153 licentiam
1437 2097 1569 2156 condendi
1585 2098 1673 2171 legem
1688 2100 1746 2155 sine
1756 2099 1894 2171 principe,
1910 2097 1944 2155 de
1955 2112 2010 2169 quo
2121 2105 2122 2116 ¹

300 2216 304 2223 ·
365 2193 444 2248 nium
467 2189 644 2248 statuendum
658 2195 718 2261 est,
739 2202 905 2244 consensum
918 2187 1048 2258 principis
1062 2187 1087 2242 in
1103 2201 1170 2243 cou-
1203 2185 1294 2240 statim
1307 2183 1446 2250 dicemus;
1459 2185 1530 2244 idem
1541 2187 1613 2242 enim
1625 2188 1675 2243 erit
1685 2186 1832 2244 dicendum
1843 2185 1879 2243 de
1892 2185 1936 2243 tali
1948 2201 2011 2243 con·

366 2280 513 2337 suetudine
530 2277 731 2336 introducenda
746 2277 933 2334 necessarium
947 2291 1017 2332 esse.
1034 2277 1110 2331 llanc
1125 2291 1168 2330 as·
1203 2273 1368 2345 firmatione,
1385 2291 1433 2332 seu
1448 2276 1481 2332 de
1495 2275 1576 2333 modo
1591 2277 1663 2333 illam
1678 2276 1828 2334 obtinendi.

366 2371 512 2427 sartionem
538 2384 618 2426 sunio
639 2384 672 2424 ex
693 2369 833 2424 communi
855 2369 988 2423 sententie
1007 2365 1166 2438 doctorum,
1243 2368 1269 2421 3.
1286 2365 1429 2421 Praeterea
1450 2371 1514 2423 eunt
1534 2366 1641 2438 populi,
1656 2367 1703 2440 qul
1726 2366 1829 2423 nullam
1850 2366 1954 2423 halsent
1972 2367 2010 2422 la·

365 2461 462 2531 paucis
480 2461 616 2532 exceptis,
632 2472 754 2530 quorum
763 2459 924 2528 opinionem
939 2454 1113 2512 commodius
1129 2457 1169 2510 in·
1203 2452 1336 2510 cultatem
1355 2454 1510 2526 statuendi,
1527 2455 1569 2510 vel
1589 2455 1663 2528 leges
1678 2455 1781 2512 terendi
1795 2454 1881 2513 etiarir
1898 2456 2010 2512 munici-

365 2549 406 2605 lra
425 2548 552 2605 reseram.
565 2545 755 2619 Distingueodi
769 2560 834 2618 ergo
847 2551 913 2600 srrnt
924 2546 990 2601 rarii
1002 2545 1167 2616 populorum
1204 2541 1295 2613 pales,
1311 2541 1360 2600 sed
1375 2543 1435 2601 illas
1448 2542 1549 2600 debeat
1569 2544 1610 2600 rel
1630 2561 1646 2602 a
1665 2561 1794 2617 supremo
1808 2547 1952 2618 principe,
1969 2545 2008 2601 rel

365 2637 487 2712 gradus,
504 2644 536 2694 ut
550 2643 628 2694 certa
640 2637 673 2691 als
683 2637 795 2693 incertis
806 2641 978 2707 separentur.
993 2636 1060 2691 llam
1074 2636 1100 2690 in
1112 2636 1168 2706 pri·
1204 2630 1299 2687 saltem
1320 2648 1335 2687 a
1358 2634 1475 2705 propriis
1489 2634 1623 2706 dominis,
1639 2636 1680 2692 rel
1696 2637 1855 2707 pastoribus
1871 2637 2005 2708 accipere,

365 2728 415 2784 mis
433 2724 604 2783 consuetudo
620 2741 681 2782 esse
696 2731 817 2796 potesta
832 2725 933 2797 populo
944 2766 952 2794 ,
964 2727 1012 2798 qui
1029 2724 1110 2788 hebet
1122 2741 1168 2779 su·
1203 2728 1232 2777 et
1244 2719 1298 2778 lroc
1314 2720 1395 2778 modo
1410 2730 1588 2794 comparatur
1602 2726 1730 2780 universa
1743 2723 1871 2780 Ecclesia
1883 2724 1918 2780 ad
1934 2739 2007 2780 sum-

365 2833 489 2888 premam
502 2817 697 2872 auctoritatem
709 2813 743 2870 nd
755 2812 881 2869 sciendas
893 2813 978 2886 leges,
994 2811 1066 2885 qrrod
1079 2813 1168 2870 solum
1205 2826 1280 2866 mum
1294 2811 1469 2882 Pontificem,
1485 2818 1512 2866 et
1526 2827 1621 2869 omnes
1635 2813 1770 2870 ecclesiae
1782 2813 1966 2885 particulares
1977 2811 2007 2868 ad

333 2925 343 2938 ·
365 2907 498 2978 contingit
515 2906 541 2960 in
562 2903 666 2976 legibus
684 2903 827 2975 civilibus,
846 2911 874 2960 ct
892 2905 919 2959 in
938 2902 1021 2960 rebus
1036 2903 1169 2976 publicis,
1204 2900 1271 2955 siros
1285 2905 1426 2972 pastores3
1440 2901 1503 2973 quia
1514 2901 1547 2958 ed
1559 2899 1632 2974 leges
1644 2903 1792 2959 canonicas
1806 2901 1936 2959 serendas
1949 2901 2008 2958 nul·

365 3011 436 3068 quae
448 3010 500 3052 non
516 2997 722 3067 recognoscunt
735 2995 906 3064 superiorem
920 2993 947 3048 in
963 2992 1167 3063 temporalibus.
1204 2987 1230 3044 lu
1243 2994 1287 3045 eat
1299 2995 1423 3060 potestas
1440 2990 1464 3046 in
1481 2989 1601 3062 populo,
1615 3007 1665 3048 neo
1681 2993 1783 3063 inipso
1798 2991 1875 3048 clero
1890 2992 1947 3047 sine
1960 3006 2008 3046 suo

365 3084 401 3140 Et
413 3085 440 3138 in
456 3081 612 3139 huiusmodi
626 3081 733 3153 populls
749 3080 833 3137 rideri
849 3086 938 3152 potest
948 3097 1001 3137 non
1017 3083 1170 3138 necessaria
1204 3079 1311 3150 capite,
1326 3086 1354 3134 et
1372 3079 1475 3136 inllunu
1490 3081 1566 3153 eius,
1583 3087 1692 3138 servate
1710 3097 1818 3156 semper
1833 3083 2008 3154 proportione

365 3173 494 3242 assertio,
509 3176 655 3226 esttamen
670 3185 734 3225 vera
749 3177 886 3241 quatenus
900 3171 925 3226 in
942 3169 993 3226 illis
1009 3171 1108 3227 hebere
1122 3186 1171 3242 po·
1204 3168 1280 3224 iuxta
1295 3169 1384 3224 varios
1401 3168 1495 3226 modos
1514 3167 1605 3242 legum
1623 3178 1653 3228 et
1666 3171 1912 3228 communitatum.
1926 3171 1962 3228 Et
1974 3171 2009 3226 si·

366 3268 421 3318 test
433 3262 536 3318 locum.
550 3261 618 3316 Num
628 3259 683 3315 illic
695 3273 840 3329 supremus
853 3259 981 3331 princeps
992 3268 1035 3317 est
1046 3267 1103 3316 tota
1115 3275 1171 3314 res·
1207 3255 1285 3328 miles
1302 3263 1368 3313 sunt
1381 3256 1460 3314 multi
1477 3257 1569 3330 populi
1582 3259 1643 3315 laici
1657 3267 1787 3331 respectu
1802 3275 1921 3316 suorum
1937 3259 2007 3331 prin-

365 3351 490 3422 publiea,
510 3347 575 3423 ergo
589 3349 611 3404 si
626 3347 745 3421 populus
759 3347 803 3405 ille
822 3350 961 3406 consentit
979 3351 1005 3404 in
1020 3357 1170 3407 consuetu·
1206 3345 1318 3416 cipum,
1335 3353 1367 3402 ut
1386 3361 1435 3417 per
1452 3360 1482 3402 se
1496 3353 1616 3405 constat.
1631 3350 1668 3405 lle
1683 3348 1724 3404 his
1738 3363 1805 3422 ergo
1819 3348 1950 3406 dixerunt
1962 3348 2007 3405 ali-

334 3440 337 3448 ’
364 3439 651 3512 dinem,necesseest,
665 3445 695 3495 ut
709 3452 854 3509 supremus
867 3440 993 3510 princeps
1005 3441 1169 3511 consentiat,
1205 3435 1268 3508 qui,
1289 3451 1432 3508 nunquam
1453 3451 1532 3508 posse
1551 3438 1779 3495 consuetudinem
1799 3439 1939 3497 introduci
1953 3439 2007 3494 sine

310 3529 312 3534 ’
365 3529 430 3602 qula
444 3529 480 3585 ilai
494 3544 548 3584 non
562 3527 738 3601 distinguitur
753 3526 874 3599 apopuli
888 3528 1076 3585 universitate.
1089 3532 1127 3585 Ac
1139 3527 1172 3584 de
1209 3525 1292 3581 tacita
1304 3524 1448 3582 voluntate
1463 3525 1595 3596 peculiari
1606 3528 1693 3598 psius
1704 3527 1835 3600 principis
1849 3529 1949 3603 lunam
1961 3542 2005 3583 ro·

365 3619 409 3676 his
425 3619 530 3692 populis
544 3619 618 3674 clare
633 3616 755 3689 loquitur
770 3616 812 3672 les
832 3613 868 3671 de
881 3616 1000 3690 quibos,
1018 3618 1045 3673 ll.
1061 3616 1095 3673 de
1109 3616 1173 3688 legi·
1207 3612 1341 3672 luntatem
1361 3629 1413 3688 ego
1435 3614 1607 3686 personalem
1627 3631 1697 3674 voco
1708 3615 1731 3690 l,
1752 3625 1780 3674 et
1793 3618 1867 3674 ideo·
1878 3618 1913 3675 ad
1937 3617 2005 3673 illam

364 3707 429 3765 bus.
444 3705 523 3775 Quod
539 3709 561 3763 ei
577 3720 704 3779 supreme
718 3711 840 3777 potestas
855 3706 986 3763 translata
1000 3709 1035 3762 sit
1054 3708 1078 3763 iu
1096 3722 1172 3763 sene·
1207 3705 1355 3776 requirunt
1369 3703 1394 3759 in
1409 3704 1531 3776 principe
1546 3707 1689 3764 scientiam
1701 3707 1912 3764 consuetudinis
1922 3713 1948 3763 et
1962 3721 2006 3779 pa·

365 3804 443 3868 tum,
455 3804 484 3854 et
495 3797 521 3852 in
535 3795 580 3852 illo
592 3797 628 3850 sit
643 3794 733 3867 eliqua
747 3793 895 3866 discordia,
911 3797 1059 3866 oportebit,
1072 3803 1103 3853 ut
1117 3813 1173 3853 ma·
1207 3791 1339 3848 lienlitm·
1360 3793 1400 3849 lla
1420 3792 1502 3850 docel
1519 3793 1616 3852 Glossa
1635 3797 1662 3852 in
1682 3795 1756 3853 dicto
1776 3813 1840 3868 cap.
1857 3795 1909 3854 ult.
1923 3797 2004 3864 Quom

366 3887 408 3943 ior
424 3888 559 3957 perseius
571 3882 798 3941 consuetudinem
811 3890 915 3956 servet,
928 3884 994 3942 alias
1008 3900 1061 3941 non
1074 3885 1173 3956 poterit
1208 3880 1286 3937 multi
1305 3887 1484 3954 sequuntur,
1509 3891 1541 3940 nt
1559 3885 1603 3941 ubi
1623 3887 1662 3942 eit
1676 3886 1825 3944 Panormit.
1839 3894 1869 3944 et
1881 3899 2004 3958 expressa

367 3974 420 4032 dici
442 3973 616 4031 consuetudo
635 3972 679 4028 illa
698 3971 836 4028 observari
856 3987 871 4029 a
891 3973 985 4030 maiori
1004 3980 1081 4044 parte
1100 3974 1172 4030 illius
1208 3975 1281 4026 tenet
1293 3970 1390 4028 lnnoo.
1407 3971 1432 4026 in
1446 3971 1525 4028 rubr.
1541 3972 1575 4030 de
1590 3973 1755 4031 consuetud.
1768 3989 1797 4030 n.
1810 3978 1839 4032 t.
1852 3973 1925 4032 idem
1937 3978 2004 4030 tend

367 4065 479 4138 populi,
494 4071 578 4136 prout
593 4061 714 4118 habentis
730 4067 891 4133 potestatem
905 4062 1052 4120 inducendi
1072 4063 1169 4135 legem.
1206 4060 1302 4116 Glossa
1314 4061 1340 4116 io
1353 4060 1371 4116 l.
1386 4065 1415 4134 2,
1426 4062 1458 4117 G.
1470 4077 1542 4135 quae
1554 4065 1590 4120 sit
1600 4069 1683 4136 longa
1693 4069 1820 4122 consuet.
1833 4064 2001 4122 citanslonn.

366 4158 423 4214 ileo
438 4152 597 4225 poteritdici
607 4157 719 4208 senatus
731 4151 813 4206 tacite
823 4165 990 4207 consensum
1002 4167 1083 4208 saraim
1095 4141 1185 4222 pree·'
1205 4156 1235 4205 ct
1247 4149 1333 4205 mon.
1346 4148 1420 4206 idern
1433 4151 1547 4223 Gregor.
1562 4154 1629 4224 Lop.
1646 4154 1673 4209 in
1686 4152 1703 4209 l.
1721 4155 1810 4226 3,ut.
1827 4157 1856 4225 2,
1873 4153 1961 4225 partit.
1978 4154 2001 4222 l,

368 4251 457 4314 stare,
474 4243 495 4298 si
510 4243 596 4298 maior
610 4257 673 4311 pars
684 4242 743 4296 eius
759 4240 987 4298 consuetudinem
1001 4257 1055 4297 non
1069 4248 1169 4298 servet.
1206 4240 1234 4294 in
1247 4238 1336 4294 Gloss.
1355 4241 1381 4310 l,
1393 4245 1420 4296 et
1434 4239 1543 4299 ridetur
1556 4242 1711 4300 consentire
1725 4241 1807 4300 dirus
1821 4242 1918 4300 Thom.
1934 4245 1961 4298 t.
1975 4245 2001 4310 2,

367 4334 409 4390 lta
428 4347 496 4405 ergo
515 4331 542 4387 in
563 4328 721 4386 huiusmodi
737 4329 845 4400 populis
866 4331 1025 4388 verificetur
1043 4334 1171 4404 assertio,
1206 4342 1232 4399 q·
1252 4329 1299 4396 at,
1316 4334 1368 4384 art.
1388 4333 1420 4400 t,
1438 4327 1470 4386 od
1488 4332 1516 4402 3,
1533 4330 1644 4402 dicens,
1661 4332 1686 4387 io
1702 4331 1743 4388 his
1758 4331 1885 4406 populis,
1901 4331 1945 4405 qui
1960 4329 2002 4384 laa-

370 4437 422 4480 nee
435 4421 468 4478 de
481 4421 533 4478 illis
544 4419 647 4494 aliquid
662 4416 762 4475 addere
778 4434 890 4476 necesse
903 4427 956 4476 est.
1206 4415 1271 4473 bont
1290 4417 1479 4490 superiorem,
1499 4419 1526 4474 in
1547 4425 1654 4477 tontum
1673 4435 1757 4492 posse
1783 4419 2002 4480 consuetudinem

406 4517 435 4569 2.
451 4508 554 4568 Deinde
570 4513 661 4581 potest
674 4523 733 4564 esse
747 4506 864 4580 populus
876 4523 1081 4581 recognoscens
1090 4522 1172 4580 supc-
1205 4507 1248 4564 lus
1263 4508 1456 4580 introducere,
1472 4511 1505 4565 tn
1518 4513 1784 4586 pucotompereos
1795 4510 1947 4578 toleratur,
1961 4503 2000 4564 nd

372 4603 473 4658 riorem
489 4599 592 4656 habens
607 4598 640 4654 ob
652 4597 697 4654 illo
708 4596 868 4654 facultatem
880 4597 1013 4654 condendi
1025 4597 1109 4670 leges,
1122 4613 1170 4655 seu
1205 4614 1276 4672 quos
1285 4601 1416 4673 pertinet
1425 4595 1615 4655 multitudini
1627 4599 1720 4674 lenem
1731 4604 1895 4676 inspersam
1907 4615 1942 4657 ec
1951 4599 2001 4655 lene

372 4695 474 4746 statuta
490 4686 679 4760 municipalia,
700 4693 783 4756 prout
799 4687 858 4742 iure
879 4689 1020 4743 communi
1035 4687 1172 4745 habebant
1206 4691 1286 4745 enim
1305 4686 1444 4744 sedentur
1464 4687 1648 4762 approbare,
1672 4687 1750 4762 quod
1767 4686 1945 4748 consuetodo
1957 4688 1999 4741 io-

373 4780 519 4850 preecipue
533 4778 672 4847 civitates,
688 4778 765 4832 iuxta
778 4775 831 4849 leg.
849 4791 950 4832 coloes
961 4775 1073 4851 populi,
1092 4776 1120 4833 o.
1137 4777 1170 4834 de
1206 4775 1350 4834 troducit.
1360 4778 1504 4834 Consentit
1514 4778 1578 4834 Soto
1589 4775 1635 4832 lib.
1652 4781 1678 4834 t.
1691 4776 1723 4834 de
1735 4780 1823 4836 instit.
1836 4794 1864 4851 q.
1874 4781 1902 4848 l,
1915 4777 1996 4842 arti,

373 4871 459 4924 instit.
481 4874 510 4923 et
529 4869 596 4923 iure.
614 4867 647 4921 Et
667 4864 699 4921 de
718 4865 759 4921 his
774 4864 882 4936 populis
897 4872 1005 4922 certum
1020 4872 1079 4930 est,
1096 4868 1170 4924 sicut
1205 4873 1233 4922 et
1243 4867 1359 4942 sylvest.
1373 4867 1455 4922 verbo
1469 4864 1657 4932 corasosetudo
1671 4883 1699 4940 q.
1714 4867 1849 4940 3,llried.
1867 4868 1900 4925 de
1913 4867 1995 4922 libert.

374 4964 492 5030 possunt
506 4954 624 5012 condere
638 4952 711 5026 leges
729 4956 862 5024 scriptos,
878 4955 914 5011 ila
927 4961 957 5010 et-
969 4955 1170 5012 consuetudino
1206 4956 1346 5014 christian.
1363 4971 1425 5028 cap.
1444 4961 1492 5027 ¹23
1508 4953 1635 5028 idemque
1650 4955 1776 5015 videntur
1791 4959 1890 5014 sentire
1908 4951 1994 5026 angel.

375 5063 455 5120 posse
470 5045 528 5102 illas
542 5042 736 5112 introducere,
748 5045 823 5099 iusta
838 5040 938 5099 dictam
956 5043 1043 5116 legem
1058 5043 1094 5100 de
1107 5049 1169 5118 qui·
1206 5046 1291 5103 verbo
1306 5043 1497 5112 consuetudo,
1514 5061 1540 5100 n.
1555 5049 1583 5114 e,
1597 5047 1623 5100 in
1635 5047 1751 5120 princip.
1762 5045 1915 5122 etSylvest.
1930 5059 1956 5114 q.
1969 5045 2002 5098 e.

377 5137 441 5203 dus,
459 5148 524 5190 cum
538 5131 730 5204 sequentibus,
742 5132 770 5188 ll.
785 5130 818 5188 de
834 5131 914 5204 legib.
928 5131 1003 5189 Unde
1017 5135 1092 5190 sicut
1107 5151 1169 5206 poo-
1206 5134 1258 5193 Sed
1278 5149 1306 5191 re
1324 5149 1390 5190 vera
1409 5135 1493 5191 multa
1512 5149 1543 5190 ea
1564 5134 1605 5190 his
1624 5138 1785 5194 auctoribus
1800 5134 1909 5208 intelligi
1924 5129 1996 5190 facile

379 5231 445 5284 sunt
458 5223 544 5298 legem
554 5219 674 5280 condere
685 5222 741 5278 sine
753 5237 823 5278 noro
835 5236 973 5280 consensu
982 5223 1121 5298 principis,
1135 5227 1171 5282 ito
1207 5231 1344 5299 possunt,
1360 5224 1436 5284 iusta
1449 5238 1499 5296 ea,
1514 5237 1585 5297 quae
1598 5221 1735 5284 dicemus.
