4190 6234
413 283 455 350 ld
1111 301 1261 354 uanus.

374 429 438 503 quia
454 426 578 488 condrio
592 441 696 505 poenae
710 430 777 489 satis
791 429 915 490 declarat
928 435 1046 490 mecam
1059 417 1168 504 legisla-
1200 426 1244 502 lis,
1255 443 1307 489 nec
1321 443 1409 503 poena
1421 431 1534 490 niarium
1547 431 1649 505 gravio.
1662 431 1703 489 lta
1716 431 1833 491 sumitur
1842 445 1886 490 ex
1902 427 2032 490 Victor.

375 520 459 596 toris,
484 529 516 581 ut
538 522 648 598 quando
669 523 918 583 excommunicatio
937 523 1026 581 iertur
1044 519 1096 579 sub
1115 519 1168 578 bac
1201 522 1503 596 secernendorum
1520 522 1737 597 retioert,quia
1754 522 1945 581 credendum
1967 528 2033 592 est,

255 647 259 656 ·
373 611 472 670 lorma:
485 613 589 686 Siquis
602 613 656 672 boe
671 614 776 688 lecerit,
788 617 824 673 sit
836 613 1101 683 excommunicatur,
1112 609 1165 668 rel:
1203 611 1385 687 legislatorem
1400 613 1426 671 in
1447 612 1488 671 bis
1501 612 1613 672 casibus
1628 612 1698 672 velle
1711 612 1833 687 obligare
1845 613 1949 672 modo
1968 627 2036 669 ma·

374 702 426 772 Qui
439 702 492 762 boe
506 703 618 779 dixerit,
632 704 778 764 anathema
790 706 836 764 sit.
852 705 921 764 llam
934 703 999 762 lieet
1011 703 1111 760 Narar.
1128 699 1168 758 di·
1200 706 1243 780 gis
1257 705 1434 764 conveniente
1446 710 1476 762 et
1487 704 1643 762 necessario
1655 703 1836 777 reipublicae:
1849 706 1879 762 in
1898 702 1958 762 tali
1972 719 2032 762 au·

374 801 431 868 cat,
447 795 497 853 has
510 795 658 869 legerense
672 811 740 869 pure
754 795 893 870 poenales,
910 808 1065 869 supponere
1077 798 1169 850 temen
1201 802 1256 854 tem
1278 797 1391 856 mebris
1407 802 1436 854 et
1460 797 1606 855 occasione
1631 795 1746 854 maxime
1765 794 1878 868 expedit
1908 809 2034 867 eogere

374 886 485 958 0¹illim
501 901 540 945 0¹
559 885 696 961 prioribus
716 888 823 963 legibue
844 887 952 960 divinis,
968 892 1018 945 aut
1030 882 1168 956 humanis,
1201 887 1344 962 obligando
1365 887 1392 944 in
1411 887 1594 958 eonscientia3
1616 901 1693 961 erge.
1713 885 1826 955 Quando
1846 899 1927 944 rere
1953 882 2034 941 nibil

372 975 546 1036 nibilominus
557 994 652 1036 rerum
663 978 933 1052 consessumque
944 991 1025 1049 saepe
1036 990 1090 1032 noa
1103 989 1169 1047 sup·
1202 978 1302 1036 berum
1316 979 1470 1051 intervenit,
1487 977 1533 1035 sed
1555 979 1670 1038 materia
1682 984 1726 1037 est
1744 977 1864 1050 politica,
1883 975 1942 1034 vel
1966 989 2031 1032 non

373 1069 487 1141 ponitur
500 1069 562 1126 talis
576 1067 705 1144 obligatio
719 1069 804 1142 prior,
817 1076 848 1128 ut
859 1067 969 1144 quando
981 1082 1052 1124 noro
1063 1071 1168 1123 statute
1203 1070 1293 1144 magni
1308 1070 1448 1142 momenti,
1461 1075 1511 1126 aut
1524 1067 1694 1127 necessitatis
1709 1068 1744 1127 ad
1756 1070 1844 1126 bonos
1856 1081 1984 1137 mores,
1997 1073 2031 1124 et

374 1156 495 1218 dicitur:
516 1159 544 1216 Si
562 1159 624 1233 quis
642 1162 783 1234 ingrersus
797 1159 880 1218 luerit
892 1157 974 1217 talem
989 1157 1096 1228 locum,
1111 1171 1168 1214 ma·
1201 1160 1290 1218 lerina
1304 1159 1486 1233 praecipiendi
1496 1165 1540 1218 est
1552 1165 1660 1218 tantuna
1670 1158 1906 1234 conditionate,et
1924 1171 2032 1231 poena

375 1257 440 1309 nont
458 1251 730 1317 excommunicatus,
755 1250 882 1326 idemque
906 1265 971 1308 cum
992 1248 1168 1322 proportione
1201 1266 1257 1309 nnn
1269 1251 1382 1308 nimium
1396 1252 1501 1326 gravis,
1517 1251 1626 1325 signum
1645 1249 1786 1308 sufficiens
1799 1256 1853 1323 est,
1867 1249 1970 1308 talem
1987 1247 2032 1306 le·

372 1347 425 1408 est,
440 1341 551 1416 quando
564 1344 668 1400 veritas
681 1340 771 1415 aliqua
784 1340 817 1399 de
831 1357 901 1398 noro
916 1339 1043 1399 delinitur
1057 1337 1109 1396 sub
1124 1337 1169 1394 illa
1199 1356 1262 1416 gem
1274 1354 1330 1397 non
1343 1339 1462 1414 obligare
1475 1343 1503 1398 in
1516 1341 1699 1399 conscientia.

277 1480 284 1496 .,
372 1433 475 1490 torma:
498 1434 525 1490 Si
545 1432 607 1506 quis
627 1431 699 1504 tale,
714 1432 757 1490 vel
771 1431 824 1490 tale
837 1432 947 1505 dixerit,
962 1430 1106 1489 anathema
1119 1429 1166 1484 sit.
1238 1428 1280 1489 ad
1290 1429 1404 1506 primam
1419 1431 1552 1490 rationem
1567 1431 1721 1489 contrariae
1731 1430 1958 1490 sententiaeiam
1979 1443 2031 1488 re-

373 1523 441 1581 Tum
461 1523 555 1594 etiam,
576 1523 642 1598 quis
662 1523 726 1581 lieet
745 1521 865 1581 conditio
885 1521 1006 1596 apposita
1026 1519 1061 1578 sit
1080 1519 1113 1578 de
1137 1533 1168 1576 re
1200 1537 1333 1596 sponsum
1347 1520 1935 1598 est,legempoenalemresolriinaliquam
1948 1537 2029 1580 eon-

372 1615 531 1673 contraius
551 1613 691 1686 naturale,
713 1612 756 1671 vel
776 1613 913 1683 divinum,
929 1618 961 1669 ut
980 1611 1004 1668 si
1023 1611 1087 1685 quis
1106 1624 1169 1682 per·
1201 1612 1331 1670 scientiae
1345 1612 1536 1688 obligationem
1554 1609 1687 1683 solvendi,
1702 1611 1745 1671 rel
1764 1612 1929 1672 sustinendi
1946 1628 2026 1686 pee-

372 1705 503 1779 cusserit,
518 1705 540 1762 si
560 1705 623 1780 quis
636 1705 744 1763 iuratus
758 1704 852 1778 luerit,
865 1709 921 1762 etc.
938 1701 1116 1761 nibilominus
1130 1701 1165 1759 ad
1200 1718 1273 1776 namq
1289 1711 1319 1762 et
1331 1703 1385 1763 boc
1406 1704 1474 1761 satis
1492 1716 1564 1776 esse,
1580 1709 1613 1760 ut
1632 1702 1670 1760 sit
1686 1717 1752 1760 sera
1771 1702 1826 1777 lex,
1840 1702 1962 1762 etiamsi
1985 1703 2028 1762 nd

372 1795 685 1856 excommunicationem
710 1796 897 1854 necessarium
919 1801 963 1853 est
990 1798 1167 1866 praeceptum
1201 1792 1397 1867 conditionem,
1414 1794 1467 1851 rub
1480 1809 1536 1868 qua
1549 1807 1668 1866 poenam
1681 1793 1877 1864 comminatur,
1892 1795 1929 1851 in
1946 1808 2025 1850 con·

372 1886 610 1959 ecclesiasticum,
626 1893 654 1944 el
666 1888 843 1945 contumacia
856 1894 955 1944 contra
968 1884 1046 1960 illud,
1060 1891 1090 1942 ut
1104 1883 1167 1942 talis
1200 1885 1315 1942 scientia
1329 1900 1382 1942 non
1404 1883 1518 1958 obliget,
1533 1889 1663 1956 respectu
1676 1883 1759 1941 cuius
1781 1883 1962 1942 conditionis
1978 1883 2026 1941 di·

371 1992 461 2050 poena
483 1978 652 2035 incurratur.
666 1977 780 2047 Quoties
794 1992 859 2052 ergo
873 1977 946 2050 leges
961 1977 1103 2049 imponunt
1116 1974 1168 2033 bu·
1203 1974 1277 2033 citur
1289 1990 1360 2048 pure
1374 1975 1512 2048 poenalis,
1526 1974 1593 2032 licet
1605 1980 1737 2049 respectu
1749 1973 1833 2048 ipsius
1847 1989 1964 2047 poenae
1979 1973 2025 2031 ef·

286 2116 291 2125 .
371 2065 489 2126 iusmodi
502 2083 615 2142 poenas,
627 2083 681 2127 non
695 2073 763 2126 sunt
774 2083 843 2142 pure
857 2067 996 2142 poenales,
1008 2067 1115 2125 etiarnsi
1126 2065 1167 2125 dl·
1200 2065 1324 2124 beselam
1336 2065 1437 2124 babeat
1447 2062 1588 2139 obligandi
1598 2064 1680 2123 modo
1692 2062 1890 2139 praedicanti
1901 2081 2022 2124 secun·

371 2157 423 2216 ctis
437 2157 527 2214 verbis
541 2162 666 2216 utuntur.
681 2158 811 2233 idemque
825 2173 938 2230 censeo,
953 2155 1064 2232 quando
1077 2169 1167 2231 poena
1199 2155 1261 2214 dam
1284 2162 1402 2232 negetur
1426 2154 1551 2230 sequela,
1573 2155 1700 2214 nimirum
1723 2155 1805 2214 talem
1829 2155 1920 2232 legem
1950 2156 2021 2215 lore

371 2255 416 2307 est
439 2248 616 2322 gravissima,
639 2249 720 2307 etiarn
742 2249 908 2323 corporalis,
930 2254 962 2307 ut
975 2249 998 2305 si
1011 2248 1166 2321 imponatur
1199 2247 1340 2319 iniustam,
1351 2247 1415 2321 quia
1427 2244 1495 2304 licet
1507 2245 1607 2304 inierat
1620 2261 1736 2321 poenam
1752 2245 1788 2322 lid
1798 2252 1841 2306 est
1853 2264 2019 2322 gravamen

372 2355 460 2412 poena
470 2339 577 2413 martis,
589 2340 633 2398 rel
644 2340 893 2416 mutilationis‚aut
903 2339 954 2398 alia
965 2337 1164 2414 aequipollens,
1200 2337 1322 2414 aliquod,
1347 2353 1398 2396 seu
1421 2335 1539 2410 malurn)
1555 2338 1613 2394 sine
1632 2335 1731 2412 culpa,
1751 2353 1807 2397 non
1828 2343 1924 2398 minen
1942 2339 2014 2398 sine

371 2429 453 2505 idque
476 2447 532 2488 non
556 2433 646 2490 solum
669 2432 771 2490 ratione
794 2431 909 2506 periculi
927 2429 974 2506 lut
987 2429 1101 2506 quidam
1117 2445 1165 2486 ro·
1198 2443 1302 2500 causa,
1317 2427 1360 2486 rel
1375 2428 1439 2486 licet
1451 2425 1517 2484 iliud
1536 2425 1636 2485 inierat
1648 2427 1707 2484 sine
1720 2426 1924 2502 culpamorali,
1947 2445 2014 2486 non

372 2521 458 2597 lunt),
478 2537 543 2580 nana
555 2523 623 2591 illud
636 2537 715 2597 saepe
729 2523 806 2581 vitari
818 2528 927 2597 posset,
946 2520 995 2580 sed
1012 2537 1046 2579 ex
1067 2519 1165 2580 morali
1197 2525 1288 2578 temen
1299 2521 1357 2577 sine
1370 2518 1454 2592 eulpa
1467 2516 1550 2591 cirili,
1566 2532 1616 2575 seu
1629 2516 1748 2590 politica,
1763 2525 1792 2575 et
1805 2518 1858 2577 boc
1878 2519 2012 2579 sufficit.

372 2612 556 2671 aestimatione
570 2613 631 2672 talis
641 2628 752 2686 poenae.
762 2615 830 2672 llam
845 2613 888 2671 lex
898 2610 1036 2670 censenda
1045 2616 1088 2669 est
1098 2626 1164 2683 pru·
1197 2609 1273 2670 Unde
1287 2609 1321 2668 ad
1340 2610 1448 2668 tertiam
1466 2615 1584 2684 negetur
1603 2609 1687 2667 etiarn
1705 2608 1828 2683 sequela,
1843 2611 1907 2685 quia
1928 2613 2013 2670 ratio

370 2704 439 2763 dens
463 2709 492 2761 et
516 2704 605 2778 iusta3
622 2711 696 2762 esset
713 2710 803 2762 autern
817 2701 1002 2773 intolerabilia,
1016 2702 1039 2759 si
1051 2707 1165 2774 propter
1196 2699 1325 2760 inserendi
1343 2699 1473 2758 maiorem
1494 2700 1537 2757 rel
1556 2697 1824 2772 minoremposaam,
1840 2702 2012 2760 consulum

372 2811 446 2865 rem,
466 2809 537 2869 quae
555 2794 638 2867 culpa
651 2801 743 2866 caret,
763 2810 878 2867 poenam
892 2795 988 2851 mertis
1001 2791 1042 2851 vel
1056 2791 1167 2854 nutta-
1198 2807 1260 2851 esse
1273 2796 1364 2872 potest
1375 2790 1461 2848 maior
1481 2789 1523 2846 rel
1534 2790 1623 2846 minor
1642 2787 1736 2864 eulpa,
1751 2790 1800 2848 sed
1817 2791 1900 2850 etism
1912 2795 2014 2852 maior

373 2885 452 2944 tionis
466 2887 631 2959 imponeret.
638 2885 673 2943 Et
685 2883 745 2943 ideo
759 2884 877 2943 diximus
890 2885 918 2942 in
928 2882 1119 2956 superioribus
1132 2898 1166 2941 ex
1199 2889 1227 2941 et
1249 2883 1338 2939 minor
1362 2895 1457 2952 causa,
1483 2895 1533 2938 seu
1555 2881 1703 2938 accersitae
1726 2879 1855 2939 inferendi
1869 2883 2012 2942 maiorem

372 2974 498 3033 doctrina
515 2973 677 3049 augustini,
698 2975 787 3032 narnia
805 2981 949 3047 praecepta
967 2972 1035 3046 legis
1054 2973 1165 3046 veteris,
1199 2974 1243 3032 rel
1266 2975 1398 3030 minorem
1424 2970 1606 3030 coactionem.
1631 2971 1667 3030 Et
1693 2978 1887 3045 argumentum
1909 2973 2012 3032 delicit

372 3081 444 3140 quae
464 3081 580 3139 poensnn
600 3067 697 3124 mortis
716 3065 868 3138 corporalis
882 3061 1072 3138 imponebant,
1088 3063 1167 3122 indu·
1200 3065 1279 3141 plane
1299 3063 1325 3119 in
1344 3061 1439 3136 regule
1459 3059 1596 3135 religiosa,
1611 3061 1637 3118 in
1658 3077 1714 3136 qus
1726 3060 1882 3136 inaequales
1896 3079 2010 3137 poenae

373 3158 446 3214 xisse
460 3156 650 3230 obligationem
664 3153 716 3212 sub
730 3154 933 3214 mortalillnds
947 3153 1167 3215 licetrerbauon
1200 3155 1358 3213 inleruutur
1384 3157 1497 3226 propter
1519 3150 1607 3208 varias
1635 3153 1867 3225 transgressiones
1889 3153 2009 3230 regula·

374 3250 429 3306 sint
442 3262 572 3320 expresse
585 3245 774 3320 praeceptiva,
789 3246 833 3303 rel
846 3245 1019 3319 prohibitiva,
1034 3245 1100 3303 satis
1113 3253 1166 3317 est,
1200 3261 1279 3318 rum,
1299 3257 1370 3318 quse
1390 3239 1426 3300 ad
1448 3239 1561 3315 culpan
1585 3257 1640 3298 non
1662 3241 1796 3317 obligant.
1812 3242 1855 3301 dd
1872 3251 2007 3318 quartana

373 3337 448 3412 quod
460 3338 563 3395 virtute
577 3335 653 3394 illam
668 3339 836 3408 contineant,
851 3341 925 3393 etex
938 3333 1067 3392 adiuncta
1080 3351 1168 3410 poena
1200 3336 1254 3394 iarn
1275 3332 1448 3392 declaratum
1460 3339 1514 3403 est,
1527 3346 1579 3388 cur
1592 3338 1721 3404 oporteat
1734 3332 1794 3391 dari
1807 3331 1913 3408 aliquas
1927 3335 2008 3411 leger

371 3427 541 3500 declaretur,
556 3427 645 3504 qualis
660 3428 696 3485 sit
707 3425 868 3500 legislatoris
882 3427 1007 3483 intentio.
1200 3440 1269 3499 pure
1293 3421 1433 3498 poendes,
1456 3427 1485 3480 et
1506 3421 1608 3496 quibus
1632 3421 1714 3496 signia
1733 3423 1858 3484 amixtio
1879 3423 2006 3486 discerni

414 3521 457 3576 ld.
471 3517 599 3590 Obiicies,
613 3517 678 3591 quia
698 3517 765 3576 satis
779 3517 871 3591 gravis
884 3529 971 3588 poena
984 3521 1028 3574 est
1046 3514 1168 3591 llagellu·
1199 3516 1317 3575 valeam.

371 3607 452 3667 bonis
470 3606 604 3679 publicae,
620 3622 691 3682 quaa
704 3606 854 3680 imponitur
867 3605 1000 3681 frangenti
1011 3621 1165 3677 carcerem,

278 3696 280 3706 ’
371 3706 399 3758 et
412 3698 584 3757 nibilominus
597 3697 640 3756 ille
658 3714 712 3756 uon
728 3698 865 3775 obligatur
881 3699 907 3755 in
929 3685 1167 3756 conscientiaser·
1496 3689 1636 3762 CAPUT
1655 3691 1698 3762 V.
1754 3757 1757 3764 ,

370 3805 436 3849 rare
449 3789 521 3850 illam
535 3789 760 3864 prohibitionem,
784 3804 836 3846 nee
849 3794 948 3862 peccam
959 3785 1097 3862 fugiendo.
1113 3789 1167 3846 lie·

372 3879 751 3955 spondeo,relillampoenam
762 3877 1166 3952 respeetrrtalirpersouaenon
1207 3894 1315 3956 mmm
1332 3889 1383 3949 tex
1401 3888 1541 3948 bumana
1554 3884 1694 3963 poenales
1709 3891 1805 3964 persii
1823 3887 1955 3966 obligare
1968 3897 2006 3952 ἐκ

344 3983 347 3990 ’
370 3973 478 4030 censeri
494 3972 608 4028 nimium
627 3983 750 4046 gravem,
765 3968 838 4026 aela
857 3965 998 4040 republica
1018 3967 1166 4025 iudicatam
1239 3983 1426 4039 commarca
1439 3979 1481 4038 aa
1493 3977 1583 4037 artam
1595 3976 1774 4048 solvendam,
1791 3979 1837 4040 „gr
1855 3997 2004 4057 mm„

369 4078 430 4122 esse
445 4062 675 4136 proportionatam
684 4058 718 4117 ad
730 4061 901 4118 concionem
915 4060 1095 4116 necessariam
1111 4074 1163 4131 pro
1238 4071 1321 4140 dam,
1335 4085 1388 4129 ,ω
1397 4067 1614 4128 opimandam
1626 4072 1695 4126 unte
1705 4067 1811 4134 tmesi,
1820 4071 2004 4135 comm.

334 4215 341 4220 ,
370 4153 418 4212 teli
431 4152 619 4226 prohibitione,
632 4157 663 4211 et
679 4151 758 4225 quasi
771 4149 807 4208 ad
825 4148 1008 4207 defensionem
1022 4149 1065 4207 sui
1084 4148 1163 4221 baris,
1238 4165 1347 4222 nomm
1361 4163 1390 4220 gr
1402 4161 1614 4218 oxomensem.

369 4244 536 4318 stpublicae
556 4241 685 4314 iustitiae,
699 4248 728 4299 et
749 4239 809 4299 ideo
822 4239 912 4299 amnia
930 4253 991 4297 esre
1015 4239 1165 4313 prudenter

370 4329 576 4394 consideranda.
1479 4333 1723 4406 summm„

406 4426 528 4500 lienique
541 4423 667 4498 quamvis
680 4421 763 4482 rerba
780 4435 828 4497 per
840 4436 871 4480 se
890 4420 1081 4496 spectatque!
1100 4438 1164 4496 gra·

370 4518 440 4574 ritas
459 4530 579 4590 poenae,
601 4529 656 4572 non
676 4513 741 4572 satis
761 4510 906 4571 eemndaut
926 4511 1117 4586 obligationem
1136 4514 1164 4570 in
1199 4535 1315 4588 gprqma
1324 4529 1535 4593 germanaequae
1544 4525 1713 4590 affirmaoeed
1723 4531 1807 4579 tamen
1815 4529 1910 4595 exeipit
1920 4531 2002 4587 mtto.

269 4672 275 4690 ι
369 4607 537 4666 conscientie
557 4605 591 4663 ad
615 4606 705 4678 legem
729 4601 944 4676 observandam,
966 4601 1165 4661 consideranda
1232 4618 1290 4656 nem
1299 4605 1461 4666 ittam,quae
1470 4599 1637 4650 intrinsecam
1648 4595 1756 4651 baberet
1765 4599 2001 4658 malitiam-am

370 4704 412 4756 est
425 4695 538 4755 materia
556 4694 641 4771 legis;
656 4709 720 4752 nans
734 4693 756 4750 si
775 4692 822 4751 illa
833 4693 917 4751 luerit
930 4691 1059 4766 moralis,
1073 4691 1102 4749 id
1121 4699 1165 4752 est
1232 4678 1289 4741 ¹08⁰
1303 4675 1410 4754 humans
1422 4668 1553 4752 ⁰⁰¹¹,d008l
1566 4674 1680 4734 potestas
1693 4668 1824 4752 obligandi
1836 4671 1869 4724 ad
1880 4685 1999 4758 poenam,

369 4789 505 4862 pertinens
518 4785 620 4844 directe
634 4783 669 4843 ad
688 4783 775 4844 bonos
788 4798 878 4841 mores
892 4779 1069 4856 reipublicae,
1084 4788 1112 4842 el
1129 4781 1164 4842 ad
1232 4750 1518 4881 ξῖῑξῇξξὲζωῶῐᾞρῖηυὲ
1530 4742 1908 4865 {mgrfflmfgmffio
1917 4753 1999 4880 m

369 4877 520 4940 cohibenda
539 4878 616 4950 ritis,
640 4883 670 4934 st
691 4873 724 4933 ad
748 4889 796 4933 ecs
818 4873 884 4931 fines
903 4881 1050 4932 censeatur
1067 4889 1163 4934 neces·
1232 4897 1285 4939 sans
1297 4899 1347 4937 non
1359 4880 1506 4934 extenditur
1519 4879 1550 4932 ad
1562 4893 1652 4934 omnen
1665 4893 1780 4947 poenam,
1795 4889 1903 4949 excepta
1915 4899 1998 4950 poem

369 4971 451 5042 saria,
465 4969 508 5028 rel
521 4967 554 5026 ad
572 4982 669 5041 pacem
682 4966 753 5039 eius,
766 4965 810 5022 vel
824 4962 857 5021 ad
877 4961 1019 5021 vitandum
1032 4979 1164 5040 magnum
1232 4957 1355 5009 malitiam
1367 4952 1527 5007 includente,
1538 4963 1597 5002 cum
1608 4952 1660 5002 stnt
1678 4951 1744 5003 eliae
1756 4952 1833 5007 nimis
1848 4957 1957 5028 acerbae
1969 4965 1998 5026 et

368 5058 571 5121 incommodum
591 5059 662 5125 eius,
676 5070 776 5130 magna
794 5055 981 5129 praesumptio
1001 5061 1055 5126 est,
1075 5054 1163 5130 legam
1232 5021 1874 5150 {³²⁰”2hfffi2fflssfflgffiffleffldl
1891 5035 1997 5151 sesstffi:

367 5155 432 5229 poni
446 5151 497 5211 sub
510 5149 658 5210 intentione
672 5145 809 5224 obligandi
822 5146 849 5204 in
862 5145 1043 5217 conscientie,
1058 5145 1164 5204 eburnei
1234 5111 1337 5236 gsseffi
1345 5109 1455 5234 {mmm
1464 5171 1524 5217 ,mg
1535 5105 1802 5218 ,gnaem’mssiufficiffi
1811 5107 1948 5234 „ffiess
1956 5179 1996 5221 m·

369 5245 468 5306 modus
481 5238 662 5320 praecipiendi
673 5254 727 5300 non
737 5237 773 5299 sii
785 5235 854 5299 adeo
864 5251 1011 5311 expressus
1020 5241 1050 5297 et
1064 5234 1164 5296 iorrna·
1233 5239 1414 5294 tiu-Natura
1426 5236 1548 5290 abhorret
1560 5245 1666 5302 poenam
1676 5235 1770 5302 exequi
1779 5236 1806 5289 in
1818 5243 1891 5300 se;et
1900 5239 1940 5292 lex
1949 5239 1996 5294 bu.
