4260 6222
1687 341 1746 404 aet

149 484 178 538 in
199 482 240 540 eis
258 485 327 542 ratio
342 482 424 542 iacta.
442 484 563 558 lienique
580 488 673 540 cessat
686 481 841 540 voluntaria
856 495 958 538 rantra·
993 479 1051 535 lloc
1073 483 1164 536 autem
1186 478 1267 538 modo
1286 479 1373 554 magis
1392 482 1443 539 erit
1460 483 1566 540 incerta
1585 485 1716 556 assertio,
1732 489 1791 542 tum

149 573 250 642 ciatio,
265 575 382 631 maxime
395 575 505 648 quando
519 573 706 646 praesumptio
722 587 774 628 uon
788 578 830 628 est
845 569 954 628 veritali
992 570 1056 642 quia
1069 585 1122 625 noo
1134 571 1272 627 invenitur
1286 571 1426 628 sufficiens
1438 573 1644 631 ltrndamentum
1658 573 1717 630 talis
1729 591 1791 646 poe·

149 661 315 734 conformis,
332 670 363 719 ut
376 665 446 720 ratio
461 679 545 736 supra
559 663 630 720 iacta
644 663 792 719 convincit.
808 661 955 717 Verumtr·
991 673 1054 728 nae,
1069 664 1126 716 tum
1141 661 1203 733 quia
1219 660 1291 732 leges
1303 660 1446 734 loquentes
1457 660 1491 718 de
1502 661 1556 718 boc
1568 661 1649 720 modo
1661 665 1793 735 perdendi

150 766 216 808 men
238 752 344 812 etiamsi
365 770 419 811 non
441 769 509 810 usus
523 754 626 809 oriatur
640 767 672 810 ex
687 753 793 808 interno
808 751 914 820 animo,
929 754 958 806 et
992 748 1180 821 privilegium,
1197 766 1250 806 non
1265 749 1371 807 addunt
1385 750 1549 821 particulam
1563 754 1730 828 ipsoscctc,
1748 755 1792 812 vel

151 841 297 899 voluntate
311 859 365 900 non
380 841 495 900 habendi
510 843 693 915 privilegium,
705 840 797 898 adbuc
808 856 862 896 nou
879 837 957 896 sulli-
970 835 975 844 ⁴
990 841 1066 907 iure,
1085 837 1126 895 rel
1142 839 1250 912 absque
1261 837 1368 912 aliqua
1377 838 1589 907 declaratione,
1605 849 1653 898 aut
1664 840 1789 912 similem,

149 931 207 1001 cit,
224 938 256 988 ut
269 931 294 988 in
309 933 475 988 conscientia
488 938 634 988 censeatur
650 932 794 1000 amissum,
807 930 895 986 donec
906 945 955 985 au·
992 932 1024 982 ut
1034 934 1113 998 patet
1128 929 1154 984 in
1170 927 1244 985 dicta
1258 927 1276 983 l.
1299 935 1324 1000 l,
1340 934 1368 984 et
1381 930 1406 984 in
1423 931 1527 1004 legibus
1544 933 1639 988 Partit.
1656 948 1722 1006 ergo
1738 935 1790 990 sal-

148 1020 268 1078 ieratur.
286 1023 364 1091 Quia,
377 1029 407 1078 ut
417 1021 484 1092 disi,
497 1022 541 1082 illa
552 1021 721 1078 renunciatio
734 1035 787 1076 non
801 1019 889 1077 solum
901 1033 955 1074 non
990 1021 1044 1072 tem
1057 1017 1142 1073 denec
1155 1020 1296 1090 priventur
1308 1018 1432 1088 iuridicc,
1442 1037 1495 1076 non
1509 1019 1674 1078 tenebuntur
1684 1024 1710 1077 ia
1723 1039 1790 1079 oon·

147 1115 197 1165 est
217 1115 379 1182 acceptata,
400 1125 496 1168 verum
516 1113 597 1168 etiam
611 1125 661 1166 nec
675 1115 716 1166 est
730 1109 902 1166 sufficienter
916 1107 953 1162 si·
990 1107 1102 1161 scientia
1115 1106 1250 1163 abstinere
1265 1109 1298 1164 ab
1313 1124 1367 1164 usn
1382 1109 1523 1182 privilegii.
1540 1109 1655 1168 Aliunde
1671 1127 1734 1168 rero
1747 1120 1791 1170 cst

149 1200 279 1270 gallicata
294 1201 432 1273 caterius,
448 1216 510 1257 nam
526 1200 602 1256 solus
615 1215 668 1256 noa
684 1216 753 1255 risus
768 1213 822 1256 non
837 1198 903 1254 satis
914 1198 956 1253 in·
991 1195 1069 1252 valde
1090 1197 1244 1266 probabile,
1268 1197 1332 1254 talia
1352 1198 1491 1271 privilegia
1510 1199 1603 1273 quoad
1616 1199 1789 1258 durationem

148 1288 226 1345 dicat
245 1289 327 1346 talem
342 1289 521 1356 voltmtatem,
534 1295 566 1345 ut
577 1305 661 1360 supra
672 1289 753 1346 ctiam
766 1287 889 1359 probavi,
902 1301 954 1342 nec
990 1301 1067 1340 suam
1087 1285 1144 1340 lieri
1161 1286 1343 1342 conditionata
1359 1302 1392 1342 ex
1406 1287 1430 1342 vi
1446 1287 1540 1344 talium
1555 1289 1661 1362 legum:
1679 1291 1789 1363 quando

149 1379 287 1434 invenitur
304 1379 346 1435 ius
367 1379 470 1436 taciem
488 1376 645 1436 huiusmodi
659 1378 911 1449 interpretationem
925 1377 953 1431 in
989 1381 1082 1430 autem
1102 1374 1273 1446 privilegium
1289 1391 1342 1431 nou
1357 1375 1518 1433 conceditur
1532 1378 1582 1434 nisi
1597 1379 1649 1436 sub
1665 1380 1708 1436 tali
1723 1396 1789 1438 con·

872 353 979 404 CAPUT
993 353 1102 404 XXXV·
1160 400 1163 408 .

151 1467 253 1524 talibus
273 1467 437 1540 privilegiis,
458 1476 505 1524 aut
524 1467 688 1539 disponens,
709 1466 783 1538 quod
802 1465 859 1537 ipso
879 1464 952 1520 lacto
989 1463 1099 1533 ditione,
1113 1464 1156 1520 illa
1171 1479 1223 1520 non
1235 1465 1334 1536 posita,
1348 1467 1630 1540 cessatprirllcgium,
1646 1485 1699 1526 non
1711 1487 1789 1540 prae-

148 1557 323 1628 amittantur,
343 1565 454 1629 propter
469 1556 559 1614 solum
573 1571 628 1613 non
647 1571 747 1616 usum:
767 1570 832 1628 ergo
847 1553 953 1610 nullum
988 1556 1145 1624 sumptione
1161 1560 1281 1625 tantum,
1296 1556 1344 1612 sed
1364 1570 1439 1624 vere,
1454 1571 1487 1614 ac
1503 1557 1529 1613 in
1545 1559 1660 1630 reipsa,
1675 1575 1708 1616 ac
1723 1561 1788 1618 sub·

148 1646 284 1702 habemus
300 1647 509 1704 tundamentum
522 1646 555 1703 ad
567 1646 743 1703 asserendum
753 1685 761 1716 ,
773 1646 800 1701 ia
811 1645 954 1702 conscien·
989 1643 1049 1700 inde
1063 1643 1090 1700 in
1105 1645 1287 1714 conscicntia;
1308 1661 1373 1719 ergo
1388 1647 1469 1703 etiam
1488 1648 1515 1703 in
1536 1648 1581 1705 illo
1601 1665 1668 1706 casu
1689 1652 1787 1708 amitti·

147 1736 184 1790 tia
200 1735 298 1792 amitti.
988 1737 1036 1790 tur
1049 1735 1140 1790 statim
1156 1734 1181 1790 in
1192 1736 1370 1792 conscientia.
1384 1737 1602 1810 Consequentias
1614 1755 1677 1796 cum
1689 1741 1786 1798 minori

190 1829 239 1882 28.
258 1828 298 1882 ιιι
314 1841 378 1882 vero
399 1827 424 1882 in
444 1826 503 1884 loro
518 1834 632 1884 caterno
652 1828 743 1882 veniat
761 1827 823 1900 quis
844 1826 953 1897 privan·
987 1823 1077 1880 clarae
1092 1831 1167 1880 sunt.
1184 1824 1268 1880 llaior
1282 1833 1393 1895 autern,
1410 1824 1474 1882 licet
1487 1843 1540 1884 non
1555 1828 1592 1884 sit
1606 1830 1715 1885 omnino
1730 1833 1787 1887 eri·

146 1914 202 1972 dus
222 1914 378 1972 huiusmodi
399 1915 564 1989 privilegiis,
580 1932 636 1972 non
648 1921 690 1972 cst
705 1915 757 1972 mei
771 1915 891 1971 muneris
904 1913 952 1971 de·
987 1911 1071 1985 dens,
1088 1913 1252 1986 probabilior
1268 1920 1357 1970 tamen
1371 1915 1495 1987 ridetur,
1512 1923 1613 1974 attente
1627 1919 1786 1976 considera·

147 2005 242 2074 linire3
262 2006 348 2062 iateor
364 2013 470 2074 tamen,
488 2004 594 2062 nullum
609 2021 652 2062 mo
667 2005 780 2075 vidisse,
795 2005 837 2063 rel
852 2005 952 2079 allega·
986 2002 1019 2058 tis
1035 2003 1136 2071 verbis,
1147 2010 1176 2058 et
1189 2002 1412 2074 dispositionibus
1423 2005 1559 2063 dictarum
1571 2008 1672 2080 legumr
1686 2016 1713 2066 et
1724 2009 1784 2067 ideo

148 2103 208 2150 tum
230 2097 366 2152 invenisse
386 2097 447 2164 ius,
469 2094 545 2168 quod
565 2095 647 2152 talem
667 2103 797 2167 poenam,
815 2095 856 2152 rel
871 2097 951 2168 quasi
986 2107 1021 2150 ex
1035 2092 1087 2149 hoc
1102 2093 1277 2150 tundamento
1292 2094 1455 2166 probabilior
1470 2096 1576 2154 ridetur
1593 2098 1659 2155 haec
1675 2107 1784 2156 seuten-

145 2199 263 2253 pocnam
285 2185 421 2256 imponat,
443 2200 494 2241 nec
515 2186 598 2241 etiam
617 2185 736 2241 invenire
751 2199 794 2240 me
807 2186 834 2241 in
851 2185 950 2244 talibus
986 2182 1023 2238 tia
1043 2181 1134 2254 quoad
1156 2182 1223 2239 baec
1238 2182 1388 2255 privilegia.
1405 2185 1439 2240 Et
1454 2185 1479 2240 in
1495 2184 1557 2252 illis,
1575 2195 1604 2242 ct
1616 2189 1643 2243 in
1658 2189 1735 2259 aliis,
1750 2190 1785 2248 dc

145 2273 295 2347 privilegiis
320 2273 527 2332 laudamentum
547 2273 606 2330 talis
628 2288 748 2345 poenae,
765 2273 806 2330 rel
820 2276 951 2345 privatio·
985 2272 1085 2344 quibus
1105 2272 1191 2342 prima
1208 2273 1352 2331 conclusio
1372 2273 1504 2346 loquitur,
1524 2275 1693 2335 sullicicntcr
1708 2280 1783 2338 ride·

145 2365 189 2420 nis
210 2363 340 2436 privilegii
353 2383 361 2436 3
377 2380 442 2422 cum
459 2363 503 2420 illo
518 2378 571 2419 aon
586 2379 640 2418 usu
655 2378 705 2434 per
717 2378 746 2418 se
761 2379 815 2418 noa
831 2364 949 2421 invenia-
983 2366 1030 2416 tur
1042 2361 1191 2431 procedere
1203 2363 1357 2420 communis
1368 2366 1510 2436 sententia,
1528 2383 1598 2439 qtraa
1610 2370 1734 2426 absolute
1745 2372 1784 2428 lc-

142 2452 195 2509 tur
206 2453 299 2525 culpa,
311 2468 361 2510 aec
373 2452 489 2510 aliorum
499 2453 717 2521 incommodum,
731 2458 780 2508 aut
788 2468 947 2524 gravamen.
984 2451 1078 2524 quitur
1097 2450 1130 2508 de
1151 2453 1295 2509 amissione
1316 2454 1411 2511 talium
1433 2455 1640 2528 privilegiorum
1662 2477 1710 2531 per
1729 2479 1781 2520 uon

144 2544 182 2598 Et
197 2544 322 2614 quamvis
334 2541 430 2617 regula
441 2544 624 2598 communiter
637 2548 747 2613 recepta
758 2541 792 2598 de
804 2544 948 2598 amissione
984 2555 1086 2612 usum,
1103 2540 1174 2597 undo
1196 2541 1305 2599 ridetur
1323 2543 1401 2615 plane
1421 2544 1572 2619 intelligere
1591 2547 1624 2604 de
1638 2551 1782 2608 amissione

142 2631 278 2704 privilegii
294 2647 343 2704 per
358 2647 411 2688 noa
425 2647 507 2688 usum
522 2631 647 2689 videatur
662 2646 722 2688 esse
732 2633 871 2688 contraria
883 2632 947 2690 huic
983 2643 1059 2700 vcra,
1076 2635 1105 2686 ct
1118 2631 1145 2686 in
1160 2631 1269 2704 reipsa,
1282 2632 1607 2710 aceubindeipsotacto,
1620 2645 1782 2698 ctnontan·

141 2722 302 2792 assertioni,
331 2722 352 2777 si
375 2730 463 2778 tamen
484 2727 585 2777 attente
606 2721 732 2795 legantur
752 2721 942 2794 exceptiones,
983 2723 1041 2775 tum
1060 2721 1281 2792 praesumptione
1300 2722 1382 2790 iuris,
1399 2723 1440 2780 rel
1464 2724 1488 2780 iu
1508 2731 1622 2796 posnani
1642 2745 1691 2800 per
1710 2730 1780 2787 iudi-

143 2827 217 2884 quae
238 2810 299 2867 addi
319 2811 407 2867 solent
427 2810 464 2866 illi
486 2811 614 2882 regulae,
636 2812 731 2867 maiori
752 2813 856 2868 rabone
870 2815 945 2868 exci-
982 2824 1042 2866 cem
1056 2809 1258 2882 imponendum.

141 2899 242 2974 pianda
256 2899 453 2957 iudicabuntur
474 2899 541 2956 haec
563 2898 711 2972 privilegia.
727 2901 770 2956 rit
786 2902 857 2957 enim
877 2901 947 2959 Feli·

141 2989 944 3064 ausind.cap.Comaccessisserrt,u.26,iabometti,

144 3080 335 3152 privilegium,
350 3079 427 3151 quod
447 3079 572 3136 consistit
592 3080 618 3134 in
633 3092 708 3135 mera
722 3086 749 3134 et
762 3095 892 3151 expressa
907 3081 945 3136 ia·

144 3169 262 3240 cultata,
278 3184 332 3226 uon
346 3169 432 3224 amitti
446 3183 494 3240 per
509 3184 562 3224 non
576 3183 672 3238 usum3
685 3176 713 3224 et
722 3167 787 3224 dicit
798 3185 857 3225 esse
868 3186 946 3226 com·
1028 3181 1156 3258 Quando
1170 3188 1197 3240 ει
1210 3184 1355 3259 quomodo
1369 3191 1530 3246 ammam,
1541 3191 1730 3266 prpvppeymm

141 3275 256 3316 maraem
270 3259 441 3316 sententiam.
459 3259 519 3331 lpse
534 3273 600 3314 vero
612 3258 659 3328 ait,
671 3259 860 3315 necessarium
870 3275 944 3333 esse,
1195 3286 1250 3346 pgr
1264 3279 1453 3334 contrarium
1465 3296 1563 3337 mm·

142 3355 175 3406 ut
194 3351 220 3405 in
242 3349 382 3422 privilegio
400 3365 530 3421 expressa
549 3347 659 3405 dicatur
671 3345 792 3419 pecode
806 3346 942 3414 colueris,

140 3440 183 3496 vel
198 3438 264 3512 quid
284 3439 380 3496 simile.
397 3437 449 3496 Sed
463 3445 557 3511 certe,
573 3444 604 3495 ut
617 3438 685 3494 bene
699 3437 735 3494 ibi
749 3444 828 3495 notat
840 3438 944 3512 Abbas,

143 3530 198 3586 lroc
220 3544 317 3598 parum
332 3527 431 3599 refert,
446 3529 509 3602 quia
524 3530 550 3584 in
565 3527 623 3599 ipsa
639 3527 741 3584 ratione
755 3527 886 3600 privilegii
901 3531 942 3583 in·

142 3618 268 3675 cluditur
289 3618 335 3674 illa
356 3616 492 3682 conditio,
513 3623 541 3672 ct
562 3615 622 3672 ideo
638 3614 681 3672 ille
695 3616 812 3674 allectus
826 3633 879 3673 non
895 3617 943 3673 aa·

141 3709 230 3764 scitur
251 3721 285 3772 er
307 3705 365 3762 sola
384 3708 558 3777 expressione
577 3705 649 3762 illius
670 3705 830 3778 particulae.
847 3707 941 3763 lleliur

1233 2987 1374 3059 CAPUT
1391 2991 1530 3064 XXXV.

1257 3454 1501 3520 summarium

981 3635 1100 3690 illudas
1110 3639 1244 3690 amittendi
1255 3641 1419 3704 privilegium
1428 3657 1474 3708 per
1487 3647 1647 3696 contrarium
1657 3658 1779 3698 usum.-

1013 3707 1167 3772 ldagistralis
1179 3718 1218 3760 est
1232 3711 1332 3774 regula,
1347 3712 1512 3776 privilegium
1524 3715 1609 3766 amitti
1620 3729 1666 3780 per
1676 3725 1781 3768 contra-

140 3813 209 3870 ergo
222 3795 334 3865 dicitur,
347 3796 408 3852 talia
419 3795 570 3867 privilegia,
583 3811 647 3852 cum
659 3802 757 3852 natura
769 3813 818 3853 sua
830 3797 855 3852 in
866 3813 942 3854 mera

141 3886 285 3944 voluntate
306 3887 477 3956 consistant,
498 3891 525 3942 et
545 3893 642 3942 contra
662 3886 709 3942 illa
731 3886 775 3942 alii
795 3903 847 3943 non
863 3902 942 3960 prae·

141 3976 274 4044 scribant,
293 3991 347 4031 non
363 3976 449 4032 amitti
463 3991 511 4047 per
526 3992 579 4031 non
596 3978 715 4033 usumin
731 3977 788 4034 ullo
803 3978 872 4035 loro.

180 4069 229 4123 29.
245 4065 336 4122 lertio
355 4063 433 4134 dico,
450 4064 475 4119 in
491 4064 659 4139 privilegiis,
675 4081 746 4138 quae
762 4081 794 4123 cr
809 4068 941 4138 peculiari

139 4154 316 4225 dispositione
337 4153 405 4210 iuris
424 4168 472 4224 per
487 4154 650 4211 decennium
671 4171 725 4212 noa
746 4155 848 4213 utendo
863 4159 941 4215 amit-

141 4252 251 4314 tuntur,
266 4242 404 4316 probabile
418 4259 479 4300 esse
493 4246 520 4300 in
535 4246 701 4301 conscientia
716 4245 812 4317 amitti,
828 4244 893 4304 licet
907 4249 942 4305 sit

139 4336 286 4389 incertum.
310 4332 399 4390 Probo
421 4332 504 4389 simul
527 4342 672 4407 utramque
695 4342 811 4404 partem.
832 4338 940 4394 Narnia

138 4424 236 4494 primis
261 4420 399 4492 probabile
423 4430 486 4492 est,
509 4439 557 4494 per
579 4423 735 4480 huiusmodi
756 4424 830 4498 leges
847 4427 941 4484 induci

139 4511 384 4584 praescriptionem
406 4519 535 4582 respectu
555 4511 688 4582 aliorum,
705 4513 807 4585 quibus
822 4523 941 4587 possunt

137 4617 200 4658 esse
221 4614 336 4657 onerosa
358 4599 420 4656 talia
435 4601 593 4674 privilegia,
610 4611 641 4658 ut
655 4603 808 4675 declarari;
824 4612 852 4662 et
866 4607 941 4663 iuxta

138 4689 192 4746 hoc
211 4689 377 4761 principium
394 4689 518 4759 procedit
531 4691 710 4761 probabiliter
724 4696 811 4764 prima
825 4698 939 4752 assertio

137 4781 221 4837 etiam
237 4779 264 4835 in
279 4779 321 4836 bis
335 4779 492 4854 privilegiis,
508 4797 561 4836 non
578 4787 668 4838 tamen
684 4799 749 4840 cum
765 4784 938 4858 certitudine,

138 4870 270 4943 quiahoc
286 4872 440 4941 proximum
455 4871 620 4943 principium
636 4871 670 4928 de
686 4875 899 4945 praescriptione
914 4878 939 4932 in

138 4977 172 5018 eo
192 4976 262 5018 casu
281 4963 494 5031 interveniente,
513 4961 628 5019 dubium
643 4969 696 5018 est.
714 4963 813 5020 Deinde
826 4965 939 5038 intelligi

138 5057 231 5122 potest
244 5049 312 5108 baec
327 5049 441 5122 privatio
451 5065 499 5123 per
511 5051 623 5108 modum
636 5067 738 5123 poenae
750 5054 807 5125 ipso
821 5053 879 5111 iure
890 5056 938 5112 im·

138 5141 242 5213 positae
264 5146 375 5213 propter
388 5155 442 5197 aon
457 5147 600 5214 acceptam
614 5141 815 5213 possessionem
830 5145 937 5217 privile-

95 5256 100 5266 ·
138 5231 193 5306 gii,
216 5229 258 5288 rel
279 5236 393 5304 propter
406 5231 553 5304 qrrcmdarn
569 5233 649 5305 quasi
663 5237 850 5305 conempturo
864 5235 934 5292 eius.

1013 3779 1081 3828 rium
1102 3792 1191 3840 usum,
1215 3781 1237 3831 si
1259 3788 1413 3831 concurrant
1432 3784 1643 3836 circumstantiae
1664 3798 1780 3838 neccssa-
1847 3828 1849 3832 .

1012 3848 1076 3898 riae.
1092 3875 1124 3886 -·
1137 3848 1163 3899 Ξ.
1176 3850 1238 3911 Quis
1248 3863 1309 3900 usus
1319 3850 1420 3901 dicatur
1430 3855 1577 3906 constrarius
1592 3856 1779 3918 privilegio.-

1013 3917 1038 3968 3.
1053 3918 1211 3983 Exemplum.
1220 3921 1285 3970 -l.
1298 3919 1330 3970 Ut
1340 3922 1475 3973 amittatur
1485 3923 1650 3988 privilegium
1664 3938 1709 3989 per
1719 3941 1779 3978 con-

1014 3989 1123 4040 trarium
1136 4003 1221 4049 usum,
1233 4001 1336 4040 neccsse
1345 3999 1396 4053 est,
1409 4001 1437 4042 ut
1448 3994 1493 4043 ille
1504 3993 1572 4044 tiata
1583 4008 1778 4060 personantias

1013 4060 1094 4121 possit
1111 4060 1263 4109 renunciare
1281 4061 1428 4124 privilegio.
1447 4091 1481 4100 —
1499 4064 1598 4128 Duplici
1615 4064 1689 4116 modo
1706 4074 1780 4118 actus

1012 4128 1182 4191 privilegiarii
1200 4136 1285 4192 potest
1304 4142 1360 4180 esse
1373 4132 1487 4183 inefficax
1499 4134 1531 4183 ad
1546 4134 1685 4185 tollendum
1699 4137 1778 4198 privi-

1012 4197 1119 4259 legium.
1135 4225 1166 4234 -
1180 4199 1266 4248 Primo
1277 4199 1360 4250 modo.
1374 4227 1409 4236 -
1421 4202 1447 4252 a.
1461 4201 1579 4255 Secundo
1590 4204 1674 4266 morlo,
1690 4212 1716 4254 et
1730 4205 1779 4258 boc

1013 4280 1104 4317 rursus
1127 4267 1275 4331 dupliciter·
1296 4295 1332 4306 -
1349 4271 1375 4320 c.
1399 4271 1528 4332 Quomodo
1552 4274 1586 4324 sit
1611 4274 1781 4337 intelligenda

1012 4338 1115 4388 amissio
1127 4338 1258 4401 privilegii
1271 4351 1316 4402 per
1327 4343 1487 4392 contrarium
1500 4356 1584 4393 usum.
1594 4369 1630 4379 —
1641 4344 1666 4394 i.
1677 4345 1715 4393 An
1726 4346 1779 4408 pri·

1012 4407 1134 4468 vilegium
1156 4407 1286 4458 amittitur
1309 4410 1343 4459 ob
1366 4411 1471 4462 tacitam
1494 4413 1724 4464 renunciationem.
1744 4443 1779 4452 -

1011 4475 1037 4526 8.
1052 4476 1245 4528 Animadversio
1260 4485 1287 4528 et
1306 4480 1386 4541 prima
1404 4482 1546 4532 conclusio.
1564 4509 1599 4518 -
1617 4483 1778 4534 9.'Secunda

1011 4547 1154 4596 conclusio.
1168 4573 1203 4583 -
1217 4548 1259 4598 tc.
1274 4547 1309 4598 De
1323 4554 1438 4613 tempore
1451 4551 1482 4600 ad
1495 4551 1663 4602 amittendum
1674 4553 1779 4615 privile-

1012 4617 1083 4678 gium
1095 4629 1141 4680 per
1153 4617 1310 4668 contrarium
1325 4633 1407 4669 usum.
1418 4646 1453 4657 -
1465 4622 1638 4671 Panormitani
1649 4623 1778 4672 sententia

1011 4693 1037 4736 et
1054 4687 1198 4738 distinctio.
1211 4713 1244 4723 -·
1260 4688 1300 4736 ll.
1316 4687 1454 4740 lielellitur
1471 4690 1606 4742 distinctio
1623 4691 1779 4742 Panormita-

1010 4757 1046 4806 ni.
1059 4783 1093 4794 -
1103 4756 1269 4820 Pririlegium
1278 4759 1356 4807 etiam
1366 4771 1489 4822 personae
1500 4761 1615 4824 priuatae
1628 4773 1777 4812 concessum

1009 4839 1059 4878 non
1076 4827 1206 4876 amittitur
1224 4839 1269 4890 per
1287 4841 1366 4877 unum
1379 4836 1476 4879 actum.
1494 4857 1523 4865 —
1537 4830 1666 4880 Probatur
1678 4830 1776 4894 duplici

1010 4897 1119 4946 ratione.
1135 4921 1168 4932 -·
1185 4895 1225 4945 la.
1240 4897 1304 4958 Quid
1323 4896 1355 4946 dc
1373 4898 1510 4960 privilegio
1528 4899 1704 4949 communitati
1718 4913 1777 4950 con·

1009 4978 1091 5016 cesso.
1108 4992 1143 5002 —
1162 4966 1204 5016 ta.
1223 4966 1389 5030 Pririlogium
1408 4981 1457 5018 non
1477 4968 1607 5018 amittitur
1625 4969 1777 5033 simpliciter

1009 5049 1055 5098 per
1073 5049 1148 5086 uuam
1165 5038 1417 5098 concursationem,
1436 5036 1480 5088 scd
1498 5038 1639 5089 secundum
1656 5039 1728 5103 quid.
1744 5067 1779 5079 -

1010 5105 1053 5156 rt.
1074 5105 1213 5169 liespcusio
1235 5105 1267 5156 ad
1287 5106 1342 5157 iura
1367 5119 1381 5156 a
1404 5108 1582 5160 Panormitano
1601 5107 1721 5160 adducta.
1741 5137 1776 5147 —

1011 5173 1053 5225 lii.
1068 5173 1185 5226 obiectio
1201 5189 1232 5225 er
1250 5189 1307 5240 cap.
1323 5171 1390 5227 Gna
1402 5177 1579 5229 ascranae.
1594 5179 1724 5230 -Prima
1737 5193 1778 5231 re-

1008 5245 1120 5310 sponsio.
1138 5271 1173 5284 -
1193 5246 1236 5297 16.
1254 5245 1372 5300 Quadra
1389 5247 1531 5315 responsio.
1551 5274 1586 5286 -
1601 5249 1641 5300 li.
1661 5249 1777 5301 Secunda
