4294 6238
884 383 990 432 curor
1005 383 1043 432 11.
1672 363 1734 428 965
1845 379 1849 388 ·

142 507 218 581 prism
231 514 260 565 et
279 505 418 582 legalem,
432 507 466 566 de
480 525 535 582 qua
546 508 701 583 loquimur,
715 510 887 567 necessarius
900 513 943 565 est
980 506 1092 564 seutiaie
1111 505 1320 576 consuetudini,
1340 505 1462 578 scilicet,
1479 513 1509 563 ut
1521 507 1558 563 sit
1570 508 1708 564 communi
1724 521 1774 580 po-

141 613 285 654 consensus
310 598 425 670 popuii,
441 598 481 655 εει
497 600 647 670 principis,
662 608 856 673 contraquam
872 613 942 671 quo·
976 597 1033 668 puli
1048 611 1185 654 consensu
1200 602 1319 668 recepta.

141 685 280 744 dammodo
305 689 467 760 inducitur3
488 690 514 744 in
537 690 750 760 praescriptione
771 696 866 745 autem
887 703 941 743 non
1017 684 1223 756 2..llespondeo
1243 688 1270 740 in
1293 685 1403 758 primis,
1421 685 1562 758 proprium
1576 701 1687 742 sensum
1702 685 1774 741 iilius

139 783 177 830 εει
189 779 371 832 necessarius
391 792 544 834 consensus
563 779 637 848 eius,
655 785 848 850 contraquam
864 791 942 848 prae-
977 774 1128 845 particulae
1148 791 1216 831 cunr
1237 772 1337 846 dejicit
1353 773 1420 842 tce,
1438 781 1465 830 et
1479 775 1612 832 rationem
1624 777 1684 830 eius
1699 789 1772 843 esse,

140 864 282 934 scribitur,
302 873 337 921 ut
348 868 437 922 notavi
448 869 474 922 in
485 874 568 924 tract.
586 872 614 924 2.
630 865 666 924 de
681 867 833 940 rettptoue,
852 866 897 923 lib.
915 869 940 937 t,
976 866 1019 936 ius
1033 863 1240 920 consuetudinis
1254 863 1342 920 solere
1353 862 1490 920 introduci
1502 864 1528 919 in
1539 863 1678 921 delectum
1693 863 1770 936 legis,

140 968 195 1022 cap.
218 959 255 1024 53
281 961 313 1010 et
335 953 399 1010 binc
418 961 474 1023 εει,
491 961 523 1012 ut
537 955 570 1011 ad
585 955 813 1012 consuetudinem
827 971 882 1012 non
898 969 941 1010 re·
975 967 1039 1010 nam
1056 953 1099 1009 ubi
1118 954 1161 1008 ius
1174 954 1308 1024 scriptum
1323 955 1502 1025 supponitur,
1518 968 1572 1011 non
1587 961 1629 1010 εει
1648 967 1776 1009 εεεεεεε-
1881 951 1885 960 ’

140 1043 259 1114 quiratur
283 1042 405 1115 titulus,
419 1046 483 1116 quia
504 1057 656 1102 consensus
675 1045 795 1114 sufficit,
813 1045 847 1101 ει
863 1059 941 1114 prae·
975 1041 1016 1098 ria
1036 1041 1227 1110 consuetudo,
1243 1057 1313 1114 quae
1329 1044 1371 1100 ius
1391 1042 1563 1114 introducet,
1579 1044 1644 1116 quie
1658 1043 1699 1100 lex
1714 1043 1772 1099 sui·

139 1131 313 1200 scriptionem
340 1139 432 1189 autern
454 1135 616 1206 requiritur.
639 1133 676 1190 lta
696 1133 807 1205 Glossa,
828 1132 897 1188 Abb.
913 1138 942 1189 et
975 1131 1041 1187 licit.
1056 1133 1113 1188 imo
1132 1147 1183 1188 neo
1203 1131 1310 1188 videtur
1329 1133 1468 1189 moraliter
1482 1133 1614 1203 possibilis
1629 1132 1689 1190 talis
1704 1148 1772 1190 con-

138 1218 174 1275 slii
187 1219 262 1276 dioto
283 1235 352 1292 cap.
373 1220 423 1278 ult.
446 1221 612 1295 iutelligitur
626 1230 718 1279 autem
733 1223 873 1296 negative,
889 1239 940 1280 seu
975 1221 1112 1294 suetudo,
1129 1222 1193 1292 quia
1210 1219 1244 1277 de
1256 1223 1368 1296 ratione
1388 1221 1598 1279 consuetudinis
1614 1229 1674 1295 est,
1696 1229 1725 1278 ut
1738 1237 1772 1280 ex

139 1309 284 1382 indefinite,
302 1312 370 1384 quio
390 1309 423 1367 ad
439 1313 682 1384 praescriptionem
696 1328 775 1386 saepe
790 1314 940 1386 requiritur
974 1311 1060 1366 tacito
1073 1315 1103 1368 ει
1120 1326 1173 1367 non
1187 1326 1317 1382 expresso
1329 1327 1466 1368 consensu
1480 1311 1689 1385 introducatur,
1702 1312 1721 1368 i.
1735 1309 1772 1368 dc
1823 1359 1825 1366 .

141 1397 248 1470 titulus,
266 1415 325 1455 non
344 1407 432 1456 temen
447 1416 571 1472 semper,
583 1401 619 1458 sd
629 1403 858 1460 consuetudinem
873 1419 939 1461 rero
974 1399 1096 1472 quibus,
1115 1399 1143 1457 ιι.
1159 1400 1193 1457 ιε
1207 1399 1289 1472 legib.
1306 1401 1351 1457 ubi
1366 1401 1416 1458 boc
1430 1408 1508 1458 notat
1521 1402 1596 1458 Bart.
1614 1403 1640 1458 in
1659 1403 1770 1473 repetit.

140 1503 286 1559 nunquam.
312 1489 394 1546 Unde
412 1490 492 1545 etism
513 1491 540 1545 in
562 1491 778 1562 praescriptione
791 1493 941 1565 requiritur
975 1505 1052 1545 num.
1077 1491 1110 1561 i,
1125 1495 1152 1545 et
1171 1489 1242 1545 idem
1263 1490 1381 1547 sumitur
1402 1490 1476 1547 ciere
1496 1507 1530 1547 cs
1543 1493 1554 1561 ι
1568 1506 1628 1547 nou
1647 1494 1766 1564 scripto,

138 1575 202 1632 bona
220 1577 307 1648 fides,
324 1577 351 1633 in
366 1578 566 1636 consuetudine
581 1587 673 1637 autem
687 1597 740 1636 uon
752 1596 872 1652 semper,
887 1581 940 1637 sal·
974 1578 1065 1635 instit.
1088 1577 1122 1635 ιε
1142 1579 1195 1635 iur.
1212 1586 1302 1636 natur.
1318 1586 1373 1636 eto.
1389 1579 1465 1637 Unde
1486 1580 1696 1637 siconsuctuuo
1710 1587 1772 1637 orte

138 1671 186 1722 tent
211 1667 236 1721 in
256 1667 405 1738 principio.
427 1669 548 1739 Denique
569 1669 636 1727 iicet
654 1671 681 1725 in
703 1669 938 1743 utraque'aiiquis
974 1674 1018 1725 est
1030 1684 1064 1726 ex
1077 1671 1103 1724 vi
1119 1667 1202 1742 legis,
1218 1684 1251 1726 eo
1266 1669 1324 1740 ipso
1339 1685 1393 1726 non
1408 1675 1498 1741 potest
1509 1669 1607 1726 babere
1621 1671 1673 1725 viru
1686 1665 1780 1726 iutro·'

138 1755 262 1824 temporis
291 1769 397 1812 cursus
417 1757 590 1829 requiratur,
607 1773 660 1815 non
683 1764 773 1814 tamen
788 1757 875 1830 idem,
891 1758 940 1815 sed
973 1756 1092 1815 ducendi
1113 1756 1217 1830 legem,
1237 1759 1300 1830 quia
1320 1775 1374 1815 non
1394 1773 1426 1814 eo
1445 1760 1535 1824 animo
1550 1758 1711 1830 inchoatur,
1728 1757 1771 1814 εει

138 1842 163 1896 ιε
182 1845 402 1916 praescriptione
429 1847 586 1916 postulatur
606 1848 680 1904 iusta
701 1847 768 1920 legis
787 1846 940 1920 dispositio·
974 1847 1170 1918 continuatur,
1186 1853 1217 1904 ut
1238 1845 1359 1903 homines
1380 1863 1429 1920 per
1449 1847 1522 1904 illam
1536 1847 1707 1921 obligentur,
1724 1845 1773 1903 sed

138 1946 210 2003 nem,
227 1935 254 1988 in
269 1933 472 1992 consuetudine
493 1942 584 1992 autem
596 1937 637 1993 εει
649 1945 756 1995 nonest
768 1938 861 1994 eadem
873 1938 939 1994 iuris
973 1937 1066 2009 potius
1079 1943 1111 1994 ut
1120 1936 1247 1993 obedient
1260 1937 1313 2009 legi
1323 1937 1514 2008 praesistenti.
1524 1939 1579 1994 Noc
1591 1936 1686 2009 refert,
1696 1935 1773 2010 quod

139 2018 289 2093 dispositio,
313 2021 356 2078 εει
378 2038 425 2093 per
445 2040 474 2080 sc
495 2026 652 2082 necessarie
664 2042 719 2084 non
732 2034 791 2098 est,
808 2027 855 2083 sed
870 2025 939 2084 illud
976 2024 1115 2083 interdum
1127 2025 1231 2083 dicitur
1242 2025 1413 2082 consuetudo
1424 2025 1515 2083 induci
1527 2033 1589 2098 post
1600 2026 1768 2099 legemqnam

139 2109 254 2180 sufficit,
269 2111 349 2184 quod
368 2111 402 2168 ad
420 2113 598 2172 iudicandum
611 2131 777 2172 consensum
792 2115 937 2188 principis,
975 2115 1028 2173 boc
1050 2114 1210 2188 intelligitur
1231 2113 1274 2171 vel
1295 2114 1385 2172 solum
1409 2115 1443 2173 ιε
1468 2115 1670 2172 εεεεεειυιιεε
1693 2114 1768 2185 iacti,

139 2199 177 2255 rei
189 2199 283 2271 populi
299 2201 444 2258 sufficiens
455 2205 506 2276 sit,
520 2211 552 2260 ut
563 2211 659 2277 postea
670 2221 849 2278 exponemus.
862 2205 937 2263 Aliae
973 2221 1044 2279 quae
1059 2206 1147 2279 legem
1165 2211 1272 2262 tantum
1287 2207 1446 2278 confirmat,
1461 2205 1503 2261 εει
1521 2204 1555 2262 ιε
1569 2205 1769 2262 εεεεεειειιεε

140 2287 336 2346 indifferentiae
350 2291 523 2363 assignantur
541 2309 557 2350 a
575 2294 657 2352 dictis
677 2294 852 2366 auctoribus,
867 2309 938 2367 quae
972 2294 1117 2364 limitante,
1132 2301 1180 2350 eut
1194 2294 1388 2366 interpretante
1403 2294 1509 2368 legem,
1523 2309 1594 2368 quae
1609 2293 1700 2367 quoad
1715 2293 1768 2350 boc

139 2371 178 2432 rel
191 2393 220 2434 re
237 2395 307 2436 vera
322 2395 377 2436 non
392 2381 562 2456 subsistunt,
575 2382 617 2440 εει
633 2399 680 2442 eas
694 2384 847 2442 examinare
860 2385 938 2442 nobis
973 2389 1064 2456 potest
1077 2398 1178 2439 norum
1194 2383 1236 2439 ius
1251 2383 1399 2455 inducere,
1415 2391 1447 2440 ut
1459 2384 1529 2441 inira
1543 2383 1661 2454 dicotuq
1678 2391 1768 2440 tamen

140 2481 189 2522 non
203 2474 246 2525 εει
259 2471 462 2528 necessarium.
973 2470 1065 2544 quoad
1079 2471 1104 2527 id
1118 2487 1172 2528 nou
1186 2473 1318 2544 supponit
1330 2472 1433 2546 tegern,
1450 2472 1499 2529 εει
1508 2472 1609 2546 aliquid
1622 2472 1657 2528 illi
1673 2471 1771 2530 adiun-

972 2561 1020 2632 git.
1036 2560 1083 2643 διει
1094 2576 1161 2632 ergo
1175 2561 1315 2616 verissimo
1328 2560 1445 2634 dicitur,
1459 2561 1687 2618 consuetudinem
1705 2577 1766 2618 esse

436 2633 576 2704 CAPUT
590 2635 634 2704 ll.
972 2649 1017 2705 ius
1031 2665 1086 2706 non
1101 2651 1254 2722 scriptum,
1266 2655 1293 2706 ct
1306 2651 1343 2707 ita
1357 2649 1474 2708 babetur
1489 2651 1514 2706 in
1526 2651 1544 2707 Ι.
1557 2654 1628 2713 imo,
1643 2651 1671 2708 u.
1684 2652 1719 2708 de
1731 2652 1769 2708 Ιε-
1850 2657 1855 2668 “

972 2738 1026 2810 gib.
1039 2738 1134 2795 etinb
1146 2738 1297 2804 lusciniis,
1314 2739 1342 2796 ιι.
1356 2740 1389 2796 ιε
1401 2740 1486 2798 ιεειιι.
1499 2741 1589 2798 ειιεε.
1602 2746 1631 2797 ει
1640 2741 1666 2796 in
1677 2739 1689 2807 ι
1699 2757 1767 2797 corr-

143 2813 188 2868 An
201 2812 386 2872 commisto
396 2814 700 2889 compescuissemus
711 2818 933 2891 conscriptum.
972 2832 1045 2892 stat,
1062 2831 1149 2901 εεοε
1168 2831 1296 2904 saepto,
1321 2831 1407 2887 rusus.
1424 2829 1457 2886 oe
1475 2830 1528 2888 tur.
1545 2839 1637 2889 natur.
1652 2832 1688 2888 nr
1702 2831 1769 2888 rutro

310 2907 339 2960 et
351 2901 482 2976 definitio
496 2903 573 2963 dara
585 2909 705 2980 intepru
717 2909 764 2964 eit.
972 2925 1030 2988 εει,
1044 2919 1109 2991 quia
1122 2933 1173 2976 neo
1187 2935 1237 2991 per
1250 2935 1280 2976 se
1294 2921 1462 2992 scripturam
1476 2922 1606 2994 requirit,
1621 2937 1671 2978 nec
1685 2924 1767 2979 etiam

972 3015 1066 3066 manat
1085 3023 1118 3066 ex
1138 3009 1198 3065 iure
1219 3010 1339 3082 scripto,
1355 3011 1409 3066 imo
1430 3026 1480 3067 neo
1500 3027 1533 3069 er
1553 3014 1666 3084 proprio
1680 3017 1708 3068 et
1721 3027 1768 3069 er·

424 3067 654 3134 summarium
972 3113 1068 3170 presso
1087 3105 1235 3172 praecepto
1254 3099 1417 3172 superioris,
1432 3100 1480 3158 sed
1499 3119 1552 3159 usu
1568 3104 1627 3174 ipso
1642 3103 1771 3160 introdu-

143 3241 167 3290 ι.
179 3241 319 3294 babitandi
334 3243 401 3293 ratio
411 3255 443 3292 ex
453 3241 603 3294 delinitione
612 3227 812 3294 cmuuetudt'uts
821 3243 854 3293 ab
864 3241 940 3293 isido-
973 3188 1061 3288 fnum
1078 3205 1146 3246 ⁰⁵⁰⁵
1160 3191 1232 3246 enim
1244 3205 1299 3247 ¹¹⁰⁰
1313 3193 1339 3247 in
1354 3194 1517 3266 wripmm‘
1533 3199 1582 3250 ω
1595 3194 1701 3264 mbss’
1719 3193 1769 3250 sed

173 3325 201 3362 ,0
212 3311 348 3364 ,lm-2·
365 3313 488 3363 Germana
500 3325 546 3362 seu
559 3314 662 3377 propria
675 3314 856 3377 interpretatio
868 3313 938 3364 itlius
973 3293 1000 3332 tn
1015 3277 1093 3334 iactis
1107 3280 1242 3335 consistit.
1259 3281 1293 3336 Et
1308 3279 1359 3337 boo
1373 3280 1476 3339 docent
1489 3282 1607 3356 theologi
1624 3284 1658 3340 de
1673 3283 1769 3356 aliqui·

174 3383 319 3445 partientes
332 3394 391 3434 ,pm
403 3382 491 3444 pem
503 3383 630 3434 rec.-·s.
642 3383 770 3444 Quomodo
781 3382 939 3434 consuetudo
973 3365 1026 3423 bus
1037 3367 1144 3441 legibus
1154 3370 1367 3442 ecciesiasticis,
1378 3381 1450 3443 queo
1461 3372 1605 3429 traditione
1621 3372 1768 3446 babentur,

174 3451 254 3532 legem
275 3465 419 3516 supponere
439 3451 525 3532 debet.
537 3453 610 3504 -b
635 3451 800 3518 adprobatur
823 3451 939 3504 definitio
973 3455 1121 3529 dequibus
1142 3457 1169 3513 in
1188 3449 1296 3514 duobus
1317 3460 1497 3532 sequentibus
1516 3460 1652 3532 capitibus
1667 3461 1770 3536 aliquid

174 3521 354 3587 lsrdorisopra
367 3527 506 3586 proposita.
970 3545 1107 3604 dicemus·

180 3650 204 3703 i.
220 3649 302 3706 Ratio
312 3643 452 3702 dubitsndi
465 3651 524 3720 εει,
536 3647 600 3720 quie
610 3647 731 3704 isidorus
746 3646 771 3702 in
783 3644 937 3703 definitione
1011 3638 1156 3708 Disputtssi
1165 3643 1258 3694 tuliffl
1268 3638 1428 3712 Ῑῑιῐῖθιιθῐῑῑῗε
1447 3656 1480 3697 ⁸¹¹
1491 3641 1628 3713 scilllum
1639 3643 1677 3700 lli
1689 3657 1771 3716 repu-

145 3733 202 3791 ιειε
216 3737 310 3794 solum
329 3734 404 3791 addit
416 3734 582 3807 particulam
595 3736 668 3793 iliam
682 3751 751 3793 cum
765 3733 865 3808 deficit
878 3734 936 3798 icor,
973 3734 1038 3801 gnet
1050 3725 1254 3798 consuetudini,
1266 3733 1297 3784 ut
1309 3730 1331 3784 si
1343 3731 1369 3785 in
1382 3731 1485 3803 scripta
1503 3731 1657 3812 redigatur,
1670 3749 1702 3790 eo
1713 3736 1772 3806 ipso

144 3824 184 3879 rel
196 3825 230 3883 ad
244 3822 694 3896 explicandum,cousuetudinem
708 3823 807 3884 debere
821 3840 883 3881 esse
894 3826 938 3880 ius
973 3817 1081 3875 desinat
1093 3833 1153 3875 esse
1164 3817 1337 3876 consuetudo
1348 3861 1356 3892 ‚
1368 3835 1418 3876 seu
1430 3823 1473 3877 ius
1485 3823 1771 3897 consuetudinarium,

143 3927 193 3970 non
205 3916 361 3987 scriptum,
373 3913 508 3971 ueletiam
520 3913 756 3986 adiudicandum,
771 3929 827 3970 non
838 3914 938 3970 debere
973 3915 1003 3966 ει
1019 3909 1130 3982 incipiat
1141 3923 1203 3966 osse
1224 3907 1266 3966 los
1285 3908 1398 3966 alterius
1413 3911 1535 3968 rationis.
1552 3912 1644 3987 Aliqui
1658 3914 1730 3970 enim
1744 3913 1772 3971 id

144 4018 294 4076 supponere
309 4002 396 4076 legem
422 4005 565 4075 scriptam.
580 4003 733 4076 Utrumque
747 4018 813 4060 vero
828 4000 937 4059 ridetur
974 3997 1164 4071 affirmarunt,
1180 4003 1211 4056 ut
1229 3999 1305 4057 Bnrt.
1328 4015 1412 4072 supra
1426 4000 1526 4074 relort,
1544 4009 1573 4058 ει
1585 4003 1688 4060 ιειιεει
1706 4004 1772 4060 Gra·

146 4090 240 4152 babere
252 4093 378 4152 dubium.
391 4091 525 4165 Primum,
537 4077 601 4165 quia
613 4107 694 4164 saepe
705 4093 849 4166 contingit,
864 4093 937 4166 leges
972 4089 1039 4146 tien.
1054 4088 1067 4156 ι
1087 4105 1156 4146 cum
1175 4091 1291 4160 itaque,
1312 4095 1374 4160 port
1393 4105 1455 4162 cap.
1480 4097 1514 4162 5,
1536 4091 1564 4148 d.
1586 4098 1617 4166 1,
1632 4094 1677 4151 ubi
1692 4092 1771 4166 dicit,

145 4183 346 4241 consuetudinis
365 4197 426 4239 εεεε
446 4183 580 4254 scriptas,
601 4182 696 4255 quales
716 4189 865 4241 censentur
878 4197 940 4240 esse
974 4178 1202 4236 consuetudinem
1223 4178 1249 4234 in
1269 4180 1373 4251 scripta
1388 4179 1528 4239 redactam
1546 4184 1771 4242 constitutionem

147 4269 213 4346 leges
224 4274 422 4346 feudorum,et
434 4272 461 4329 in
471 4279 565 4331 nostre
576 4274 704 4345 Hispania
716 4273 790 4348 teges
799 4273 860 4346 lori,
873 4289 940 4345 ergo
973 4285 1053 4339 osse,
1068 4285 1122 4326 non
1136 4271 1267 4341 scriptam
1281 4275 1374 4326 sutem
1386 4271 1613 4329 consuetudinem
1631 4273 1770 4347 appeltam

145 4377 269 4422 essenon
287 4366 422 4437 scriptum
436 4379 490 4420 non
504 4369 546 4420 εει
558 4361 592 4420 ιε
606 4363 710 4421 ratione
725 4361 940 4421 consuetudina-
973 4366 1003 4417 et
1022 4360 1148 4432 sequitur
1167 4357 1281 4416 Roobus
1299 4360 1378 4416 Gurt.
1400 4364 1481 4417 tract.
1503 4361 1536 4418 de
1556 4362 1723 4419 consuetud.
1745 4364 1772 4420 in

144 4451 172 4508 rii
185 4455 263 4512 iuris.
282 4455 320 4511 De
331 4453 455 4510 secundo
465 4454 547 4510 etiem
557 4451 676 4510 dubitari
688 4460 788 4527 potest,
801 4453 866 4529 quia
880 4469 940 4510 sae·
973 4447 1060 4522 ptati·
1077 4463 1154 4505 num·
1172 4453 1206 4519 5,
1222 4453 1249 4504 01
1263 4451 1296 4519 6,
1310 4462 1376 4506 tum
1390 4448 1468 4508 Btld·
1484 4451 1512 4506 in
1529 4449 1603 4508 ditia
1622 4451 1639 4506 Ι·
1656 4450 1692 4508 dt
1705 4455 1773 4525 qui·

146 4544 360 4615 peconsuetudo
375 4543 489 4616 deroget
500 4541 551 4616 legi
563 4543 762 4616 praeexistenti,
776 4549 807 4600 ut
820 4543 890 4600 inirn
899 4543 941 4600 di·
974 4537 1036 4606 bus,
1055 4544 1083 4594 et
1095 4539 1149 4595 las.
1164 4537 1191 4594 in
1207 4537 1226 4594 ι.
1243 4541 1271 4611 2,
1288 4538 1315 4594 ii.
1330 4537 1487 4613 deuuigar.
1500 4547 1528 4597 ει
1542 4540 1637 4613 pupttt.
1652 4541 1769 4616 dicente,

147 4643 239 4708 cetur,
255 4649 322 4708 ergo
338 4633 435 4690 salsum
454 4640 513 4706 est,
529 4632 603 4706 quod
617 4632 789 4690 consuetudo
803 4651 857 4691 non
872 4649 938 4705 sup·
974 4627 1201 4686 consuetudinem
1214 4626 1353 4684 redactam
1365 4629 1390 4684 in
1403 4630 1506 4701 scripta
1517 4641 1647 4703 percum,
1659 4633 1707 4704 qui
1718 4649 1772 4689 uon

146 4735 224 4796 ponet
235 4728 334 4798 legem.
348 4723 424 4782 Unde
438 4729 528 4796 potest
542 4722 603 4780 ειιι
614 4726 726 4781 ιεειιεει
736 4723 852 4782 dubium
864 4724 939 4780 circa
975 4718 1058 4776 babet
1069 4723 1234 4789 potestatem
1248 4716 1382 4774 condendi
1397 4720 1487 4792 leges,
1509 4735 1618 4776 manere
1638 4721 1772 4780 nibilomi-

145 4817 261 4886 priorem
279 4811 443 4885 particulam
458 4811 535 4886 quod
546 4829 601 4887 pro
615 4811 675 4888 depe
686 4815 861 4886 suscipitur:
872 4813 937 4885 quie
974 4823 1028 4866 nus
1041 4811 1068 4864 iu
1081 4809 1107 4863 ri
1121 4807 1343 4877 consuetudinis3
1358 4807 1435 4879 quod
1450 4815 1493 4864 est
1506 4809 1632 4877 clarum,
1649 4812 1713 4882 quia
1726 4810 1771 4867 ilia

147 4919 221 4979 saepe
236 4901 408 4961 consuetudo
430 4917 484 4958 non
503 4902 655 4974 suscipitur
673 4919 723 4974 pro
737 4901 795 4976 lege
805 4901 875 4975 ,εει
891 4917 940 4974 po·
976 4897 1115 4970 scriptura
1128 4912 1182 4952 non
1194 4904 1237 4953 cst
1248 4896 1305 4964 Ιεε,
1319 4895 1367 4952 εει
1378 4904 1468 4969 potest
1478 4895 1612 4955 deservire
1623 4898 1658 4956 ει
1669 4915 1774 4958 memo·

147 4995 195 5052 tius
209 4979 280 5052 titur
299 4993 401 5066 legem,
420 4990 492 5050 unde
510 5008 565 5049 non
579 4992 680 5066 obliget
692 4992 725 5048 ad
740 4992 841 5067 aliquid
856 5008 940 5066 agen·
974 4987 1059 5062 riam,
1075 4987 1117 5045 εει
1137 4987 1339 5062 probationem,
1357 4987 1429 5043 siout
1449 5003 1499 5043 nos
1520 4989 1667 5060 probamus
1687 4989 1773 5047 tradi·

148 5083 226 5156 dum,
242 5083 289 5141 sed
306 5083 339 5140 ad
354 5098 493 5139 summum
514 5083 657 5154 permittit.
673 5083 774 5149 Quarta
788 5083 854 5140 item
869 5081 940 5140 ditii-
977 5079 1064 5137 tiones
1085 5093 1138 5134 non
1159 5079 1276 5149 scriptas
1295 5092 1327 5133 ex
1342 5076 1475 5147 patribus.
1491 5080 1526 5134 st
1540 5093 1605 5135 vero
1620 5081 1641 5134 si
1655 5094 1773 5137 consue·

147 5177 232 5232 cultas
253 5173 315 5231 addi
336 5179 442 5246 potest,
458 5172 521 5245 quia
541 5173 567 5227 in
588 5177 644 5229 tota
657 5171 702 5229 iila
715 5169 869 5230 delinitione
884 5189 937 5228 non
975 5168 1043 5226 tudo
1057 5167 1199 5240 redigatur
1209 5167 1239 5230 ,in
1253 5165 1387 5238 scriptum
1402 5167 1435 5222 ab
1447 5167 1563 5225 habente
1577 5169 1770 5228 auctoritatem

147 5265 296 5339 explicatur
312 5261 356 5335 id,
371 5259 445 5336 quod
460 5263 575 5318 maxime
588 5269 632 5320 est
644 5262 839 5335 substantiale,
855 5271 883 5320 et
896 5277 939 5318 es·
976 5257 1112 5317 condendi
1133 5257 1236 5330 legem,
1252 5270 1284 5312 eo
1306 5255 1362 5327 ipso
1381 5254 1502 5315 desinere
1520 5273 1581 5315 esse
1595 5261 1771 5318 consuetudi·

220 5372 316 5422 ιειειι.
330 5367 599 5424 Delenitus—Persii.
1528 5365 1554 5409 et
