4278 6242
922 359 1028 412 esron
1042 362 1067 411 1.
1705 350 1767 414 145

159 491 218 541 tem
233 482 311 540 illum
325 487 433 540 textum
447 482 524 540 iuxta
539 481 610 540 hanc
625 483 834 557 reguiamllam
846 499 912 542 cum
926 492 966 543 te·
1003 485 1116 542 eudem:
1139 501 1206 559 ergo
1221 486 1280 544 sola
1293 487 1362 544 ratio
1378 486 1445 562 legis
1459 504 1513 546 non
1527 489 1651 547 continet
1664 490 1806 564 legislato-

159 579 228 630 xtus
241 572 287 629 ilie
300 572 426 644 requirat
439 572 617 630 concordiam
629 572 836 646 eligentium,et
848 589 966 631 concor·
1003 578 1042 632 ris
1057 578 1245 650 voluntatem,
1266 581 1332 652 quia
1346 595 1397 650 pro
1412 595 1463 636 suo
1478 581 1587 637 arbitrio
1602 583 1692 652 potnit
1709 599 1763 639 non
1778 585 1805 640 in

159 661 207 718 dia
229 663 256 717 in
281 664 373 734 rigore
388 663 543 734 significare
557 661 692 732 videatur,
709 669 740 720 ut
752 663 847 720 nullus
862 663 966 720 discre-
1003 667 1129 724 omnibus
1146 668 1182 722 illi
1197 668 1432 738 conformari,sed
1447 669 1538 726 solum
1549 677 1687 742 quatenus
1704 673 1804 744 voluit,

160 758 229 825 pet3
252 751 425 807 nihilominus
450 751 580 808 sufficere
603 759 717 824 censet,
743 761 776 810 ut
800 754 847 810 fiat
872 755 965 810 maiori
1003 762 1032 812 el
1054 758 1112 813 suis
1133 758 1224 813 verbis
1244 757 1399 830 explicavit.
1416 757 1491 815 Unde
1506 759 1597 816 intulit
1610 759 1685 816 Bald.
1705 778 1803 834 supra,

160 846 242 912 parte
256 843 458 922 consentiente:
472 840 610 897 namhaec
621 849 663 898 est
674 840 822 899 concordia
836 843 963 913 iuridica,
1003 847 1114 902 maioris
1130 848 1259 904 momenti
1274 862 1335 904 esse
1350 847 1443 917 rerba,
1456 862 1539 919 quam
1554 848 1698 920 rationem,
1711 855 1805 906 etiam

160 931 197 988 de
211 947 269 1004 qua
282 929 454 1004 intelligenda
468 937 512 986 est
524 931 569 987 illa
583 930 711 1002 lex,cum
723 947 776 989 non
790 930 924 1002 declaret,
935 947 965 988 se
999 934 1222 1007 magistralem,
1250 943 1281 992 ut
1304 937 1361 1006 ipse
1386 936 1524 1009 loquitur,
1551 939 1616 1010 quia
1635 938 1716 994 verbs
1738 944 1803 996 sunt

160 1019 233 1076 velle
249 1019 388 1076 communi
402 1021 455 1076 iuri
470 1017 699 1092 derogareUnde
710 1021 821 1093 colligo,
832 1022 870 1079 ita
881 1021 964 1078 licere
1000 1026 1079 1096 quasi
1102 1024 1168 1098 legis
1190 1024 1359 1094 substantia,
1380 1034 1408 1082 et
1431 1025 1584 1083 immediate
1600 1027 1740 1085 continent
1756 1044 1804 1085 vo·

160 1109 199 1166 ob
218 1125 280 1166 eam
299 1124 413 1166 eausam
428 1110 511 1166 verba
530 1108 597 1182 legis
616 1111 762 1182 improprie
779 1111 962 1182 interpretari,
1001 1112 1135 1170 luntatem
1150 1113 1324 1186 legislatoris.
1338 1115 1418 1174 Ratio
1432 1121 1524 1172 antem
1542 1115 1633 1174 solum
1648 1123 1753 1175 remote
1769 1119 1803 1175 il·

161 1206 194 1256 ut
206 1205 298 1256 tamen
313 1207 439 1256 serretur
454 1199 545 1272 alique
559 1202 713 1272 proprietas
728 1200 891 1272 verborum,
910 1199 964 1257 sal·
1000 1201 1057 1258 lum
1072 1202 1185 1260 indicat.
1265 1273 1274 1290 Ι

161 1295 218 1346 lem
233 1287 388 1346 secundum
403 1288 633 1346 consuetudinem
647 1289 730 1360 iuris,
751 1296 783 1346 ut
797 1290 822 1346 in
838 1289 962 1362 exemplo
1041 1293 1275 1351 redimiculum
1290 1289 1380 1351 tamen
1396 1296 1530 1367 posterior
1543 1296 1623 1352 etiam
1635 1312 1698 1368 pars
1717 1297 1803 1354 reris-

161 1378 286 1436 adducto
301 1384 422 1446 constat,
434 1385 462 1433 et
476 1377 546 1435 idem
561 1380 701 1435 invenitur
716 1379 742 1434 in
757 1379 825 1452 aliis,
839 1394 909 1451 quae
924 1379 962 1435 el·
999 1382 1068 1438 sima
1080 1389 1134 1438 est.
1149 1384 1264 1456 Oportet
1284 1391 1373 1440 tamen
1392 1386 1466 1442 circa
1487 1385 1560 1442 illam
1575 1386 1730 1454 advertere,
1747 1387 1800 1444 du·

162 1467 228 1524 lerri
254 1467 353 1525 solent.
380 1469 485 1540 Estque
508 1467 585 1524 valde
610 1476 826 1525 consentaneum
850 1469 960 1538 rationi3
997 1471 1096 1542 plicem
1115 1487 1175 1530 esse
1190 1488 1270 1544 posse
1284 1473 1416 1532 rationem
1434 1474 1515 1547 legis:
1532 1492 1615 1532 unam
1629 1479 1656 1532 in
1672 1477 1729 1550 lege
1743 1493 1799 1534 non

162 1558 231 1630 quia
244 1563 318 1630 esto,
332 1572 387 1614 non
407 1572 516 1628 semper
534 1557 706 1630 legislatores
720 1556 872 1630 loquantur
885 1558 962 1614 iuxta
997 1576 1171 1634 expressam,
1188 1561 1236 1618 sed
1251 1562 1284 1618 ab
1297 1564 1492 1634 interpretibus
1507 1569 1701 1638 excogitatam,
1718 1566 1800 1623 aliam

160 1647 318 1704 naturalem
344 1647 539 1718 proprietatem
561 1647 727 1717 verborum,
748 1661 857 1718 semper
870 1652 961 1703 tamen
996 1652 1025 1706 in
1039 1651 1098 1724 lege
1114 1652 1172 1724 ipsu
1187 1652 1358 1722 explicatam.
1367 1652 1444 1709 Prior
1457 1669 1523 1726 ergo
1538 1655 1609 1710 ratio
1622 1655 1684 1710 licet
1697 1653 1801 1728 aliquid

160 1737 294 1794 ridentur
309 1735 498 1809 loqni,saltem
512 1735 669 1794 secuudum
682 1736 801 1810 aliquam
815 1735 882 1792 iuris
897 1752 960 1809 pro·
998 1741 1122 1798 conlerat
1141 1739 1175 1797 ad
1196 1741 1397 1814 assequendam
1411 1742 1572 1815 legislatoris
1587 1751 1706 1800 mentem
1721 1785 1729 1815 ,
1745 1759 1801 1802 non

160 1827 307 1898 prietatem
322 1831 369 1881 aut
381 1824 620 1896 consuetudinem,
634 1825 744 1898 quando
760 1827 872 1882 materia
888 1824 963 1882 aliud
997 1837 1040 1886 est
1060 1838 1150 1888 tamen
1170 1838 1280 1889 certum
1295 1831 1442 1905 iudicium,
1465 1832 1510 1889 sed
1530 1833 1676 1905 probabilis
1691 1839 1800 1892 tantum

158 1932 217 1972 non
237 1914 371 1989 postulat.
392 1916 486 1988 Neque
506 1916 592 1971 maior
606 1915 726 1972 extensio
742 1914 847 1972 videtur
864 1915 963 1972 admit·
997 1919 1166 1993 coniectura;
1182 1927 1241 1977 tum
1254 1922 1319 1994 quia
1333 1937 1414 1994 saepe
1429 1922 1499 1978 ratio
1515 1938 1570 1980 non
1586 1929 1628 1980 est
1643 1928 1732 1996 certa,
1751 1922 1801 1980 sed

161 2005 258 2077 unda,
273 2021 308 2062 ne
322 2005 403 2062 detur
417 2007 530 2062 occasio
544 2011 572 2062 et
585 2005 694 2062 licentia
708 2004 905 2077 corrumpendi
920 2007 963 2062 iu·
997 2010 1023 2067 in
1047 2011 1172 2083 opinione
1199 2012 1349 2070 doctorum
1373 2012 1462 2084 posita
1486 2018 1545 2084 est,
1567 2018 1627 2069 tum
1642 2015 1723 2070 etiam
1737 2013 1803 2086 quia

159 2111 209 2166 ra,
229 2095 306 2169 quod
324 2102 368 2151 est
382 2097 470 2154 maius
485 2093 702 2164 incommodum,
718 2109 801 2168 quarn
816 2094 960 2153 admittere
997 2099 1188 2158 multominus
1203 2107 1312 2158 certum
1325 2107 1379 2174 est,
1391 2101 1463 2157 illam
1474 2101 1558 2158 luisse
1570 2103 1715 2175 rationem,
1729 2117 1802 2175 quae

161 2185 283 2257 aliquem
306 2186 376 2242 iuris
400 2186 611 2242 correctionem.
634 2184 727 2242 Altera
749 2187 792 2242 via
816 2186 963 2260 colligendi
998 2191 1082 2247 movit
1101 2191 1190 2263 ipsum
1212 2191 1412 2263 legislatorem,
1428 2207 1494 2248 cum
1513 2191 1619 2262 possint
1632 2197 1706 2248 esset
1722 2192 1800 2266 aliae,

161 2281 285 2332 mentem
299 2274 466 2348 legislatoris
481 2291 530 2347 per
545 2277 777 2346 comparationem
788 2275 822 2332 ad
837 2277 887 2333 alia
904 2277 963 2334 iura
998 2294 1014 2334 a
1033 2280 1135 2351 quibus
1155 2283 1259 2338 moreni
1280 2282 1417 2353 potuerit,
1438 2288 1467 2336 et
1479 2288 1681 2354 consequenter
1700 2288 1743 2338 est
1762 2283 1803 2338 in·

161 2369 205 2421 est
229 2380 277 2436 per
301 2365 489 2422 concordiam.
506 2364 559 2422 Ubi
579 2365 651 2420 enim
676 2365 841 2422 conveniens
864 2382 962 2424 sensus
998 2377 1123 2441 certum,
1146 2370 1282 2443 adquam
1303 2371 1436 2426 rationem
1451 2372 1536 2443 magis
1551 2370 1803 2428 accommodandus

161 2453 330 2525 legislatoris
351 2455 429 2510 sumi.
444 2470 499 2510 non
520 2459 613 2526 potest
625 2469 658 2510 ex
676 2454 766 2510 verbis
780 2457 807 2510 in
822 2455 912 2529 rigore
929 2473 962 2512 ac
998 2458 1032 2514 sit
1049 2474 1148 2516 sensus
1168 2459 1245 2530 legis.
1267 2461 1301 2515 nr
1314 2475 1379 2516 vero
1401 2459 1512 2533 quando
1526 2461 1595 2517 ratio
1612 2461 1678 2533 legis
1699 2462 1725 2518 in
1743 2463 1803 2534 ipsa

162 2541 284 2600 naturali
295 2545 464 2616 proprietate
478 2544 608 2616 sumptis,
620 2550 648 2600 et
661 2543 712 2600 alia
723 2539 881 2617 significatio
898 2563 964 2618 sup·
999 2548 1058 2621 lege
1072 2550 1243 2621 continetur,
1254 2563 1384 2620 magnum
1399 2549 1530 2606 indicium
1544 2565 1604 2606 esse
1618 2557 1709 2621 polest
1726 2566 1804 2607 men·
1903 2615 1913 2630 ¹

160 2637 242 2706 petit,
258 2634 285 2689 in
299 2649 355 2706 qua
368 2649 480 2690 sensum
494 2632 733 2690 accommodatum
747 2632 876 2708 reddunl3
894 2636 964 2692 mul·
998 2640 1033 2693 tis
1054 2637 1232 2710 legislatoris,
1254 2645 1282 2694 et
1301 2645 1364 2710 post
1383 2638 1467 2694 verba
1480 2641 1553 2712 ipss,
1576 2639 1683 2696 videtur
1702 2655 1804 2697 secun-

160 2729 222 2779 tum
236 2723 355 2796 iuvabit,
371 2724 394 2778 si
409 2723 470 2779 talis
484 2724 642 2796 significatio
658 2723 805 2781 verborum
820 2733 963 2782 consenta-
998 2729 1064 2786 dum
1079 2727 1251 2784 certitudinis
1266 2727 1359 2784 locum
1374 2728 1583 2801 obtinere,quia
1594 2735 1661 2784 tunc
1675 2730 1743 2785 rado
1765 2729 1806 2785 le·

161 2827 214 2868 nea
238 2813 274 2869 sit
295 2813 353 2868 aliis
368 2812 488 2885 iuribus,
506 2816 533 2869 in
547 2813 650 2886 qudrus
664 2813 762 2870 similia
777 2815 860 2870 verba
873 2815 900 2870 in
915 2815 962 2873 illo
997 2817 1039 2890 gis
1060 2823 1103 2874 est
1123 2816 1215 2889 aliquo
1236 2815 1317 2872 modo
1337 2831 1400 2886 pars
1414 2817 1490 2884 eius,
1508 2832 1571 2890 nens
1585 2817 1611 2872 in
1628 2833 1659 2873 ee
1682 2820 1806 2874 contine-

162 2917 248 2958 seosu
268 2903 459 2974 accipiuntur,
486 2901 528 2958 vel
552 2904 779 2974 aequiparantur:
806 2911 874 2962 tunc
891 2907 962 2961 enim
998 2913 1057 2978 tur,
1069 2913 1100 2963 ul
1115 2905 1376 2977 supponitur.Unde
1387 2921 1500 2962 necesse
1513 2914 1566 2979 est,
1577 2914 1609 2962 ut
1627 2914 1806 2979 pracceptum

122 3041 125 3046 .
162 2992 242 3050 valde
255 2992 404 3065 probabilis
415 2994 444 3048 tit
455 2991 514 3048 talis
522 2993 715 3064 interpretatio
730 3009 764 3050 ex
778 3000 867 3050 mente
883 2995 963 3067 legis·
997 3002 1026 3052 et
1040 2995 1167 3052 voluntas
1183 2993 1346 3066 legislatoris
1362 2994 1397 3050 sit
1410 2995 1509 3051 rationi
1523 3009 1590 3051 suae
1611 2996 1807 3054 accommoda-

161 3079 277 3154 latoris,
298 3083 365 3155 quia
384 3081 539 3138 secundum
559 3084 602 3139 ius
623 3082 698 3155 loqui
714 3086 912 3154 praesumitur.
930 3086 964 3141 Et
999 3091 1040 3157 ta,
1066 3093 1095 3141 et
1116 3089 1335 3155 consequenter,
1361 3089 1392 3140 ut
1411 3084 1495 3140 verba
1510 3084 1688 3156 significantis
1708 3094 1804 3144 actum

162 3171 218 3228 hoc
235 3174 353 3228 maxime
369 3170 450 3228 habet
464 3171 686 3245 locum,quando
703 3172 763 3228 talis
777 3174 964 3245 interpretatio
998 3180 1187 3246 praeceptum,
1199 3175 1220 3228 si
1236 3173 1363 3246 ambigua
1377 3174 1440 3246 sint,
1454 3190 1488 3231 ex
1499 3177 1604 3230 ratione
1620 3175 1655 3231 ibi
1675 3191 1808 3248 expressa

162 3261 283 3334 benigna
306 3268 360 3332 cst,
382 3267 411 3318 et
428 3261 534 3318 nullum
553 3261 625 3318 aliud
639 3261 725 3318 habet
744 3263 961 3333 incommodum,
999 3263 1253 3320 determinationem
1268 3265 1415 3336 accipiant,
1431 3279 1497 3336 ergo
1512 3280 1544 3322 es
1560 3265 1606 3321 tali
1627 3269 1733 3323 ratione
1748 3268 1807 3324 elli·

162 3365 227 3406 nana
252 3350 371 3424 benigna
394 3351 581 3422 interpretatio
605 3350 690 3424 legis,
716 3353 815 3408 ceteris
840 3352 962 3426 paribus,
999 3354 1104 3409 caciter
1118 3353 1252 3424 probatur
1268 3369 1343 3409 mens
1358 3353 1532 3425 legislatoris.
1553 3354 1632 3421 erod
1650 3356 1709 3412 ideo
1725 3358 1809 3413 mani·

164 3437 343 3511 praeferenda
356 3444 409 3511 est,
426 3441 502 3496 iusta
514 3439 533 3496 l.
550 3439 713 3512 benignius,
732 3439 761 3496 ll.
777 3441 810 3497 de
828 3441 942 3512 legibus.
999 3441 1100 3498 testum
1114 3441 1200 3498 risum
1215 3449 1258 3498 est
1272 3441 1392 3514 Baitolo,
1409 3450 1437 3498 et
1449 3442 1611 3499 multissliis
1628 3444 1804 3521 iurisperitis,

208 3533 252 3588 15.
272 3527 374 3585 Ultimo
397 3528 471 3585 circe
491 3527 622 3584 retionern
644 3527 714 3601 legia
735 3527 890 3588 addendum
910 3537 963 3601 est,
1000 3539 1031 3589 ut
1043 3547 1123 3603 saepe
1135 3531 1447 3604 nondistinguantinter
1459 3531 1529 3587 hanc
1542 3534 1673 3590 retionem
1691 3543 1719 3591 et
1732 3552 1807 3592 men·

163 3619 235 3677 illam
251 3615 363 3690 quidem
378 3633 431 3672 non
445 3617 615 3674 sufficienler
634 3620 776 3675 continere
794 3626 913 3676 mentem
928 3618 966 3676 lc·
1000 3630 1055 3680 tem
1069 3622 1243 3695 legislatoris,
1253 3629 1281 3678 et
1294 3629 1440 3694 utramque
1456 3623 1557 3694 pariter
1575 3630 1678 3681 vocant
1691 3626 1809 3684 animem

163 3709 321 3783 gisiatoris,
344 3707 366 3762 si
387 3711 477 3764 tamen
496 3705 529 3762 de
549 3707 592 3763 illa
606 3713 726 3778 constet,
743 3709 859 3766 multum
876 3710 966 3766 valere
1000 3711 1078 3784 legis,
1092 3717 1222 3782 utsupra
1236 3710 1341 3768 lih.lll.
1357 3710 1421 3782 disi,
1436 3719 1465 3768 et
1478 3713 1566 3785 attigit
1579 3715 1645 3770 Dec.
1665 3714 1725 3772 ioco
1741 3732 1807 3788 pro·

163 3799 199 3858 ad
220 3797 347 3856 eamdem
365 3803 483 3853 mentem
505 3795 666 3870 legislatoris
685 3797 909 3870 investigandam.
926 3801 966 3856 lta
1002 3803 1072 3858 xime
1097 3800 1193 3857 citato.
1211 3801 1406 3857 Verumtamen
1429 3801 1492 3857 licet
1514 3801 1560 3858 illa
1579 3801 1634 3859 duo
1659 3804 1714 3860 sint
1729 3804 1808 3863 valde

163 3888 262 3946 docuit
275 3887 352 3944 Bald.
369 3886 394 3941 in
410 3901 437 3942 c.
454 3889 544 3952 Licet,
562 3886 595 3943 de
609 3886 689 3942 elect.
702 3892 731 3943 et
745 3889 844 3944 Decius
858 3889 884 3944 in
901 3905 964 3961 cap.
1001 3889 1171 3962 propinqua,
1193 3889 1219 3945 in
1240 3889 1330 3962 rigore
1345 3894 1410 3945 sunt
1424 3889 1565 3961 distincta,
1581 3899 1612 3948 ut
1625 3893 1659 3949 ibi
1676 3896 1805 3969 probari,

163 3976 303 4038 Secundo
322 3979 464 4050 requiris,
486 3975 519 4033 de
538 3977 664 4049 appellat.
685 3983 713 4034 et
727 3977 819 4049 plures
834 3978 878 4035 alii
893 3979 966 4052 apud
1001 3985 1029 4036 et
1042 3978 1104 4036 ideo
1119 3980 1188 4035 ratio
1202 3983 1245 4034 est
1259 3978 1377 4035 medium
1392 3978 1426 4036 ad
1446 3980 1627 4054 indagandam
1647 3991 1808 4042 mentemst

165 4069 259 4142 Tiraq.
278 4069 305 4123 in
325 4066 399 4123 dicte
417 4065 438 4122 i.
457 4067 489 4124 ei
507 4069 642 4140 inquam,
660 4063 808 4135 §libertis
826 4085 854 4124 n.
870 4073 924 4143 233
940 4075 969 4126 et
1002 4067 1142 4126 moraliter
1155 4074 1275 4136 certum,
1290 4066 1401 4140 quando
1416 4074 1460 4124 est
1472 4070 1498 4124 in
1513 4069 1571 4142 iege
1586 4087 1730 4142 expressa:
1750 4089 1806 4131 non

164 4160 243 4233 prior
258 4173 323 4230 pars
337 4162 464 4228 constat,
484 4161 542 4212 tum
557 4156 621 4228 quia
635 4157 704 4227 ratio
719 4155 787 4229 legis
801 4172 855 4213 non
871 4163 913 4221 est
929 4165 968 4214 te·
1003 4165 1094 4214 tamen
1108 4158 1147 4213 ita
1160 4157 1305 4230 infallibile,
1320 4158 1385 4230 quin
1401 4157 1467 4215 aliae
1481 4160 1563 4216 etism
1581 4161 1808 4220 circumstantiae

167 4255 233 4306 stus
253 4247 339 4319 legis,
359 4246 513 4302 tumeliam
528 4245 592 4318 quia
606 4244 693 4304 multa
708 4261 756 4317 per
770 4245 858 4318 legem
872 4247 969 4305 huma·
1003 4245 1195 4318 ponderandae
1214 4247 1283 4318 sint,
1304 4247 1460 4318 quinetiam
1476 4248 1562 4319 ipsius
1577 4250 1688 4306 rationis
1706 4268 1805 4308 sensus

168 4355 234 4395 narn
248 4342 412 4393 statuuntur
427 4334 540 4392 arbitrio
556 4335 749 4407 potius,quam
763 4344 840 4393 certa
851 4339 967 4412 ratione,
1002 4341 1167 4408 potestesse
1182 4336 1377 4408 ambiguus,et
1389 4352 1423 4394 ex
1437 4337 1496 4393 aliis
1514 4341 1728 4398 circumstantiis
1743 4357 1807 4399 cer-

102 4483 105 4488 .
166 4436 196 4487 et
210 4428 272 4484 ideo
289 4443 348 4484 non
367 4429 517 4488 oninium,
537 4439 613 4497 quae
624 4440 679 4499 per
692 4424 768 4499 leges
781 4431 966 4500 emittuntur,
1003 4428 1058 4483 tior
1081 4424 1214 4482 redditur.
1227 4427 1263 4483 lit
1276 4429 1436 4500 contingere
1451 4430 1534 4484 etiam
1550 4437 1653 4502 potest,
1670 4438 1702 4488 ut
1714 4448 1747 4490 ex
1761 4447 1807 4490 ea·

167 4521 248 4576 ratio
268 4513 356 4574 reddi
375 4519 487 4588 potest,
513 4519 545 4570 ut
558 4513 660 4571 dicitur
672 4516 700 4570 in
715 4515 732 4570 l.
750 4531 811 4572 non
823 4521 966 4586 oninium,
1004 4514 1067 4573 dem
1080 4517 1183 4572 ratione
1197 4515 1325 4573 voluntas
1340 4519 1421 4573 variis
1439 4517 1525 4574 modis
1539 4525 1567 4574 et
1581 4520 1614 4576 ad
1627 4519 1734 4578 diversa
1749 4539 1808 4579 mo·

167 4608 203 4667 de
216 4608 299 4682 legilr.
316 4607 446 4675 Quamvis
464 4605 537 4662 enim
556 4604 598 4662 ier
618 4620 726 4677 semper
741 4607 775 4662 sit
790 4608 888 4664 rationi
904 4624 970 4665 con·
1005 4611 1115 4678 reatus,
1138 4611 1167 4662 et
1186 4603 1246 4662 ideo
1260 4605 1293 4662 ad
1308 4606 1386 4676 plene
1405 4607 1627 4679 cognoscendum
1644 4609 1807 4682 legislatoris

169 4707 313 4770 sentanes,
328 4695 506 4754 nihilominus
519 4693 616 4751 electio
629 4693 699 4770 inter
712 4709 756 4768 ea,
769 4711 840 4768 quae
852 4697 972 4754 rationa-
1005 4695 1185 4768 voluntatem,
1200 4711 1270 4766 quae
1283 4704 1326 4752 est
1340 4698 1449 4768 propria
1460 4713 1535 4754 meos
1550 4699 1622 4770 sius,
1634 4715 1689 4756 non
1703 4701 1809 4758 sullicit

169 4789 234 4847 bilia
254 4792 339 4860 sunt,
360 4801 440 4858 saepe
459 4801 514 4842 non
533 4783 616 4841 habet
631 4784 782 4858 rationem,
798 4793 825 4842 et
839 4785 901 4844 ideo
915 4802 970 4844 non
1005 4784 1064 4842 sola
1077 4787 1159 4856 ratio,
1174 4785 1256 4841 etiam
1270 4785 1296 4840 in
1309 4785 1369 4857 lege
1383 4800 1524 4857 expressa,
1540 4786 1588 4843 sed
1602 4788 1692 4845 omnia
1705 4804 1807 4862 expen-

169 4895 280 4954 semper
294 4884 339 4937 est
351 4873 547 4950 investiganda,
568 4879 599 4932 ut
612 4873 713 4932 dieitur
728 4876 755 4932 in
771 4875 789 4932 i.
804 4879 833 4934 et
844 4875 920 4947 ideo,
941 4877 969 4936 li'.
1006 4873 1093 4933 denda
1108 4881 1183 4947 sunt,
1198 4880 1226 4932 et
1240 4879 1341 4932 attente
1356 4875 1565 4932 consideranda.

251 5341 357 5399 Silam,
368 5347 398 5392 Be
405 5345 537 5401 Leptim·-
544 5345 599 5390 Pars
608 5341 636 5388 tt.
