4256 6224
432 329 495 392 552
675 381 681 390 .
1143 339 1309 390 ursnnrx.

392 471 463 528 tione
482 470 630 544 loquendol
647 470 753 542 signum
774 471 973 536 necessarium,
991 473 1020 523 ut
1037 467 1082 524 illo
1100 467 1190 539 posito
1227 471 1372 538 parentum
1387 469 1445 521 crat
1460 463 1579 521 conditio
1593 462 1748 520 neccssaria
1762 468 1790 518 et
1808 463 1864 518 sinc
1882 478 1932 535 quo
1948 479 2002 536 oon3

391 561 585 617 iustidorretur
599 559 740 631 parvulus.
759 559 837 618 Retio
857 557 954 630 prioris
975 559 1058 628 partis
1072 565 1100 613 et
1118 557 1191 628 prin·
1228 562 1257 611 et
1271 562 1360 612 temen
1376 569 1465 627 nequa
1478 553 1512 610 de
1526 552 1571 609 illa
1584 552 1639 610 dici
1655 559 1756 625 potest,
1768 551 1841 624 quod
1853 554 1958 624 gretiam
1967 553 2004 610 da·

389 649 514 720 cipaliter
533 653 649 707 intentae
664 655 719 719 est,
741 650 815 721 quod
834 647 939 704 nullum
961 661 1032 719 opus
1047 648 1113 720 legis
1134 649 1191 704 sive
1227 652 1270 702 ret
1285 645 1378 700 intanti
1391 659 1425 700 ex
1440 660 1522 716 opero
1539 649 1664 715 operato,
1681 659 1730 699 nec
1745 641 1819 716 quod
1833 645 1940 715 gratiam
1953 659 2005 699 con-

389 739 526 809 scriptae,
544 739 600 794 cire
620 738 752 794 naturalis
766 738 856 810 potuit
875 736 1035 808 iustificare,
1050 743 1189 810 quatenus
1225 735 1340 806 tineret;
1356 737 1411 790 imo
1430 733 1579 789 nec'causc
1595 733 1743 788 institiones
1756 731 1900 804 parvulum
1915 735 2005 804 proprie
2088 735 2089 760 ³

387 834 446 884 erat
460 843 530 898 opus
545 827 604 884 talis
618 826 695 900 legis,
708 829 782 884 iuxtu
795 827 950 884 doctrinam
961 826 1036 883 Pauli
1048 842 1131 898 suprn
1144 826 1192 883 de-
1224 823 1277 880 dici
1290 828 1395 895 potest,
1412 825 1462 879 nisi
1482 823 1521 880 vel
1538 823 1589 880 late
1608 828 1656 880 aut
1669 824 1817 894 improprio
1836 821 1932 892 modo,
1946 825 2005 880 sicut

386 917 531 988 cleratarn,
543 923 569 973 ct
580 919 659 973 iuxta
669 915 824 973 doctricem
835 915 1014 972 conciliorum
1026 921 1053 970 et
1068 921 1187 987 potrum,
1224 913 1327 971 dicitur
1337 913 1370 970 dc
1384 913 1507 986 qunlibet
1521 913 1651 984 remedio,
1664 912 1706 969 vel
1722 911 1889 983 conditione,
1900 913 1950 968 sine
1962 929 2006 984 qua

386 1004 433 1062 sad
448 1006 637 1074 circumcisio,
651 1011 680 1062 et
693 1004 868 1077 aequivalens
883 1004 1034 1062 remedium
1045 1011 1106 1060 erat
1120 1019 1190 1076 opus
1224 1018 1290 1074 non,
1315 1004 1357 1061 rel
1377 1011 1514 1077 quatenus
1535 1003 1650 1060 tortasse
1669 1003 1769 1060 babere
1790 1009 1895 1074 poterat
1913 1003 2006 1074 sliquod

386 1094 451 1167 legis
468 1098 599 1167 scriptae,
615 1095 657 1152 vel
672 1095 817 1166 naturalis,
833 1110 901 1167 ergo
913 1110 966 1151 non
982 1095 1072 1166 potuit
1089 1092 1189 1150 babere
1224 1095 1353 1150 meritum
1367 1093 1402 1150 de
1415 1109 1557 1167 congruo,
1573 1092 1615 1149 rel
1631 1093 1860 1165 impetrationem,
1876 1091 1944 1164 quod
1957 1109 2005 1165 per-

384 1199 417 1241 er
431 1201 460 1242 sc
481 1186 608 1242 virtutem
629 1184 803 1242 iustificandi.
819 1186 914 1257 Neque
936 1185 1003 1241 baec
1023 1199 1086 1254 pars
1108 1199 1190 1255 repu·
1225 1187 1291 1242 tinet
1310 1186 1395 1258 magis
1409 1184 1442 1241 ud
1463 1201 1532 1257 opus
1547 1184 1699 1257 operantis,
1713 1183 1746 1240 de
1766 1199 1822 1256 quo
1841 1191 1960 1256 superest
1975 1183 2007 1238 di-

384 1281 450 1347 gnst
470 1275 633 1348 posteriori,
656 1274 719 1347 quir
734 1276 807 1331 beus
828 1290 881 1330 oon
901 1289 934 1330 ex
948 1273 973 1329 vi
988 1273 1072 1346 legis,
1094 1272 1141 1328 sed
1155 1289 1189 1330 ex
1223 1274 1352 1331 cendum.

385 1363 482 1419 merito
498 1362 598 1420 Christi
613 1363 737 1434 proesiso
754 1362 842 1420 voluit
855 1364 937 1420 etiam
953 1378 1001 1434 pro
1016 1377 1049 1418 eo
1065 1369 1188 1436 tempora
1260 1369 1288 1422 8.
1303 1364 1363 1421 Alis
1381 1364 1495 1421 obiectio
1509 1369 1552 1420 est
1566 1370 1665 1421 contre
1686 1362 1800 1419 alterurn
1814 1369 1920 1434 purtem
1932 1361 1961 1418 de
1973 1365 2005 1417 iu·
2090 1353 2091 1356 ’

383 1452 532 1509 remedium
549 1452 668 1523 parvulis
689 1447 833 1522 adhibere,
854 1458 882 1508 et
908 1459 1107 1524 consequenter
1122 1452 1190 1509 illud
1222 1455 1380 1511 stificatione
1394 1471 1426 1510 ex
1441 1469 1521 1526 opere
1537 1453 1692 1525 operantis3
1715 1467 1777 1508 nam
1794 1453 1862 1508 brec
1881 1451 1954 1507 etiam
1966 1449 2005 1506 dn·

383 1544 465 1598 etium
482 1541 601 1612 providit
615 1542 695 1599 modo
709 1548 893 1598 consentaneo
909 1543 1012 1597 meritis
1030 1541 1143 1613 Christi,
1159 1549 1189 1598 ει
1222 1542 1282 1614 pler
1296 1549 1348 1615 est,
1365 1544 1472 1600 scilicet
1485 1543 1583 1614 prims,
1602 1548 1630 1598 et
1643 1540 1763 1599 seeundo
1778 1557 1829 1596 seu
1847 1545 2005 1612 augmentum

383 1631 538 1688 hominibus
556 1632 773 1689 accommodato.
791 1632 826 1687 Et
840 1631 926 1703 priori
941 1633 1046 1690 rutionc
1061 1633 1186 1700 instituit,
1221 1635 1475 1704 primum-utroquo
1489 1639 1580 1689 sortem
1592 1631 1707 1689 obtineri
1722 1630 1812 1702 potuit
1823 1629 1850 1684 in
1864 1627 1908 1685 illu
1921 1629 2004 1698 tegeor
2091 1651 2092 1654 ¹

382 1727 413 1778 ut
429 1720 490 1777 telis
507 1721 594 1791 gratia
607 1736 659 1776 non
675 1720 798 1792 deretur,
811 1723 863 1777 nisi
878 1722 903 1776 in
919 1719 971 1777 tide
985 1723 1031 1778 liei
1043 1728 1071 1778 et
1088 1721 1188 1778 Christi
1222 1736 1304 1792 opera
1325 1721 1463 1794 operantis
1484 1736 1532 1793 per
1553 1735 1636 1791 opera
1656 1720 1779 1777 eiusdem
1794 1717 1881 1790 legis,
1901 1731 1959 1788 argo
1972 1715 2004 1771 ier

380 1809 503 1866 venturi:
522 1810 664 1882 posteriori
678 1817 770 1866 nutem
785 1810 890 1866 ratione
906 1811 1034 1880 instituit,
1052 1818 1084 1868 ut
1099 1811 1142 1868 illa
1157 1813 1186 1867 li·
1221 1813 1279 1883 ipsu
1301 1819 1361 1868 erut
1381 1827 1466 1868 causa
1488 1811 1633 1884 utriusque
1655 1809 1872 1876 iustificationis,
1886 1808 2004 1880 quirent

378 1900 427 1956 des
448 1915 501 1956 non
524 1908 598 1956 esset
620 1907 725 1958 tentum
745 1901 873 1970 interior,
890 1899 939 1957 sed
955 1907 986 1956 ut
1006 1900 1097 1974 aliquo
1111 1902 1186 1974 signo
1219 1917 1304 1961 csuss
1319 1918 1504 1976 operum,per
1518 1916 1589 1975 quae
1600 1901 1643 1957 ills
1657 1901 1746 1973 tiebat,
1759 1914 1827 1972 crgo
1844 1898 1961 1954 absolute
1973 1895 2004 1951 di·

379 1990 505 2047 crteriori
525 1989 729 2060 ostenderetur,
749 1995 780 2047 ut
799 1991 835 2048 itu
855 1989 976 2046 membra
991 1990 1132 2047 Ecclesiae
1146 1993 1186 2048 ri·
1219 1993 1305 2050 cendu
1318 2000 1361 2050 est
1374 1994 1537 2050 iustibcnssc
1551 2007 1584 2050 es
1598 2007 1680 2062 opere
1698 1990 1846 2062 operantis.
1867 1988 1944 2045 lliuor
1961 2001 2004 2058 quo

379 2078 461 2136 sibilis
480 2094 528 2149 per
550 2078 678 2135 visibilem
698 2079 816 2152 aliquam
837 2081 896 2136 lidei
920 2079 1118 2150 professionem
1139 2096 1186 2154 ag·
1220 2085 1253 2141 nd
1273 2085 1391 2156 priorem
1408 2089 1511 2154 partem
1526 2082 1559 2139 dc
1574 2081 1867 2160 primeiustidcatione
1879 2077 2004 2149 probatur,

377 2177 568 2242 gregurentuq
581 2175 609 2224 et
624 2167 676 2224 boc
690 2168 771 2224 trehet
782 2184 831 2240 per
844 2171 1084 2226 circumcisionem
1095 2173 1122 2227 in
1137 2188 1185 2243 po·
1219 2176 1283 2247 qula
1304 2175 1328 2230 in
1348 2171 1393 2229 illu
1411 2174 1469 2245 lege
1483 2171 1694 2244 comparabatur
1708 2170 1796 2242 prima
1819 2167 1922 2226 iustitia
1934 2164 2005 2222 medio

377 2258 443 2330 pulo
457 2259 518 2327 lici,
534 2265 612 2314 extro
626 2258 700 2314 illurn
717 2273 799 2330 sero,
816 2258 857 2314 vel
873 2267 934 2315 ante
949 2259 1028 2316 illum
1042 2261 1123 2318 tiebat
1137 2261 1187 2317 uli·
1218 2264 1393 2336 dispositione
1415 2262 1554 2334 operantis
1574 2277 1622 2334 per
1641 2267 1720 2318 actus
1744 2259 1806 2316 fidei
1833 2259 1891 2330 spei
1908 2263 1934 2312 et
1950 2254 2006 2311 ceri·

377 2363 434 2420 quo
445 2349 521 2420 signo
539 2347 648 2404 arbitrio
660 2348 801 2404 bominum
815 2346 1006 2406 determincto.
1019 2351 1053 2406 Et
1068 2351 1105 2406 ita
1117 2366 1184 2407 con·
1218 2354 1282 2410 tntis
1303 2368 1335 2410 nc
1353 2351 1541 2421 contritionis,
1565 2357 1596 2407 ut
1613 2355 1656 2408 est
1668 2349 1701 2407 dc
1717 2349 1767 2406 tide
1781 2355 1893 2405 certum
1910 2361 1940 2402 er
1952 2346 2005 2400 Eza-

378 2444 449 2510 stat,
465 2438 588 2522 porpisse
603 2436 668 2494 illud
683 2438 791 2510 signum
805 2453 867 2495 esse
881 2440 1069 2496 necessarium
1085 2445 1112 2496 ει
1127 2440 1185 2496 sul·
1218 2441 1299 2498 cbiel.
1324 2447 1365 2500 18.
1381 2448 1409 2498 et
1424 2445 1476 2510 ³3,
1496 2447 1570 2498 etex
1583 2438 1711 2496 doctrina
1735 2439 1846 2495 concilii
1875 2434 2004 2504 tridentini,

377 2527 481 2598 ficiens,
495 2533 525 2583 ut
540 2527 573 2584 cd
585 2529 765 2600 praesentiam
777 2526 850 2584 illius
862 2531 935 2585 bcus
947 2529 1108 2586 irrstilicaret
1121 2545 1184 2602 prr·
1218 2547 1287 2588 sess.
1308 2535 1351 2602 ll,
1368 2547 1429 2602 cup.
1447 2535 1478 2588 t:
1497 2544 1581 2601 suprs
1595 2535 1688 2586 cutem
1702 2533 1848 2586 ostensum
1868 2532 1919 2594 est,
1934 2525 2006 2595 legem

378 2616 473 2674 nulum
492 2621 548 2675 sine
567 2616 622 2674 ullu
635 2618 757 2688 actione,
773 2618 814 2674 vel
834 2618 935 2675 virtuto
951 2618 1010 2674 tulis
1030 2619 1134 2692 operis,
1150 2635 1183 2676 nc
1217 2621 1290 2677 illem
1309 2622 1480 2692 praecepisse
1495 2619 1638 2676 bos‘netus
1653 2619 1834 2690 poenitentiae
1851 2618 2005 2672 etvirtutum

378 2707 492 2764 subinde
509 2711 566 2764 sinc
580 2723 662 2779 opere
677 2714 803 2779 opercto,
819 2707 867 2763 sed
882 2724 914 2764 er
928 2709 1014 2781 gratie
1030 2709 1076 2765 bei
1090 2724 1137 2781 per
1153 2709 1182 2764 li-
1219 2709 1426 2782 tbeologalium3
1447 2723 1514 2781 ergo
1535 2706 1721 2780 praecipiebat
1740 2711 1841 2777 uctrrs,
1859 2705 1955 2779 quibus
1968 2703 2006 2757 ho-

377 2795 439 2853 dem
462 2797 571 2862 Christi,
587 2805 615 2853 et
635 2797 661 2852 in
679 2797 738 2852 eius
760 2797 872 2853 virtute.
888 2797 965 2863 Quod
982 2797 1046 2853 nihil
1067 2798 1182 2870 emplius
1218 2803 1303 2858 mines
1325 2800 1544 2858 iustihcabcntur
1562 2807 1595 2856 er
1609 2812 1692 2870 cpcrc
1707 2797 1847 2869 operantis
1864 2793 2004 2866 dispositive

376 2886 563 2944 necessarium
584 2891 636 2952 εει,
652 2900 741 2958 neque
756 2884 837 2942 hobet
851 2885 1056 2944 tundamentum
1067 2889 1094 2944 in
1110 2890 1182 2945 Scri·
1216 2892 1291 2950 etde
1310 2906 1452 2963 congruo,
1473 2889 1536 2946 licet
1550 2904 1604 2944 non
1619 2887 1652 2944 de
1667 2886 1821 2960 condigno,
1847 2899 1913 2957 crgo
1925 2881 2005 2938 iustil-

377 2982 470 3048 ptura,
486 2972 527 3031 sel
542 2976 658 3047 rutionc,
670 2990 760 3048 neque
772 2982 832 3032 crat
846 2983 1060 3033 consentaneum
1076 2976 1112 3034 illi
1128 2983 1183 3035 sta·
1216 2983 1297 3040 esbal
1324 2995 1373 3054 per
1397 2995 1481 3052 opera
1500 2993 1566 3049 sun,
1587 2994 1641 3033 non
1658 2978 1733 3033 enlm
1748 2974 1859 3031 videtur
1876 2975 1916 3030 lex
1929 2973 2005 3042 ulique

377 3067 426 3134 tui,
438 3068 465 3122 in
484 3081 540 3140 quo
554 3068 651 3122 merita
663 3066 763 3122 Christi
778 3064 899 3122 nondum
912 3073 991 3123 erent
1010 3067 1136 3142 exhibite,
1150 3074 1182 3125 ut
1215 3088 1296 3145 posse
1317 3071 1423 3128 meliori
1443 3068 1526 3125 modo
1547 3083 1595 3140 per
1616 3073 1697 3124 actus
1712 3082 1780 3122 suos
1797 3065 1954 3122 iustificare.
1968 3060 2004 3116 ll·

376 3156 405 3213 d.
420 3156 537 3235 prmas
552 3172 635 3228 will
651 3164 726 3213 Γθθῑθ
739 3155 870 3212 ⁶00¹&ss-
1215 3168 1272 3220 tere
1295 3177 1359 3218 vero
1380 3176 1444 3232 pars
1463 3158 1498 3216 de
1519 3157 1642 3214 secunda
1661 3155 1857 3213 iustillcstione
1876 3152 2002 3225 probatur,

418 3251 443 3308 i.
460 3247 601 3314 Quomodo
616 3253 710 3303 autern
728 3247 754 3303 in
769 3247 821 3303 boc
841 3247 992 3319 baptismus
1008 3255 1121 3319 superet
1134 3264 1181 3306 on·
1214 3253 1280 3324 quis
1304 3265 1389 3323 opera
1412 3250 1499 3320 bons,
1524 3246 1624 3320 quibus
1648 3245 1771 3302 homines
1791 3243 1859 3300 iusti
1876 3242 2004 3300 serrsbant

377 3337 453 3410 tique
465 3336 596 3408 remedio,
608 3337 635 3392 in
649 3337 723 3394 dicto
733 3337 794 3393 loon
809 3343 960 3394 tractatum
973 3344 1026 3410 est,
1039 3337 1086 3393 ubi
1096 3340 1179 3397 etiarn
1214 3341 1287 3398 illam
1301 3341 1404 3413 legem,
1430 3345 1509 3395 erunt
1524 3337 1663 3394 meritoria
1676 3335 1710 3393 de
1731 3334 1870 3408 condigno
1884 3329 2004 3406 augmenti

284 3471 291 3488 .
376 3426 541 3484 obiectiones
562 3427 628 3483 aliae
643 3433 708 3482 sunt
722 3426 842 3498 solutae,
858 3442 946 3500 neque
960 3427 1066 3486 invenio
1082 3443 1179 3485 noram
1214 3431 1328 3504 gratiss,
1341 3430 1417 3486 iuxta
1431 3428 1583 3485 doctrinam
1596 3433 1784 3495 communem,
1805 3431 1921 3490 certam,
1932 3428 1956 3477 et
1967 3419 2004 3476 de·

376 3516 493 3574 alicuius
518 3514 664 3586 momenti,
686 3516 732 3572 cui
753 3516 908 3573 setislucere
927 3517 1111 3574 necessarium
1133 3517 1179 3572 sit.
1214 3521 1316 3576 linitum
1328 3521 1355 3575 in
1370 3518 1486 3576 concilio
1502 3516 1659 3587 tridentino,
1673 3529 1741 3570 sess.
1760 3517 1788 3586 ti,
1804 3529 1870 3586 cap.
1892 3519 1932 3585 ιιι,
1945 3523 2004 3582 quae

266 3625 269 3630 ·
375 3609 443 3663 Nam
457 3606 531 3678 quod
555 3606 668 3678 quidam
681 3605 803 3663 inierunt
823 3609 917 3680 sequi,
938 3607 1179 3665 circumcisionem
1213 3617 1323 3668 nonest
1337 3609 1449 3666 limituta
1462 3605 1496 3662 sd
1510 3614 1615 3663 statum
1629 3605 1696 3678 legis
1709 3605 1828 3678 gratiae,
1843 3601 1892 3660 sad
1905 3614 2003 3674 genera-

377 3695 538 3753 iustilicasse
551 3711 585 3752 err
605 3710 689 3767 opere
709 3703 841 3767 operrto,
863 3711 916 3754 oon
937 3697 1075 3771 intelligo,
1096 3713 1179 3771 quarn
1214 3701 1247 3757 lis
1260 3707 1304 3758 est
1320 3699 1354 3757 sd
1369 3698 1459 3756 omnis
1475 3704 1607 3768 tempore,
1618 3701 1649 3752 ut
1662 3695 1779 3767 probant
1791 3694 1876 3750 etiem
1891 3693 2004 3764 spiritua·

377 3785 431 3843 rim
446 3785 562 3856 hebeat,
579 3787 644 3858 quia
663 3801 750 3858 neque
766 3785 836 3843 illius
856 3787 1049 3859 consequentis
1068 3804 1179 3845 sensum
1214 3789 1252 3847 les
1265 3789 1462 3863 promissiones
1478 3787 1567 3859 capite
1582 3783 1757 3858 praecedenti
1770 3782 1921 3840 adductos.

376 3877 445 3933 sutis
461 3876 591 3948 percipio.
601 3875 679 3943 Quod
692 3875 764 3932 enim
775 3883 819 3932 cst
831 3875 899 3932 illud
910 3893 979 3949 opus
994 3877 1180 3949 operandum?
1252 3885 1279 3938 9.
1295 3881 1376 3938 Circe
1394 3877 1513 3951 priorem
1532 3881 1638 3948 partem
1658 3873 1743 3947 aliqui
1763 3872 1886 3945 theologi
1905 3877 2002 3942 oegad,

377 3971 426 4026 sut
446 3967 515 4021 enim
529 3971 573 4022 est
592 3967 683 4035 ipsum
702 3981 771 4037 opus
791 3963 986 4037 redemptionis
999 3966 1115 4038 Christi,
1130 3973 1179 4024 aut
1213 3978 1296 4028 nctus
1316 3969 1377 4026 lidei
1395 3966 1452 4039 spei
1470 3973 1499 4023 et
1516 3965 1637 4024 caritatis
1652 3964 1737 4021 luisse
1754 3971 1919 4036 praeceptos
1931 3963 1955 4017 in
1968 3958 2004 4015 illa

376 4054 415 4111 dc
430 4054 482 4110 alio
502 4061 546 4110 est
565 4068 667 4110 sermo.
683 4054 741 4110 lloc
762 4057 899 4124 posterius
920 4071 974 4111 non
994 4055 1083 4126 video,
1105 4055 1179 4129 quod
1213 4059 1373 4133 lege,ducti
1389 4057 1561 4130 potissimum
1573 4055 1675 4112 ratione
1691 4050 2003 4126 lacta,quiaaliashomo

378 4144 427 4215 sit,
443 4149 492 4200 aut
504 4158 560 4216 qun
579 4141 754 4200 fundamento
774 4144 889 4215 cogitem
904 4145 1006 4216 possit,
1023 4154 1051 4202 et
1065 4146 1125 4202 ideo
1141 4145 1180 4203 ls-
1213 4150 1406 4218 iustificaretur
1427 4163 1460 4204 ex
1480 4145 1609 4218 operibus
1624 4144 1695 4201 illius
1712 4144 1792 4217 legis.
1809 4143 1899 4210 Quam
1914 4139 2004 4211 opinio·

377 4232 429 4289 cile
445 4240 562 4306 negstur
576 4233 696 4306 sequela.
714 4233 742 4290 Si
757 4249 821 4312 sero
836 4233 869 4304 de
889 4235 972 4306 priori
986 4251 1067 4308 opere
1081 4252 1181 4292 conse·
1213 4257 1275 4297 nem
1289 4238 1393 4296 indicat
1407 4235 1509 4295 lledinr
1528 4237 1553 4292 l.
1569 4239 1598 4306 t,
1613 4250 1641 4306 q·
1653 4237 1700 4305 99,
1713 4239 1766 4290 art.
1781 4237 1810 4302 5,
1825 4232 1872 4288 ubi
1887 4245 1939 4286 oon
1950 4228 2003 4284 sim-

377 4337 465 4396 quens
480 4322 546 4378 illud
562 4321 733 4395 intelligitur,
749 4322 874 4394 prolecto
888 4339 942 4407 ncn
960 4331 1033 4382 esset
1047 4341 1178 4398 nrrguum
1213 4329 1321 4402 pliciter
1338 4327 1475 4400 loquitur,
1492 4322 1539 4380 sed
1554 4338 1619 4380 curn
1634 4321 1725 4378 addito
1740 4323 1788 4393 uit,
1808 4319 1885 4395 quod
1894 4329 2004 4395 praece

377 4413 581 4484 inconveniens,
597 4413 734 4485 sequelum
749 4412 976 4488 ndmitterc,quia
989 4432 1041 4473 non
1056 4423 1181 4489 propter·
1208 4423 1267 4494 pin
1280 4416 1358 4491 fidei
1380 4431 1439 4472 non
1453 4417 1603 4487 pertinent
1613 4413 1778 4486 praecipue
1793 4409 1836 4467 ad
1849 4409 1941 4482 legem
1954 4421 2004 4462 nto

377 4517 409 4558 eu
429 4502 555 4560 Christus
575 4503 661 4575 gratis
681 4509 809 4560 mortuus
840 4510 934 4576 esset,
961 4505 1180 4578 quandoquidem
1213 4511 1346 4574 coicum,
1365 4503 1415 4563 sed
1429 4503 1470 4562 erl
1484 4503 1578 4577 lencm
1591 4499 1806 4575 euangelicam,
1823 4500 1870 4556 ubi
1884 4495 2003 4571 particulo

378 4608 448 4664 opus
465 4591 658 4663 redemptionis
672 4593 733 4647 elus
752 4594 915 4665 supponitur
928 4609 1008 4666 esse,
1024 4594 1098 4668 quod
1114 4600 1179 4651 tunc
1210 4600 1374 4674 praecipue
1396 4595 1486 4653 reddit
1504 4594 1653 4650 obscuram
1670 4592 1849 4658 sententiam
1866 4602 1970 4644 names
1983 4585 2003 4637 d

377 4682 551 4754 iustiticabat,
567 4681 662 4738 saltem
678 4683 827 4738 meritorie.
845 4683 990 4755 Nunquam
1008 4691 1096 4741 tumen
1117 4699 1180 4756 pro·
1214 4687 1285 4744 illius
1299 4687 1390 4758 potius
1407 4685 1514 4740 videtur
1529 4681 1676 4753 affirmari,
1697 4686 1845 4752 praecepta
1865 4677 1912 4734 illa
1933 4675 2003 4732 etism

378 4775 436 4844 prie
451 4771 553 4828 dicitur
568 4771 745 4828 circumcisio
756 4771 916 4830 iustificassc
930 4789 1108 4848 quocumque
1123 4789 1181 4831 mo·
1214 4777 1379 4849 pertinuisse
1403 4774 1436 4832 ad
1460 4774 1547 4846 legem
1564 4773 1732 4842 mosaicum,
1753 4770 1817 4826 licet
1836 4765 2003 4842 principalius

378 4863 424 4933 do,
436 4865 565 4936 quianon
582 4871 642 4920 erut
653 4877 737 4919 csusa
749 4863 879 4926 iustitiae,
892 4863 939 4920 sed
954 4870 1059 4921 tentum
1072 4866 1180 4938 signum
1214 4872 1341 4938 spectent
1359 4862 1392 4921 ad
1412 4862 1608 4936 evangelicam.
1623 4865 1652 4917 ln
1674 4860 1726 4917 hoc
1740 4867 1833 4916 autem
1851 4873 1932 4914 sensu
1943 4852 2003 4910 iden

379 4953 567 5009 necessarium
582 4951 615 5008 sd
630 4952 810 5022 profitendam
824 4953 920 5024 tidem,
936 4955 993 5011 sine
1007 4971 1062 5027 quu
1077 4955 1180 5026 proles·
1214 4955 1306 5012 dicere
1330 4961 1437 5027 poterat
1463 4954 1496 5009 de
1522 4952 1651 5009 omnibus
1676 4951 1832 5022 praeceptis
1853 4947 2002 5012 moralibus,

379 5043 454 5098 sione
474 5043 560 5115 gratia
577 5058 629 5098 non
651 5042 745 5100 luisset
762 5044 824 5101 dcta
846 5044 975 5118 parvulo,
992 5045 1044 5102 sub
1065 5061 1120 5118 qua
1137 5061 1180 5102 rn·
1214 5059 1284 5116 quac
1305 5044 1458 5117 perfectiori
1479 5041 1560 5098 modo
1582 5040 1739 5110 traduntur,
1755 5047 1784 5097 et
1802 5038 1970 5111 explicantur
1981 5034 2004 5087 in

380 5131 450 5188 tione
466 5139 541 5189 recte
554 5130 607 5186 dici
628 5138 719 5202 potest
733 5133 869 5204 conditio,
886 5133 941 5190 sine
960 5149 1015 5206 qua
1029 5149 1099 5202 non,
1115 5134 1180 5206 quia
1215 5134 1273 5207 lege
1288 5133 1460 5208 evangelicu,
1482 5130 1596 5188 intendit
1611 5137 1703 5187 uutcrn
1717 5128 1821 5186 llcdina
1836 5127 2003 5184 dillerentiam

379 5219 424 5277 illa
438 5234 492 5278 non
506 5227 550 5280 est
561 5235 658 5295 ccusa,
675 5227 706 5281 ut
721 5226 840 5280 constat.
855 5223 922 5280 llern
936 5223 1017 5282 etiem
1033 5225 1092 5297 ipsc
1113 5223 1179 5281 fides
1214 5223 1381 5282 constituere
1396 5223 1465 5280 inter
1481 5228 1597 5294 utruque
1614 5225 1771 5293 presqeptn,
1784 5217 1815 5276 ‘et
1828 5217 1892 5274 ideo
1908 5214 2004 5274 ridetur
