4278 6242
884 377 989 480 asnar
1002 409 1055 458 ιιι.
1687 399 1746 463 151

141 543 254 594 matum
266 551 376 610 earum,
387 534 493 593 etiarnsi
504 536 621 594 maxima
633 535 814 610 congruentia
824 533 867 591 vel
879 533 953 590 simi·
987 536 1014 589 in
1030 539 1122 590 mente
1136 533 1316 626 legislatoris,
1334 535 1397 593 lieet
1412 536 1502 594 uerbis
1516 553 1571 594 non
1587 539 1652 596 satis
1667 555 1727 596 eam
1742 538 1788 596 de-

141 626 233 683 litudo
249 625 421 684 intercedere
435 624 573 697 rideatur,
590 631 622 682 ut
635 623 689 682 dixi
703 627 786 682 etiarn
799 625 825 681 in
840 631 907 681 tom.
922 627 949 694 ι,
986 623 1236 696 clarereritsutest
1247 640 1329 681 cesus
1345 628 1369 682 in
1382 642 1407 683 e.
1422 629 1447 682 si
1459 633 1628 701 postquam,
1643 632 1691 700 fisi
1705 644 1782 696 vero,

142 718 170 773 in
188 723 216 774 3.
233 732 260 789 p.
278 733 307 790 q.
325 718 373 788 et,
388 724 441 773 art.
457 722 482 775 e.
500 717 525 773 iu
539 723 688 773 comment.
987 712 1021 769 de
1035 715 1117 770 elect.
1135 715 1161 770 in
1177 718 1212 786 6,
1227 714 1279 770 ibi:
1300 718 1384 790 Quae
1404 732 1464 771 nou
1488 717 1583 773 solum
1601 723 1635 773 ut
1653 721 1719 790 prais
1741 733 1788 774 ve·

186 809 215 866 i.
232 809 365 879 Superest
385 805 532 864 dicendum
551 805 585 862 de
606 807 691 864 altera
710 813 788 880 parte
803 805 870 879 legis
886 819 952 877 poe·
987 805 1064 869 nint,
1082 803 1133 860 sed
1146 807 1288 860 etinmeoc
1304 808 1351 860 sui
1365 810 1460 862 mente
1474 809 1580 879 accipit,
1599 805 1678 878 quoti
1696 823 1788 880 espace

143 899 232 972 nelis,
255 913 326 971 quae
346 904 390 954 εει
409 885 573 970 prohibitio,
597 899 640 955 vel
667 905 861 971 praeceptum,
888 910 952 951 nom
987 892 1030 950 ced
1042 892 1139 964 finem
1159 897 1310 967 negotium
1327 901 1542 968 prosequatur,
1562 913 1627 954 cum
1642 898 1786 954 similibus.

143 989 223 1046 loen.
246 988 332 1046 Andr.
349 989 375 1045 in
389 1003 452 1060 cap.
468 985 652 1062 Dispendia,
670 988 703 1045 de
718 987 845 1058 rescript.
858 985 907 1042 lib.
922 987 949 1041 ι.
987 985 1058 1040 Ριιιε
1079 1000 1144 1041 ιειο
1165 985 1303 1041 extensive
1323 1001 1399 1042 mene
1415 1002 1466 1042 seu
1480 988 1671 1059 interpretatio
1686 987 1789 1045 dicitur

145 1078 231 1147 dixit,
247 1095 298 1151 per
315 1077 523 1135 similitudinem
542 1079 656 1134 rationis
670 1075 779 1136 extendi
797 1073 953 1148 dispositio·
988 1072 1048 1146 illa,
1065 1088 1113 1145 per
1132 1089 1215 1147 quam
1229 1074 1385 1132 extenditur
1399 1075 1541 1147 dispositio
1556 1077 1624 1149 legis
1639 1076 1673 1133 ad
1690 1093 1787 1134 casum

146 1185 213 1225 nem
230 1168 296 1243 legis
315 1168 457 1241 poenalis,
475 1169 539 1225 licet
552 1183 607 1226 non
626 1169 790 1226 extendatur
804 1181 901 1238 poena.
917 1166 965 1222 Et·
988 1179 1042 1218 non
1057 1164 1288 1236 comprehensum
1303 1164 1355 1221 sub
1371 1173 1459 1222 mente
1479 1166 1655 1239 legislatoris,
1674 1175 1788 1240 propter

146 1263 241 1330 potest
263 1257 387 1330 suaderi,
409 1259 474 1330 quia
495 1256 591 1314 eadem
612 1265 656 1315 εει
675 1260 745 1316 ratio
764 1255 798 1313 de
813 1255 864 1312 bac
879 1255 951 1328 lege,
988 1253 1218 1324 similitudinem,
1235 1254 1277 1312 ιει
1291 1255 1436 1326 paritatem
1453 1258 1576 1313 rationis.

147 1364 221 1420 quae
241 1348 274 1405 de
290 1347 413 1422 qualibet
427 1347 479 1404 alia
492 1348 629 1422 obligante
643 1365 692 1422 per
706 1351 761 1405 vim
777 1347 950 1410 directivam,
1028 1349 1056 1402 9.
1073 1346 1129 1401 ιιοε
1140 1346 1243 1418 posito,
1256 1345 1294 1401 sic
1308 1353 1502 1418 argumentor:
1517 1349 1707 1420 interpretatio
1719 1363 1789 1420 pure

148 1439 320 1512 quinetiam
341 1438 386 1496 lex
405 1437 527 1510 poenalis
549 1445 580 1495 ut
598 1439 787 1512 praecipiens,
803 1438 845 1494 vel
860 1436 953 1508 prohi-
988 1437 1146 1506 extensiva,
1165 1442 1193 1492 ει
1204 1452 1258 1494 nnn
1271 1436 1496 1509 comprehensiva
1508 1454 1659 1511 numquam
1671 1441 1788 1510 sufficit,

146 1527 217 1585 bens
236 1527 320 1584 hebet
333 1543 411 1585 suam
427 1529 481 1584 tim
494 1526 673 1602 directitam3
688 1529 778 1586 solum
794 1527 846 1584 hoe
865 1533 955 1599 potest
989 1531 1021 1581 ut
1041 1525 1180 1598 dispositio
1201 1526 1267 1597 legis
1287 1526 1389 1599 obliget
1403 1529 1428 1582 in
1445 1545 1529 1598 casu,
1545 1529 1579 1585 ad
1598 1531 1724 1598 quamsit
1742 1547 1790 1587 ex-

147 1621 175 1674 in
199 1635 234 1675 ea
255 1617 422 1674 considerari
441 1617 577 1689 speciale,
596 1619 670 1692 quod
685 1619 789 1675 ratione
806 1617 954 1674 adiunctae
991 1617 1077 1671 tensio
1098 1631 1132 1672 es
1153 1617 1180 1671 vi
1202 1615 1261 1672 talis
1282 1615 1367 1688 legis,
1384 1617 1432 1673 scd
1450 1621 1592 1692 extensio,
1607 1635 1678 1692 quae
1693 1621 1722 1676 fit
1741 1636 1790 1692 per

147 1723 255 1780 poenae
269 1708 379 1764 ridetur
392 1707 791 1781 potiusrestringenda,quam
807 1706 954 1763 extendeu·
990 1705 1197 1762 similitudinem
1218 1707 1331 1761 rationis
1354 1707 1409 1761 sine
1430 1706 1596 1764 adminiculo
1629 1706 1788 1782 verborum,

149 1797 200 1870 da,
218 1797 312 1871 quoad
325 1798 378 1855 hoc
394 1803 424 1854 ut
437 1813 525 1871 poena
538 1800 847 1871 restringatur,utnun
863 1804 955 1855 exten·
990 1810 1133 1867 nunquam
1159 1801 1203 1851 est
1228 1795 1470 1866 comprehensiva,
1494 1797 1540 1852 sed
1562 1814 1632 1868 pura
1651 1801 1786 1870 extensio,

148 1887 243 1944 datur.
268 1887 321 1945 Sed
340 1888 394 1944 hoc
409 1903 462 1944 nnn
477 1888 569 1961 cogit,
585 1890 650 1960 quia
665 1904 753 1960 poena
766 1895 810 1944 est
824 1887 892 1960 quid
909 1903 955 1944 ac·
989 1898 1054 1956 crgo
1073 1886 1178 1958 ratione
1192 1885 1266 1941 illius
1282 1891 1389 1968 tantum
1405 1903 1548 1960 nunquam
1563 1887 1605 1944 lea
1620 1889 1722 1962 obligat
1739 1907 1790 1961 per

149 1979 323 2046 cessarium,
346 1984 375 2034 ει
395 1977 511 2034 directio
532 1977 601 2051 legis
614 1986 657 2034 est
671 1978 835 2052 principale:
852 1986 882 2034 ει
895 1977 955 2035 ideo
991 1974 1043 2029 rim
1060 1972 1232 2029 directivam.
1248 1974 1322 2041 Quae
1338 1977 1409 2032 ratio
1424 1977 1551 2048 procedit
1564 1984 1619 2035 tam
1633 1981 1660 2035 in
1676 1978 1734 2051 lege
1749 1981 1790 2036 la·

149 2084 205 2125 nen
226 2074 271 2124 est
290 2066 415 2124 habenda
434 2069 506 2125 ratio
520 2069 685 2140 accessorii,
702 2071 724 2125 si
740 2067 890 2140 principale
906 2083 955 2139 per
991 2062 1121 2134 vocabili,
1138 2079 1222 2136 quam
1243 2064 1269 2119 in
1290 2066 1411 2140 poenali,
1428 2071 1617 2142 correctoria,
1631 2076 1660 2125 et
1675 2086 1791 2143 quomo-

149 2173 180 2214 se
201 2163 360 2228 spectatum
383 2158 464 2229 petit,
487 2157 530 2214 vel
552 2157 671 2214 admittit
688 2159 888 2229 extensionem,
907 2154 955 2212 sed
991 2151 1149 2224 ducumque
1171 2152 1281 2225 odiosa,
1299 2162 1330 2210 ut
1343 2171 1392 2227 ρει
1408 2171 1436 2212 se
1452 2163 1535 2228 patet.
1555 2159 1682 2215 Maiorem
1699 2159 1790 2215 uiden·

150 2245 196 2303 lex
219 2245 354 2302 directira
372 2261 427 2303 non
443 2245 574 2304 adiiciena
589 2263 707 2320 poenam
720 2246 875 2305 extenditur
893 2260 956 2317 pro·
991 2248 1037 2298 tur
1051 2241 1129 2313 plane
1144 2258 1299 2314 supponere
1313 2245 1390 2300 lmol.
1404 2247 1543 2303 etGemin.
1563 2248 1616 2304 imo
1631 2251 1712 2305 etium
1728 2249 1789 2325 Syl·

149 2341 213 2407 pter
237 2335 442 2392 similitudinem
470 2337 600 2408 rationis,
626 2343 740 2409 ergoet
765 2337 807 2392 lex
836 2335 956 2408 poenalis
992 2339 1062 2412 rest.
1088 2339 1116 2388 ct
1135 2333 1284 2405 probatur,
1302 2335 1366 2406 quie
1385 2335 1507 2392 turmalis
1528 2339 1597 2393 ratio
1614 2339 1792 2398 constitutiva

150 2424 244 2498 quoad
270 2424 476 2496 dispositionem
489 2434 523 2482 et
536 2425 726 2484 directionem.
744 2427 796 2484 Sed
811 2425 879 2483 baec
895 2441 958 2481 sen·
992 2421 1058 2493 legis
1074 2428 1116 2477 est
1131 2437 1207 2477 mens
1221 2421 1401 2498 legislatoris,
1415 2425 1467 2481 sub
1478 2441 1532 2498 qua
1545 2427 1713 2486 viiluntatem
1730 2433 1791 2488 eius

150 2516 237 2571 tentia
251 2516 278 2570 in
294 2515 387 2586 primis
400 2515 466 2570 inec
477 2514 619 2587 displicet,
631 2515 704 2588 quod
717 2522 826 2586 separat
841 2530 956 2588 poenam
992 2512 1138 2582 praecipue
1159 2509 1296 2584 intelligo,
1318 2527 1384 2585 ergo
1406 2515 1479 2586 quod
1495 2531 1549 2571 non
1564 2517 1615 2573 luit
1630 2518 1682 2574 sub
1699 2527 1791 2577 mente

151 2622 167 2660 a
182 2603 363 2675 dispositione
386 2603 471 2677 legis,
494 2620 556 2661 nant
578 2605 643 2663 lieet
658 2622 753 2662 verum
769 2607 822 2676 sit,
839 2619 955 2676 poenam
992 2600 1403 2676 legislatoriscomprehensum,
1418 2595 1469 2660 non
1483 2607 1702 2682 potestsuhlege
1714 2625 1789 2668 eom-

149 2695 221 2766 legis
239 2710 293 2750 non
305 2709 387 2766 posse
398 2692 507 2750 extendi
519 2694 552 2751 ad
563 2711 642 2767 eum,
655 2697 703 2768 qui
716 2695 789 2752 illam
801 2694 889 2766 legem
901 2710 957 2750 non
993 2690 1140 2763 prehendi,
1155 2705 1221 2776 ergo
1244 2708 1296 2747 non
1319 2699 1409 2762 potest
1423 2693 1521 2751 cadere
1537 2696 1588 2752 sub
1604 2696 1670 2770 legis
1686 2701 1792 2774 obliga·

151 2783 262 2854 uiolet,
285 2784 333 2838 cui
354 2781 461 2839 adiecta
476 2789 536 2853 est,
552 2787 659 2840 etiamsi
673 2784 753 2841 eliam
769 2783 884 2840 similem
901 2785 958 2839 vio·
995 2781 1114 2853 tionem,
1131 2796 1198 2854 ergo
1211 2783 1233 2838 si
1244 2782 1430 2856 interpretatio
1443 2787 1478 2842 sit
1490 2802 1559 2857 pure
1569 2791 1721 2864 extensive,
1737 2809 1792 2850 non

151 2872 208 2944 let,
227 2879 259 2928 ut
273 2871 392 2943 probant
405 2873 496 2929 omnia
510 2871 585 2929 dicta
600 2873 773 2946 insuperiori
785 2879 902 2944 puncto,
917 2873 957 2927 ni·
993 2877 1085 2942 potest
1096 2871 1224 2928 eultlcere
1237 2871 1271 2929 ad
1283 2872 1472 2944 obligationem
1486 2875 1562 2949 legis.
1572 2879 1709 2936 Probatur
1724 2898 1791 2938 con·

152 2962 306 3020 hilominus
325 2964 349 3016 si
364 2969 479 3034 propter
493 2947 604 3019 ratibnis
619 2962 824 3020 similitudinem
835 2961 958 3019 extendi·
993 2961 1135 3032 sequentia
1151 2959 1246 3017 ultima
1266 2968 1341 3034 lnam
1355 2970 1445 3020 cetera
1459 2969 1549 3023 emnia
1563 2984 1611 3039 per
1626 2985 1655 3026 se
1671 2978 1736 3027 nota
1752 2973 1790 3028 ιι-

153 3061 202 3111 ιιιι
223 3051 369 3124 dispositio
390 3051 458 3124 legis
479 3053 617 3124 poenalis,
640 3059 844 3126 consequenter
864 3050 958 3107 dieen-
996 3048 1114 3123 dentur)
1130 3065 1162 3107 ει
1178 3050 1240 3106 dala
1255 3051 1440 3109 declaratione
1457 3059 1654 3132 terminorum,
1666 3063 1729 3132 quia
1744 3063 1791 3118 illa

152 3141 220 3198 dum
242 3148 306 3212 est,
328 3139 424 3197 violari
445 3141 533 3214 legem
553 3140 627 3197 illam
642 3157 691 3214 per
705 3148 800 3198 actum
815 3139 912 3210 illum,
928 3141 956 3195 in
993 3137 1097 3195 dicitur
1111 3155 1187 3210 pura
1196 3141 1334 3212 extensio,
1347 3157 1419 3214 quae
1433 3143 1462 3201 fit
1475 3144 1549 3202 ultra
1561 3152 1647 3205 toturn
1660 3150 1701 3224 id,
1715 3149 1792 3223 quod

152 3240 210 3303 qno
232 3229 326 3286 similis
346 3231 418 3285 ratio
440 3229 634 3300 militat,'alias
653 3230 795 3304 quomodo
809 3230 851 3288 lex
864 3235 959 3287 exten·
993 3228 1046 3284 sub
1063 3235 1152 3285 mente
1164 3229 1327 3300 legislatoris
1342 3233 1596 3304 comprehenditur.
1609 3238 1686 3305 Quod
1698 3249 1791 3297 autem

153 3319 230 3376 ditur
247 3318 281 3374 ad
296 3318 373 3374 illum
388 3317 504 3374 actum?
518 3319 545 3374 Si
557 3325 650 3376 ιιιιειιι
665 3320 707 3376 lex
719 3320 854 3391 violetur,
870 3334 958 3390 poena
994 3317 1056 3374 telis
1078 3319 1113 3375 sit
1133 3319 1272 3390 extensio,
1288 3336 1359 3393 quae
1374 3323 1404 3378 tit
1419 3339 1469 3393 per
1483 3325 1570 3382 solam
1589 3327 1792 3387 similitudinem

153 3409 214 3464 eius
231 3408 402 3478 incurritur,
418 3408 482 3481 quia
495 3407 646 3480 adaequata
660 3415 702 3474 est
715 3410 765 3482 ipsi
784 3409 856 3482 legi,
871 3417 899 3466 ει
914 3424 958 3465 se·
993 3409 1116 3479 rationis,
1135 3409 1210 3482 quod
1226 3410 1252 3464 in
1266 3410 1363 3467 minori
1379 3414 1551 3488 sumebatur,
1564 3419 1707 3489 probatur,
1724 3423 1792 3491 quia

154 3497 252 3570 quitur
274 3499 521 3569 transgressionem
534 3500 610 3568 eius,
623 3506 756 3572 tanquam
770 3499 958 3556 accessorium
994 3498 1053 3554 sola
1071 3497 1220 3555 similitudo
1235 3501 1350 3556 rationis
1365 3517 1417 3557 nun
1432 3503 1566 3576 ostendit,
1579 3506 1631 3563 sub
1647 3507 1788 3566 voluntate

153 3585 316 3660 principale.
336 3586 439 3644 Deinde
453 3587 579 3659 displicet
593 3589 650 3660 ipsa
666 3591 799 3660 assertio,
812 3590 877 3661 quia
893 3587 959 3645 licet
994 3586 1156 3661 legislatoris
1176 3589 1376 3660 comprehensa
1389 3591 1473 3649 luisse
1488 3595 1595 3669 omnia,
1612 3612 1684 3668 quae
1699 3599 1792 3655 simili-

155 3678 347 3750 aequiparatio
371 3677 443 3733 laeta
464 3693 530 3735 cum
550 3678 609 3734 aliis
629 3677 735 3751 legibus
748 3678 888 3735 directinis
903 3694 958 3734 nnn
995 3676 1117 3733 tudinem
1133 3677 1244 3734 rationis
1259 3678 1328 3735 iuter
1342 3695 1371 3736 se
1385 3680 1499 3753 babent,
1516 3692 1547 3740 ut
1565 3685 1683 3756 probant
1697 3689 1788 3744 omnia

156 3766 321 3838 poenalibus
341 3765 467 3823 videatur
487 3766 654 3839 probabilis,
670 3767 846 3825 nihilominus
860 3767 959 3824 lunda·
994 3768 1068 3824 dicta
1082 3766 1114 3823 de
1130 3767 1234 3839 poenis.
1250 3771 1318 3826 Nam
1337 3771 1412 3828 sicut
1428 3771 1556 3844 obligatio
1572 3775 1604 3831 ad
1620 3791 1735 3848 poenam
1750 3785 1791 3836 ta·

155 3862 282 3912 mentum
296 3854 378 3912 etiam
393 3855 419 3911 in
434 3854 491 3911 aliis
508 3855 615 3930 legibus
630 3871 730 3912 censeo
744 3871 805 3913 esse
820 3856 930 3912 laisum.
994 3855 1046 3914 ιειιι
1068 3873 1122 3913 non
1142 3857 1265 3915 nascitur
1284 3874 1317 3915 ex
1332 3859 1389 3916 sola
1402 3861 1523 3935 ratione,
1539 3863 1587 3920 sed
1601 3881 1634 3922 ex
1650 3866 1790 3925 voluntate

197 3951 224 4003 8.
241 3947 310 4002 Dice
325 3960 403 4018 ergo,
415 3945 519 4001 nullam
531 3945 619 4018 legem
631 3946 739 4004 extendi
755 3947 847 4020 quoad
863 3949 959 4004 aincu-
994 3946 1173 4021 legislatoris,
1196 3963 1267 4020 quae
1287 3955 1377 4006 stante
1399 3951 1477 4008 simili
1493 3955 1597 4010 ratione
1619 3961 1709 4028 potest
1723 3957 1793 4017 velle

155 4034 215 4092 lunt
234 4034 408 4107 obligationis
429 4035 456 4090 in
475 4037 662 4108 conscientia,
678 4037 754 4110 quod
767 4053 816 4108 per
830 4052 858 4093 ee
873 4037 960 4108 impo-
994 4037 1065 4094 hanc
1086 4037 1126 4094 vel
1148 4037 1221 4094 illam
1236 4054 1367 4112 poenam,
1387 4045 1415 4096 et
1429 4056 1482 4098 non
1499 4031 1593 4116 allam3
1609 4047 1647 4102 ita
1661 4047 1789 4120 obligatio

156 4126 212 4196 nit,
234 4131 352 4197 propter
369 4123 457 4181 solam
477 4125 681 4184 similitudinem
699 4127 741 4184 tel
756 4130 899 4200 paritatem
916 4144 959 4184 ra·
994 4126 1128 4184 directiva
1142 4129 1265 4184 nascitur
1278 4145 1313 4185 ex
1325 4128 1478 4205 voluntate,
1490 4138 1519 4188 ει
1533 4132 1600 4190 haec
1613 4151 1668 4208 non
1684 4153 1792 4210 semper

156 4215 241 4270 tionis
262 4211 296 4269 ad
316 4229 414 4270 casum
435 4213 581 4288 omissum,
601 4223 631 4273 et
644 4215 720 4273 nullo
734 4217 816 4274 modo
832 4233 964 4289 compre*
994 4222 1102 4274 tantum
1116 4215 1281 4290 extenditur,
1297 4225 1432 4291 quantum
1448 4222 1561 4278 rationis
1576 4223 1745 4298 similitudo,
1761 4233 1793 4283 ut

152 4303 276 4360 hensum
299 4303 351 4360 sub
372 4301 564 4374 significatione
586 4307 735 4363 verborum
754 4306 837 4381 legis,
854 4310 960 4366 etiamsi
995 4305 1020 4362 in
1041 4307 1135 4379 poenis
1155 4307 1303 4378 probatum
1318 4316 1377 4382 est,
1392 4315 1420 4366 et
1433 4310 1459 4367 in
1474 4313 1624 4370 rationibus
1638 4331 1688 4388 pro
1702 4321 1792 4390 prime

153 4391 191 4449 de
207 4391 254 4448 tali
268 4390 417 4448 essunihil
431 4393 572 4464 paraliam
587 4393 673 4468 legem
688 4395 851 4468 dispositum
868 4401 915 4471 sit,
931 4407 961 4456 et
995 4395 1127 4453 sententia
1140 4394 1277 4452 adductis.

155 4481 215 4537 sive
230 4480 274 4537 lex
287 4495 403 4553 poenam
419 4481 519 4556 addet,
534 4483 590 4540 sive
604 4499 658 4540 non
674 4484 765 4542 addat.
782 4487 818 4543 Ut
831 4486 903 4546 hane
916 4505 960 4546 as·
1038 4491 1081 4546 10.
1098 4485 1253 4558 Respondet
1268 4494 1360 4545 autem
1372 4488 1490 4566 sylvest.
1505 4491 1590 4549 verbo
1605 4491 1666 4560 lesa,
1681 4505 1790 4568 quaest.

153 4572 308 4628 sartionem
329 4572 462 4642 probem,
485 4588 610 4644 suppono
631 4573 807 4632 distinctione
828 4579 959 4654 quadam,
998 4579 1042 4639 ts.
1059 4577 1134 4632 sicut
1148 4575 1260 4652 physice
1274 4585 1317 4634 est
1330 4579 1571 4653 impossibile,esse
1585 4584 1709 4641 eamdem
1723 4603 1790 4644 cau·

153 4675 213 4734 que
229 4667 347 4716 utuntur
357 4658 434 4717 lmel.
451 4663 556 4719 demin.
572 4662 664 4737 Tiraq.
677 4671 706 4721 et
719 4664 794 4740 sylv.
809 4666 876 4723 loeis
891 4671 961 4724 cita·
996 4680 1074 4736 sam,
1091 4666 1156 4737 quin
1171 4672 1304 4738 sequatur
1319 4667 1391 4724 idem
1405 4671 1533 4740 allectus,
1547 4674 1585 4729 ita
1596 4671 1734 4746 loquendo
1750 4677 1792 4734 iu·

154 4752 213 4822 tis,
230 4751 279 4822 qui
298 4749 412 4821 dicunt,
427 4749 565 4822 duplicem
579 4767 639 4828 esse
655 4761 773 4811 mentem
784 4754 959 4827 legislatoris,
995 4752 1096 4825 ridice,
1113 4768 1173 4808 esse
1187 4753 1367 4828 impossibile,
1383 4773 1443 4814 esse
1457 4759 1581 4817 eamdem
1597 4763 1748 4837 rationem,
1765 4775 1793 4824 ει

154 4838 307 4911 relpotius
318 4840 572 4912 interpretationem
581 4843 681 4900 mentis
691 4842 867 4918 legislatoris,
878 4861 960 4902 unam
996 4859 1049 4899 nou
1063 4857 1123 4898 esse
1137 4843 1210 4900 idem
1221 4845 1276 4914 ius,
1289 4860 1355 4903 eum
1368 4849 1438 4903 ratio
1449 4849 1509 4920 ipsa
1524 4851 1559 4908 sit
1574 4852 1724 4910 formaliter
1734 4857 1790 4929 ius,

155 4928 434 5000 comprehensivam,
450 4929 529 4986 aliam
544 4932 730 5004 extensiram,
746 4932 820 5005 quod
839 4933 906 5006 ergo
920 4936 961 4990 in·
996 4937 1024 4989 et
1043 4931 1102 5003 lex,
1123 4935 1174 4988 nisi
1190 4932 1241 4989 hoe
1255 4935 1292 4990 sit
1305 4951 1338 4991 ex
1354 4936 1494 4994 voluntate
1510 4939 1690 5012 legislatoris,
1707 4959 1792 5015 quam

155 5017 254 5091 telligo
276 5033 346 5090 pure
367 5021 552 5091 extensivam,
574 5021 702 5094 generale
718 5037 818 5078 nomen
834 5022 962 5095 imperle·
995 5028 1086 5079 tamen
1100 5023 1178 5095 sequi
1192 5039 1244 5079 nnn
1260 5029 1401 5095 tenemur,
1415 5027 1466 5082 nisi
1477 5030 1659 5099 exprimatur.
1676 5030 1791 5090 Verum-

157 5108 242 5164 ctiori
256 5107 381 5166 membro
396 5108 567 5180 applicando.
582 5111 815 5183 eomprehenstva
825 5113 962 5187 interpre·
997 5119 1087 5170 temen
1107 5113 1175 5169 baec
1195 5113 1327 5186 obiectio,
1343 5114 1434 5172 ablata
1452 5116 1571 5188 quadarn
1586 5121 1792 5192 aequivocatio-

155 5195 242 5270 tdtio,
258 5199 301 5255 vel
316 5201 440 5256 extensio
454 5207 509 5272 est,
523 5201 633 5274 quando
645 5217 693 5273 per
705 5201 777 5259 illam
787 5201 959 5276 declaratur,
997 5220 1047 5271 ue,
1069 5219 1152 5275 quarn
1172 5203 1303 5275 involuit,
1320 5207 1406 5277 magis
1426 5207 1572 5265 confirmat
1591 5217 1714 5267 nostram
1730 5227 1792 5269 sen·

157 5289 243 5348 talem
262 5303 379 5364 casum,
396 5289 439 5345 ιει
460 5304 605 5362 personam
625 5292 856 5365 comprehensam
876 5293 961 5352 luisse
997 5295 1123 5367 tentiam,
1148 5309 1232 5367 quom
1256 5309 1316 5354 eam
1340 5303 1491 5371 oppugnet.
1514 5299 1705 5374 AEquitocetio
1725 5315 1791 5376 ergo
