4294 6238
878 359 1073 410 carurvut.
1696 340 1759 406 289

149 495 245 544 autem
261 486 395 559 dicimus,
409 486 636 545 consuetudinem
650 489 732 546 ettam
747 486 864 560 legalem
878 500 960 560 posse
996 483 1090 556 scribi,
1104 493 1135 542 ut
1149 485 1213 542 disi.
1224 484 1344 558 [lenique
1359 485 1407 559 qui
1424 485 1581 557 oppositum
1596 482 1703 548 dixerit.
1716 499 1798 558 opor·

148 593 230 649 esse,
247 583 275 634 et
291 579 383 634 rocari
397 579 593 650 praescriptam
607 621 614 649 ,
629 577 716 636 latiori
732 577 812 634 modo
828 577 872 634 illo
892 591 959 634 voce
996 582 1051 645 tet,
1075 584 1106 633 ot
1127 582 1231 633 textum
1246 573 1381 632 ostendat.
1399 577 1434 631 Et
1452 573 1513 631 ideo
1534 573 1567 630 de
1583 574 1640 631 iure
1655 575 1797 632 communi

148 665 267 724 utendo.
286 667 322 723 Et
337 666 369 724 ad
391 667 524 724 rationem
540 667 640 724 laetam
660 665 876 740 respondemus,
891 669 959 722 con·
994 664 1107 723 locutus
1129 681 1207 737 sum,
1234 668 1299 739 quia
1322 665 1355 722 da
1380 665 1439 722 iure
1459 663 1569 735 speciali
1589 664 1706 722 alicuius
1722 664 1797 737 regni

148 755 326 814 suetudinem
349 757 441 830 quoad
462 759 505 813 ius
531 757 699 814 denominari
722 759 918 828 praescriptam
940 771 955 812 a
993 755 1265 828 aliudessepoteri13
1283 753 1796 828 dequoinlradicamconsequentia

148 847 370 916 consuetudine,
386 861 434 918 per
448 862 531 919 quam
546 847 712 920 acquiritur,
731 845 956 904 consuetudinem
993 861 1058 903 vero
1079 846 1223 918 probatur,
1245 845 1308 919 quin
1329 847 1438 918 propria
1459 844 1644 918 praescriptio·
1658 849 1700 900 eet
1715 843 1795 915 longe

149 943 243 992 atatem
253 936 321 993 lacti
331 936 496 993 denominari
508 937 705 1009 praescriptam
718 952 732 991 a
744 935 957 1007 conditionibus,
993 935 1101 992 dir'crsa
1121 950 1136 991 a
1156 934 1374 1005 consuetudine,
1397 932 1469 990 tande
1489 933 1654 1006 dispositum
1677 935 1704 990 in
1726 949 1792 1004 una,

149 1026 253 1100 quibua
269 1027 366 1082 allecta
380 1034 435 1096 est,
446 1026 561 1096 scilicet,
574 1027 637 1099 quia
651 1033 695 1083 est
708 1024 849 1095 diuturna,
861 1023 958 1080 volun·
993 1041 1049 1083 noa
1064 1032 1156 1097 potest
1169 1042 1234 1082 cum
1250 1023 1427 1082 laudamento
1441 1023 1551 1080 extendi
1567 1022 1601 1080 ad
1615 1023 1703 1080 aliam.
1713 1027 1795 1082 Prae·

148 1117 240 1185 teria,
259 1116 400 1172 communi
421 1130 576 1186 consensu,
591 1120 646 1172 etc.
658 1123 687 1171 ot
707 1114 850 1172 similibus.
866 1116 902 1171 Et
922 1115 959 1171 ita
993 1115 1087 1173 sertim
1107 1131 1172 1172 cum
1193 1131 1247 1172 non
1269 1117 1305 1173 sit
1324 1115 1419 1172 eadem
1434 1115 1516 1184 ratio,
1534 1128 1596 1170 nam
1612 1113 1639 1170 ln
1655 1117 1795 1185 praeseri·

150 1204 310 1276 potestdici
327 1207 497 1278 praescripta
508 1221 536 1262 se
551 1207 621 1278 ipsa,
632 1207 695 1279 quia
710 1211 796 1262 totam
808 1205 881 1262 illam
896 1219 959 1277 pet·-
994 1207 1090 1278 ptione
1110 1206 1267 1279 acquiritur
1287 1206 1329 1262 ius
1344 1211 1439 1262 contra
1453 1204 1547 1275 alium,
1561 1206 1621 1276 ipso
1637 1203 1730 1274 inrito,
1745 1207 1793 1277 qul

149 1293 300 1351 lectionem
316 1293 440 1352 habetes
451 1311 501 1352 sua
513 1294 597 1352 veluti
609 1295 759 1352 intrinseca
772 1303 799 1352 et
810 1295 889 1369 quasi
904 1295 959 1352 lor·
993 1297 1120 1369 pulsatur
1138 1311 1167 1354 re
1183 1311 1247 1370 stra,
1265 1295 1306 1352 rel
1321 1295 1380 1352 iure
1394 1310 1460 1368 suo,
1476 1301 1504 1350 et
1518 1293 1578 1350 idea
1594 1295 1716 1366 oportuit
1729 1293 1794 1352 defi·

151 1385 214 1441 mali
231 1383 409 1456 perfectione.
425 1384 503 1452 Quod
523 1391 611 1442 totum
627 1385 739 1456 perinde
753 1384 810 1442 lere
826 1384 958 1457 applicari
993 1386 1044 1442 oiri
1059 1393 1167 1444 certum
1182 1391 1301 1457 tempus,
1314 1387 1384 1442 intra
1398 1382 1472 1458 quod
1486 1384 1619 1456 possit,et
1633 1383 1729 1441 debeat
1742 1384 1792 1442 do-

150 1480 241 1545 potest
262 1473 295 1528 ad
318 1488 521 1545 quamcumque
543 1474 678 1546 propriam
699 1475 952 1546 praescriptionem.
993 1461 1095 1547 minus,
1105 1481 1202 1532 eontra
1217 1491 1300 1548 quera
1314 1474 1523 1546 praescribitur,
1533 1473 1701 1548 diligentiam
1715 1473 1794 1532 adbi-

149 1562 189 1619 au
205 1563 438 1620 confirmationem
455 1571 544 1621 autem
566 1563 703 1636 dicimus,
718 1565 810 1621 solum
825 1565 954 1635 probare,
993 1565 1056 1622 bere
1069 1563 1103 1620 ed
1118 1579 1175 1622 ram
1190 1580 1268 1622 suam
1281 1562 1560 1635 recuperandam,rel
1574 1563 1791 1622 conservandum

151 1651 221 1709 banc
237 1653 467 1710 consuetudinem
484 1655 576 1710 vocari
592 1656 806 1727 praescriptam,
822 1668 854 1710 ert
869 1653 958 1712 diver·
993 1654 1036 1712 ius
1051 1670 1145 1724 suurn,
1167 1660 1199 1711 ut
1219 1654 1241 1710 sl
1261 1653 1380 1727 negligat
1399 1653 1428 1710 id
1448 1653 1645 1723 lacere,poseit
1658 1653 1725 1709 iuste
1741 1669 1792 1710 suo

151 1745 187 1798 sis
202 1741 420 1814 conditionibus,
433 1759 516 1815 quarn
529 1743 628 1802 babeat
638 1746 748 1817 propria
763 1747 955 1818 praescriptio,
991 1747 1051 1803 iuro
1071 1745 1190 1818 privari3
1213 1750 1240 1801 et
1259 1743 1319 1801 ideo
1341 1759 1390 1816 pro
1411 1743 1541 1816 qualitate
1554 1755 1659 1815 return,
1674 1751 1702 1800 et
1716 1743 1793 1802 iuxta

151 1840 466 1906 etconsequentereese
477 1832 601 1891 diversae
613 1835 737 1905 rationis,
748 1851 801 1892 non
814 1850 880 1891 vero
895 1850 958 1907 pro·
991 1836 1179 1902 conditionem
1200 1835 1384 1908 praesentiae,
1411 1833 1454 1890 vel
1467 1832 1622 1900 absentiae,
1642 1835 1732 1890 malus
1750 1832 1793 1890 rel

150 1921 225 1988 bant,
239 1938 294 1980 non
310 1937 391 1994 posse
402 1938 463 1980 ease
477 1925 678 1996 praescriptam
690 1923 853 1997 generaliori
864 1925 958 1997 appal-
992 1927 1082 1984 minus
1102 1933 1212 1998 tempus
1233 1925 1267 1982 ad
1286 1924 1530 1998 praescriptionem
1544 1922 1648 1980 definiri
1662 1921 1743 1980 solet.
1759 1924 1795 1980 At

151 2013 260 2070 latione.
896 2029 900 2036 ·
992 2033 1058 2074 vera
1080 2017 1106 2073 in
1127 2014 1329 2074 consuetudine
1349 2031 1402 2074 non
1424 2012 1620 2086 praescribitur
1639 2018 1740 2069 contre
1753 2013 1795 2068 in-

187 2105 281 2176 Atque
296 2117 331 2158 ex
352 2099 403 2159 bac
417 2100 585 2159 resolutione
599 2102 771 2178 intelligitur,
786 2103 856 2160 banc
875 2101 958 2161 deno·
992 2109 1097 2180 vitum,
1120 2109 1176 2165 imo
1197 2109 1224 2164 in
1247 2106 1330 2164 tacito
1351 2120 1489 2163 consensu
1509 2102 1658 2176 landatur,
1678 2109 1711 2160 ut
1724 2102 1793 2159 inlra

150 2191 342 2262 minationem,
364 2199 392 2249 et
411 2191 470 2249 eius
491 2191 702 2250 declarationem
723 2192 755 2252 eo
777 2194 905 2266 tendere,
927 2187 971 2252 ut‘
991 2199 1110 2270 dicetur,
1127 2205 1155 2256 et
1168 2197 1229 2255 ideo
1244 2213 1297 2254 non
1313 2196 1364 2254 luit
1377 2195 1581 2266 necessarium,
1597 2200 1708 2251 certam
1724 2199 1792 2250 tem·

150 2283 283 2353 sciamus,
301 2297 362 2338 esso
376 2281 495 2355 aliquam
509 2283 752 2357 consuetudinem,
767 2301 838 2357 quae
852 2291 957 2342 certant
992 2305 1044 2361 pue
1058 2287 1417 2361 definiri,qttotiescumquc
1427 2283 1559 2342 habeatur
1569 2283 1710 2342 sulliciens
1725 2299 1793 2340 con·

151 2373 286 2444 temperis
302 2371 476 2428 durationem
492 2388 556 2446 cum
572 2372 630 2430 aliis
649 2373 850 2433 conditionibus
865 2377 958 2450 requi·
992 2379 1099 2435 iectura
1114 2377 1187 2434 taciti
1201 2391 1353 2433 consensus
1367 2375 1512 2448 principis,
1527 2380 1557 2431 et
1571 2372 1692 2430 sulliciat
1705 2373 1793 2429 conti·

150 2463 196 2533 rit,
209 2469 243 2518 ut
256 2476 322 2518 reta
334 2461 508 2519 consuetudo
520 2464 566 2533 sit,
579 2470 606 2520 ot
617 2464 778 2536 simpliciter
789 2464 848 2522 talis
859 2468 884 2522 io
896 2465 957 2522 iure
991 2467 1087 2526 nuntio
1106 2465 1329 2538 consuetudinis,
1346 2467 1402 2522 sire
1417 2462 1522 2537 maiori,
1538 2465 1594 2520 sire
1610 2463 1708 2520 minori
1723 2468 1794 2520 tem·

150 2554 325 2626 nominetur,
341 2559 370 2608 et
388 2551 440 2609 boc
454 2557 511 2624 est,
527 2552 601 2625 qaod
616 2555 733 2610 maxime
748 2553 784 2611 ad
804 2570 862 2612 rena
877 2556 958 2627 perti·
992 2573 1057 2631 pore
1076 2555 1166 2614 duret.

150 2648 207 2712 net,
227 2640 360 2715 quodque
374 2643 450 2698 circa
463 2642 671 2700 conclusionem
687 2644 757 2700 banc
773 2651 900 2715 superest
912 2660 958 2702 es·
988 2687 991 2692 -
1033 2653 1057 2707 5.
1067 2646 1217 2706 Dicendum
1231 2645 1406 2704 nibilominus
1420 2659 1532 2718 censeo,
1546 2643 1580 2701 ad
1597 2644 1791 2716 praescriptam

150 2731 324 2803 plicandum.
340 2732 374 2788 ut
392 2731 419 2786 in
433 2731 528 2803 primis
541 2731 658 2789 dubitari
672 2739 777 2806 potest,
791 2749 826 2791 an
840 2749 957 2792 consua-
992 2737 1235 2808 consuetudinem,
1257 2734 1290 2793 de
1311 2752 1367 2809 qua
1385 2737 1446 2792 iura
1460 2734 1614 2807 loquuntur
1634 2733 1791 2807 (salientia

151 2822 217 2879 tudo
233 2821 303 2878 baec
324 2821 391 2894 legis
407 2821 545 2880 interdum
562 2825 685 2896 requirat
699 2831 802 2881 certant
826 2825 958 2896 temporis
991 2828 1065 2887 dicto
1080 2845 1142 2901 cap.
1156 2826 1424 2895 ult.l,necessarittm
1439 2841 1500 2882 esse
1513 2821 1626 2898 aliquod
1636 2827 1745 2880 certum
1758 2837 1791 2880 ac

151 2913 409 2982 praescriptionem,
422 2925 471 2966 seu
485 2913 709 2984 praescriptionis
721 2928 849 2987 cursum,
860 2930 893 2971 ac
907 2913 959 2971 du·
991 2919 1134 2978 definitum
1149 2925 1268 2990 tempus,
1277 2916 1332 2972 sire
1346 2916 1381 2972 sit
1394 2914 1523 2986 boc,sive
1538 2913 1617 2987 illud,
1633 2913 1707 2987 quod
1719 2923 1794 2986 post·

151 3001 297 3058 rationem.
308 3001 337 3056 tn
354 3008 462 3072 quaest
475 3001 631 3074 aliquorum
645 3001 837 3076 theologorum
850 3010 958 3062 senten·
990 3027 1024 3068 ea
1039 3009 1200 3067 videbimus.
1216 3008 1290 3065 ttacc
1310 3016 1353 3064 est
1373 3005 1530 3064 commanis
1547 3006 1682 3076 sententia
1696 3003 1793 3061 docto·

151 3091 187 3148 tia
206 3107 313 3163 negans
327 3092 431 3163 requiri
446 3091 583 3148 delinitum
599 3092 709 3165 aliquod
724 3099 831 3166 tempus
842 3094 875 3152 ad
889 3109 957 3152 coo·
991 3116 1053 3158 rum
1076 3099 1221 3171 utriusque
1240 3097 1329 3160 iuris,
1351 3111 1434 3169 quam
1455 3095 1615 3153 canonistas
1635 3093 1794 3152 tradentis

151 3181 326 3238 suetudinem
343 3181 468 3254 legalem,
485 3196 535 3238 ssu
550 3183 617 3239 luris
630 3199 684 3239 non
699 3185 812 3257 scripti3
829 3185 877 3242 ectl
892 3201 957 3257 pru·
991 3189 1020 3248 d.
1032 3206 1059 3248 ο.
1076 3189 1127 3246 ult.
1144 3187 1178 3244 da
1192 3187 1305 3245 constit.
1319 3188 1394 3250 loan.
1406 3185 1651 3244 AndoPanormit.
1661 3184 1790 3242 Antonin.

151 3271 225 3328 denti
241 3278 352 3328 tantum
371 3273 484 3328 arbitrio
500 3279 599 3343 putant
618 3287 679 3330 esse
696 3271 750 3330 boc'
769 3281 877 3345 tempus
892 3274 957 3332 deli·
991 3279 1190 3338 ltocbus.ltem
1206 3276 1299 3351 glossa
1312 3283 1339 3333 et
1353 3276 1481 3333 doctores
1496 3276 1521 3332 in
1537 3291 1599 3348 cap.
1612 3275 1663 3333 ult.
1676 3274 1710 3332 de
1725 3290 1792 3331 con·

151 3360 345 3418 niendum.lta
360 3368 433 3419 tenet
446 3364 513 3418 Sota
528 3361 575 3418 lib.
592 3365 615 3420 l.
629 3359 664 3418 ds
677 3365 809 3436 iustitq.
822 3367 850 3435 i,
863 3372 954 3434 ortt,
991 3370 1127 3426 stitutioa.
1137 3369 1165 3423 in
1182 3371 1210 3437 6,
1225 3372 1252 3423 et
1267 3369 1293 3422 in
1307 3369 1517 3439 captorastrc,
1533 3364 1598 3422 dist.
1609 3370 1637 3436 ll,
1649 3371 1676 3422 et
1690 3365 1716 3420 in
1730 3379 1792 3436 cap.

152 3468 234 3524 quem
257 3453 351 3524 plures
365 3467 399 3509 ex
420 3451 558 3509 modernis
579 3453 779 3524 expositoribus
798 3452 956 3512 d.Tbomae
995 3455 1239 3518 consuetudinis,
1261 3456 1325 3512 dist.
1343 3459 1393 3528 ll,
1413 3463 1443 3511 st
1462 3455 1488 3511 in
1509 3469 1572 3528 cap.
1590 3451 1790 3514 Consuetudo.

152 3549 311 3614 sequuntur
325 3543 351 3598 in
370 3547 394 3600 l.
408 3547 438 3613 2,
453 3557 483 3614 q.
496 3544 543 3600 tt.
559 3545 721 3615 llucuntur,
736 3543 801 3616 qula
818 3544 873 3601 boc
888 3551 956 3601 tem·
990 3549 1052 3606 dist.
1064 3554 1108 3608 12.
1121 3544 1434 3605 deambulabam
1448 3547 1545 3616 capi.
1559 3543 1591 3600 ds
1606 3549 1676 3616 treg.
1686 3548 1713 3598 et
1727 3557 1789 3614 pao.

153 3647 204 3704 pus
219 3648 275 3688 non
291 3638 334 3688 est
347 3646 380 3689 ex
395 3638 494 3690 natura
510 3629 547 3688 rei
560 3631 718 3704 delinitum,
735 3640 767 3690 ut
781 3649 829 3705 per
843 3649 872 3691 se
891 3651 956 3692 con·
990 3641 1115 3711 legistae
1126 3635 1225 3693 veroin
1236 3635 1312 3692 dicta
1322 3631 1384 3692 lde
1395 3633 1509 3707 quibes,
1521 3632 1692 3705 Bartol.2.q.
1702 3633 1789 3705 princ.

152 3721 957 3794 stat,necetiamiurccaoooica,relcivilisaltemcam·
990 3741 1018 3784 n.
1035 3732 1079 3793 14,
1096 3725 1170 3783 Bald.
1187 3732 1216 3782 et
1233 3725 1311 3782 lason
1327 3727 1461 3793 n.ll,et
1476 3719 1575 3797 iniec
1587 3738 1647 3779 ooo
1668 3724 1792 3796 scripto,
1836 3796 1839 3804 Ι

151 3815 240 3886 rnuni3
253 3827 321 3884 ergo
336 3827 390 3868 non
405 3816 497 3883 potest
509 3811 561 3868 alia
574 3815 677 3870 ratione
693 3812 809 3886 deliniri,
823 3817 873 3872 nisi
890 3833 955 3889 pru·
990 3818 1156 3875 institution.
1168 3815 1203 3872 de
1221 3816 1276 3872 lur.
1289 3820 1381 3871 natur.
1393 3819 1466 3899 gent.
1478 3819 1507 3870 et
1525 3811 1615 3884 cirili,
1631 3811 1676 3869 ubi
1697 3827 1792 3869 omnes

151 3901 241 3958 dentis
263 3901 386 3959 arbitrio.
401 3902 603 3974 Consequentia
623 3918 671 3974 per
691 3918 721 3960 se
750 3908 813 3960 nota
833 3903 954 3978 ridetur,
990 3905 1105 3984 dicunt,
1121 3914 1389 3962 essetcornmunem.
1406 3903 1538 3975 Sequitur
1551 3902 1666 3975 Gregor.
1681 3904 1749 3973 Lop.
1766 3902 1793 3959 in
1819 3919 1822 3926 ·

152 3994 284 4066 quianon
297 3997 386 4063 potest
400 3991 470 4050 alius
481 3990 581 4048 modos
594 3993 753 4065 excogitari.
762 3995 849 4051 llinor
863 4001 956 4052 autem
991 3995 1009 4052 l.
1025 4003 1053 4068 5,
1070 3997 1112 4054 tit.
1122 3999 1151 4067 2,
1166 3999 1238 4067 part.
1256 3996 1282 4065 l,
1297 3992 1391 4049 Glossa
1405 3997 1434 4064 4,
1449 3993 1556 4066 burgos
1570 3989 1604 4048 tle
1618 3993 1679 4060 Paz,
1693 3991 1718 4046 in
1735 3990 1753 4047 l.
1767 3997 1790 4049 l.

153 4082 305 4154 probatur,
321 4082 386 4155 quia
399 4081 489 4138 omnia
503 4078 565 4138 inre
580 4089 635 4138 tam
650 4083 799 4148 canonica,
814 4099 897 4157 quam
917 4086 957 4142 ci·
995 4088 1097 4154 Tauri,
1114 4102 1141 4142 n.
1153 4088 1221 4156 205,
1232 4081 1397 4141 dle1.cone.
1413 4085 1460 4156 66,
1475 4081 1530 4137 rol.
1545 4085 1572 4139 2.
1588 4080 1662 4137 ldetn
1678 4085 1751 4137 tenet
1763 4079 1793 4136 d.

153 4174 231 4244 vilia,
246 4188 318 4245 quae
331 4179 438 4228 certum
455 4179 564 4243 tempus
578 4171 612 4228 ad
628 4172 870 4244 praescribendum
884 4173 956 4232 desi·
990 4176 1119 4234 Antonin.
1136 4180 1160 4234 l.
1171 4190 1198 4246 p.
1213 4174 1256 4230 att.
1273 4177 1317 4238 ttt,
1333 4188 1395 4244 cap.
1405 4172 1479 4228 unic.
1491 4170 1504 4241 i
1516 4173 1544 4242 4,
1559 4169 1655 4243 dngel.
1669 4170 1694 4225 in
1709 4165 1793 4227 rer'bo

151 4270 254 4338 gnant,
270 4262 424 4336 loquuntur
438 4260 471 4318 ds
484 4261 699 4334 praescriptione
714 4264 836 4334 privata,
852 4279 901 4321 seu
916 4264 955 4321 iu·
991 4262 1185 4332 consuetedo,
1206 4278 1283 4320 num.
1298 4268 1327 4334 8,
1343 4261 1460 4338 Syltest.
1473 4275 1501 4334 q.
1515 4265 1544 4333 2,
1558 4259 1687 4316 Corduba
1702 4258 1748 4315 lib.
1766 4263 1790 4335 l,

153 4355 192 4410 ris
205 4353 337 4425 dispositi,
350 4359 382 4409 ut
391 4351 588 4424 dominiorum,
600 4353 776 4420 servitutum,
787 4359 815 4409 et
828 4353 955 4411 similium
990 4371 1019 4427 q.
1034 4361 1086 4429 42,
1103 4353 1137 4410 ad
1157 4357 1191 4422 4,
1211 4354 1312 4408 Navar.
1328 4367 1406 4408 cons.
1420 4355 1449 4409 2.
1465 4349 1499 4406 de
1518 4348 1686 4406 consuetud.
1699 4347 1791 4405 llolio.

152 4443 267 4513 iuriam,
281 4457 335 4498 non
351 4457 418 4515 ergo
432 4441 666 4513 possuatertendi
681 4441 716 4499 ad
729 4443 773 4498 iue
786 4447 957 4501 constituen·
989 4451 1110 4503 tracti.
1126 4441 1163 4500 de
1175 4445 1266 4501 tostii.
1280 4440 1352 4513 disp.
1368 4442 1413 4499 il.
1429 4441 1603 4513 Quapropter
1615 4455 1669 4496 non
1684 4439 1794 4496 ridetur

152 4531 220 4589 dnm
231 4533 257 4588 in
269 4539 391 4604 tempore
402 4531 533 4604 requisito
545 4531 578 4588 ad
589 4531 817 4589 cousuetudinem
830 4533 952 4607 legalem.
989 4541 1083 4593 tutum
1097 4537 1125 4590 in
1140 4549 1170 4591 re
1183 4531 1280 4590 morali
1295 4530 1436 4589 discedere
1452 4547 1466 4588 e
1482 4531 1674 4602 receptissima
1685 4536 1793 4588 senten·
1846 4583 1850 4592 .

191 4619 364 4678 antecedens
378 4620 470 4694 quoad
485 4623 528 4677 ius
543 4623 708 4678 canonicum
724 4623 869 4695 probatur,
887 4624 951 4697 quia
989 4626 1037 4696 tia,
1054 4625 1215 4697 praesertim
1236 4639 1302 4680 cum
1322 4622 1390 4680 hacc
1405 4624 1519 4680 materia
1540 4638 1573 4678 ex
1596 4622 1655 4680 iure
1677 4623 1794 4694 positivo

153 4713 242 4768 omnia
262 4710 337 4783 iura,
352 4725 423 4784 quae
438 4710 471 4766 ad
487 4711 539 4766 boc
554 4711 692 4784 citantur,
708 4712 783 4770 clare
799 4713 953 4786 loquuntur
988 4715 1121 4788 pendeat,
1138 4715 1164 4772 in
1178 4729 1234 4788 quo
1249 4714 1334 4771 maior
1348 4711 1413 4768 lides
1428 4710 1581 4768 adhibenda
1595 4718 1638 4768 cst
1656 4712 1750 4784 peritis
1765 4713 1793 4768 in

153 4801 186 4856 de
201 4801 310 4872 propria
332 4801 557 4872 praescriptione,
574 4807 606 4856 ut
621 4802 725 4874 notari,
741 4807 769 4858 et
783 4803 875 4861 ridere
889 4803 953 4862 licet
988 4805 1051 4878 illo,
1067 4820 1150 4879 quam
1165 4804 1242 4875 aliis,
1257 4811 1287 4862 et
1308 4804 1440 4876 quianon
1460 4807 1551 4874 potest
1565 4801 1635 4860 ratio
1653 4802 1750 4860 edicas
1766 4803 1791 4858 in

154 4891 180 4946 in
200 4897 261 4948 toto
282 4891 364 4948 titulo
384 4889 417 4946 dc
433 4891 650 4962 consuetudins,
669 4893 696 4947 ln
712 4908 768 4964 quo
783 4895 873 4952 solum
888 4895 953 4952 ulti·
987 4897 1157 4953 contrarium
1171 4892 1286 4966 adduci,
1300 4900 1334 4950 ut
1348 4891 1535 4948 ostendemus.

154 4995 229 5038 mum
248 4980 371 5053 loquitur
385 4980 420 5037 de
433 4980 633 5038 consuetudine
648 4983 829 5056 praescripta,
841 4991 869 5042 et
884 4985 952 5043 illud
1027 4990 1054 5044 6.
1070 4985 1206 5042 Probatur
1225 4989 1316 5041 autam
1336 4982 1403 5039 baec
1420 4983 1555 5038 sententia
1569 4981 1655 5054 primo
1670 4997 1703 5040 ex
1716 4980 1792 5038 dicto

155 5085 207 5126 non
224 5071 347 5144 designat
361 5081 480 5142 tempus.
495 5073 531 5128 De
547 5072 605 5128 iure
620 5077 714 5128 autern
727 5073 800 5129 cirili
814 5074 841 5131 id
856 5077 951 5132 notius
986 5091 1048 5148 cap.
1058 5075 1109 5132 ult.
1119 5075 1153 5132 de
1168 5079 1293 5131 consuet.
1303 5072 1348 5131 ubi
1363 5073 1432 5130 inter
1447 5071 1617 5130 conditiones
1627 5072 1710 5130 buius
1725 5087 1792 5128 con·

154 5167 205 5234 est,
217 5168 246 5218 et
259 5177 389 5234 expresse
404 5159 509 5218 latetur
522 5161 591 5219 nbb.
605 5163 632 5217 ia
647 5161 713 5218 dict.
726 5177 786 5234 cap.
800 5163 908 5238 ultimo,
923 5171 952 5222 et
985 5166 1141 5223 suetudinis
1156 5165 1265 5238 ponitur
1279 5162 1354 5237 quod
1369 5161 1540 5234 praescripta
1555 5163 1604 5218 sit:
1623 5179 1675 5218 oon
1690 5161 1792 5218 dicitur

155 5251 215 5310 ideo
228 5252 311 5326 aliqui
327 5252 439 5326 legistae
452 5259 606 5324 negarunt,
624 5251 853 5311 consuetudinem
868 5269 948 5327 prac-
984 5261 1078 5314 autern
1093 5255 1265 5329 praescripta
1279 5253 1330 5310 nisi
1346 5252 1372 5310 in
1391 5251 1489 5310 ordine
1503 5251 1537 5309 ad
1556 5251 1665 5324 aliquod
1681 5258 1790 5310 certum

230 5358 610 5417 suaerr.ltebccttsa-Parslt.
1513 5358 1541 5411 aa

1213 5453 1221 5490 t
