4294 6238
907 389 1078 440 aarornr.
1693 386 1756 450 269

156 515 317 587 tuendum,
338 514 387 572 serl
409 516 481 574 illam
502 523 625 590 tantum,
647 531 718 589 quaa
738 521 866 574 versatur
887 517 963 570 circa
1000 515 1093 571 timus.
1106 515 1146 574 Ad
1159 517 1281 592 illudque
1293 519 1388 578 reduci
1400 530 1516 596 possunt
1526 522 1728 583 ecclesiasticae
1740 533 1795 583 tra·

153 607 283 663 actiones
306 606 425 663 morales
446 615 479 664 ut
498 607 598 679 bonas,
615 606 657 664 rel
678 606 762 664 malas
776 607 801 662 in
818 604 913 662 ordine
928 603 962 660 ad
998 603 1122 674 ditiones,
1140 622 1257 679 quarum
1272 609 1379 666 initium
1394 617 1422 668 ει
1435 620 1533 669 auctor
1547 615 1703 685 ignoratur,
1720 620 1748 672 et
1761 613 1795 671 ab

154 711 340 754 communem
363 696 514 754 utilitatem.
537 698 604 754 Nam
625 698 699 770 siout
718 697 751 754 de
770 696 874 752 ratione
896 693 962 766 logis
999 694 1125 751 universa
1146 696 1272 755 Ecclesia
1286 700 1485 772 observantur,
1501 717 1563 759 nam
1578 703 1638 760 illae
1653 705 1736 760 etiam
1752 705 1795 762 ius

150 795 214 858 εει,
236 793 270 843 ut
288 786 449 843 huiusmodi
469 793 548 844 actus
567 787 732 859 praecipiat,
748 786 789 842 vel
806 783 960 857 prohibeat,
999 799 1051 840 non
1068 786 1203 857 scriptum
1220 790 1370 858 continent,
1382 797 1409 846 ει
1423 791 1544 847 moribus
1556 793 1641 849 totius
1656 793 1795 849 Ecclesiae

156 877 196 932 ita
211 874 287 932 idem
298 877 488 932 necessarium
499 882 541 933 εει
551 877 586 934 ad
596 874 822 932 consuetudinem
834 873 959 946 legalem,
996 872 1118 931 firmatae
1140 883 1215 934 sunt.
1236 879 1305 936 Nam
1325 895 1390 936 cum
1405 881 1527 938 Ecclesia
1541 879 1574 937 de
1590 899 1619 940 se
1635 883 1796 939 anniversalis

151 974 185 1022 ut
204 968 245 1022 sic
257 965 360 1022 dicam.
372 967 407 1022 Et
418 968 456 1022 ita
466 965 652 1023 excluduntur
664 963 879 1022 consuetudines
889 963 958 1021 scri·
997 962 1031 1019 sit
1046 978 1095 1034 pro
1115 971 1173 1022 toto
1186 965 1263 1036 orbe,
1277 968 1374 1025 merito
1386 969 1451 1026 tales
1463 971 1676 1028 consuetudines
1689 972 1796 1028 univer·

151 1054 253 1127 bendi,
271 1062 301 1113 et
317 1055 436 1127 similes,
452 1071 523 1128 quae
537 1061 566 1111 et
578 1055 759 1112 indifferentes
773 1059 849 1125 ειιιι,
863 1059 891 1108 ει
905 1052 961 1124 pri·
998 1049 1069 1106 sales
1083 1058 1118 1120 ει,
1126 1055 1347 1126 generalissimae
1360 1056 1412 1113 dici
1423 1065 1549 1129 possunt.
1562 1062 1600 1116 Ile
1612 1059 1653 1114 his
1664 1075 1729 1116 vero
1741 1067 1796 1116 tra·

153 1153 250 1212 ratae,
267 1153 296 1202 ει
308 1160 359 1217 ρει
373 1161 403 1202 se
418 1145 507 1201 solum
521 1145 669 1201 conferunt
679 1143 852 1212 facilitatem,
864 1139 905 1197 vel
917 1157 962 1197 ar·
975 1183 982 1196 .
996 1137 1144 1197 ditionibus
1165 1138 1255 1214 pauca
1275 1143 1407 1202 addemus
1428 1147 1454 1202 in
1472 1151 1597 1220 sequenti
1611 1147 1752 1220 divisione,
1767 1156 1797 1206 ει

153 1234 304 1291 tiliciosum
324 1251 409 1291 usum
424 1235 450 1290 in
465 1233 619 1290 huiusmodi
633 1233 797 1300 actionibus,
812 1246 866 1286 non
878 1231 961 1303 perti·
996 1229 1059 1285 iude
1074 1231 1222 1302 constabit,
1238 1249 1271 1290 au
1288 1234 1423 1304 intereas,
1439 1251 1509 1308 quae
1521 1237 1562 1294 ius
1575 1236 1725 1295 humanum
1740 1253 1796 1294 non

151 1331 222 1380 nent
237 1330 332 1380 aulem
353 1321 386 1379 ad
407 1323 598 1395 obligationem
613 1321 753 1394 operandi,
768 1334 852 1393 quam
867 1333 915 1391 per
930 1333 959 1374 se
995 1319 1132 1389 scriptum
1146 1321 1313 1378 constituere
1328 1332 1453 1395 possunt,
1470 1325 1652 1384 recensendae
1665 1328 1729 1384 sint.

155 1414 274 1487 respicit
289 1411 476 1482 consuetudo,
490 1412 523 1467 de
536 1427 590 1485 qua
604 1419 768 1468 tractamus.
1036 1410 1061 1464 i·
1087 1408 1262 1467 Consuetudo
1283 1413 1455 1483 particularis
1475 1421 1503 1470 ει
1523 1417 1627 1486 privata
1647 1423 1689 1474 est
1708 1418 1796 1474 omnis

197 1507 225 1560 6.
241 1502 373 1559 &cundo
388 1501 572 1574 principaliter
586 1500 667 1557 dividi
681 1506 772 1572 potest
787 1497 855 1554 baec
870 1511 960 1553 mora·
994 1493 1055 1565 illa,
1071 1511 1142 1567 quae
1157 1498 1190 1553 ab
1210 1515 1264 1554 una
1277 1507 1384 1558 tantum
1399 1517 1514 1573 persona
1531 1503 1690 1576 exercetur,
1707 1506 1795 1564 veleb

155 1590 190 1647 lis
205 1590 384 1648 consuetudo
400 1591 426 1646 ln
438 1590 690 1647 communissimam
703 1604 752 1644 seu
764 1586 957 1654 universalem,
995 1584 1154 1654 imperfecta
1168 1590 1378 1662 communitate,
1399 1593 1480 1648 ouius
1495 1608 1647 1650 consessus
1660 1593 1695 1651 ed
1710 1595 1798 1670 legem

156 1695 340 1736 communem
355 1695 404 1736 seu
420 1678 574 1756 publicam,
590 1684 619 1735 et
632 1676 827 1750 particularem
842 1691 891 1731 seu
907 1676 960 1745 pri·
996 1673 1133 1732 ferendam
1149 1692 1201 1732 nou
1217 1678 1330 1746 suflicit,
1346 1687 1377 1736 ut
1390 1687 1434 1738 est
1448 1682 1554 1753 privata
1567 1682 1677 1756 domus,
1695 1701 1744 1742 seu
1759 1685 1798 1742 la·

156 1777 268 1839 ratam,
291 1783 362 1843 quae
384 1769 478 1826 divisio
500 1769 619 1824 sumitur
639 1783 675 1823 ει.
686 1773 763 1837 ρειιε
776 1781 809 1822 ει
825 1765 843 1820 1.
859 1767 885 1821 st
899 1779 961 1820 ser·
995 1761 1078 1832 milia,
1088 1763 1121 1820 de
1135 1773 1237 1837 qua,et
1251 1767 1284 1823 de
1298 1769 1357 1826 elus
1368 1773 1457 1842 capite
1472 1787 1521 1829 ssu
1536 1772 1737 1844 patrefamilias,
1749 1792 1796 1831 su·

152 1875 210 1916 aas
217 1857 365 1932 pluriam,
381 1858 454 1932 pult.
468 1857 495 1914 11.
508 1857 542 1912 de
554 1857 634 1929 legat.
652 1860 677 1926 1,
689 1863 717 1911 ει
728 1855 809 1911 latim
822 1853 894 1909 illam
906 1859 960 1908 tra·
995 1867 1045 1924 pra
1061 1852 1138 1910 libi.
1156 1855 1344 1930 ostendimus,
1361 1876 1414 1916 non
1429 1876 1509 1932 posse
1523 1861 1610 1935 legem
1624 1861 1706 1920 ferre.
1721 1864 1796 1921 liano

154 1949 197 2006 dit
210 1951 351 2005 llostiens.
368 1949 395 2004 in
411 1950 487 2004 Sum.
506 1947 549 2004 tit.
562 1947 595 2003 de
610 1951 738 2002 consuet.
751 1951 767 2010 s
780 1944 829 2000 ult.
843 1941 919 1999 Bald.
932 1947 960 1998 et
994 1956 1059 2013 ergo
1075 1945 1209 2014 privatam
1223 1947 1451 2006 consuetudinem
1466 1951 1491 2007 in
1511 1953 1645 2022 praesenti
1661 1951 1712 2009 sub
1731 1969 1797 2010 non·

156 2037 218 2109 alii,
234 2053 307 2110 quos
328 2037 413 2094 refert
432 2035 521 2094 Roob.
542 2050 626 2107 supra
640 2052 667 2090 n.
684 2040 732 2106 to,
747 2040 775 2089 et
790 2035 837 2090 2l.
853 2030 906 2088 Sed
921 2030 959 2088 illi
994 2031 1138 2088 suetudine
1160 2049 1214 2090 non
1234 2044 1443 2110 computamus,
1463 2054 1497 2096 ea
1518 2039 1562 2098 illo
1582 2041 1678 2098 eodem
1701 2042 1797 2100 funda·

155 2127 237 2184 aliter
251 2126 404 2199 explicant,
420 2131 504 2198 prout
516 2127 543 2182 ia
558 2128 599 2181 eis
614 2125 699 2182 rideri
712 2130 811 2195 potest.
824 2123 883 2196 Ego
894 2137 959 2180 vero
993 2126 1102 2191 mento,
1119 2122 1192 2194 quod
1211 2125 1254 2180 ius
1275 2127 1439 2185 constituere
1452 2144 1506 2185 non
1525 2137 1626 2200 potest.
1643 2133 1677 2189 Et
1690 2133 1727 2188 ita
1746 2132 1796 2190 do·

153 2217 208 2274 sub
230 2218 322 2289 primo
342 2216 466 2274 membro
488 2218 635 2288 praecipua
650 2231 721 2287 pono
735 2212 792 2269 illas
807 2218 960 2269 consuetu·
993 2215 1056 2265 cent
1077 2214 1261 2270 communiter
1281 2214 1391 2273 iuristae
1412 2233 1476 2274 oum
1497 2207 1568 2276 narr.
1584 2222 1611 2277 ia
1630 2221 1704 2278 dicta
1724 2221 1795 2279 lde

154 2305 233 2363 dines
249 2309 335 2363 totius
350 2306 436 2372 orbis,
453 2321 523 2379 quae
537 2306 579 2362 ius
591 2307 715 2378 gentium
729 2303 912 2371 constituunt,
926 2307 958 2358 ut
991 2298 1106 2371 thbus,
1127 2307 1154 2358 et
1171 2305 1319 2361 Autonoe
1337 2307 1414 2363 Butr.
1430 2309 1457 2362 in
1473 2323 1535 2380 cap.
1549 2309 1599 2366 ult.
1613 2309 1646 2367 de
1667 2319 1792 2368 consuet.

155 2397 203 2453 lib.
217 2399 251 2454 ll.
268 2395 399 2454 diximus.
417 2397 484 2452 Nam
498 2394 565 2452 illud
580 2410 608 2450 re
623 2409 686 2451 ιειε
700 2400 742 2450 εει
757 2393 812 2461 ius,
823 2399 851 2447 ει
860 2393 888 2446 ic
905 2407 957 2447 suo
992 2393 1021 2444 et
1034 2388 1087 2444 alii.
1103 2391 1183 2448 Ratio
1199 2409 1263 2449 vero
1276 2401 1333 2466 est,
1350 2399 1411 2468 quia
1427 2397 1449 2452 sl
1468 2401 1641 2458 consuetudo
1655 2402 1691 2458 sit
1707 2403 1795 2473 priva·

155 2485 249 2542 ordine
265 2491 397 2557 tanquam
412 2500 477 2540 vera
491 2486 533 2542 lea
547 2484 659 2557 obligat,
676 2487 706 2539 ut
720 2481 756 2537 ibi
769 2480 893 2553 probari.
907 2481 958 2536 Est
991 2484 1033 2534 tae
1049 2493 1191 2552 personae,
1203 2483 1248 2539 illa
1261 2499 1315 2538 nou
1327 2491 1418 2556 potest
1429 2486 1478 2544 sibi
1493 2488 1580 2561 legem
1597 2493 1734 2562 propriam
1745 2492 1795 2548 ina·

154 2579 240 2632 etlam
262 2577 308 2632 ius
328 2591 383 2631 nou
404 2576 556 2646 scriptum,
577 2580 608 2630 ut
620 2573 699 2630 etiarn
714 2579 757 2628 est
771 2571 953 2642 manifestum3
991 2581 1103 2638 ponere,
1114 2571 1232 2629 imonec
1243 2571 1435 2646 obligationem
1446 2591 1480 2633 ex
1492 2577 1516 2632 ri
1530 2577 1616 2634 solius
1627 2579 1794 2651 repetitionis

154 2672 200 2721 est
219 2680 290 2738 ergo
311 2681 364 2721 usu
386 2662 590 2734 introductum,
610 2669 638 2718 ει
653 2659 775 2718 moribus
790 2675 844 2715 non
862 2661 954 2731 unius,
991 2661 1122 2728 actuum,
1137 2661 1242 2716 etiamsi
1256 2660 1354 2717 babeat
1368 2651 1539 2734 propositum
1554 2679 1661 2737 semper
1676 2668 1715 2724 sic
1730 2684 1794 2740 ope·

155 2752 199 2810 ιεΙ
218 2753 334 2809 alterius
353 2754 456 2825 gentis,
473 2752 521 2809 sed
534 2753 619 2808 totius
635 2750 718 2806 orbis.
735 2748 811 2805 illam
826 2763 892 2821 ergo
908 2764 955 2804 vo·
990 2744 1078 2816 randi,
1092 2747 1141 2803 nisi
1155 2747 1238 2806 addat
1251 2751 1468 2824 promissionem,
1480 2769 1550 2825 quae
1565 2754 1589 2812 vl
1605 2771 1666 2827 sua,
1678 2771 1731 2820 noa
1748 2772 1793 2812 ra·

154 2850 202 2900 cat
224 2823 409 2900 universalem
434 2857 484 2897 seu
503 2841 755 2897 communissimam
777 2835 954 2895 consuetudi·
991 2835 1064 2891 tione
1076 2837 1294 2911 consuetudinis,
1307 2839 1447 2914 obligabit,
1460 2849 1487 2898 et
1500 2859 1554 2898 non
1567 2858 1616 2915 per
1630 2847 1741 2903 modum
1755 2846 1792 2904 le·

153 2949 227 2990 nem.
244 2933 322 2989 Unde
342 2932 429 2988 obiter
446 2929 557 3003 intelligi
573 2935 678 3002 potest,
692 2927 873 2984 definitionem
889 2941 955 2982 con·
990 2925 1042 2995 gis,
1058 2924 1105 2980 sed
1122 2941 1169 2996 per
1184 2926 1296 2984 modum
1311 2930 1385 2998 facti,
1402 2929 1426 2985 id
1442 2937 1483 2988 est
1497 2933 1563 3003 voti,
1580 2931 1620 2989 rel
1636 2937 1718 3008 pacti3
1733 2952 1790 3009 quo

154 3021 310 3079 suetudinis
319 3037 403 3093 supra
412 3035 445 3077 ει
453 3017 730 3077 isidorodeciaratam
739 3017 764 3072 in
780 3016 954 3088 rigorecom·
990 3014 1149 3087 supposito,
1166 3015 1207 3072 lea
1222 3017 1354 3074 naturalis
1372 3018 1475 3077 inducit
1492 3021 1695 3094 obligationem,
1711 3031 1743 3082 ιιι
1762 3027 1791 3082 in

154 3119 249 3183 petere
267 3112 322 3166 iuri
341 3111 474 3182 gentium.
494 3109 589 3181 Neque
605 3106 657 3163 boc
672 3113 715 3162 εει
728 3112 825 3162 contra
840 3103 955 3159 rectitu·
990 3103 1100 3158 materia
1116 3103 1148 3160 de
1163 3111 1225 3160 voto
1239 3106 1381 3180 explicavi.
1397 3109 1475 3177 Quod
1489 3109 1556 3168 adeo
1575 3129 1672 3170 verum
1685 3119 1742 3186 est,
1760 3122 1790 3173 ut

62 3234 66 3240 =
154 3200 247 3256 dinem
261 3201 323 3256 eius
338 3196 491 3255 secundum
506 3213 535 3253 se
550 3202 699 3269 spectatae,
712 3196 775 3268 quia
790 3209 819 3249 ιε
834 3208 898 3248 vera
912 3193 954 3248 las
989 3189 1053 3247 licet
1072 3207 1190 3262 persona
1206 3210 1321 3266 operans
1341 3197 1406 3254 alias
1427 3199 1525 3256 lrabeat
1543 3208 1705 3270 potestatem
1723 3220 1789 3261 coa·

155 3291 281 3362 gentium
296 3287 470 3344 consuetudo
484 3285 620 3360 quaedam
635 3292 687 3356 est,
700 3282 798 3355 atinde
810 3281 890 3338 habet
900 3281 954 3336 rim
989 3280 1068 3337 deudi
1083 3279 1170 3353 legem
1181 3299 1229 3353 per
1242 3300 1322 3340 suam
1337 3287 1468 3357 privatam
1483 3291 1721 3364 consuetudinem,
1734 3310 1789 3351 non

155 3395 250 3448 suam,
268 3394 322 3434 non
341 3393 374 3433 ex
396 3375 453 3432 solo
467 3377 528 3431 iure
543 3375 671 3446 naturali,
686 3379 718 3430 ut
732 3388 815 3444 supra
829 3371 952 3443 probavi,
989 3371 1075 3441 possit
1086 3370 1157 3426 illam
1167 3371 1308 3444 inducere,
1322 3380 1353 3430 ut
1367 3377 1470 3432 notavit
1481 3376 1594 3434 Rocbus
1608 3387 1731 3451 suprad.
1743 3385 1786 3452 16,

153 3485 205 3524 nec
225 3483 259 3524 ει
279 3466 423 3523 voluntate
441 3465 557 3522 alicuius
572 3464 683 3520 bumani
697 3463 842 3535 principis,
861 3467 892 3516 ut
906 3475 953 3534 ρει
988 3464 1018 3514 ει
1030 3463 1077 3516 22.
1090 3459 1157 3526 Quia
1171 3467 1299 3531 respectu
1309 3465 1352 3518 sui
1367 3463 1461 3522 eadem
1476 3471 1518 3522 est
1531 3467 1599 3523 ratio
1612 3471 1637 3523 in
1654 3470 1785 3541 principe,

154 3573 183 3614 se
197 3562 318 3614 constat.
336 3559 371 3612 ar
384 3569 450 3611 vero
463 3553 698 3611 accommodando
713 3567 811 3608 nomen
827 3557 854 3606 et
870 3551 953 3605 ratio·
989 3562 1058 3619 quae
1074 3548 1098 3602 in
1118 3549 1230 3619 privatis
1246 3554 1386 3624 personis,
1402 3556 1465 3626 quia
1479 3556 1505 3610 in
1526 3557 1583 3611 suis
1597 3557 1705 3614 actibus
1724 3574 1788 3630 pro·

154 3663 217 3703 nem
235 3645 446 3702 consuetudinis
460 3643 494 3701 ad
509 3652 677 3716 praesentem
693 3647 849 3710 tractatum,
862 3641 886 3695 in
899 3656 953 3712 quo
989 3637 1064 3708 prlis,
1078 3637 1118 3692 vel
1132 3638 1284 3711 frequentia
1299 3657 1394 3698 eorum
1409 3659 1439 3699 se
1452 3645 1523 3715 gerit
1533 3652 1563 3701 ut
1577 3646 1681 3716 privata
1695 3663 1788 3718 perso·

154 3737 187 3794 de
209 3736 318 3809 legibus
340 3734 483 3803 civilibus,
504 3734 529 3790 id
550 3740 592 3789 εει
612 3733 754 3800 humanis,
770 3736 852 3803 prout
866 3745 880 3784 a
894 3729 952 3785 iure
990 3743 1039 3796 na,
1056 3743 1110 3806 non
1126 3734 1157 3783 ut
1178 3728 1320 3800 princeps,
1337 3745 1386 3787 nco
1402 3732 1451 3788 sibi
1470 3733 1521 3804 ipsi
1535 3742 1625 3805 potest
1643 3736 1785 3810 imperare,

154 3829 279 3900 gentium
294 3823 516 3898 distinguuntur,
532 3823 697 3890 differimus,
714 3822 821 3876 nomine
836 3834 953 3875 consue·
988 3817 1179 3890 obligationem
1200 3817 1248 3875 sibi
1263 3818 1313 3875 soli
1333 3819 1435 3878 directe
1456 3821 1636 3896 imponendo,
1652 3833 1683 3883 ut
1702 3844 1788 3899 supra

156 3913 260 3971 tudinis
273 3911 449 3984 intelligenda
462 3916 503 3967 εει
517 3911 572 3980 illa,
587 3926 658 3984 quae
677 3916 783 3966 tantum
798 3910 953 3965 communis
989 3907 1077 3963 visum
1092 3912 1142 3964 est.
1159 3909 1296 3980 Respectu
1311 3925 1376 3966 vero
1395 3912 1512 3969 aliorum
1530 3915 1612 3970 etiam
1627 3930 1680 3972 non
1699 3923 1789 3989 potest

154 4011 208 4074 est,
224 4017 309 4076 quam
319 4001 428 4058 civilem
440 4000 577 4073 appellare
589 4015 747 4070 possumus:
761 4007 789 4055 et
800 3997 878 4054 simili
889 4014 953 4070 pro·
988 4011 1021 4052 ex
1037 3999 1158 4074 privata,
1175 4013 1223 4053 seu
1239 3997 1372 4070 personali
1387 4001 1588 4059 consuetudine
1603 4005 1730 4076 principis
1743 4009 1787 4063 ius
1854 4052 1861 4060 .

154 4095 281 4164 portione
303 4091 470 4148 coarctanda
488 4097 531 4147 εει
545 4089 675 4161 delinitio,
693 4097 722 4147 ut
737 4090 777 4145 ιε1
792 4089 898 4145 nomine
913 4088 953 4144 iu·
989 4085 1198 4143 consuetudinis
1211 4089 1237 4142 in
1253 4086 1377 4144 subditos
1393 4090 1555 4147 redundare.
1571 4093 1639 4148 Tum
1654 4095 1719 4166 quia
1734 4111 1788 4152 una

155 4183 192 4238 ris
212 4182 382 4254 intelligatur
406 4181 447 4235 ius
470 4179 630 4250 humanum,
652 4195 700 4235 seu
721 4177 816 4250 civile,
834 4184 864 4234 ut
878 4191 953 4234 oom-
989 4191 1022 4232 ex
1035 4176 1235 4233 conditionibus
1250 4176 1387 4250 requisitis
1402 4178 1435 4234 ad
1455 4181 1497 4237 ius
1512 4183 1718 4240 consuetudinis
1732 4191 1784 4253 est,

157 4270 299 4344 prehendit
312 4271 393 4326 etiam
407 4269 590 4340 canonicum,
605 4269 645 4324 vel
660 4274 734 4324 certe
748 4268 799 4324 hoc
811 4269 901 4338 ipsum
915 4268 954 4323 in·
990 4272 1020 4324 ut
1038 4281 1070 4322 ει
1086 4267 1171 4322 tacito
1190 4266 1282 4337 populi
1298 4280 1434 4322 consensu
1449 4268 1656 4340 introducatur,
1672 4273 1719 4344 qui
1733 4289 1788 4329 nou

155 4361 292 4435 telligatur
307 4359 454 4415 indicatum
469 4373 517 4429 per
534 4357 605 4414 illam
618 4359 778 4429 particulam
790 4356 952 4414 maioribus
987 4355 1145 4426 intervenit,
1162 4355 1212 4411 uisi
1227 4370 1276 4426 per
1292 4371 1373 4411 usum
1387 4363 1414 4412 et
1428 4372 1532 4414 morem
1546 4357 1667 4415 eiusdem
1682 4361 1785 4434 populi3

156 4453 301 4508 alentium
322 4450 501 4505 institutum.
523 4449 591 4503 Nam
611 4463 660 4520 ρει
681 4446 752 4502 illam
773 4447 951 4518 significatur,
988 4447 1045 4501 sine
1060 4444 1112 4500 illis
1132 4460 1198 4517 ergo
1214 4461 1267 4499 nou
1288 4443 1391 4501 sufficit
1405 4447 1510 4516 privata
1529 4447 1700 4504 consuetudo
1715 4450 1788 4521 prin·

156 4541 207 4596 hoc
223 4555 284 4596 esse
299 4536 399 4593 debere
412 4538 455 4592 ius
469 4535 560 4593 denuo
576 4535 776 4605 introductum,
789 4551 838 4591 seu
853 4535 878 4590 ic
892 4551 953 4606 par·
988 4535 1066 4606 cipis.
1081 4535 1150 4590 funi
1171 4534 1251 4590 etiam
1267 4535 1330 4606 quia
1351 4549 1404 4590 non
1426 4541 1552 4592 tenentur
1566 4536 1667 4594 subditi
1686 4541 1787 4609 princi·

154 4629 260 4686 uculmi
275 4627 351 4694 loco,
363 4635 412 4683 aut
423 4626 656 4706 provinciapultra
667 4628 728 4682 iura
744 4628 865 4699 gentium
877 4641 952 4681 com·
987 4641 1048 4698 pem
1063 4623 1162 4680 imitari
1174 4625 1199 4678 ia
1212 4625 1269 4678 suis
1281 4623 1446 4696 actionibus,
1458 4627 1540 4680 etiam
1556 4625 1750 4684 honestissimis
1761 4635 1789 4686 ει

153 4717 260 4785 munia,
276 4731 348 4789 quae
363 4717 443 4789 quasi
463 4717 596 4772 naturalia
611 4722 785 4787 reputantur.
803 4713 880 4783 Quod
896 4731 953 4771 ma·
987 4713 1192 4786 frequentibus,
1210 4712 1259 4767 nisi
1273 4713 1331 4784 ipse
1346 4713 1508 4783 praecipiat,
1525 4730 1578 4770 non
1593 4718 1727 4787 praecipit
1739 4733 1790 4773 au·

151 4801 378 4880 gis'explicatur,
394 4822 459 4862 curn
475 4805 575 4862 dicitur
590 4804 643 4861 hoc
658 4806 700 4860 ius
714 4804 805 4860 baberi
817 4820 866 4877 pro
878 4803 949 4877 lege,
988 4811 1042 4860 tem
1056 4802 1244 4869 sufficienter,
1261 4800 1399 4872 operando
1416 4807 1521 4858 tantum
1536 4819 1584 4875 ρει
1603 4821 1682 4862 εειιε
1696 4808 1786 4877 priva·

156 4898 200 4954 ubi
219 4891 389 4966 defrcitle1‘3
409 4912 471 4952 nam
490 4897 534 4951 ius
552 4896 675 4968 gentium
696 4910 749 4950 nou
768 4901 810 4951 est
828 4893 953 4951 introdu·
988 4901 1043 4950 tam
1065 4889 1305 4960 consuetudinem,
1327 4889 1390 4961 quia
1411 4888 1457 4946 illa
1476 4907 1530 4946 nou
1551 4899 1594 4950 est
1613 4909 1786 4966 cupressum,

155 4994 229 5044 ctum
253 4987 333 5059 quasi
352 4986 379 5041 in
400 4984 539 5042 defectam
554 4984 639 5058 legis,
655 4982 702 5040 sed
716 4990 846 5056 tanquam
861 4997 909 5054 ρει
923 4999 952 5040 se
987 4998 1038 5041 nec
1061 4981 1175 5038 tacitum
1194 4982 1302 5051 signum
1321 4977 1467 5036 voluntatis
1482 4979 1634 5054 obligandi,
1650 4991 1680 5038 ut
1695 4997 1744 5054 ρει
1759 4999 1788 5040 se

152 5077 357 5145 necessarlum,
377 5081 404 5130 ει
417 5077 480 5146 εειιε
494 5089 542 5146 ρει
556 5089 584 5128 εε
601 5071 712 5129 ιιιοι1ιιιιι
727 5071 802 5129 illum
818 5073 950 5146 postulat3
987 5069 1158 5146 patet.Unds
1173 5076 1248 5126 recte
1263 5068 1330 5124 dixit
1343 5069 1452 5125 bertin
1468 5068 1487 5124 l.
1497 5074 1525 5140 2,
1539 5072 1649 5144 C.quae
1663 5071 1697 5128 sit
1712 5071 1786 5146 long.

153 5183 204 5224 non
226 5165 299 5222 enim
314 5163 414 5236 poterit
427 5164 505 5221 aliter
520 5164 641 5219 humano
656 5160 737 5218 modo
753 5161 898 5218 introduci.
916 5163 952 5219 Et
988 5162 1099 5220 cousin
1116 5160 1203 5232 prino.
1215 5163 1376 5231 potestatem
1388 5157 1524 5214 condendi
1539 5159 1626 5231 legem
1639 5169 1790 5219 consuetu·

153 5255 188 5312 ita
199 5256 320 5327 primum
332 5252 399 5312 illud
411 5252 663 5326 membrurnquoad
673 5251 742 5308 hanc
754 5257 860 5324 partem
870 5252 952 5309 omit·
987 5252 1137 5322 dinariam,
1155 5259 1220 5306 tunc
1236 5246 1324 5303 solum
1340 5247 1526 5303 transferrem
1541 5247 1708 5322 principem,
1723 5266 1787 5307 oum
