4294 6238
338 339 403 438 314
1043 397 1145 448 ιιιιιιιι
1158 398 1221 450 ιιι.

299 520 365 572 ιιιι
384 514 421 572 illi
441 520 571 574 auctores
592 529 642 587 pro
662 513 714 574 ιιι
734 522 811 590 parte
824 518 921 585 citaris
938 519 1012 578 clarc
1026 522 1099 582 caim
1135 528 1164 580 et
1177 520 1282 594 gnare?
1295 523 1363 580 ltern
1381 519 1408 578 ιι
1422 520 1559 593 praesenti
1578 521 1690 579 materis
1707 535 1761 577 non
1782 525 1877 593 potest
1888 517 1936 576 illa

299 613 471 678 supponunt,
490 605 719 664 consuetudinem
733 623 787 664 non
802 609 1002 683 praescriptam
1018 625 1098 684 posse
1135 612 1297 670 coniectura
1307 627 1340 670 en
1352 616 1451 668 natura
1462 619 1577 668 actuum
1589 610 1670 681 sumi,
1683 627 1746 668 narn
1759 610 1840 668 iidem
1853 615 1937 668 actus

297 691 333 750 ad
347 693 529 751 inducendam
544 694 632 768 legem
646 695 785 754 sufficere.
999 717 1002 724 ⁴
1134 716 1167 758 ιι
1183 707 1282 758 ιιιιιι
1296 717 1346 759 ιιι
1360 706 1427 758 sunt
1440 700 1511 772 apti,
1528 706 1559 757 ut
1571 714 1605 758 ax
1623 699 1783 772 devotione,
1799 715 1849 756 seu
1869 715 1938 756 con·

337 787 364 841 9.
380 783 472 840 Unum
491 799 558 840 ιιιι
579 783 723 844 suboritur
742 785 856 845 dubium
870 803 904 847 es
919 788 1018 862 dictis,
1034 789 1099 863 quia
1134 791 1194 848 silio
1215 791 1296 862 fiant,
1312 791 1353 846 ael
1373 806 1406 847 ιι
1427 797 1591 862 praecepto,
1609 796 1641 846 ut
1658 796 1735 862 patet
1747 790 1782 847 de
1800 788 1938 845 oblatione

297 887 438 945 nunquam
453 872 561 930 videtur
575 873 749 949 consuetudo
761 876 825 934 iacti
837 891 897 935 esse
908 879 1049 936 sulliciens
1063 879 1101 935 si·
1135 895 1215 936 sacra
1229 880 1255 937 in
1270 880 1387 937 ecclesia
1398 921 1405 950 ,
1416 877 1450 936 de
1461 878 1560 937 ieiunio
1570 920 1578 950 ,
1590 886 1620 937 ct
1629 879 1820 938 observatione
1834 877 1888 934 diei
1898 875 1939 933 le·

297 975 384 1032 gnum
395 961 541 1018 uoluntatis
552 961 683 1034 principis
694 971 722 1022 ct
733 966 839 1038 populi,
853 968 917 1040 qrrie
927 966 1032 1025 dictum
1043 974 1096 1039 est,
1134 970 1184 1041 sti,
1200 976 1227 1027 et
1241 967 1384 1026 similibus.

299 1049 526 1108 consuetudinem
548 1051 648 1110 debere
662 1068 723 1110 esse
737 1069 770 1111 ex
783 1056 934 1114 intentione
949 1056 1096 1115 inducendi
1171 1059 1294 1131 benique
1305 1057 1376 1116 idem
1388 1056 1502 1116 dubium
1512 1058 1640 1131 proponit
1649 1058 1840 1123 Patellavcn.
1851 1061 1934 1113 tract

299 1140 522 1198 consuetudinem
540 1143 626 1214 iuris,
642 1141 710 1200 baec
724 1151 816 1202 autem
829 1147 943 1203 intentio
956 1161 1098 1219 nunquam
1133 1147 1166 1206 de
1181 1154 1307 1205 consuet.
1323 1163 1350 1204 n.
1371 1149 1423 1220 ιι,
1439 1152 1467 1203 ιι
1487 1146 1577 1203 solum
1592 1145 1754 1218 respondet,
1773 1143 1937 1202 remittendo

298 1237 392 1302 potest
405 1247 439 1288 ex
453 1230 510 1288 sola
525 1231 677 1304 frequentia
692 1242 807 1292 actuum
822 1235 991 1292 sulllcienter
1008 1237 1101 1294 coaic-
1135 1253 1163 1294 se
1178 1236 1212 1294 ad
1227 1253 1274 1305 ca,
1289 1252 1359 1311 quae
1373 1235 1406 1293 dc
1421 1235 1634 1309 praescriptione
1654 1236 1755 1292 iunium
1776 1235 1937 1305 incorpora·

299 1322 388 1392 ctari,
404 1321 452 1377 nisi
473 1335 602 1392 expresse
622 1320 797 1396 decipietur,
812 1327 877 1398 qula
898 1327 954 1382 sina
975 1326 1021 1383 illa
1030 1344 1098 1398 ¹pos·
1134 1327 1201 1384 lium
1213 1326 1296 1384 tradit
1306 1329 1399 1384 lnuoc.
1413 1328 1441 1383 in
1452 1341 1513 1398 cap.
1526 1329 1638 1392 Borrae,
1651 1324 1685 1381 de
1696 1324 1798 1396 postul.
1819 1322 1935 1395 praelat.

299 1417 366 1468 sunt
378 1409 474 1466 eodem
488 1405 569 1467 modo
584 1417 664 1468 actus
678 1411 855 1485 frequentari.
870 1415 997 1485 Accedit,
1011 1415 1099 1488 qued,
1135 1422 1163 1472 et
1177 1415 1235 1473 aliis
1254 1416 1321 1472 locis
1332 1431 1398 1472 oum
1409 1416 1481 1471 Bart.
1494 1419 1522 1471 et
1532 1414 1601 1471 aliis.
1615 1413 1665 1482 Ωιι
1676 1428 1769 1469 omues
1782 1412 1937 1484 loquuntur

299 1504 332 1557 ut
344 1501 436 1556 notavi
451 1499 571 1557 incitato
586 1506 660 1557 tomo
676 1503 699 1558 l.
713 1500 746 1559 dc
758 1501 834 1574 relig.
848 1503 1098 1561 licetconsuetudo
1136 1504 1172 1563 de
1187 1505 1296 1577 propria
1312 1504 1578 1578 praescriptionem
1593 1517 1646 1575 qua
1659 1501 1745 1559 multo
1758 1501 1866 1558 lucilius
1881 1501 1938 1558 dis·

299 1603 333 1644 ex
346 1586 489 1672 devotione
503 1587 630 1662 incipiat,
642 1595 737 1660 postea
747 1589 825 1647 iacile
837 1597 961 1649 mutatur
975 1593 1098 1667 intentio,
1134 1596 1273 1664 cernitur,
1288 1609 1322 1651 an
1343 1609 1410 1650 usus
1430 1595 1464 1651 sit
1478 1593 1560 1664 iuris,
1577 1592 1618 1648 vel
1633 1607 1717 1663 purae
1738 1588 1893 1663 facultatis,
1907 1594 1938 1646 ιι

299 1684 327 1735 ιι
336 1677 406 1734 liunt
414 1677 496 1735 iidem
507 1684 587 1735 actus
598 1693 632 1734 ex
641 1680 790 1737 intentione
801 1679 983 1754 obligationis,
993 1683 1098 1739 etiarnsi
1133 1699 1170 1756 ¹ex
1184 1688 1260 1755 parte
1275 1682 1377 1740 utentis
1390 1697 1497 1752 semper
1510 1680 1698 1753 praesumitur
1710 1679 1737 1735 in
1752 1679 1835 1737 dubio
1849 1679 1937 1734 inten-

298 1768 327 1823 ιι
341 1766 406 1838 ipsis
420 1765 495 1823 nulla
510 1767 625 1823 mutatio
639 1775 779 1840 appareat.
792 1771 864 1827 llaec
877 1769 1024 1828 difficultas
1039 1788 1101 1842 pra·
1135 1773 1173 1828 tio
1186 1769 1302 1827 habendi
1316 1773 1360 1827 lus
1375 1769 1504 1842 dominii,
1520 1769 1562 1826 ιιι
1576 1771 1735 1838 servitutis,
1748 1775 1797 1825 aut
1809 1766 1884 1824 aliud
1900 1767 1937 1823 si·

300 1856 372 1914 cticu
386 1863 429 1914 est
444 1857 553 1928 potius,
568 1869 651 1929 quem
666 1857 848 1933 speculativa,
865 1866 894 1916 ct
912 1860 1004 1918 locum
1019 1861 1102 1917 babet
1134 1859 1196 1916 mile
1211 1860 1238 1915 in
1253 1857 1298 1917 tali
1309 1873 1353 1930 te,
1367 1857 1441 1932 quod
1453 1873 1506 1914 uon
1517 1859 1606 1915 itacst
1616 1858 1641 1914 in
1653 1858 1805 1929 praesenti,
1822 1863 1953 1929 propter·

300 1952 357 2002 tarn
370 1947 398 2002 in
411 1944 612 2002 consuetudine
626 1949 809 2020 praescripta,
821 1964 905 2022 quam
916 1950 942 2006 in
954 1964 1009 2005 non
1021 1965 1099 2021 prac-
1135 1949 1267 2006 rationem
1288 1947 1399 2006 iactam.
1425 1947 1525 2005 Deinde
1547 1953 1677 2005 auctores
1696 1947 1770 2006 citati
1795 1947 1937 2020 potissime

300 2035 414 2109 scripta,
428 2050 570 2108 nunquam
584 2036 655 2093 anim
673 2035 871 2109 praescribitur
882 2037 1056 2096 consuetudo
1067 2038 1101 2096 ad
1134 2044 1256 2096 tractant
1274 2039 1308 2095 de
1328 2037 1487 2110 probatione
1508 2035 1716 2095 consuetudinis
1731 2037 1757 2092 iu
1773 2036 1833 2092 loro
1846 2044 1938 2093 enter·

301 2125 431 2183 ellectum
453 2121 601 2182 inducendi
622 2123 725 2198 legem,
741 2127 845 2183 etiamsi
865 2143 915 2200 per
928 2127 1000 2184 mille
1014 2143 1100 2185 annos
1134 2143 1187 2200 ηις
1204 2143 1255 2184 ιιι
1274 2131 1366 2184 autern
1387 2132 1540 2184 tractamus
1559 2125 1592 2182 de
1613 2125 1673 2182 ioro
1695 2125 1894 2197 conscientiae,
1909 2129 1937 2180 ιι

301 2213 400 2285 ιιιιι,
420 2215 471 2271 ιιιι
484 2214 638 2288 lreqrrentia
656 2222 772 2273 actuum
791 2217 863 2274 lacta
877 2218 913 2274 sit
925 2233 959 2274 ex
973 2219 1102 2276 intentio·
1135 2233 1193 2290 quo
1204 2216 1331 2274 lacileest
1343 2214 1473 2273 iudicium
1484 2218 1510 2271 in
1523 2215 1783 2286 praescriptionem
1799 2230 1852 2271 usu
1863 2215 1936 2286 aius,

300 2319 335 2362 ne
349 2302 496 2362 inducendi
511 2304 568 2361 ius.
591 2305 649 2361 lmo
671 2305 796 2363 existimo
809 2308 1012 2378 necessarium,
1029 2313 1060 2363 ut
1074 2307 1100 2364 in
1135 2305 1201 2380 quia
1212 2305 1253 2362 vel
1265 2306 1311 2378 qui
1322 2304 1499 2377 praescribit,
1510 2305 1811 2376 cstpersonaprisata,
1827 2308 1856 2359 ιι
1869 2309 1937 2359 ιιιι

301 2400 360 2450 toto
370 2392 503 2450 decennio
514 2393 561 2450 tali
577 2393 788 2452 intentionasint
798 2393 947 2469 lucti‚quia
958 2398 1034 2454 alites
1046 2411 1101 2453 non
1137 2396 1194 2466 ipss
1212 2395 1263 2452 erit
1282 2395 1360 2451 testis
1378 2407 1445 2451 suae
1457 2392 1627 2465 intentionis,
1643 2391 1684 2448 val
1697 2398 1741 2448 est
1754 2381 1845 2465 aliqua
1861 2406 1939 2448 conr·

301 2489 418 2556 possunt
432 2495 603 2539 concurrere
618 2489 650 2539 ut
664 2485 774 2556 signum
789 2497 941 2542 cousensus
951 2484 1043 2557 populi
1054 2499 1103 2541 nc·
1135 2484 1268 2552 munitas,
1278 2489 1305 2540 et
1327 2489 1393 2540 ιιιιι
1408 2481 1539 2538 iudicium
1553 2479 1733 2538 conscientiae
1744 2495 1798 2536 non
1812 2485 1939 2536 serantur

301 2571 412 2628 cessarii
431 2570 465 2627 ad
480 2570 704 2628 consuetudinem
726 2573 930 2646 praescriptam.
946 2572 1021 2632 Unde
1035 2587 1102 2646 ergo
1138 2575 1215 2630 circa
1230 2572 1469 2640 communitatem,
1485 2577 1516 2627 ut
1529 2571 1580 2642 sic,
1591 2567 1638 2626 sed
1649 2569 1725 2626 circa
1735 2567 1868 2640 singulos:
1882 2570 1939 2624 sin-

301 2659 362 2717 tslis
375 2659 485 2717 intentio
498 2660 629 2732 cognosci
643 2660 765 2732 poterit?
1137 2664 1194 2736 guli
1205 2669 1297 2719 sutem
1308 2659 1610 2734 possunt,etdebentis
1620 2658 1789 2715 conscientia
1797 2671 1849 2730 pro
1862 2671 1940 2713 conr·

342 2749 543 2806 dubitationem
559 2749 628 2806 ιιιι
644 2750 734 2822 attigit
747 2749 869 2823 Angelus
883 2751 1102 2809 serbo-consae-
1138 2755 1272 2810 munitate
1292 2763 1483 2822 praesumere,
1499 2755 1611 2820 propter
1625 2748 1757 2803 rationem
1772 2746 1882 2803 iactam.
1905 2747 1942 2802 ιι

301 2836 389 2908 tudo,
408 2854 436 2894 ι.
454 2841 482 2910 4,
498 2845 525 2896 ιι
539 2844 571 2910 5,
586 2844 615 2896 ct
628 2840 656 2895 in
671 2840 785 2896 Summa
798 2839 889 2898 solum
902 2839 987 2912 dicit,
1000 2839 1026 2897 id
1040 2855 1102 2897 esse
1139 2856 1204 2899 asro
1220 2842 1262 2897 ius
1276 2837 1484 2897 consuetudinis
1500 2851 1607 2908 semper
1620 2835 1721 2909 pendet
1737 2850 1770 2892 ιι
1789 2835 1879 2891 animo
1896 2843 1939 2891 to·

302 2928 529 2998 coniectandum,
552 2927 593 2985 vel
611 2942 645 2985 ιι
664 2927 815 3002 trequentia
834 2937 863 2986 et
882 2929 1057 2988 multitudiue
1071 2945 1100 2986 a·
1137 2932 1191 2989 tius
1204 2930 1314 3004 populi,
1325 2936 1354 2987 at
1365 2927 1463 3001 singuli
1478 2942 1531 2984 noa
1546 2933 1675 2984 tenentur
1686 2939 1863 2996 praesumere
1879 2922 1941 2981 ani·

302 3025 417 3088 ctuum,
430 3015 472 3073 ιιΙ
487 3023 553 3074 ιιιι
566 3018 668 3089 publici
679 3026 708 3076 et
718 3020 817 3076 notorii
827 3059 835 3094 ,
846 3019 996 3077 accedente
1010 3020 1103 3093 populi
1138 3007 1214 3080 muns
1229 3017 1375 3077 inducendi
1389 3021 1584 3089 praeceptum,
1596 3015 1662 3088 quia
1673 3013 1726 3072 boc
1736 3029 1790 3070 non
1805 3020 1847 3071 est
1862 3011 1940 3072 laro-

303 3123 452 3164 consensu.
465 3107 519 3165 Sed
529 3106 596 3164 baec
608 3113 637 3163 et
647 3108 741 3164 similia
752 3125 806 3166 non
817 3108 967 3181 expediunt
980 3109 1101 3168 dillicul·
1138 3110 1223 3169 rabilc
1237 3107 1448 3176 communitati,
1463 3105 1511 3163 scd
1526 3119 1684 3162 onerosum.

303 3201 402 3270 utem,
417 3198 481 3270 quia
502 3198 660 3254 communia
679 3211 740 3254 asse
760 3207 877 3270 possunt
897 3199 930 3256 sd
950 3201 1101 3271 simplicem
1181 3205 1224 3259 lb.
1243 3197 1317 3256 Unde
1332 3194 1411 3269 dlco,
1425 3211 1478 3252 non
1492 3209 1553 3252 esse
1563 3191 1642 3250 tacite
1656 3189 1777 3250 iudicare
1789 3189 1823 3248 da
1835 3189 1941 3264 obliga·

304 3285 530 3344 consuetudinem
546 3301 580 3344 es
593 3286 753 3358 devotione,
766 3303 815 3345 scu
829 3303 863 3346 ex
874 3304 950 3346 mera
959 3289 1102 3348 voluntate
1138 3293 1211 3349 tione
1222 3287 1362 3361 praecepti
1377 3300 1425 3358 per
1436 3281 1666 3341 consuetudinem
1679 3281 1801 3354 inducta,
1813 3281 1878 3338 etin
1889 3280 1943 3338 du·

303 3374 404 3446 libers,
424 3382 452 3432 et
478 3374 511 3433 ad
536 3377 712 3434 intentionem
736 3375 884 3435 inducendi
902 3380 945 3434 ius
967 3378 1100 3453 obligans.
1118 3379 1203 3450 “blo,
1220 3391 1253 3434 ac
1267 3376 1368 3433 ceteris
1382 3371 1509 3446 paribus,
1525 3372 1616 3445 potius
1633 3385 1694 3427 csse
1709 3369 1897 3428 inclinandum
1911 3371 1941 3428 ln
2033 3369 2039 3376 '

303 3463 434 3522 Eamdam
448 3462 648 3520 dubitationem
663 3466 788 3538 proponit
801 3467 914 3525 ltocbus
929 3483 1014 3539 supra
1029 3474 1100 3526 sect.
1141 3482 1202 3525 earn
1214 3471 1338 3540 partem,
1349 3461 1423 3536 quod
1436 3459 1609 3518 consuetudo
1621 3458 1656 3517 sit
1666 3459 1828 3530 devotionis,
1840 3458 1883 3515 acl
1894 3457 1945 3516 ιι-

305 3558 334 3626 ι,
347 3555 375 3610 ιι
391 3555 416 3611 7.
430 3553 554 3626 acquisit.
567 3559 693 3611 consuet.
711 3571 738 3611 ι.
753 3559 800 3626 ιι,
811 3563 840 3614 ιι
858 3556 1016 3614 remittltad
1027 3573 1055 3631 q.
1074 3561 1101 3616 6.
1142 3556 1274 3627 aestatis,
1290 3560 1318 3611 et
1337 3553 1371 3610 ad
1391 3549 1487 3608 melius
1506 3565 1581 3622 esse,
1597 3549 1688 3622 potius
1702 3547 1943 3626 quampbligatio·

305 3648 371 3713 post
388 3641 530 3713 Glossam,
546 3657 617 3715 qrrae
635 3641 751 3700 habetur
769 3651 838 3700 sect.
857 3649 891 3718 ι,
909 3661 925 3702 ι
943 3660 971 3701 ι.
992 3648 1041 3717 to,
1059 3647 1106 3703 ubl
1140 3647 1194 3703 nis.
1210 3645 1279 3712 Quis
1299 3640 1432 3715 generalis
1447 3646 1488 3696 cst
1501 3637 1615 3711 regula,
1631 3636 1707 3712 quod
1721 3637 1746 3694 in
1760 3636 1844 3694 dubio
1859 3653 1943 3695 nemo

305 3747 334 3786 n.
351 3733 397 3790 27.
414 3730 485 3787 illam
498 3731 597 3788 iterum
609 3731 739 3790 distincte
750 3725 894 3806 pro'pcait,
907 3733 1052 3808 solumque
1063 3735 1104 3794 di·
1139 3733 1327 3808 praesumitur
1352 3728 1421 3788 selle
1439 3728 1566 3802 obligari,
1592 3733 1623 3784 ut
1641 3728 1668 3784 ln
1688 3727 1801 3785 materia
1820 3725 1857 3783 de
1876 3731 1944 3784 voto

306 3821 361 3890 cit,
372 3820 399 3875 ιι
412 3819 496 3877 dubio
513 3818 692 3878 iudicandum
706 3837 784 3890 asse,
797 3837 1025 3898 unumquemque
1038 3840 1104 3883 cen·
1140 3822 1207 3880 diri.
1222 3824 1315 3894 Neque
1328 3818 1439 3894 expedit
1452 3815 1627 3889 multiplicari
1641 3825 1804 3890 praecepta,
1819 3815 1866 3873 ubi
1884 3833 1944 3874 mo·

306 3909 375 3977 seri,
388 3911 493 3980 operari
508 3910 597 3966 animo
608 3908 753 3968 inducendi
765 3912 1006 3985 consuetudinem,
1017 3930 1104 3987 quan·
1141 3911 1235 3970 naliter
1246 3918 1324 3969 certa
1337 3923 1390 3966 non
1405 3913 1486 3977 sunt,
1499 3907 1539 3964 rel
1552 3907 1647 3964 saltem
1658 3906 1850 3980 probabiliora.
1864 3907 1944 3964 bein·

306 3998 342 4055 do
356 3997 422 4055 lacit
435 4005 530 4055 actum
550 4014 600 4070 pro
615 4001 675 4056 iure
691 4015 757 4070 suo,
773 4000 798 4057 ld
813 4007 873 4072 est,
889 4001 1004 4060 credens
1018 4019 1048 4061 sa
1062 4003 1105 4060 ιιι
1141 4001 1175 4058 de
1187 3997 1407 4072 dicc,iudiciurn
1422 3994 1455 4054 de
1470 3993 1551 4052 modo
1565 3996 1783 4068 consuetudinis,
1795 4002 1824 4053 et
1838 3997 1941 4069 animo,

307 4087 423 4159 habere,
437 4095 468 4146 ut
481 4089 508 4144 in
521 4095 662 4161 posterum
674 4088 701 4146 id
712 4088 803 4146 leniat.
815 4089 930 4156 Quando
941 4097 1032 4149 autem
1044 4091 1105 4165 quis
1141 4105 1199 4164 qua
1213 4088 1372 4146 introducta
1390 4092 1448 4156 cst,
1468 4084 1580 4141 arbitrio
1594 4082 1772 4156 prudentium
1785 4099 1847 4140 essa
1860 4084 1942 4141 relin-

308 4183 440 4250 operatur
458 4184 587 4250 tanquam
608 4185 686 4235 utens
706 4179 764 4236 iure
779 4193 846 4252 suo,
861 4179 945 4247 dicit,
959 4195 992 4237 ιι
1006 4189 1107 4238 ιιιιιι
1143 4179 1284 4253 quendum
1296 4197 1304 4248 3
1315 4191 1365 4234 nec
1381 4182 1486 4233 certam
1500 4173 1580 4230 aliam
1592 4174 1716 4247 regulam
1728 4189 1809 4246 posse
1820 4175 1943 4246 assigna·

308 4275 423 4324 actuum
443 4281 504 4324 esso
523 4266 725 4340 colligendum,
741 4274 772 4324 ut
785 4267 806 4323 si
821 4269 875 4325 sint
887 4276 985 4341 setus,
1000 4271 1048 4343 qui
1063 4287 1107 4328 so·
1142 4271 1179 4341 ri,
1195 4270 1260 4343 quia
1273 4267 1332 4324 iure
1346 4265 1455 4323 delinita
1469 4279 1523 4320 non
1536 4270 1593 4336 est,
1609 4271 1683 4321 etex
1696 4278 1725 4322 se
1741 4278 1786 4321 ras
1800 4271 1842 4320 est
1856 4263 1943 4322 lubri-

308 4355 366 4414 lent
378 4355 436 4412 ιιιι
449 4371 483 4413 ax
494 4371 564 4429 pura
576 4356 709 4428 amicitia,
721 4361 753 4413 ut
762 4357 895 4428 prandere
909 4360 936 4414 in
946 4357 1028 4416 domo
1039 4361 1107 4416 nmi-
1143 4373 1176 4415 ca
1190 4363 1218 4414 et
1230 4355 1375 4428 ambigua,
1391 4359 1422 4410 ut
1435 4352 1583 4410 difficultas
1596 4354 1737 4425 proposita
1754 4352 1884 4411 ostendit.
1901 4351 1943 4410 nd

309 4447 348 4519 ci,
364 4446 468 4503 etiamsi
487 4445 720 4519 multiplicentur,
740 4460 794 4502 uon
813 4453 962 4505 censentur
981 4448 1036 4505 fieri
1057 4463 1107 4520 pro
1144 4443 1319 4510 iudicandum
1338 4449 1430 4501 autem
1449 4442 1483 4500 dc
1497 4432 1586 4499 animo
1601 4440 1748 4499 inducendi
1765 4440 1944 4499 consuetudi·

309 4537 369 4593 iure
383 4535 557 4606 inducendo,
575 4549 657 4592 secus
672 4535 772 4592 verosi
786 4537 947 4603 sistamus,
962 4535 1110 4610 quisolent
1145 4551 1224 4608 nem,
1243 4538 1358 4608 possunt
1375 4531 1499 4589 conterre
1518 4531 1569 4588 hac
1589 4530 1776 4588 coniecturae.
1798 4531 1905 4603 Prima,
1921 4530 1945 4586 si

309 4623 519 4696 iuspostutare.
534 4623 571 4681 Et
581 4622 615 4679 ad
625 4623 678 4681 boc
690 4623 789 4696 allegat
800 4623 891 4695 plures
903 4624 1043 4683 doctores.
1057 4626 1110 4684 Sed
1146 4624 1319 4681 consuetudo
1334 4623 1370 4678 sit
1384 4620 1456 4694 longi
1470 4619 1611 4693 temporis,
1625 4624 1654 4676 et
1667 4620 1705 4676 rei
1719 4620 1824 4693 gnaris,
1841 4635 1875 4678 ac
1892 4619 1944 4676 dil-

312 4715 337 4770 ιι
353 4715 446 4786 primis
460 4712 555 4785 regula
568 4712 628 4784 illa,
646 4713 820 4786 conlectura,
838 4720 866 4770 et
886 4715 1011 4788 exempla
1025 4715 1111 4787 magis
1146 4713 1239 4786 licitis,
1254 4719 1282 4770 et
1297 4711 1482 4769 communiter
1496 4715 1623 4768 sensatur
1637 4723 1653 4766 a
1667 4708 1769 4781 populo
1784 4725 1834 4780 pro
1850 4709 1945 4767 maiori

312 4802 439 4859 sidentur
452 4799 657 4859 accommodari
668 4800 701 4858 ad
716 4801 954 4872 cousuetudinem,
965 4818 1012 4874 per
1028 4817 1111 4877 quam
1146 4789 1235 4875 psr'te,
1248 4801 1313 4874 quia
1327 4814 1380 4857 non
1396 4800 1465 4857 solet
1480 4797 1598 4872 populus
1613 4796 1785 4855 unilormiter
1799 4797 1945 4854 conuenire

312 4907 356 4949 res
377 4892 622 4962 praescribuntur,
640 4905 722 4964 quam
740 4890 773 4948 ad
792 4891 1018 4949 consuetudinem
1040 4891 1112 4966 legs·
1147 4894 1174 4948 in
1197 4888 1352 4948 huiusmodi
1372 4887 1500 4960 actibus,
1522 4887 1573 4942 nisi
1593 4885 1703 4959 quando
1723 4901 1756 4943 cn
1782 4886 1946 4959 obligatione

311 4981 376 5038 lem.
393 4981 460 5035 llam
474 4979 508 5035 ibi
524 4986 603 5035 utens
620 4965 825 5050 praesumitur,
837 4982 863 5036 in
877 4980 962 5038 dubio
974 4981 1017 5037 ius
1029 4997 1111 5039 suum
1148 4986 1227 5053 sunt3
1241 4986 1269 5038 et
1279 4979 1318 5036 sio
1330 4985 1373 5035 est
1387 4993 1516 5048 magnum
1531 4974 1661 5032 indicium
1673 5019 1680 5046 ,
1693 4981 1760 5032 tunc
1774 4974 1839 5033 duci
1855 4991 1888 5032 es
1899 4990 1947 5032 co·

311 5084 444 5142 quaerere
456 5107 463 5140 ,
476 5067 517 5125 vel
535 5083 678 5141 exercere,
690 5069 754 5141 quia
769 5067 821 5125 boc
836 5068 872 5125 illi
888 5069 953 5127 utile
963 5077 991 5128 et
1005 5069 1112 5128 inrora-
1147 5070 1275 5145 gitationc
1290 5066 1478 5141 obligationis,
1493 5079 1564 5138 quaa
1579 5063 1690 5122 inducta
1709 5064 1760 5119 iam
1774 5069 1833 5134 est,
1848 5064 1889 5120 ιιι
1904 5065 1946 5121 in·

311 5159 365 5218 bile
379 5166 437 5231 est,
453 5166 480 5216 at
493 5158 537 5216 ιιι
553 5173 606 5214 ιιι
619 5163 813 5230 praesumetur
823 5158 884 5231 puis
899 5160 926 5216 in
940 5157 1025 5216 dubio
1040 5159 1109 5217 velle
1147 5158 1270 5218 ducitur.
1283 5154 1425 5228 Secunda,
1437 5157 1460 5212 si
1475 5155 1624 5226 prudentes
1639 5153 1691 5211 siri
1706 5161 1734 5210 ιι
1745 5154 1863 5211 timorati
1876 5154 1948 5211 male

313 5249 445 5308 inducere
459 5250 502 5306 ius
516 5246 745 5319 consuetudinis,
756 5249 831 5320 quod
846 5247 896 5308 sibi
907 5254 949 5308 est
962 5264 1110 5309 onerosum
1149 5247 1269 5306 ιιιιιιιι
1281 5246 1315 5305 dc
1328 5245 1368 5302 ιιι
1379 5285 1387 5319 ,
1400 5245 1447 5320 qui
1460 5259 1514 5303 nou
1529 5249 1640 5302 serrant
1654 5242 1892 5318 consuetudinem,
1905 5242 1949 5302 ιιι
