4190 6234
451 377 494 442 44
638 465 643 472 .
1156 395 1257 446 444444
1271 396 1306 445 4.

409 525 466 594 4444,
482 525 515 578 444
534 519 681 593 probatum
699 527 752 579 444.
769 521 887 580 Dubium
904 536 971 596 crgo
992 521 1081 580 solum
1099 528 1153 593 est,
1176 503 1210 578 ar's
1246 521 1305 594 luit,
1317 529 1374 580 etc.
1388 522 1489 582 ilerum
1503 530 1556 596 est,
1571 527 1598 582 in
1614 521 1656 582 his
1670 523 1776 583 iuribus
1787 540 1840 584 nou
1855 524 1954 584 haberi
1969 529 2048 598 parti·

407 607 522 681 simplex
543 610 658 668 verbum
678 613 744 686 ipso
753 608 841 684 sacto
862 611 984 669 sullioiat
996 613 1025 668 in
1044 610 1087 668 his
1101 611 1206 684 poenis.
1245 612 1338 670 culam
1350 611 1519 687 ipsosacto,
1538 616 1580 672 444
1595 614 1707 688 similes,
1722 614 1770 672 sed
1783 629 1818 673 44
1837 615 1945 674 ellectu
1960 616 2048 688 colligi

407 699 482 767 Quae
501 697 631 773 distingui
652 707 783 772 possunt:
805 717 867 757 nam
887 699 1026 758 interdum
1045 707 1112 758 sunt
1131 703 1211 775 quasi
1245 701 1439 765 inhabilitatem
1454 704 1513 776 ipso
1532 703 1617 776 44444,
1634 705 1697 778 quia
1715 705 1780 762 talia
1794 707 1973 764 matrimonia
1987 723 2049 763 444-

408 789 545 863 passivae,
561 795 594 847 ut
605 804 666 846 esse
680 789 864 864 ineligibilem,
877 805 938 847 esse
952 790 1111 863 incapacem
1126 791 1211 848 hono·
1245 797 1340 850 santur
1353 791 1442 865 irrita,
1454 799 1484 850 et
1496 795 1535 852 ita
1545 793 1590 851 illa
1603 797 1665 852 iura
1675 811 1729 852 non
1742 794 1868 867 probant,
1878 812 1916 854 an
1928 797 1983 853 alia
1993 797 2050 853 iura

407 893 490 948 rum,
505 885 534 935 44
549 877 669 952 similes,
685 878 870 952 quastollunt
883 879 1018 952 passivam
1031 881 1210 952 capacitatem
1245 894 1293 950 per
1308 881 1381 939 solas
1394 881 1546 954 particulas
1560 883 1715 957 praedictas
1728 893 1898 944 censeantur
1912 884 1991 944 illam
2010 887 2050 941 in·

408 983 458 1026 seu
469 967 646 1042 habilitatem
659 969 729 1028 aliae
739 985 805 1027 vero
816 967 871 1027 dici
884 974 1001 1041 possunt
1010 971 1128 1044 activae,
1140 987 1211 1045 quae
1246 969 1328 1027 44444.
1521 961 1525 966 ’

408 1057 595 1128 privantroce
606 1058 763 1130 sctiva,seu
774 1057 894 1116 reddunt
907 1057 1050 1117 inhabilem
1062 1076 1208 1134 personam
1286 1063 1314 1117 3.
1331 1062 1474 1118 Praeterea
1488 1061 1521 1118 de
1542 1061 1693 1134 privatione
1711 1064 1791 1136 quasi
1812 1066 1904 1122 activa
1923 1071 1968 1120 est
1988 1067 2054 1135 opti-

409 1145 443 1202 44
459 1145 603 1204 terendum
622 1147 798 1221 suniagium,
814 1147 847 1205 ad
868 1147 1033 1221 eligendum,
1049 1155 1078 1208 st
1096 1149 1209 1208 similes.
1246 1163 1323 1206 mum
1345 1149 1501 1224 exemplum
1522 1152 1548 1208 in
1567 1151 1700 1211 clement.
1718 1156 1794 1214 Utis
1813 1156 1874 1226 qui,
1894 1153 1931 1211 de
1951 1161 2053 1212 444444

448 1241 477 1294 2.
493 1239 531 1294 444
546 1235 587 1292 his
607 1252 674 1311 ergo
687 1244 732 1294 est
752 1236 830 1294 44444
851 1244 964 1312 recepta
984 1240 1126 1312 sententia,
1142 1256 1212 1315 quo·
1246 1237 1343 1312 qualit.
1355 1238 1401 1297 ubi
1413 1238 1589 1311 praebendati
1599 1241 1762 1300 inecclesiis
1774 1240 1996 1308 cathedralibus,
2009 1244 2054 1316 qui

410 1325 460 1382 ties
473 1324 653 1397 les-poenalis
667 1341 732 1384 cum
747 1325 882 1385 additione
896 1326 1064 1403 ipsosucto,
1082 1330 1124 1387 vel
1139 1333 1211 1388 simi·
1246 1328 1304 1385 sine
1321 1329 1392 1386 iusta
1413 1345 1498 1387 cansa
1511 1346 1566 1388 non
1587 1339 1784 1403 promoventur
1802 1333 1875 1390 intra
1895 1348 2003 1390 annum
2021 1333 2053 1392 sd

409 1415 439 1490 li,
451 1415 567 1488 imponit
579 1415 735 1473 huiusmodi
750 1415 961 1490 inhabilitatem,
971 1419 1080 1477 etiamsi
1092 1436 1146 1477 aon
1163 1419 1212 1477 44·
1247 1417 1357 1476 4444444
1371 1419 1428 1476 suis
1442 1418 1604 1492 praebendis
1623 1421 1755 1493 4444444,
1770 1437 1808 1480 es
1826 1428 1898 1480 4444
1912 1423 2055 1495 privantur

410 1505 458 1564 dat
477 1505 587 1579 ubsque
606 1505 673 1563 aliu
692 1503 905 1574 declaratione,
922 1506 965 1562 vol
985 1507 1060 1566 allud
1082 1511 1211 1583 aequiva·
1246 1522 1315 1564 4444
1325 1510 1415 1567 444444
1425 1510 1451 1566 44
1463 1509 1683 1581 Cupitulo.tluod
1694 1510 1852 1585 intelligitur
1863 1519 1933 1570 ante
1945 1528 2052 1569 omnem

410 1594 618 1669 lens,inducere
630 1597 723 1653 statim
736 1595 806 1652 illam
819 1594 1017 1655 inhabilitatem
1029 1605 1091 1656 ante
1102 1615 1210 1658 omnem
1247 1599 1423 1671 sententium,
1446 1599 1520 1657 iuxta
1534 1598 1677 1674 Glossam,
1699 1601 1862 1659 cardinalem
1885 1602 2013 1659 Bouilac.
2029 1608 2055 1658 et

411 1684 583 1755 sententiam,
594 1686 676 1742 etiam
688 1684 1050 1757 declaratoriam,criminis.
1063 1689 1104 1746 lta
1116 1694 1211 1749 tenent
1247 1703 1353 1760 omnes,
1368 1694 1397 1746 et
1416 1686 1498 1762 plura
1509 1689 1653 1751 allevemus
1672 1690 1752 1763 inlra,
1768 1691 1917 1749 tractando
1931 1691 1968 1748 de
1989 1691 2053 1765 legi·

412 1780 506 1848 aperte
518 1774 603 1832 Celet.
614 1778 642 1833 2.
652 1779 681 1846 2,
694 1790 722 1848 q.
736 1776 783 1847 62,
796 1789 822 1832 4.
836 1779 864 1847 3,
876 1774 992 1852 sylvest.
1001 1777 1085 1834 verbo
1098 1781 1214 1838 asscsi·
1247 1775 1300 1834 hus
1313 1777 1481 1836 irritantibus
1500 1786 1671 1838 contractus.
1684 1781 1765 1838 Ratio
1781 1779 1899 1855 denique
1915 1788 1971 1854 est,
1988 1782 2051 1855 quis

411 1881 479 1933 uus,
496 1865 594 1922 444444.
608 1863 735 1922 Corduba
749 1870 777 1922 et
791 1864 835 1921 alii
849 1867 877 1922 in
891 1881 954 1938 cap.
973 1872 997 1926 4.
1013 1866 1047 1925 44
1060 1869 1172 1926 constit.
1184 1875 1214 1926 et
1247 1867 1292 1925 hic
1304 1869 1420 1927 effectus
1430 1876 1473 1927 444
1486 1876 1567 1942 aptus
1579 1869 1636 1927 lieri
1650 1873 1756 1944 integre
1767 1878 1795 1928 et
1810 1870 1933 1942 perfecte
1946 1887 1997 1944 per
2011 1888 2054 1927 so·

411 1956 501 2030 Timq.
511 1955 754 2029 suprs.Gonsentlt
765 1956 847 2013 444444
859 1956 956 2014 444444.
968 1959 1211 2033 4.2,4.96,444.4,
1248 1957 1301 2016 lem
1318 1958 1417 2034 legem,
1431 1965 1461 2017 et
1481 1961 1519 2016 ita
1531 1965 1655 2032 potestas
1670 1975 1726 2017 non
1746 1961 1840 2018 deest:
1857 1960 1991 2020 voluntas
2006 1978 2052 2019 au·

412 2054 442 2104 44
455 2047 480 2104 in
495 2046 535 2104 his
550 2045 645 2120 poenis
659 2045 730 2103 idem
745 2047 828 2103 sentit
841 2046 992 2104 coneraia
1006 2051 1035 2122 4,
1043 2052 1107 2121 pt,
1118 2055 1213 2123 capa,
1249 2055 1305 2107 tem
1319 2049 1486 2122 legislatoris
1498 2048 1667 2107 sullicienter
1679 2049 1848 2124 significatur
1859 2051 1998 2124 perillam
2009 2068 2053 2108 ro·

413 2135 668 2211 §5,n.8,loquens
679 2134 714 2192 de
723 2137 904 2206 incapacitate
916 2137 951 2195 44
962 2138 1157 2197 haereditatem
1168 2155 1215 2212 pa·
1248 2153 1320 2208 4444,
1346 2153 1436 2211 neque
1456 2145 1500 2195 ost
1520 2136 1607 2196 ullum
1620 2138 1767 2197 iuridicum
1787 2137 2001 2198 amanuensem
2020 2140 2051 2198 ad

413 2234 532 2298 ternam,
548 2241 620 2301 quse
633 2225 780 2299 illegitimis
790 2227 892 2299 spuriis
906 2230 1056 2301 imponitur
1067 2230 1126 2303 ipsc
1140 2229 1214 2288 iacto
1249 2227 1421 2288 limitandum
1444 2227 1530 2286 illam.
1551 2230 1619 2286 ltom
1645 2230 1711 2303 quia
1731 2229 1758 2286 in
1779 2229 1831 2287 boc
1852 2230 1985 2288 videntur
2005 2230 2051 2286 444

412 2329 464 2390 per
485 2315 570 2392 leges,
584 2317 712 2390 quamvis
726 2314 770 2372 illn
790 2331 843 2374 non
858 2323 914 2375 tam
928 2319 964 2376 sit
983 2319 1099 2378 liliorum
1114 2335 1213 2395 poena,
1249 2319 1429 2377 inhabilitates
1439 2321 1596 2391 comparari
1608 2321 1734 2378 censuris
1746 2327 1777 2377 ot
1789 2319 2048 2393 irregularitahhus,

414 2421 499 2484 quam
510 2413 667 2479 parentum.
681 2405 811 2481 idemque
831 2409 869 2464 444
886 2408 912 2464 in
929 2423 988 2483 reg.
999 2415 1167 2485 peccatum,
1185 2417 1214 2488 2,
1249 2426 1300 2469 444
1314 2409 1454 2468 sufficiens
1467 2410 1536 2466 rstio
1555 2409 1719 2468 differentiae
1731 2410 1864 2484 assignari
1879 2417 1986 2484 potest,
2001 2427 2045 2468 ne·

415 2513 443 2570 p.
457 2493 470 2563 i
482 2500 509 2556 6.
523 2496 557 2553 44
576 2496 646 2571 lego,
662 2498 775 2570 quaein
797 2513 911 2570 poenam
924 2501 1039 2572 impedit
1059 2503 1217 2577 acquisitio·
1248 2517 1302 2575 que
1314 2517 1348 2558 44
1363 2515 1417 2556 444
1432 2497 1504 2558 aliud
1518 2505 1638 2556 constat.

415 2603 478 2646 nem
491 2587 603 2646 dominii
617 2588 733 2646 alicuius
747 2590 798 2661 rei,
814 2596 848 2647 ut
860 2604 894 2647 ex
907 2590 1023 2649 concilio
1038 2591 1153 2651 lateran.
1169 2609 1216 2650 su·
1291 2593 1319 2648 4.
1334 2590 1375 2647 ab
1388 2589 1441 2646 hac
1465 2604 1530 2647 vero
1544 2589 1677 2646 sententia
1688 2588 1815 2647 dissentit
1826 2591 1894 2648 Sota
1915 2591 1964 2647 lib.
1979 2593 2003 2649 4.
2017 2589 2050 2646 de

415 2693 466 2752 pra
480 2678 570 2750 retuli,
582 2684 610 2735 et
621 2692 654 2735 44
664 2677 776 2735 4444444.
784 2683 982 2754 4444244444.
995 2681 1061 2741 4.44
1070 2681 1213 2742 reformat.
1249 2681 1342 2738 iustit.
1355 2694 1385 2752 q.
1395 2682 1423 2751 6,
1435 2684 1487 2735 444.
1502 2682 1529 2736 6.
1542 2677 1577 2734 44
1591 2681 1622 2751 4,
1636 2685 1665 2737 44
1677 2676 1725 2736 444.
1736 2683 1765 2751 4,
1777 2695 1806 2753 q.
1820 2683 1848 2752 6,
1863 2688 1919 2739 444.
1933 2685 1961 2739 3.
1978 2681 2049 2738 circa

416 2773 445 2826 et
458 2767 547 2826 simile
560 2766 678 2826 hahetur
692 2768 717 2824 in
732 2773 858 2840 444422,
869 2784 932 2842 cap.
944 2774 972 2841 3,
987 2777 1016 2827 44
1029 2771 1095 2829 8444
1110 2770 1155 2827 444.
1169 2775 1214 2831 ld.
1251 2771 1341 2841 linem,
1357 2767 1508 2826 Ledesmus
1523 2769 1548 2824 in
1563 2772 1592 2837 4,
1608 2773 1673 2841 p.2,
1683 2785 1712 2843 q.
1725 2773 1869 2841 48,444.2,
1881 2769 2049 2844 4444444444

417 2857 453 2916 444
466 2860 635 2940 4444444444,
648 2863 699 2916 444.
710 2862 737 2916 6.
751 2873 804 2914 444
825 2857 909 2917 44444
928 2859 980 2917 444
1001 2875 1100 2932 negare
1120 2860 1216 2919 saltem
1250 2859 1389 2928 laesam,
1404 2859 1452 2932 qui
1465 2858 1619 2932 loquuntur
1633 2857 1672 2916 44
1681 2857 1850 2916 inhabilitate
1862 2862 1945 2933 quasi
1960 2860 2047 2916 activa

417 2947 452 3006 44
468 2946 664 3020 impedimento
678 2963 748 3020 pure
763 2949 890 3021 passivo;
905 2964 1014 3020 semper
1028 2955 1118 3008 tamen
1132 2951 1214 3010 redu·
1250 2946 1284 3005 ad
1299 2948 1441 3005 terendum
1452 2948 1625 3021 suffragium
1641 2955 1760 3005 44444444
1769 2949 1840 3006 enim
1851 2949 2008 3021 specialiter
2018 2948 2048 3006 44

417 3038 457 3094 eit
472 3036 520 3093 has
534 3052 637 3110 poenas
653 3035 685 3093 44
700 3036 933 3112 conventionales,
949 3042 1015 3112 quin
1029 3039 1158 3098 beneficia
1173 3041 1215 3099 vel
1251 3038 1356 3111 legibus
1376 3039 1596 3111 universitatum,
1612 3053 1661 3110 per
1679 3054 1749 3112 quas
1766 3053 1853 3112 poena
1874 3039 2048 3096 inhabilitatis

416 3125 508 3185 olllcia
520 3125 622 3184 duntur
636 3126 688 3183 suh
701 3125 743 3183 his
758 3125 971 3185 conditionibus.
983 3129 1073 3203 Quod,
1090 3137 1120 3187 ut
1135 3144 1216 3202 saepe
1250 3128 1400 3200 imponitur
1420 3125 1594 3185 scholasticis
1610 3126 1663 3183 hoc
1674 3129 1716 3185 vel
1727 3126 1793 3185 illud
1803 3129 2046 3198 committentibus,

415 3215 491 3287 dixi,
506 3217 691 3274 voluntarium
704 3222 732 3273 et
744 3216 915 3273 insufficiens
928 3223 986 3290 444,
1003 3225 1062 3276 tum
1077 3221 1142 3293 quia
1155 3220 1215 3278 illae
1250 3223 1278 3274 et
1291 3217 1384 3292 docet,
1401 3217 1470 3274 tales
1489 3233 1590 3290 poenas
1604 3232 1658 3274 non
1679 3217 1794 3290 incurri,
1810 3217 1900 3276 donee
1914 3221 1969 3292 ipsi
1989 3235 2049 3274 cou-

417 3307 492 3382 leges
509 3307 673 3380 generaliter
692 3305 832 3380 teruntur,
846 3307 927 3364 etiam
949 3322 999 3379 pro
1016 3307 1070 3382 his,
1085 3307 1133 3380 qul
1153 3316 1216 3367 ante
1250 3306 1427 3364 demaentur.
1443 3307 1478 3363 lit
1491 3305 1640 3364 Ledesmus
1654 3306 1763 3379 quidem
1779 3323 1835 3364 non
1852 3307 1931 3366 addit
1944 3324 2048 3381 expres-

417 3395 479 3453 tllas
494 3396 626 3454 beneficia
636 3395 679 3453 rel
693 3394 785 3454 cilicia
798 3395 968 3468 obtinebant3
983 3402 1043 3454 tum
1056 3399 1137 3455 etiam
1151 3401 1217 3472 quia
1250 3410 1291 3453 se:
1303 3396 1386 3454 Licet
1398 3393 1449 3452 lesa
1459 3395 1543 3453 4444444
1555 3393 1721 3470 ipsofaato,
1734 3393 1780 3452 444
1791 3399 1856 3470 ipso
1866 3399 1945 3466 iure,
1956 3395 2003 3455 sed
2012 3399 2049 3452 in·

418 3500 472 3543 non
488 3486 607 3559 pendent
620 3501 654 3545 44
667 3492 765 3560 pacto,
781 3485 823 3544 vel
838 3487 1035 3560 conventione,
1050 3503 1101 3545 nec
1115 3487 1161 3545 illo
1175 3489 1216 3545 in·
1250 3485 1356 3544 delinito
1370 3485 1503 3559 loquitur,
1516 3488 1702 3559 supponitquo
1714 3486 1803 3561 legem
1817 3488 1961 3558 poenalem
1982 3503 2048 3544 nun·

416 3576 487 3634 luilu
501 3577 705 3648 leruntur,.nec
723 3578 866 3651 requirunt
882 3577 1023 3634 scientiam
1037 3583 1086 3635 aut
1099 3592 1216 3636 consen·
1250 3591 1335 3650 quam
1348 3575 1426 3632 aliter
1439 3574 1561 3650 obligare
1575 3574 1610 3632 ud
1624 3589 1750 3649 poenam;
1766 3581 1793 3632 et
1805 3574 1908 3633 eisdem
1923 3577 2047 3633 4444444·

416 3682 480 3725 sum
492 3666 552 3724 44444
565 3667 648 3744 pacti,
660 3665 709 3726 sed
723 3682 756 3725 es
772 3681 847 3724 44444
860 3672 995 3740 potestate
1008 3666 1165 3742 legislativa
1177 3667 1216 3727 le·
1250 3666 1290 3724 bis
1300 3665 1423 3740 loquitur
1437 3666 1503 3724 Soto
1513 3666 1539 3722 in
1552 3665 1695 3739 posteriori
1710 3663 1790 3723 loco:
1808 3666 1937 3723 tamenin
1951 3666 2044 3738 primo,

415 3764 527 3816 444444.
1250 3755 1297 3812 ubi
1310 3769 1344 3813 44
1358 3754 1483 3828 prolesso
1492 3770 1552 3812 rem
1566 3760 1680 3825 4444444,
1692 3761 1787 3826 operte
1801 3754 1925 3828 loquitur
1940 3755 1975 3810 44
1987 3753 2047 3825 legi·

454 3847 646 3924 probaturque
660 3865 693 3908 ex
707 3863 769 3921 cap.
780 3849 857 3906 Cum
870 3845 998 3922 singula,
1016 3843 1050 3905 d'e
1064 3847 1211 3921 praebend.
1249 3843 1303 3902 hus
1317 3844 1493 3916 punientibus
1503 3845 1562 3916 ipso
1576 3842 1660 3917 lacto,
1669 3851 1699 3902 44
1712 3842 1835 3902 extendit
1847 3859 2003 3902 sermonem
2014 3839 2044 3897 ad

411 3938 441 3995 ln
458 3941 486 4010 6,
500 3938 544 3996 ihi:
557 3943 607 3997 Es
621 3944 692 3995 444444
707 3953 740 3996 44
752 3942 816 4012 ipso
829 3933 981 4009 efficiatur
993 3937 1175 4012 ineliptbllis,
1189 3945 1218 3998 44
1249 3948 1344 3991 omnes
1354 3933 1504 3991 electiones
1514 3939 1542 3990 et
1553 3931 1694 4005 sandragia.
1703 3933 1738 3991 lit
1749 3939 1858 4004 praeter
1869 3933 1991 3990 rationes
2003 3946 2047 4004 ge·

414 4028 514 4086 indae:
528 4025 705 4087 1444444444
719 4025 1107 4103 ineligibilesipsolureruhi
1120 4043 1216 4086 omnes
1249 4024 1366 4095 uenales,
1386 4039 1456 4098 quas
1477 4024 1619 4096 supponit,
1639 4023 1713 4081 addit
1732 4023 1824 4095 aliam,
1846 4023 1966 4097 scilicet,
1987 4023 2045 4098 quia
2087 4057 2088 4079 .

415 4117 574 4192 intelligunt
585 4133 649 4175 cum
660 4117 766 4188 Glossa,
778 4117 851 4174 illam
866 4121 1083 4190 poenamstatim
1097 4119 1214 4195 incurri,
1249 4113 1314 4172 altas
1329 4115 1371 4172 via
1390 4130 1451 4172 esse
1471 4118 1563 4188 posset
1584 4121 1663 4172 tutus
1683 4115 1782 4190 aliquis
1802 4115 1920 4188 electus,
1940 4115 1983 4174 vel
2003 4115 2045 4188 qui

414 4209 452 4265 ita
464 4215 496 4265 ut
509 4207 607 4265 electio
619 4205 653 4264 de
668 4207 713 4265 tali
723 4221 840 4280 persona
851 4205 923 4264 iacta
936 4206 1010 4265 nulla
1024 4210 1069 4279 sit,
1082 4214 1111 4266 44
1125 4214 1214 4269 umen
1249 4203 1408 4261 cathedram
1429 4219 1478 4275 per
1499 4203 1628 4277 suffragia
1649 4204 1819 4262 scholarium
1840 4205 1971 4278 obtinuit,
1985 4205 2044 4280 quia

415 4297 572 4356 inhabilitas
585 4296 643 4368 illa,
658 4311 707 4354 seu
721 4293 904 4369 ineligibilitas
914 4311 968 4354 non
982 4297 1106 4354 nascitur
1119 4313 1151 4355 44
1167 4299 1214 4356 ali·
1248 4293 1327 4365 multi
1337 4294 1428 4351 electo
1440 4293 1622 4366 suffragantes
1631 4292 1747 4350 44444444
1756 4293 1888 4351 inhabiles
1900 4303 1982 4352 erant
1992 4295 2045 4366 ipso

414 4402 471 4462 quo
486 4393 579 4460 paeto,
593 4384 634 4443 rel
648 4386 840 4456 conventione,
853 4384 901 4444 sed
916 4401 984 4456 pure
994 4401 1025 4443 es
1040 4385 1164 4445 efficacia
1177 4387 1214 4446 le·
1248 4382 1332 4456 lecto,
1349 4382 1414 4440 licet
1426 4383 1543 4442 occulti.
1555 4384 1586 4440 lli
1601 4398 1666 4441 vero
1680 4389 1810 4440 auctores
1821 4384 1847 4440 in
1860 4386 1957 4457 primis
1971 4399 2045 4444 4444·
2086 4427 2087 4434 .

413 4479 466 4552 gis.
481 4475 561 4534 atiud
581 4474 736 4548 exemplum
754 4474 837 4532 huius
858 4473 1015 4532 assertionis
1030 4477 1102 4533 sumi
1122 4482 1214 4548 potest
1247 4472 1327 4546 dunt,
1342 4479 1479 4548 quatenus
1500 4471 1634 4546 indicant,
1650 4472 1700 4531 has
1720 4471 1794 4546 leges
1814 4473 1840 4530 in
1860 4475 1948 4547 priori
1968 4488 2045 4532 sensu

414 4583 448 4624 44
461 4566 537 4624 llotu
551 4567 663 4640 proprio
677 4565 714 4622 Pii
728 4565 763 4622 V.
777 4571 874 4623 contra
889 4551 1064 4638 simoniacos,
1081 4566 1127 4624 ubi
1143 4568 1213 4625 reci·
1247 4561 1399 4621 intellectas
1413 4570 1461 4622 aut
1470 4564 1529 4620 lore
1542 4563 1667 4637 iniustas,
1679 4570 1728 4620 444
1738 4563 1846 4622 omnino
1858 4565 1992 4624 excedere
2001 4580 2046 4637 po·

413 4659 491 4730 plens
517 4655 681 4713 heneficium
701 4670 752 4726 per
778 4654 919 4712 simoniam
940 4655 1064 4715 redditur
1089 4655 1215 4715 inhabilis
1248 4657 1374 4710 44444444
1390 4652 1553 4727 legislatoris
1566 4652 1694 4711 humenis
1711 4652 1765 4710 hoc
1780 4655 1852 4711 enim
1867 4656 1935 4712 satis
1951 4657 2045 4727 impro-

413 4747 474 4820 ipso
492 4745 552 4803 iure
566 4743 601 4803 ad
618 4743 759 4818 heneficia3
774 4759 845 4818 quae
864 4759 952 4818 poene
966 4745 1058 4802 statim
1076 4747 1159 4804 etiam
1173 4747 1214 4803 in·
1247 4741 1341 4799 hatum
1355 4750 1399 4800 est
1416 4743 1443 4800 in
1457 4742 1658 4815 superioribus,
1674 4751 1702 4800 et
1721 4741 1780 4800 ideo
1794 4758 1909 4802 neeesse
1925 4760 1981 4803 nou
1993 4749 2042 4814 est,

413 4837 540 4895 curritur
560 4840 622 4893 ante
642 4849 749 4893 omnem
769 4837 944 4908 sententiam,
964 4843 997 4894 ut
1016 4838 1128 4910 proprio
1150 4837 1213 4895 loco
1248 4831 1338 4890 44444
1353 4834 1473 4891 rationes
1484 4831 1626 4907 generales
1640 4831 1816 4906 respondere
1829 4834 1881 4891 hoc
1896 4833 2042 4892 enimsatis

413 4925 479 5001 disi,
490 4931 582 4984 444444
594 4923 641 4982 4444
651 4923 709 4998 legs
720 4925 746 4982 in
761 4941 812 4982 sua
822 4924 857 4982 vi.
867 4926 928 4983 4444
939 4923 1020 4983 etiam
1031 4933 1157 5000 spectant
1166 4944 1215 4987 ce·
1247 4924 1275 4981 in
1290 4921 1481 4996 superioribus
1495 4930 1593 4982 ectum
1605 4929 1659 4981 est.
1673 4921 1775 4980 Deinde
1788 4924 1870 4998 ratio,
1885 4939 1970 4997 quam
1984 4925 2043 4980 soto

412 5032 511 5090 nones,
527 5016 576 5091 qui
590 5016 617 5072 in
631 5029 745 5088 posnam
761 5014 880 5073 alicuius
893 5014 996 5088 delicti,
1008 5023 1042 5073 ut
1054 5017 1211 5091 uroricidii,
1248 5014 1333 5089 addit,
1348 5021 1458 5073 nonest
1470 5015 1563 5088 magni
1578 5015 1719 5072 momenti.
1731 5014 1854 5086 aegeam
1864 5014 1937 5071 enim
1951 5025 2042 5088 sequo-

413 5105 535 5165 reddunt
554 5121 700 5180 personam
721 5104 864 5163 inhubilem
884 5105 918 5164 ad
939 5107 1158 5178 matrimonium,
1180 5113 1213 5166 ut
1247 5106 1284 5180 la,
1299 5112 1327 5164 et
1340 5106 1429 5180 primo
1443 5104 1496 5163 dici
1515 5112 1619 5180 posset,
1633 5103 1667 5162 44
1686 5103 1806 5162 occultis
1820 5103 1974 5162 Ecclesiam
1993 5117 2041 5158 non

413 5201 525 5254 constet
537 5211 570 5254 44
585 5211 648 5270 cap.
661 5201 686 5268 4,
699 5203 729 5255 44
741 5210 802 5269 cap.
816 5197 915 5271 Super
927 5213 970 5260 eo.
983 5202 1013 5255 et
1025 5197 1214 5272 oapsrenm-
1247 5195 1380 5268 iudicare,
1394 5201 1423 5254 44
1433 5195 1493 5254 4444
1503 5195 1600 5254 merito
1610 5195 1755 5268 approbari
1765 5193 1924 5253 huiusmodi
1935 5193 2039 5254 electio·

412 5288 500 5358 44444,
517 5285 553 5346 44
570 5302 603 5346 44
617 5285 665 5365 qui
678 5285 758 5347 44444
771 5287 797 5347 iu
818 5289 1034 5362 matrimonium,
1048 5302 1133 5364 qaam
1154 5289 1214 5361 pol·
1247 5301 1321 5364 nom,
1335 5303 1385 5346 seu
1405 5287 1593 5362 collationem,
1608 5296 1637 5346 et
1655 5284 1777 5346 electum
1790 5300 1851 5346 esse
1871 5287 1983 5346 omnino
1999 5291 2040 5346 tu·
