4290 6222
413 342 474 407 110
890 407 892 412 ,
1091 357 1193 405 ernon
1207 357 1284 406 v111.

408 483 507 534 enudus
519 495 609 534 sensns
632 483 799 546 quaestionis.
810 481 899 534 -12,
913 481 1017 545 Quando
1029 481 1178 534 conflrman·
1216 483 1274 538 sine
1286 482 1341 540 ulle
1352 484 1527 542 restrictione
1545 485 1682 560 privilegia
1694 487 1837 545 societatis
1854 487 1999 548 confirmant

408 561 452 603 tur
464 553 546 604 omnia
561 554 698 634 privilegia
709 554 819 603 alicuius
829 553 1135 616 religionissirepropria
1145 566 1179 602 sr
1213 587 1244 627 θ,
1270 579 1347 630 cer„
1371 575 1500 646 scienti„
1520 582 1547 632 e,
1571 578 1712 648 mmm,
1733 577 1917 649 plenitudine.
1941 595 1997 653 “go

408 630 643 681 vecommunrcata,
661 621 1178 686 tuncconsequenterconfirmanturprn-
1368 664 1373 673 .
1519 667 1524 676 ‚
1796 670 1822 680 ,,
1912 621 1922 678 ³,
1981 673 1987 683 ,

408 693 502 754 vilegia
513 693 622 742 alterius
634 693 783 755 religionis,
800 700 890 756 utpote
903 691 970 742 lacta
980 693 1123 744 communia
1133 703 1179 755 per
1213 669 1295 718 “⁰¹¹¹
1308 671 1436 720 mustum
1450 680 1556 737 ⁰¹¹¹¹¹¹⁸v
1573 681 1643 738 ‘1⁰³⁶
1659 682 1707 738 W
1724 667 1873 724 ⁰⁰⁰⁰¹¹¹¹¹m
1889 669 1997 725 tndem·

409 762 674 812 communicationem,
1212 767 1277 808 num
1292 753 1403 811 inerant
1418 763 1563 826 revocata,
1580 756 1654 829 quod
1674 764 1763 814 tamen
1782 761 1865 814 etiam
1885 760 1941 829 ipsa
1958 760 1998 814 So·

624 917 631 925 ἱ
1212 844 1298 899 cletas
1315 859 1369 900 nun
1384 846 1509 917 agnoscit
1521 860 1554 901 ea
1570 847 1593 900 vi
1608 847 1702 902 talium
1717 848 1960 904 confirmationum.

418 937 443 1014 1,.
458 933 594 990 Nonnulla
605 949 670 990 varo
682 940 831 1006 supersunt
839 932 1000 1006 explicanda
1010 932 1093 991 dubia
1103 935 1179 990 circa
1254 936 1281 988 3.
1298 932 1385 1005 igitur
1403 949 1452 1004 pro
1467 934 1633 991 resolutione
1648 936 1849 993 advertendum
1863 942 1922 1008 est,
1938 937 1999 994 alind

375 1021 446 1079 banc
466 1023 710 1080 confirmationem.
728 1025 855 1080 Primum'
868 1030 925 1094 est,
942 1035 1036 1081 utrum
1051 1024 1179 1095 simplici·
1212 1035 1283 1092 esse,
1299 1021 1472 1094 privilegium
1483 1024 1568 1081 luisse
1579 1039 1594 1080 a
1606 1026 1739 1097 principio
1750 1025 1863 1092 laisum,
1881 1026 2000 1098 subrepti-

377 1117 437 1180 lor,
450 1120 478 1168 et
489 1112 543 1168 aine
556 1113 728 1169 restrictione
738 1111 843 1170 dutaex
854 1121 930 1169 certa
942 1114 1069 1183 scientia,
1083 1112 1181 1168 hebent
1212 1110 1291 1181 tium,
1308 1112 1422 1168 eulalia
1436 1113 1539 1170 ratione
1554 1113 1671 1186 nullum,
1688 1114 1759 1170 aliud
1775 1130 1853 1182 vero,
1870 1112 1950 1170 inisse
1963 1131 1999 1170 va-

375 1201 430 1256 rim
451 1201 611 1258 restituendi
633 1201 714 1257 etiam
737 1203 876 1274 privilegia
900 1209 1041 1259 revocata.
1065 1201 1179 1259 Videtur
1214 1198 1315 1270 lidum,
1328 1207 1357 1257 et
1372 1208 1467 1273 postea
1483 1211 1653 1260 revocatum.
1671 1205 1738 1261 Nam
1753 1207 1831 1276 prius
1845 1204 2000 1276 privilegium

376 1293 447 1346 enirn
468 1305 500 1346 ex
521 1289 601 1346 distis
622 1293 702 1362 sequi
722 1301 923 1363 consequenter
943 1307 1006 1362 pars
1027 1291 1177 1361 allirmans,
1214 1303 1269 1345 iton
1291 1291 1455 1347 conceditur
1474 1291 1598 1350 demnvu
1620 1308 1669 1365 per
1684 1295 1918 1351 confirmationem
1931 1297 1999 1351 eliam

374 1380 440 1452 quta
461 1379 630 1436 confirmatio
650 1395 683 1436 es
704 1388 780 1437 certa
801 1381 913 1436 scientia
935 1381 1054 1437 restituit
1072 1380 1178 1451 privile·
1215 1393 1247 1434 ea
1265 1387 1341 1434 certa
1356 1382 1487 1447 scientia,
1500 1384 1551 1437 nisi
1565 1399 1694 1454 expresse
1708 1383 1828 1454 dicetur,
1842 1398 1894 1439 non
1908 1383 2001 1439 obstan·

376 1471 450 1542 glum
465 1472 595 1525 amissum
612 1485 727 1540 pernen
743 1485 822 1526 arsum
833 1511 840 1541 ,
852 1471 895 1526 vel
907 1485 955 1540 per
970 1485 1051 1526 nsum
1066 1476 1177 1526 contra·
1215 1473 1241 1523 te
1257 1467 1388 1542 salsitate,
1402 1477 1450 1527 aut
1462 1475 1645 1543 surreptione.
1660 1474 1699 1529 lla
1714 1475 1834 1530 sumitur
1846 1489 1879 1530 cx
1892 1475 1949 1530 lint.
1965 1475 1997 1530 lit.

376 1559 461 1630 rium,
478 1558 588 1631 quando
599 1562 736 1615 contrusio
747 1559 872 1615 limitatio
883 1574 936 1614 non
949 1559 1179 1632 adhibeturqergo
1214 1556 1248 1613 de
1270 1561 1393 1616 confirm.
1415 1560 1476 1617 util.
1496 1560 1584 1618 decis.
1606 1568 1634 1620 2.
1650 1563 1676 1617 in
1691 1563 1783 1635 novis,
1800 1565 1926 1620 Panorm.
1941 1564 1964 1618 iu
1976 1579 1998 1619 c.

377 1648 460 1704 etiam
485 1649 612 1705 restituet
635 1649 804 1720 privilegium
824 1654 984 1705 revocatum
1003 1649 1037 1705 ab
1056 1649 1177 1718 bomine,
1215 1648 1299 1704 Inter
1310 1646 1440 1712 dilectos,
1453 1649 1487 1707 de
1499 1650 1542 1706 lid.
1555 1653 1635 1708 instr.
1647 1668 1674 1708 n.
1684 1659 1710 1725 8,
1722 1652 1766 1708 ubi
1777 1651 1833 1709 late
1846 1652 1930 1708 Felin.
1942 1667 1965 1706 n.
1976 1655 1998 1722 i,

377 1739 547 1810 quicumque
567 1738 611 1794 ille
626 1739 670 1794 sit.
686 1740 752 1794 ltem
767 1738 1020 1810 babetpotestatem
1034 1738 1100 1795 baec
1112 1755 1179 1797 con·
1214 1741 1241 1792 st
1262 1738 1287 1792 in
1310 1753 1335 1794 c.
1360 1742 1388 1795 i.
1411 1738 1445 1795 de
1459 1742 1575 1812 rescrip.
1596 1757 1625 1796 n.
1642 1747 1693 1808 tt,
1710 1743 1756 1799 ubi
1771 1742 1843 1798 alios
1858 1743 1959 1816 allegat.
1973 1744 1999 1798 Et

377 1829 467 1884 cessio
484 1826 666 1898 revalidandi,
679 1827 753 1902 quod
768 1844 783 1883 a
798 1829 928 1900 principio
941 1828 991 1884 luit
1005 1828 1123 1900 nullum,
1138 1844 1181 1885 er·
1214 1826 1283 1882 ratio
1297 1829 1396 1899 prioris
1412 1832 1497 1900 partis
1508 1837 1560 1899 eal,
1578 1836 1636 1887 tum
1652 1832 1716 1904 quia
1728 1832 1900 1904 privilegium
1916 1832 1999 1888 laisum

376 1931 412 1988 gn
427 1916 513 1973 mullo
528 1919 615 1990 magis
628 1916 703 1990 quod
719 1916 769 1973 luit
782 1916 912 1989 validum,
930 1918 1088 1976 licet‘lnerit
1101 1934 1179 1976 revo-
1215 1916 1257 1973 vel
1271 1918 1463 1990 subreptitium
1479 1936 1629 1992 numquam
1644 1920 1695 1977 luit
1709 1936 1879 1978 concessum
1894 1938 1921 1978 re
1935 1936 1996 1988 vera,

375 2013 480 2062 saturn.
499 2009 620 2079 benique
642 2006 709 2064 haec
732 2009 901 2063 confirmatio
922 2008 1073 2078 aequivalet
1093 2023 1177 2064 novae
1215 2007 1280 2078 qnia
1299 2022 1351 2063 nec
1373 2009 1499 2079 princeps
1520 2009 1587 2064 illud
1608 2011 1764 2082 concesslt3
1781 2011 1833 2067 sed
1847 2012 1999 2067 continuatio

377 2096 567 2168 concessioni,
583 2111 661 2168 ergo.
682 2097 717 2151 Et
740 2096 774 2151 ita
792 2101 868 2152 tenet
881 2104 974 2168 aperta
988 2096 1080 2152 Rosel.
1098 2098 1180 2154 verbo
1214 2102 1258 2151 est
1271 2095 1305 2152 de
1323 2097 1469 2169 privilegiis
1489 2099 1645 2172 concessis,
1660 2115 1725 2172 ergo
1741 2115 1795 2156 non
1812 2099 1885 2156 cadit
1897 2102 1922 2156 in
1934 2099 1996 2155 illud.

376 2183 540 2253 absolutio,
564 2202 592 2240 n.
619 2189 689 2256 123,
709 2184 782 2260 inde,
794 2185 981 2257 concludens,
995 2201 1044 2256 per
1064 2187 1178 2243 similem
1215 2185 1284 2242 Tum
1300 2173 1378 2242 otiam
1392 2187 1457 2258 quia
1472 2185 1532 2244 talia
1544 2189 1716 2246 confirmatio
1729 2204 1782 2245 non
1796 2191 1871 2246 lacta
1886 2189 1999 2245 narratie

375 2273 610 2332 confirmationem
634 2275 793 2332 restitutum
816 2289 878 2331 csse
897 2275 1045 2332 llinoribns
1071 2277 1181 2348 privile·
1214 2275 1332 2332 natalis
1354 2275 1494 2349 delectus,
1511 2277 1671 2349 subreptitia
1689 2285 1741 2335 est.
1763 2279 1842 2335 Unde
1862 2286 1933 2350 patet
1946 2277 1998 2334 ratio

375 2366 452 2436 gium
465 2365 644 2436 exemptionis
659 2364 819 2422 asolullone
830 2372 945 2438 quartae
958 2367 1105 2422 canonicae
1116 2382 1182 2437 por·
1221 2365 1356 2422 secundae
1371 2367 1467 2436 partim
1483 2381 1545 2422 narn
1559 2368 1631 2438 Papa
1646 2373 1737 2438 potest
1751 2366 1784 2424 de
1803 2383 1876 2424 novo
1886 2367 1945 2422 dare
1956 2366 2000 2437 pri·

376 2453 476 2523 tionis,
492 2453 566 2524 quod
582 2453 672 2510 lueret
681 2461 842 2511 revocatum
854 2456 878 2510 in
897 2455 1029 2512 clement.
1042 2454 1175 2522 Dudum
1216 2454 1366 2527 vilegium,
1381 2455 1485 2511 etiamsi
1499 2455 1581 2511 luerit
1595 2457 1707 2529 laisum,
1724 2472 1796 2528 ergo
1808 2457 1831 2512 sl
1846 2456 1874 2513 id
1889 2456 1950 2513 satis
1961 2455 1997 2510 de·

374 2538 409 2596 de
428 2540 566 2612 sepulcbr.
589 2549 618 2598 et
636 2545 761 2616 sequitur
775 2544 877 2600 liuder.
894 2545 968 2601 dicta
981 2561 1010 2617 q.
1028 2550 1063 2613 8,
1079 2552 1132 2602 nrt.
1150 2550 1177 2615 3,
1216 2544 1319 2614 claret,
1343 2543 1454 2600 sullicit.
1478 2545 1651 2619 Privilegiunn
1672 2552 1762 2602 autem
1785 2547 1872 2602 semel
1898 2545 1999 2601 validun

376 2630 443 2686 citat
457 2629 530 2686 (llos.
546 2632 572 2686 in
589 2647 615 2687 c.
636 2634 714 2689 Cone
725 2637 933 2700 accessissent,
947 2633 981 2690 de
992 2640 1082 2690 const.
1096 2634 1179 2690 verbu
1215 2650 1282 2690 vere
1303 2634 1355 2690 luit
1375 2649 1540 2691 concessum
1552 2677 1559 2706 ,
1573 2642 1602 2692 et
1616 2635 1676 2692 ideo
1691 2636 1716 2692 in
1732 2635 1800 2693 illud
1816 2642 1905 2708 potest
1918 2635 1998 2691 cadere

374 2718 596 2791 cntvfirmalatm
607 2722 1176 2796 etPanorm.inc.Cumsaoper,deoaus.
1215 2723 1403 2794 confirmatio,
1420 2724 1526 2780 etiarnsi
1546 2732 1706 2781 revocatum
1722 2726 1775 2781 sit:
1791 2726 1950 2798 inquirimus
1961 2739 1999 2780 an·

314 2882 316 2886 .
375 2821 482 2877 posses.
500 2825 528 2862 n.
543 2813 577 2880 43
593 2807 639 2864 sed
655 2809 688 2867 ibi
701 2810 864 2882 generaliter
875 2810 1039 2884 loquuntur,
1053 2826 1107 2867 nun
1119 2827 1181 2882 ape·
1215 2817 1286 2882 ῑοοι,
1302 2827 1336 2868 an
1351 2811 1432 2868 cadat
1445 2827 1479 2868 ex
1493 2815 1519 2868 vi
1533 2814 1743 2870 confirmationis
1753 2830 1787 2871 en
1801 2821 1880 2870 certa
1891 2813 1996 2869 scientia.

376 2895 481 2953 cialiter
497 2896 530 2953 de
545 2897 691 2970 privilegiis
705 2899 852 2957 revocatis.
1255 2905 1284 2959 1.
1301 2903 1331 2958 1ο
1346 2918 1401 2974 οοο
1416 2901 1531 2958 ulterius
1544 2902 1766 2976 distinguendum
1778 2918 1881 2960 censeo
1896 2903 1926 2958 de
1936 2917 2000 2958 revo-

416 2991 445 3044 2.
461 2988 556 3044 Potest
576 3003 643 3060 ergo
664 2987 690 3043 in
710 2989 880 3044 contrarium
901 2988 997 3058 obiici,
1013 2991 1077 3061 quia
1091 2997 1124 3046 ut
1138 2989 1179 3047 len
1215 2993 1323 3048 catione
1338 2992 1467 3063 privilegii
1482 2993 1602 3064 privata,
1616 2999 1644 3048 et
1657 2993 1691 3049 ab
1706 2991 1833 3054 homine.
1856 2992 1896 3049 vel
1911 2991 1941 3046 do
1954 2990 1997 3054 illa,

377 3082 491 3131 revocet
507 3075 689 3147 privilegium,
702 3092 756 3134 non
770 3077 835 3133 satis
847 3083 899 3147 est,
913 3079 1098 3150 quodcontra
1111 3078 1179 3136 illud
1215 3095 1286 3153 quae
1306 3082 1378 3136 lacta
1398 3087 1441 3136 est
1460 3080 1518 3136 inre
1539 3081 1694 3150 connmuni,
1716 3087 1744 3136 et
1763 3081 1912 3138 ordinario.
1928 3081 1958 3134 Et
1973 3077 1998 3132 de

378 3162 520 3237 disponat,
538 3165 587 3221 nisi
601 3181 728 3236 expresse
743 3163 810 3221 illud
826 3165 954 3239 deroget,
967 3174 1000 3224 ut
1010 3167 1125 3238 dicitur;
1136 3183 1180 3224 er·
1215 3169 1297 3239 priori
1312 3168 1387 3239 dico,
1404 3169 1636 3225 confirmationem
1652 3169 1782 3242 privilegii
1795 3171 1830 3226 ad
1842 3169 1911 3227 illam
1923 3175 1998 3225 erten-

377 3267 414 3324 go
426 3251 519 3309 eadem
531 3253 673 3310 rationeut
682 3255 851 3312 confirmatio
860 3257 987 3312 restituat
996 3257 1177 3330 privilegium,
1216 3255 1258 3324 di,
1274 3256 1385 3328 qnando
1399 3257 1535 3328 particula
1548 3271 1586 3314 ea
1601 3263 1685 3315 certo
1697 3261 1841 3324 scientia,
1862 3257 1900 3314 vel
1913 3254 1998 3329 deplc·

376 3356 431 3397 nnn
446 3343 513 3398 satis
528 3349 584 3415 est,
598 3342 672 3416 quod
687 3341 754 3398 illud
768 3344 912 3400 confirmet
922 3360 955 3401 ex
966 3351 1044 3402 certa
1055 3347 1178 3416 scientia,
1215 3344 1353 3402 attedinc
1370 3349 1541 3418 potestatis,
1562 3361 1706 3418 expresse,
1727 3362 1761 3403 ac
1775 3346 1925 3403 formaliter
1937 3344 1998 3415 poni·

376 3429 428 3486 nisi
448 3446 577 3503 expresse
598 3431 673 3488 dicat
692 3433 856 3489 confirmare
876 3433 956 3507 illud,
979 3450 1031 3489 non
1054 3435 1179 3492 obstante
1217 3442 1280 3506 tur,
1296 3434 1360 3506 quia
1374 3442 1443 3491 tunc
1463 3442 1538 3491 recte
1559 3434 1716 3506 procedunt
1734 3437 1857 3493 rationes
1871 3437 1958 3492 lautae.
1972 3435 1998 3487 lt

375 3521 560 3592 revocatione
571 3523 627 3576 imo
640 3521 689 3577 nisi
700 3521 752 3579 hoc
763 3520 846 3594 dicat3
857 3537 910 3579 non
922 3523 1029 3579 videtur
1040 3539 1102 3580 essa
1113 3540 1180 3580 con·
1215 3537 1282 3579 vero
1297 3524 1319 3578 si
1334 3530 1409 3580 certa
1425 3524 1538 3580 scientia
1553 3540 1606 3580 non
1621 3541 1748 3596 expresse
1762 3529 1887 3596 ponitur,
1900 3523 1941 3580 sed
1955 3521 1999 3579 col·

375 3609 492 3666 firmatio
513 3625 547 3666 es
567 3616 644 3666 certo
664 3610 779 3666 seientia
793 3610 884 3684 quoad
899 3611 973 3668 bunc
989 3611 1129 3669 ellectum.
1145 3614 1179 3669 Et
1216 3610 1326 3684 liganda
1336 3619 1379 3668 cst
1389 3627 1422 3668 ex
1434 3614 1589 3669 narratisin
1600 3613 1723 3685 indulto,
1736 3630 1790 3670 nnn
1805 3618 1872 3672 selis
1882 3617 1938 3683 erit,
1949 3627 1997 3668 nar·

376 3697 572 3764 confirmatur,
585 3699 650 3771 quia
664 3697 740 3770 alias,
757 3701 779 3755 si
792 3714 865 3756 nunc
877 3701 1074 3758 confirmentur
1086 3701 1178 3758 omnia
1214 3701 1269 3756 rari
1284 3699 1399 3758 lormanr
1414 3700 1544 3773 privilegii
1559 3703 1721 3774 conlirmali,
1732 3703 1781 3758 nisi
1798 3705 1846 3759 snat
1859 3704 1953 3759 mentio
1966 3715 1996 3754 re·

376 3785 517 3858 privilegia
532 3785 648 3843 alicuius
668 3786 808 3860 religionis
826 3804 860 3845 aa
880 3796 958 3845 certa
979 3790 1110 3862 scientia,
1125 3807 1178 3848 non
1216 3791 1370 3847 vocationis
1388 3791 1464 3860 eius,
1481 3789 1522 3845 vel
1537 3788 1654 3848 addatur
1673 3791 1801 3848 clausula
1823 3809 1881 3849 raon
1900 3791 1998 3848 obstou·

377 3872 470 3931 eddita
490 3874 534 3930 illa
553 3874 710 3931 limitatione
724 3874 883 3932 dummodo
898 3876 1021 3934 corvcilio
1039 3880 1178 3938 tridenti·
1215 3878 1307 3946 tibus,
1323 3878 1366 3935 vel
1380 3879 1514 3951 generalis
1529 3878 1563 3935 de
1578 3881 1705 3937 omnibus
1719 3881 1888 3952 defectibus,
1903 3889 1952 3936 etc.
1965 3875 1995 3930 vel

379 3977 419 4018 rto
432 3979 491 4018 noro
506 3965 566 4018 sint
575 3966 742 4029 contrario,
761 3965 910 4022 manebunt
923 3967 1081 4024 confirmata
1095 3975 1124 4024 et
1134 3985 1177 4025 re·
1216 3968 1342 4040 specialis
1356 3968 1389 4025 de
1404 3969 1450 4025 tali
1464 3970 1648 4026 revocatione.
1664 3970 1732 4037 Quia
1746 3969 1814 4027 alias
1826 3987 1879 4028 nun
1890 3971 1995 4027 erilcon·

377 4050 473 4106 stituta
493 4051 601 4122 omnio,
616 4051 721 4107 etiarnsi
742 4055 879 4110 contraria
893 4056 958 4112 sint.
974 4055 1053 4123 Quod
1068 4056 1178 4114 dillicile
1218 4058 1333 4114 firmatio
1353 4074 1387 4114 ex
1407 4065 1484 4114 certa
1501 4059 1615 4115 scientia
1629 4059 1721 4132 quoad
1736 4059 1820 4116 telem
1835 4062 1996 4117 circumstan·

378 4139 484 4194 creditu
505 4147 562 4212 estq
577 4139 644 4196 alias
662 4156 711 4211 per
724 4143 956 4201 confirmationem
971 4146 1177 4219 privilegiorum
1217 4145 1297 4218 tiam,
1314 4162 1363 4203 seu
1377 4147 1592 4204 revocationem.
1607 4148 1675 4215 Quia
1691 4164 1758 4205 curn
1772 4151 1812 4206 ait
1825 4149 1934 4221 prirata,
1950 4160 1996 4218 per·

377 4229 538 4303 societatis,
553 4233 579 4286 in
601 4246 656 4303 qua
677 4247 731 4288 non
751 4234 861 4303 ponitur
880 4233 926 4290 illa
940 4234 1082 4308 limitatio,
1100 4243 1130 4292 ut
1143 4253 1175 4292 ex
1215 4235 1282 4291 tinet
1302 4235 1336 4290 ad
1356 4236 1475 4307 lectum,
1498 4235 1540 4292 vel
1561 4239 1698 4308 privatum
1720 4239 1779 4311 ius,
1795 4239 1871 4312 quod
1891 4237 1996 4309 princeps

377 4319 540 4389 compendio
560 4326 684 4393 constat,
699 4321 789 4377 omniu
808 4321 877 4379 illius
893 4325 1033 4398 privilegia
1047 4333 1178 4383 revocata
1215 4325 1400 4395 praesumitur
1419 4325 1560 4398 ignorare,
1575 4329 1651 4384 iuxta
1665 4343 1727 4398 cap.
1748 4333 1772 4386 1.
1788 4329 1823 4385 de
1839 4335 1925 4385 conat.
1942 4328 1963 4379 in
1973 4325 1994 4379 6:

377 4422 427 4478 per
441 4408 586 4466 concilium
601 4417 694 4466 essent
707 4413 842 4468 restituta.
852 4412 927 4470 Unde
943 4413 1014 4472 idem
1026 4415 1179 4473 liudericus
1215 4428 1281 4486 ergo
1297 4420 1339 4470 est
1353 4417 1508 4472 necessaria
1521 4415 1635 4476 scientia
1650 4416 1712 4473 talis
1726 4419 1922 4486 revocationis,
1936 4419 1962 4470 nt
1971 4426 1995 4466 es

377 4494 405 4550 d.
419 4511 444 4551 a.
461 4497 588 4568 l,sidena
602 4497 718 4556 lortasse
732 4502 785 4556 vim
801 4499 981 4575 illationis,ad
996 4503 1134 4562 vitandum
1147 4505 1178 4561 il·
1215 4502 1426 4574 nonobstante,
1442 4503 1613 4576 privilegium
1628 4505 1737 4563 restitui
1751 4507 1886 4564 videatur.
1901 4508 1932 4562 dt
1944 4515 1994 4558 vero

361 4583 425 4664 'lud
446 4599 634 4660 consequens,
657 4590 808 4660 coniectat,
824 4591 977 4648 clausulam
999 4593 1089 4666 illam,
1104 4610 1177 4667 quae
1216 4591 1326 4663 quando
1347 4600 1426 4650 certa
1447 4595 1560 4650 scientia
1580 4610 1635 4650 non
1650 4597 1830 4667 exprimitur,
1847 4595 1892 4654 sed
1905 4606 1995 4653 ernar-

375 4671 454 4729 deest
474 4675 501 4730 in
523 4682 618 4733 nostro
639 4677 818 4750 compendio,
832 4695 892 4737 esse
912 4682 941 4737 in
955 4682 1097 4755 originali,
1113 4685 1178 4756 qnia
1216 4682 1283 4738 ratis
1299 4681 1451 4756 colligenda
1464 4689 1517 4756 est,
1533 4699 1587 4756 non
1598 4685 1837 4744 extenditurultra
1848 4685 1923 4756 illud3
1935 4679 1994 4757 qnod

373 4769 440 4835 post
461 4764 539 4820 Pium
560 4766 593 4822 t.
609 4782 665 4823 non
685 4767 752 4824 vidit
771 4769 929 4826 Pontificem
948 4769 1067 4844 aliquem
1081 4773 1178 4829 contir-
1214 4785 1248 4828 ex
1267 4775 1386 4829 narratis
1406 4772 1498 4845 colligi
1518 4779 1622 4844 potest:
1644 4773 1687 4830 ille
1713 4782 1806 4833 autem
1828 4775 1944 4833 deiectus
1962 4786 1995 4826 re

375 4865 467 4907 masse
489 4853 615 4912 absolute
635 4864 665 4912 et
684 4858 740 4912 sine
767 4857 811 4912 illa
831 4859 1005 4914 restrictione
1027 4860 1174 4933 privilegia.
1212 4861 1364 4917 vocationis
1382 4877 1437 4918 non
1456 4861 1593 4935 colligitur
1610 4878 1644 4919 ex
1662 4867 1795 4939 narratis,
1815 4865 1865 4921 nisi
1883 4865 1946 4920 illius
1959 4861 1994 4915 tat
2085 4869 2086 4920 l

377 4940 430 4996 Sed
445 4956 474 4997 re
487 4957 550 4999 vera
562 4943 607 5000 illa
619 4945 741 5001 limitatio
754 4960 807 5001 non
818 4949 898 5002 estin
909 4947 1099 5022 originalibus,
1112 4964 1176 5006 nam
1212 4949 1375 5020 mentio,rel
1391 4951 1444 5006 nisi
1459 4950 1710 5009 addaturclausula
1721 4969 1781 5010 ason
1794 4953 1993 5022 obscenaeque
2085 4979 2086 5006 t

376 5028 522 5102 Gregorius
536 5033 606 5088 lllll.
621 5033 647 5088 in
661 5032 738 5088 Bulla
755 5036 876 5108 Quanto
882 5030 1084 5104 fructitantes,
1108 5040 1174 5094 etin
1213 5035 1266 5094 hoc
1287 5039 1431 5113 suppleatq
1453 5055 1520 5114 ergo
1540 5056 1628 5114 neque
1649 5048 1716 5099 tunc
1736 5042 1898 5101 extendetur
1910 5039 1992 5098 conlir·
2085 5075 2086 5098 .

375 5115 454 5173 ΒοΙΙο
472 5118 655 5176 Asccadente
675 5123 819 5186 Domino,
842 5126 871 5176 et
888 5122 1036 5194 Gregorius
1056 5126 1134 5197 lllll,
1148 5131 1177 5182 ot
1213 5128 1296 5184 matio
1321 5143 1356 5186 ex
1379 5135 1456 5186 certa
1480 5129 1593 5187 scientia
1618 5128 1652 5188 ad
1676 5130 1752 5189 bunc
1771 5133 1907 5190 ellectum.
1929 5123 1993 5197 Quod

375 5205 479 5262 Paulus
496 5207 530 5267 l.
546 5209 574 5265 in
595 5209 652 5266 suia
673 5207 754 5266 bullis
772 5208 980 5272 confirmatoriis
1005 5211 1130 5273 absolute
1148 5220 1177 5271 et
1211 5213 1306 5273 eadem
1328 5218 1433 5278 ratione
1452 5219 1596 5294 procedit,
1618 5220 1674 5279 aive
1695 5223 1837 5281 revocatio
1856 5221 1888 5280 ait
1904 5219 1992 5278 lactat
