4256 6224
858 381 1027 432 cneurrx.
1652 367 1714 428 559

118 524 177 582 quo
192 523 208 564 o
227 509 283 564 beo
297 507 433 581 prolatum
448 515 507 579 est,
527 508 626 580 alioqui
642 509 695 565 tals
714 507 828 564 verbnm
848 508 924 563 tieret
959 507 1053 563 llatth.
1068 512 1110 565 12.
1125 515 1217 578 operte
1231 507 1322 564 docet.
1335 508 1370 564 Et
1383 507 1479 564 eodem
1500 507 1581 564 modo
1594 515 1708 565 excusat
1722 507 1762 564 di·

121 614 174 655 suo
193 597 273 655 modo
288 599 385 654 laisum
396 605 423 654 et
438 597 573 654 inefficax.
588 598 687 655 Deinde
702 597 815 654 adducit
829 613 856 654 c.
867 600 923 654 Su·
959 597 1095 667 scipulos,
1119 612 1189 669 quos
1203 597 1335 668 pharisaei
1358 595 1614 666 calumniabantur,
1634 613 1667 652 eo
1688 595 1763 670 qnod

116 703 175 763 per
188 703 232 753 eo,
243 687 275 743 de
291 703 367 742 usur.
383 687 428 744 ubi
444 687 537 744 lnnoc.
547 688 592 744 ιιι.
606 687 745 758 supponit,
759 685 925 757 indispenso·
959 685 984 740 iu
996 685 1108 741 sabbato
1126 685 1215 755 spicas
1228 685 1368 754 vellerent,
1381 686 1522 756 lricarent,
1534 692 1562 742 et
1576 685 1764 757 comederent,

121 777 177 832 bile
192 792 271 846 esse,
291 774 364 848 quod
381 778 476 848 pagina
496 777 638 849 utriusque
653 776 815 832 Testamenti
836 775 925 846 probi·
961 780 990 830 ut
1005 775 1056 831 late
1074 778 1187 844 exponit
1200 775 1329 832 noutsns.
1344 774 1390 830 lib.
1406 778 1428 830 1.
1445 776 1510 846 Reg.
1524 791 1553 846 q.
1566 779 1593 844 8,
1614 779 1659 843 13,
1675 781 1702 830 ει
1721 781 1763 832 18.

122 867 211 924 bitum
228 873 278 922 est.
289 867 337 924 Ubi
352 865 546 922 licetPontiles
558 865 732 938 loquatarde
747 881 843 935 usura,
855 879 924 936 qnae
959 865 1062 931 Quilrus
1076 864 1101 919 in
1128 863 1195 919 locis
1211 864 1261 919 hac
1283 863 1387 919 ratione
1403 863 1488 935 legem
1507 864 1581 919 illam
1607 864 1704 918 veteris
1717 865 1766 920 Τε-

123 972 179 1014 εεε
193 962 237 1012 εει
248 957 329 1024 msla,
341 957 404 1026 quia
416 954 561 1026 prohibita,
574 955 621 1011 sed
633 955 779 1026 prohibita,
792 955 855 1026 quia
870 969 927 1009 ma·
959 954 1085 1010 stamenti
1099 953 1308 1024 dispensabilem
1325 953 1451 1024 appellat,
1469 953 1590 1025 loquitur
1608 960 1696 1008 tamen
1717 955 1766 1010 irn-

123 1045 166 1114 la3
190 1044 364 1100 nihilominus
379 1043 400 1098 si
422 1043 612 1100 consideretur
633 1050 738 1099 tantum
758 1043 798 1099 vis
822 1041 926 1098 divinae
960 1043 1065 1114 proprie
1081 1043 1113 1098 de
1128 1043 1339 1113 dispensatione,
1356 1049 1439 1113 prout
1452 1041 1486 1098 ds
1504 1043 1725 1112 interpretatione
1739 1049 1768 1098 ει

124 1133 328 1204 prohibitionis,
342 1132 466 1188 eamdem
481 1133 633 1189 ellicociem
649 1131 729 1188 habet
743 1135 769 1188 in
792 1147 927 1203 quacnm·
959 1131 1054 1200 epiilria
1069 1129 1205 1187 interdurn
1216 1130 1267 1186 dici
1282 1131 1361 1200 solet,
1376 1139 1408 1186 ut
1418 1132 1443 1186 in
1459 1130 1573 1186 libr.Vl.
1596 1131 1765 1188 dictumest.

123 1237 179 1293 que
199 1223 322 1278 materia.
338 1222 405 1288 Quia
426 1220 517 1276 nullas
539 1228 629 1292 potest
649 1221 738 1278 iacere
760 1221 866 1278 licitum
887 1220 926 1290 id,
960 1222 1016 1276 Hoc
1028 1221 1109 1277 etiam
1124 1221 1346 1291 interpretatione
1358 1222 1400 1276 usi
1413 1226 1478 1276 sunt
1491 1220 1644 1276 llichobner
1663 1220 1695 1276 ad
1713 1221 1768 1277 liel-

125 1311 200 1381 quod
219 1314 291 1370 bens
306 1325 356 1366 sus
370 1309 494 1366 absoluta
511 1311 690 1381 prohibitione
705 1309 769 1365 lacit
792 1309 925 1364 illicitum.
961 1309 1072 1366 laodnm
1089 1312 1115 1366 iu
1130 1309 1171 1364 die
1187 1311 1304 1378 snhhoti,
1320 1318 1344 1367 1.
1357 1309 1478 1366 hooliab.
1493 1315 1520 1365 2.
1531 1310 1575 1366 Sic
1591 1311 1673 1365 etiarn
1693 1310 1768 1366 Chri·

127 1398 206 1457 Unde
222 1401 303 1457 etiarn
319 1399 344 1454 in
358 1398 410 1454 hoc
425 1400 638 1471 aequiparentur
653 1399 765 1471 paginae
785 1399 928 1469 utriusque
962 1407 1022 1456 stus
1038 1398 1168 1455 Dominus
1183 1398 1273 1455 llatth.
1292 1403 1335 1456 12.
1352 1397 1432 1468 dicit,
1448 1414 1477 1453 se
1493 1414 1544 1453 non
1560 1399 1659 1454 violare
1678 1398 1766 1471 legem

125 1489 309 1555 Testamenti3
326 1488 397 1544 iolra
411 1496 502 1545 eutem
518 1486 713 1558 ostendemus,
730 1488 817 1560 legero
831 1502 928 1542 novam
962 1487 1076 1549 sabbati,
1090 1505 1159 1559 opas
1174 1486 1387 1556 misericordiae,
1403 1493 1450 1543 aut
1466 1488 1589 1559 pietatis,
1606 1489 1647 1544 rel
1662 1487 1768 1560 religio·

126 1577 363 1648 indispensahitem
382 1592 460 1646 esse,
476 1577 554 1633 nisio
573 1579 649 1649 Deo,
665 1593 732 1650 ergo
746 1577 815 1634 idem
836 1576 929 1634 dicen·
962 1580 1004 1634 nis
1018 1580 1044 1632 in
1065 1576 1109 1633 ilto
1127 1576 1295 1644 exercendo,
1312 1577 1415 1632 etiarnsi
1435 1575 1599 1632 laboriosum
1627 1578 1677 1644 sits
1694 1579 1769 1634 sicut

125 1665 194 1722 dnm
209 1673 252 1721 est
266 1665 299 1722 de
315 1665 371 1737 lege
388 1666 484 1722 reteri.
964 1666 1062 1724 licebat
1073 1665 1171 1722 ludaeo
1184 1666 1326 1723 extrahere
1339 1664 1372 1720 de
1387 1664 1463 1720 lovea
1474 1666 1498 1719 in
1510 1663 1553 1720 die
1571 1665 1678 1720 sabbati
1690 1681 1769 1721 ovem

167 1763 194 1814 5.
210 1754 300 1812 ilices:
322 1758 395 1812 Deus
414 1756 470 1826 ipse
491 1756 581 1827 potuit
603 1754 701 1811 homini
722 1751 874 1812 concedere
893 1755 930 1809 la·
964 1757 990 1812 in
1004 1756 1076 1811 illam
1091 1755 1244 1812 cadentem:
1263 1753 1333 1810 unde
1349 1756 1406 1825 ipse
1421 1753 1573 1824 corrcludit,
1595 1754 1703 1811 licuisse
1719 1755 1769 1822 sibi

126 1845 261 1903 cultatem
282 1844 455 1916 dispensandi
476 1845 501 1900 io
527 1843 585 1918 lege
606 1860 666 1902 sua.
679 1843 862 1915 ltespoodeo,
884 1859 932 1915 po·
966 1846 1108 1902 sanitatem
1128 1844 1253 1900 conterre
1268 1844 1293 1899 in
1315 1843 1439 1900 sabbato.
1454 1847 1542 1916 Atque
1570 1844 1666 1902 eodeni
1690 1843 1770 1902 modo

131 1937 217 1991 tuisse
237 1935 358 2006 quidem,
380 1950 434 1990 non
457 1942 546 1990 tamen
567 1934 675 1991 dedisse
696 1935 720 1990 io
742 1935 827 1990 reteri
840 1935 932 1991 Testa·
966 1936 1038 1990 loan.
1054 1939 1081 1992 5.
1099 1933 1216 1989 ostendit
1231 1932 1341 1988 licuisse
1358 1932 1457 1988 homini
1471 1941 1566 1989 sanato
1582 1932 1615 1989 ab
1633 1935 1692 2004 ipso
1707 1949 1770 2004 por-

128 2032 235 2096 mento,
250 2025 313 2096 quia
328 2023 421 2080 nullibi
438 2023 539 2095 legitur
554 2024 614 2080 talis
629 2031 750 2095 potestas
765 2023 827 2080 data
842 2025 934 2080 Ponti·
965 2023 1184 2095 tare'grahatnm
1199 2039 1281 2078 suum
1296 2022 1321 2076 io
1341 2023 1468 2087 sabbato,
1483 2039 1517 2079 ex
1538 2031 1685 2095 praecepto
1699 2026 1768 2098 eins,

129 2113 244 2184 deibus,
266 2113 308 2169 rel
328 2113 386 2184 aliis
405 2114 432 2167 in
456 2112 499 2168 itla
525 2114 604 2186 lege,
626 2113 680 2169 imo
707 2120 787 2183 saepe
808 2111 931 2169 absolute
966 2113 1073 2188 quiaad
1085 2129 1153 2184 opus
1166 2113 1285 2184 pietatis,
1297 2115 1518 2169 etostensiooem
1536 2113 1660 2169 miraculi
1672 2113 1698 2169 id
1711 2127 1772 2184 per-

129 2202 309 2274 prohbentur
330 2199 430 2274 aliquid
445 2200 560 2273 addere,
576 2201 618 2258 rel
633 2209 739 2258 mutare
754 2202 786 2257 de
800 2202 845 2258 illa
861 2203 931 2273 tege.
967 2204 1079 2261 tinehst.
1097 2203 1175 2258 Ratio
1201 2211 1292 2258 autern
1314 2209 1372 2262 est.
1395 2204 1459 2273 quia
1483 2202 1670 2273 interpretatio
1693 2202 1769 2275 legis,

128 2291 205 2348 Unde
221 2307 273 2348 nec
294 2307 361 2346 usus
377 2289 438 2346 telis
457 2293 597 2362 potestatis
612 2291 637 2345 in
659 2291 704 2347 ills
719 2290 777 2363 lege
796 2293 931 2363 cernitur,
968 2292 1128 2364 praesertim
1144 2291 1283 2361 positivae,
1301 2291 1405 2346 etiamsi
1419 2290 1508 2346 divina
1522 2293 1567 2360 sit,
1583 2297 1626 2348 εει
1644 2306 1770 2348 εεεεεεε·

129 2380 172 2436 rel
184 2381 282 2436 alicubi
295 2380 403 2453 legitur,
412 2381 476 2451 qnia
489 2394 539 2434 aec
551 2381 722 2436 necessarius
734 2379 795 2450 init,
805 2395 855 2436 nec
867 2379 933 2435 lais·
968 2385 1009 2438 ria
1024 2381 1057 2436 erl
1077 2381 1303 2452 gubernationem
1317 2378 1464 2435 humanam
1479 2387 1591 2450 propter
1615 2382 1771 2437 varietatem

130 2477 173 2526 set
188 2469 364 2538 conveniens,
387 2469 450 2540 quia
463 2475 537 2524 esset
558 2471 642 2540 magis
657 2471 683 2525 io
704 2469 933 2538 destructionem,
969 2471 1147 2528 occasionum
1162 2476 1191 2525 et
1204 2468 1399 2524 necessitatum
1412 2484 1493 2540 saepe
1510 2471 1729 2540 occurrentium,
1744 2471 1772 2526 in

130 2574 216 2632 qnam
230 2558 255 2614 in
271 2558 493 2614 aedificationem.
505 2559 533 2613 Si
548 2564 636 2614 tamen
648 2561 720 2614 Deus
734 2560 815 2614 alicui
832 2558 934 2614 homini
968 2560 1069 2632 qrribus
1082 2559 1231 2631 contingit,
1245 2557 1284 2612 rel
1296 2557 1351 2613 dno
1363 2566 1506 2631 praecepta
1518 2559 1567 2614 sibi
1577 2561 1713 2617 obviantia
1724 2577 1771 2616 oc-

130 2649 215 2706 talem
228 2655 390 2718 potestatem
406 2645 534 2715 dedisset,
548 2647 600 2703 iem
615 2646 658 2702 illa
674 2647 838 2718 dispensatio
851 2646 935 2718 magis
970 2664 1100 2718 currere,
1123 2663 1155 2704 oo
1175 2653 1320 2719 propterea
1340 2650 1527 2704 necessariam
1546 2664 1605 2722 esse
1623 2665 1771 2720 explodere,

131 2744 205 2795 esset
221 2752 237 2792 a
252 2738 317 2806 Deo,
333 2752 416 2809 quem
431 2735 464 2792 ab
479 2736 597 2806 homine,
608 2738 674 2808 quia
689 2737 734 2792 bei
749 2738 899 2806 voluntate,
909 2741 937 2790 et
970 2739 1086 2796 alterum
1098 2754 1150 2793 non
1165 2737 1295 2808 obligare,
1308 2737 1349 2793 ael
1364 2741 1446 2792 etiarn
1459 2739 1609 2810 contingit,
1622 2739 1702 2795 talem
1713 2754 1773 2796 esse

132 2826 312 2882 concessione
324 2826 410 2895 lieret3
423 2841 474 2882 nec
488 2826 616 2882 voluntas
628 2826 674 2883 [tei
689 2827 823 2898 obligandi
836 2843 884 2898 per
896 2833 937 2882 ta·
970 2844 1064 2885 rernm
1080 2827 1270 2898 mutationem,
1287 2833 1318 2884 ut
1332 2826 1480 2898 prudenter
1495 2835 1703 2899 praesumatur,
1719 2844 1772 2885 non

133 2915 186 2972 lem
200 2913 285 2986 legem
300 2913 397 2970 luisset
410 2916 520 2970 ornaino
536 2915 670 2987 absoluta,
683 2915 729 2972 sed
744 2915 936 2974 haberetsuh·
971 2919 1054 2974 luisse
1077 2917 1245 2974 voluntatem
1265 2917 1425 2989 legislatoris
1442 2919 1467 2972 in
1490 2916 1534 2972 tali
1554 2932 1621 2974 casu
1642 2916 1772 2991 obligare,

131 3003 300 3060 intellectam
315 3003 512 3073 conditionem,
528 3003 569 3058 rel
583 3003 846 3077 determinationem,
862 3009 884 3063 si
898 3013 937 3062 ta·
971 3024 1042 3081 quae
1058 3009 1209 3066 necessitas
1222 3009 1305 3065 etiarn
1320 3008 1407 3080 potuit
1418 3007 1443 3062 in
1459 3023 1512 3064 nsu
1524 3006 1595 3064 illius
1610 3006 1676 3081 legis
1692 3023 1772 3080 saepe

133 3092 166 3149 lis
181 3092 263 3149 homo
275 3092 300 3147 in
315 3107 346 3147 ea
358 3107 411 3147 uon
423 3092 603 3162 dispensaret,
616 3100 644 3149 et
657 3093 693 3149 ita
704 3093 868 3166 dispensatio
883 3112 937 3152 non
974 3113 1132 3156 occurrere.

133 3191 209 3239 esset
221 3190 334 3244 contra,
351 3179 393 3236 vel
408 3189 515 3252 praeter
530 3183 671 3239 decretum
687 3183 792 3240 divinae
811 3186 938 3243 volunta·
1010 3191 1036 3246 i.
1050 3184 1129 3253 Quod
1144 3187 1164 3240 si
1178 3186 1377 3257 interrogetur,
1393 3185 1552 3258 quomodo,
1568 3186 1611 3242 vel
1629 3202 1684 3258 qus
1698 3193 1775 3259 pote·

134 3275 180 3328 tis.
190 3272 288 3330 Ultimo
305 3276 393 3326 tumen
410 3271 435 3326 in
452 3272 503 3326 hoc
518 3278 623 3343 puncto
638 3272 761 3344 adverto,
774 3289 827 3331 non
843 3289 938 3332 conse·
973 3283 1046 3334 state
1058 3276 1231 3332 licebattuac
1243 3274 1323 3330 talem
1333 3274 1422 3331 lacere
1437 3275 1687 3346 interpretationem
1699 3277 1775 3334 circo

135 3369 254 3435 queutsr
269 3361 353 3432 locari,
368 3361 415 3431 qui
429 3360 536 3434 dicunt,
553 3361 639 3433 legem
654 3361 727 3418 illam
742 3363 834 3434 quoad
849 3379 940 3420 caera·
972 3366 1140 3422 voluntatem
1153 3366 1209 3424 liei.
1222 3380 1276 3420 non
1290 3364 1362 3419 eninr
1373 3361 1482 3419 ridetur
1498 3362 1609 3418 cuilibet
1622 3364 1714 3435 licere,
1729 3380 1775 3422 ro·

136 3449 263 3506 monialis
277 3456 305 3504 et
320 3447 456 3504 iudicialis
473 3465 526 3505 aon
542 3450 626 3506 luisse
640 3452 747 3522 proprie
760 3451 893 3524 divinam,
911 3461 940 3512 et
973 3455 1106 3520 luntatem
1118 3453 1268 3524 superioris
1281 3451 1462 3522 interpretari,
1476 3450 1522 3507 sed
1542 3452 1701 3524 simpliciter
1711 3454 1775 3512 obe·

136 3533 312 3596 nihilominus
325 3537 474 3609 affirmant,
487 3538 723 3609 indispensahilem
738 3540 822 3598 luisse
834 3559 881 3612 per
892 3544 940 3599 ho·
973 3543 1048 3611 direp
1058 3540 1211 3612 respondeo
1224 3582 1231 3610 ,
1244 3539 1334 3595 tribus
1349 3538 1435 3595 modis
1451 3539 1502 3594 hoc
1520 3539 1642 3609 licuisse,
1654 3544 1701 3614 qui
1716 3549 1775 3601 tum

136 3631 254 3698 minem,
276 3630 341 3700 quia
363 3627 437 3699 prior
457 3629 571 3684 assertio
592 3629 712 3686 destruit
732 3630 937 3689 laudamentum
974 3633 1089 3701 ratione,
1102 3637 1205 3686 tumen
1219 3627 1382 3701 eademlege
1397 3627 1710 3701 colliguntur.Uausest
1726 3648 1776 3704 per

139 3719 308 3790 posterioris,
322 3725 352 3774 ut
366 3734 398 3774 en
413 3717 496 3774 dictis
510 3720 692 3776 constatllos
706 3726 796 3776 autem
812 3722 940 3793 supponi·
973 3729 1135 3794 poteststem
1147 3735 1163 3775 ε
1177 3721 1231 3775 lieo
1247 3719 1305 3789 ipso
1318 3717 1429 3789 datam,
1449 3733 1519 3791 qnae
1534 3719 1647 3776 manime
1666 3737 1715 3793 pro
1730 3737 1777 3779 cn·

138 3823 214 3879 uras,
230 3815 314 3865 totam
328 3807 400 3864 illam
416 3807 502 3880 legem
517 3808 601 3865 inisse
616 3809 798 3880 propriissime
812 3809 938 3884 divinam,
974 3811 1049 3868 sihns
1061 3809 1149 3866 dubiis
1165 3807 1320 3864 necessaria
1331 3808 1508 3879 erot.Sicqne
1522 3807 1623 3865 dicitur
1634 3812 1714 3868 Dent.
1729 3816 1773 3873 li:

139 3905 168 3956 et
186 3896 247 3954 ideo
262 3897 320 3954 lere
340 3897 435 3954 eadem
449 3897 613 3956 certitudine
632 3893 842 3971 concludimus,
858 3901 940 3959 luisse
973 3904 1007 3959 Si
1021 3897 1092 3972 quid
1105 3896 1241 3970 difficile,
1259 3901 1315 3954 out
1327 3895 1514 3968 semipsum,
1533 3904 1588 3954 etc.
1602 3901 1729 3960 &cundo
1743 3919 1776 3962 er

139 4004 188 4060 per
199 3988 337 4044 hominem
355 3987 601 4059 indispensabilem:
613 3989 711 4060 loquor
725 3997 816 4047 autern
826 3989 859 4046 de
870 4006 940 4063 puro
974 4004 1115 4046 cononreu
1131 3988 1250 4044 dirarum
1265 3985 1371 4059 legum,
1390 4001 1471 4043 unam
1487 4002 1535 4058 per
1549 3988 1628 4046 aliern
1645 3991 1777 4065 iuterpre-
1799 4044 1808 4062 ,

139 4076 259 4147 homine,
272 4092 334 4133 narn
349 4075 473 4132 Christus
483 4078 616 4134 Dominus
631 4084 790 4148 potestatem
806 4078 900 4138 habuit
913 4082 939 4137 ia
974 4079 1118 4136 tando.Sic
1130 4076 1256 4134 Christos
1268 4076 1362 4133 liatth.
1377 4081 1403 4134 5.
1416 4078 1537 4149 exponit,
1551 4078 1659 4138 licuisse
1671 4083 1778 4142 ludaeis

139 4166 183 4223 illa
199 4164 387 4237 dispensandi,
402 4180 435 4220 eo
450 4165 524 4237 qrrod
539 4165 572 4221 sit
585 4168 672 4236 bens,
689 4174 721 4223 ut
735 4169 791 4239 ipse
807 4169 941 4241 signitica-
973 4167 1173 4225 circumcidere
1190 4166 1311 4222 homines
1325 4167 1351 4220 ia
1367 4164 1492 4238 sabbato,
1509 4173 1540 4224 nt
1553 4185 1608 4224 εεε
1625 4169 1778 4232 εεινεεειεε

141 4257 179 4311 nit
199 4254 292 4310 ilatth.
310 4253 467 4312 lidioeas:
490 4257 637 4311 Dominus
651 4259 692 4312 est
705 4253 793 4326 filins
810 4258 940 4314 hominis
975 4256 1016 4312 lex
1033 4256 1200 4328 praecipiens
1214 4253 1377 4311 circumcidi
1392 4254 1519 4311 iolantem
1538 4266 1637 4315 octavo
1652 4260 1714 4332 die,
1731 4265 1779 4320 Le·

139 4346 233 4402 ettam
248 4342 373 4401 sabboti:
387 4344 511 4415 quamvis
525 4359 665 4417 nunquam
680 4345 803 4402 videatur
815 4363 882 4404 usus
895 4347 940 4403 illa
974 4343 1253 4404 ritic.12.Eteodem
1267 4345 1346 4399 modo
1359 4343 1396 4398 ait
1408 4344 1503 4400 hlatth.
1517 4349 1560 4403 tt:
1575 4351 1641 4404 Νοε
1654 4347 1775 4422 lepistts.

139 4440 287 4506 potestate,
303 4432 350 4490 sed
368 4433 439 4489 iusta
452 4433 690 4505 interpretatione,
707 4441 737 4491 ut
750 4449 783 4490 ex
802 4438 940 4508 sequeuti-
974 4438 1046 4510 poio
1057 4433 1191 4492 sabbatis
1204 4429 1417 4488 sacerdotesto
1432 4431 1538 4506 templo
1551 4435 1708 4494 sabbatum
1720 4443 1779 4497 oto·

139 4521 192 4582 hus
207 4521 317 4596 patebit,
331 4522 396 4597 quin
410 4538 462 4579 εεε
477 4523 549 4580 venit
562 4523 667 4580 soluere
682 4523 779 4598 legem,
792 4525 838 4582 sed
856 4527 941 4584 adim·
974 4523 1050 4589 loni,
1064 4528 1092 4580 et
1106 4525 1168 4580 sine
1182 4523 1307 4577 crimine
1318 4520 1409 4576 sunt?
1421 4520 1544 4578 Violant
1556 4526 1595 4580 ait
1608 4525 1634 4580 in
1651 4530 1779 4586 exteriori

139 4612 226 4686 plere.
975 4615 1083 4686 specie,
1105 4627 1155 4668 seu
1175 4609 1305 4666 materiali
1321 4624 1415 4680 opere,
1438 4618 1467 4666 ει
1484 4619 1574 4669 tamen
1589 4614 1647 4671 sine
1663 4618 1780 4675 crimine

180 4707 207 4761 6.
223 4701 404 4760 Nihilominus
418 4708 507 4758 tamen
522 4699 676 4758 addendum
691 4709 750 4774 est,
766 4705 888 4775 potuisse
905 4704 941 4761 lc·
976 4710 1056 4774 sunt,
1073 4703 1137 4776 quin
1150 4700 1218 4756 illud
1233 4715 1303 4771 opus
1317 4708 1377 4754 erat
1389 4711 1604 4760 consentaneum
1619 4704 1697 4763 alteri
1712 4706 1779 4780 legi,

140 4807 202 4865 gem
221 4791 292 4848 illam
313 4793 435 4862 recipere
457 4791 706 4862 interpretationem
721 4807 769 4863 per
792 4792 939 4850 hominem.
976 4794 1091 4850 Levitis.
1106 4795 1164 4862 243
1185 4805 1217 4846 ac
1238 4787 1352 4844 subinde
1368 4803 1420 4844 non
1442 4797 1502 4846 erat
1515 4807 1585 4862 opas
1607 4795 1716 4867 servile,
1733 4798 1780 4854 sed

141 4885 171 4938 ιε
184 4898 240 4955 quo
255 4897 350 4938 omnes
364 4881 511 4937 convenire
525 4881 666 4936 ridentur:
679 4888 706 4938 et
719 4888 792 4954 patet
806 4885 892 4954 primo
910 4899 943 4941 ex
976 4883 1123 4954 religionis,
1135 4887 1165 4936 ut
1175 4879 1242 4936 bene
1252 4878 1514 4949 exposuithbulens.
1526 4885 1549 4939 1.
1559 4883 1653 4955 lieg.2
1663 4892 1669 4942 1
1679 4902 1722 4958 ,q.
1736 4890 1778 4945 ll.

141 4988 204 5044 usu,
221 4972 363 5044 l.liegum
377 4974 496 5042 capit,
514 4971 558 5026 uhi
573 4983 619 5040 per
634 4979 828 5027 occurrentem
849 4988 943 5028 neces·
977 4974 1022 5030 Sic
1036 4973 1116 5027 etiam
1136 4969 1210 5025 circa
1224 4975 1335 5039 tempus
1355 4969 1555 5040 praescriptum
1569 4971 1603 5028 ad
1624 4973 1781 5036 laciendum

140 5063 248 5118 sitalem
266 5059 421 5116 Achimelec
442 5058 515 5116 dedit
529 5058 619 5115 horidi
635 5074 718 5131 panes
738 5061 941 5131 propositionis,
978 5062 1083 5134 l’hsse,
1097 5059 1184 5117 Exod.
1206 5063 1253 5126 12,
1268 5057 1454 5128 interpretatio
1468 5059 1541 5118 lacto
1559 5068 1617 5134 est,
1633 5081 1681 5135 per
1695 5065 1782 5140 legem

140 5150 241 5225 quihus
255 5152 329 5207 vesci
348 5148 501 5206 sectandum
520 5147 649 5221 legonaci
671 5165 725 5206 non
745 5147 854 5220 licehet3
870 5149 945 5224 quod
979 5151 1062 5209 latam
1077 5150 1191 5207 Numer.
1210 5151 1252 5208 12.
1264 5148 1358 5222 Neque
1378 5155 1439 5206 ante
1461 5149 1529 5208 hanc
1544 5157 1726 5227 posteriorem
1747 5157 1784 5216 le·

142 5250 231 5300 tameo
247 5255 295 5314 per
316 5237 566 5312 interpretationem
589 5237 653 5312 legis
674 5238 796 5313 licuisse,
817 5241 944 5299 Christus
980 5256 1041 5319 gom
1056 5241 1115 5299 susi
1131 5245 1196 5298 sunt
1208 5240 1314 5316 Moyses
1328 5245 1356 5296 et
1375 5241 1465 5298 Aaron
1480 5240 1560 5300 talem
1583 5244 1783 5319 interpretatio·
