4290 6222
855 386 961 438 sarua
979 389 1077 438 xxiv.
1684 370 1748 452 429

146 514 311 572 necessaria
320 512 517 586 promulgatio,
530 511 577 570 scd
588 511 695 582 notitia,
707 516 739 567 ut
752 510 822 568 inira
835 509 951 583 dineture
989 513 1073 584 tione,
1085 511 1158 570 sicut
1172 511 1247 570 iacta
1257 509 1402 576 donatione
1416 510 1534 568 alicuius
1544 512 1582 569 rai
1596 511 1683 583 altari,
1697 511 1786 570 stadm

141 612 240 663 temen
255 604 350 678 inlage
361 619 410 676 per
420 619 449 658 ee
460 603 597 677 obligante
608 601 763 658 necessario
774 600 952 673 supponenda
987 602 1104 660 resultat
1117 602 1250 660 naturalis
1265 600 1392 674 obligatio
1408 618 1461 658 nou
1476 601 1598 673 privandi
1613 601 1785 660 donatarium
1838 611 1842 620 '

142 704 194 754 est
207 695 405 770 promulgatio,
419 699 452 751 ut
465 708 514 764 per
529 709 558 750 se
573 691 751 749 constablei
766 689 894 764 obligatio
904 707 952 747 na·
987 691 1045 749 iure
1058 694 1194 764 acquisito
1206 693 1231 748 in
1247 691 1326 749 tale-m
1340 707 1408 763 reme
1422 706 1510 766 neque
1524 697 1646 764 oportet,
1661 691 1786 748 donatio·

142 787 241 842 scitur
253 800 286 842 er
301 783 441 856 privilegio
456 796 591 838 concesso
605 780 796 838 communitati
816 781 952 852 principa·
988 798 1049 840 nem
1064 782 1242 856 promulgari,
1258 779 1307 840 sed
1321 782 1386 838 satis
1403 787 1455 851 est,
1473 788 1505 838 ut
1517 782 1553 838 sit
1566 788 1641 854 nota,
1657 783 1698 837 sie
1712 783 1785 837 enim

111 889 113 894 ·
143 875 211 930 liter
226 875 329 930 intuitu
346 872 433 943 illius,
449 870 513 928 licet
527 870 640 944 singulis
660 869 789 926 membris
804 871 909 942 prodite
924 875 952 926 et
987 874 1131 930 concessio
1141 872 1273 946 privilegii
1283 878 1328 929 est
1336 871 1421 928 veluti
1432 872 1540 928 donatio
1551 871 1696 944 quaedam.
1708 869 1785 928 Unda

142 969 217 1020 tunc
230 965 256 1019 in
270 962 314 1018 tali
329 960 472 1035 privilegio
482 959 633 1017 includitur
647 960 804 1017 necessario
814 960 856 1016 lex
869 974 955 1033 gene·
988 962 1039 1018 boc
1055 977 1108 1019 nou
1128 962 1253 1034 procedit
1273 967 1377 1018 tantum
1393 961 1418 1017 in
1438 961 1496 1018 loro
1517 961 1719 1030 conscientian,
1736 960 1784 1018 sed

145 1053 216 1110 ralis
230 1051 351 1124 obligans
365 1057 451 1108 totam
465 1051 709 1122 communitatem,
724 1054 751 1105 et
765 1049 825 1106 ideo
840 1062 952 1106 necesse
987 1052 1071 1109 etiam
1084 1053 1112 1107 in
1130 1051 1190 1108 ioro
1203 1051 1347 1118 exteriori,
1370 1050 1392 1105 si
1404 1052 1431 1105 in
1454 1049 1499 1106 illo
1515 1049 1685 1122 privilegium
1707 1047 1785 1106 sulii-

143 1148 208 1211 eat,
226 1148 258 1199 ut
271 1140 425 1212 respective
441 1141 476 1196 sit
489 1139 660 1197 sufficienter
674 1138 865 1214 promulgata,
884 1145 912 1197 ct
924 1138 949 1193 in
987 1142 1093 1197 nienter
1106 1141 1252 1211 probetur,
1268 1140 1343 1213 quod
1358 1155 1428 1195 onus
1443 1139 1623 1212 privilegiario
1637 1138 1782 1208 incumbit.

146 1231 257 1287 ratione
271 1229 426 1287 communie
438 1229 505 1302 legis
520 1230 671 1301 proposita,
685 1235 716 1286 ut
727 1231 816 1300 possit
825 1229 950 1302 singulos
987 1231 1022 1288 Et
1035 1230 1072 1286 ita
1085 1229 1209 1286 ridemus
1221 1229 1247 1287 in
1262 1229 1320 1285 iure
1334 1217 1466 1285 canonico
1478 1229 1554 1284 iuria
1568 1227 1722 1286 huiuamodi
1731 1225 1785 1298 pri·
1812 1229 1819 1243 ‘

144 1319 183 1374 de
203 1319 400 1376 communitate
420 1315 540 1390 obligare
560 1319 594 1376 ad
619 1316 801 1388 serrandum,
823 1334 871 1374 seu
897 1333 950 1374 uon
985 1312 1082 1390 vilegia
1105 1319 1205 1390 passim
1228 1319 1344 1391 proferri
1370 1320 1551 1389 seutentiam,
1571 1333 1622 1374 nec
1637 1318 1666 1374 ln
1677 1317 1727 1374 illis
1742 1332 1786 1374 re·

146 1408 308 1465 violandum
322 1407 513 1481 privilegium,
529 1423 595 1481 ergn
616 1413 744 1479 respectu
764 1406 949 1480 privilegiarii,
987 1407 1057 1480 quiri
1073 1406 1331 1480 promulgationem,
1346 1405 1393 1464 aed
1410 1407 1606 1480 probationem.

144 1503 179 1554 ut
198 1496 312 1570 obligari
326 1498 412 1568 possit
425 1495 576 1569 privilegio,
593 1496 776 1568 praesuppoui
793 1494 874 1551 debet
887 1510 950 1566 pro·
1025 1502 1052 1554 6.
1069 1498 1161 1570 Neque
1183 1499 1265 1554 etiam
1285 1495 1317 1552 ad
1332 1497 1413 1554 alium
1427 1496 1539 1552 modum
1555 1496 1723 1568 obligationis
1738 1510 1785 1552 ne·

145 1586 280 1658 mulgatin
295 1585 434 1642 sufficiens
447 1587 524 1642 iuxta
539 1584 649 1642 modum
662 1584 727 1657 legis
744 1584 900 1656 obligantis.
985 1587 1105 1642 cessaria
1129 1593 1172 1642 est
1196 1587 1325 1642 solemnis
1348 1586 1547 1660 promulgatio,
1570 1586 1618 1642 sed
1642 1585 1785 1644 sufficiens

187 1679 217 1732 t.
234 1672 392 1731 Secundum
404 1673 559 1731 membrum
570 1673 750 1730 distinctionis
761 1679 790 1729 et
800 1674 949 1746 sententiae
985 1676 1123 1747 praecepti
1139 1677 1270 1732 intimatio
1285 1691 1333 1748 per
1353 1675 1509 1734 authentica
1528 1677 1725 1745 instrumenta,
1741 1675 1784 1732 vel

143 1765 305 1836 propositae
325 1779 379 1820 non
401 1769 478 1822 caret
499 1762 591 1835 aliqua
610 1760 782 1820 difficultate.
797 1763 865 1818 Nam
887 1762 950 1819 licet
984 1765 1201 1836 aequivalentem
1224 1765 1430 1836 probationem,
1454 1772 1485 1822 ut
1507 1764 1678 1822 consuetudo
1701 1766 1783 1821 etiam

146 1852 319 1925 privilegium
341 1849 451 1908 dicatur
464 1851 507 1908 lex
529 1852 634 1922 privata
648 1849 737 1924 quoad
758 1850 886 1906 ellectum
901 1865 949 1922 per
984 1854 1091 1924 probat.
1108 1855 1143 1910 Et
1162 1855 1231 1910 ratio
1251 1859 1310 1927 est,
1326 1857 1390 1928 quia
1405 1853 1457 1912 tale
1471 1860 1649 1926 praeceptum
1666 1869 1720 1911 nou
1734 1853 1784 1910 ina·

146 1957 177 2000 sc
189 1944 335 2011 intentum,
350 1939 455 1998 scilicet
470 1940 589 1997 levorem
602 1940 734 2012 privatum
748 1946 775 1996 et
788 1942 949 2012 iusspecia-
983 1942 1094 2012 ponitur
1117 1943 1266 2013 ecclesiae,
1289 1948 1337 2000 aut
1356 1943 1437 2000 alicui
1461 1944 1654 2000 communitati
1673 1957 1722 2015 per
1742 1957 1782 2012 se,

148 2032 186 2102 le,
203 2030 277 2104 quod
292 2031 448 2100 constituite
459 2028 635 2086 nibilominus
649 2037 785 2104 quatenus
800 2032 854 2087 vim
869 2030 950 2087 babet
983 2037 1094 2103 propter
1115 2032 1257 2103 publicum
1278 2031 1395 2103 bonum,
1416 2032 1457 2089 vel
1478 2032 1719 2108 gubernationem:
1735 2033 1783 2090 sed

146 2126 247 2176 contra
262 2119 342 2190 alica,
354 2125 484 2191 respectu
498 2119 657 2192 privilegiati
674 2119 783 2192 aliquod
802 2135 949 2193 gravamen
984 2121 1094 2192 ponitur
1109 2115 1142 2177 ut‘
1154 2121 1319 2193 pardeulare
1333 2128 1510 2194 praeceptum
1525 2121 1581 2178 aliis
1591 2121 1686 2179 datum
1703 2124 1729 2178 iu
1744 2122 1783 2178 ia-

144 2214 197 2264 arat
217 2208 408 2281 obligationem
429 2208 481 2266 illis
501 2209 683 2280 imponendo,
706 2211 745 2265 alc
767 2209 848 2265 babet
868 2210 949 2266 ratin-
983 2226 1077 2268 rorem
1088 2209 1376 2283 privilegiorii,solum
1387 2210 1421 2268 ad
1432 2211 1575 2283 effectum,
1590 2227 1622 2268 aa
1634 2211 1781 2268 observan-

143 2312 210 2354 nem
226 2297 291 2370 legis
306 2297 475 2367 communis,
492 2297 556 2371 quia
570 2297 759 2354 universaliter
773 2297 894 2370 loquitur
914 2296 949 2355 ad
985 2299 1047 2355 tiam
1062 2299 1211 2371 privilegii,
1227 2307 1254 2356 ct
1268 2299 1395 2357 ideonon
1410 2305 1451 2356 eet
1465 2301 1491 2355 iu
1506 2300 1552 2357 illo
1568 2301 1719 2358 necessaria
1737 2317 1782 2356 sn·

143 2403 259 2459 omnes,
274 2395 303 2445 et
321 2401 417 2443 omnes
437 2386 555 2459 obligare
576 2393 683 2459 potest,
698 2389 732 2444 ad
753 2403 822 2461 quos
837 2387 949 2444 matmia
984 2387 1079 2445 temnis
1099 2389 1301 2462 promulgatio,
1324 2389 1371 2446 sed
1386 2389 1559 2460 particularis
1573 2389 1722 2449 notificatio
1737 2407 1784 2446 as·

143 2475 278 2549 privilegii
298 2475 468 2548 pertinuerit.
484 2477 569 2549 Ergo,
587 2484 619 2533 ut
632 2476 686 2533 tale
707 2477 876 2549 privilegium
896 2477 948 2534 sub
983 2476 1156 2535 commodata
1177 2477 1220 2533 tini
1241 2478 1302 2535 talia
1324 2481 1473 2550 praecepti.
1490 2479 1646 2536 confirmari
1666 2479 1718 2536 hoc
1734 2495 1782 2552 po·

146 2564 202 2622 bac
216 2567 321 2622 ratione
335 2565 448 2640 obliget,
464 2567 619 2622 necessaria
631 2572 673 2622 eet
688 2566 870 2638 promulgatio
884 2582 950 2638 prp-
983 2571 1052 2634 teat,
1067 2566 1129 2638 quia
1145 2567 1169 2622 in
1186 2565 1231 2622 tali
1246 2566 1351 2624 indulto
1367 2568 1535 2640 privilegium
1551 2569 1639 2641 ipsum
1654 2563 1697 2626 es't
1710 2569 1783 2641 prin*

143 2656 217 2728 pria,
229 2655 317 2728 qualis
329 2655 353 2710 in
369 2653 429 2728 lege
445 2657 585 2712 communi
599 2654 767 2726 postulatur.
776 2656 948 2713 antecedens
983 2657 1081 2729 cipale,
1095 2663 1274 2729 praeceptum
1286 2664 1377 2714 autem
1389 2659 1468 2730 quasi
1479 2659 1676 2730 accessorium,
1685 2664 1713 2716 et
1723 2657 1782 2716 ideo

142 2745 255 2803 videtur
268 2751 363 2802 notum
383 2759 415 2802 er
437 2745 560 2801 terminia
578 2751 607 2801 et
625 2760 658 2801 ex
679 2747 779 2803 usitato
801 2752 893 2801 tenore
908 2752 949 2804 ta·
983 2747 1110 2818 sequitur
1124 2751 1250 2804 naturam
1266 2747 1430 2818 principalis
1444 2746 1561 2821 ideoque
1575 2755 1607 2805 ut
1621 2747 1663 2804 lea
1678 2747 1782 2820 privata

141 2837 213 2893 lium
225 2835 725 2909 privilegiorum.Consequentiavero
737 2835 948 2909 probatur,quia
983 2841 1144 2908 reputatur,
1161 2836 1193 2892 ad
1214 2852 1298 2910 quqm
1319 2837 1447 2895 solemnis
1467 2838 1652 2911 promulgatio
1671 2854 1725 2895 nou
1739 2853 1783 2895 re-

142 2923 243 2982 eadem
263 2924 412 2982 necessitas
427 2931 455 2981 et
475 2926 543 2981 ratio
563 2924 787 2996 promulgationis
811 2925 948 2982 invenitur
982 2923 1114 2997 quiritur.
1130 2926 1252 2997 Denique
1272 2926 1306 2982 ob
1327 2926 1451 2983 eamdem
1473 2942 1586 2984 causam
1606 2942 1675 2984 cura
1693 2926 1781 2983 notifi-

141 3015 169 3069 in
184 3013 229 3070 tali
240 3013 382 3086 privilegio
395 3013 446 3070 sub
457 3013 794 3084 dictaratinriespectato,
806 3021 882 3072 ulex
894 3013 948 3072 die·
982 3013 1062 3070 caudi
1085 3013 1254 3087 privilegium
1275 3031 1329 3071 non
1350 3022 1456 3086 spectat
1476 3014 1510 3072 ad
1528 3016 1695 3089 principem,
1710 3016 1784 3072 sicut

142 3119 235 3162 cursu
248 3103 321 3160 iacto
337 3109 431 3160 notum
447 3103 564 3160 ridetur.
581 3103 615 3159 Et
626 3103 815 3172 contirmatur,
827 3106 892 3176 quia
906 3104 948 3160 lex
984 3103 1118 3174 pertinere
1133 3104 1285 3161 solet'cura
1297 3105 1425 3162 solemnis
1437 3107 1672 3180 promulgationis,
1686 3107 1731 3164 ubi
1741 3113 1784 3164 est

141 3191 278 3266 privilegii
298 3191 355 3248 aliis
370 3207 423 3248 non
444 3192 616 3265 promulgata
642 3191 720 3248 iacile
741 3193 842 3264 poterit
854 3192 888 3249 ab
908 3195 946 3250 eis
983 3195 1148 3262 necessaria,
1163 3194 1211 3250 sed
1223 3199 1330 3267 spectat
1341 3194 1373 3251 ad
1388 3197 1479 3268 ipsulm
1493 3197 1719 3271 privilegiarium,
1735 3198 1783 3270 qui

141 3281 276 3355 ignorari,
297 3287 327 3339 et
345 3281 380 3336 ita
402 3285 532 3352 poterunt
552 3281 587 3337 ab
608 3280 796 3338 observatione
819 3282 948 3357 privilegii
983 3284 1084 3354 poterit
1098 3282 1269 3354 privilegium
1285 3300 1367 3340 suum
1383 3285 1521 3354 intimare,
1537 3294 1585 3344 aut
1599 3292 1696 3342 uotum
1710 3285 1783 3342 iace·

141 3372 286 3443 excusari,
299 3385 389 3443 neque
403 3369 437 3427 ob
450 3386 510 3427 eam
526 3371 769 3443 transgressionem
782 3371 880 3428 meritc
895 3389 947 3443 pu·
984 3387 1023 3442 re,
1037 3379 1121 3443 prout
1131 3372 1181 3428 sibi
1194 3372 1260 3428 utile
1273 3373 1363 3429 luerit.
1376 3378 1464 3446 Atque
1477 3374 1529 3430 boc
1541 3383 1595 3431 tam
1607 3374 1632 3430 in
1644 3373 1702 3430 inno
1714 3390 1781 3431 cou-

143 3461 195 3517 niri
211 3465 355 3532 poterunt,
372 3460 435 3532 quia
450 3460 559 3517 seclusa
573 3459 794 3534 promulgatione
811 3475 890 3517 nemo
909 3467 948 3519 te·
982 3463 1125 3532 scientiae,
1142 3477 1226 3534 quam
1246 3461 1271 3518 in
1286 3461 1343 3517 iore
1358 3464 1486 3519 exteriori
1501 3463 1593 3520 locum
1609 3463 1702 3534 babet,
1717 3465 1782 3536 quia

142 3557 228 3607 uetur
241 3548 308 3620 legis
323 3549 466 3606 scientiam
481 3549 627 3621 inquirere.
982 3552 1077 3609 eadem
1092 3557 1133 3608 est
1147 3555 1292 3624 utriusque
1307 3555 1388 3621 ratio,
1401 3554 1543 3624 supposita
1557 3552 1704 3610 sullicieuti
1718 3568 1781 3624 prn-

186 3644 213 3696 5.
228 3637 409 3694 Nihilominus
423 3636 571 3694 dicendum
582 3645 637 3706 est,
648 3639 675 3695 in
689 3638 850 3696 huiusmodi
866 3638 947 3711 priri-
983 3640 1101 3698 batione.
1114 3640 1189 3698 Unde
1205 3641 1226 3696 si
1241 3641 1293 3697 tale
1305 3647 1480 3712 praeceptum
1496 3641 1635 3716 privilegiu
1646 3641 1780 3699 insertum

143 3729 279 3802 legionen
290 3726 393 3800 requiri
401 3728 540 3799 propriam
552 3727 838 3800 promulgationemad
851 3743 947 3801 quam·
982 3730 1081 3786 babeat
1095 3727 1228 3786 adnexam
1243 3730 1555 3787 excommunicationem
1570 3731 1628 3801 ipso
1643 3731 1734 3798 iacto,
1750 3730 1780 3788 it·

142 3832 266 3890 cumque
278 3816 483 3889 obligationem,
497 3827 573 3889 quae
585 3823 713 3890 respectu
727 3817 844 3875 aliorum
854 3834 888 3874 ex
903 3818 947 3874 illo
983 3821 1035 3876 lam
1046 3821 1072 3876 in
1085 3819 1252 3877 conscientia
1264 3821 1391 3884 incurrit,
1404 3819 1450 3891 qui
1461 3826 1611 3876 contumax
1621 3819 1705 3877 luerit
1715 3835 1781 3876 con-

144 3911 237 3978 potest
249 3904 325 3964 oriri.
335 3905 424 3964 Probo
435 3905 566 3977 primnex
582 3923 644 3972 usu,
657 3907 785 3980 quianon
801 3889 946 3964 solent'ta·
982 3915 1023 3966 tra
1038 3909 1091 3966 tale
1105 3914 1301 3982 praeceptum,
1313 3909 1335 3965 si
1349 3907 1520 3965 sufficienter
1535 3909 1697 3982 intimatum,
1715 3917 1744 3966 et
1754 3909 1779 3966 in
1808 3910 1812 3915 '

142 3995 181 4052 lia
193 3993 334 4067 privilegia
352 3993 508 4050 solemniter
522 3995 707 4068 promulgari,
723 4006 752 4054 et
771 3996 947 4054 nibilominus
981 3997 1081 4055 iudicio
1096 3998 1223 4056 exteriori
1238 3997 1297 4053 talis
1309 3995 1625 4068 venietdeclaraudus,si
1644 3998 1703 4055 eius
1714 4014 1781 4055 con·

143 4091 296 4142 censentur
316 4083 453 4157 obligare,
469 4090 604 4157 quantum
619 4091 749 4156 possunt,
766 4088 788 4141 si
808 4085 948 4144 sufficieu—
982 4086 1117 4159 tumacia,
1130 4085 1221 4142 habita
1235 4093 1297 4158 post
1310 4085 1491 4144 sufficientem
1503 4087 1626 4144 notitiam
1636 4086 1779 4160 privilegii,

145 4180 188 4232 ter
206 4171 376 4254 probentur,
397 4178 426 4230 et
439 4173 625 4230 notificentur.
641 4173 769 4232 Secumo
788 4173 946 4231 declaratur
980 4182 1009 4232 et
1024 4176 1160 4247 praecepti
1173 4177 1199 4231 in
1214 4189 1247 4232 eo
1262 4175 1378 4248 imperiti
1393 4176 1446 4232 rub
1462 4175 1506 4232 tali
1520 4192 1650 4248 censura,
1663 4177 1780 4250 legitima

142 4279 179 4320 ex
194 4277 224 4320 re
244 4263 317 4335 ipsa3
332 4277 395 4318 nam
410 4262 479 4319 baec
493 4262 619 4336 obligatio
633 4262 782 4335 dupliciter
798 4269 888 4336 potest
907 4263 946 4319 in·
982 4264 1120 4337 probetur.

144 4352 231 4426 telligi
244 4352 358 4410 exoriri.
374 4352 465 4411 Primo
479 4366 528 4425 per
542 4353 696 4410 naturalem
711 4353 901 4410 resultantiam
919 4360 948 4409 et
1022 4356 1047 4412 i.
1063 4353 1158 4410 Statim
1169 4367 1234 4408 vero
1245 4352 1367 4409 occurrit
1378 4353 1522 4426 dubitatio,
1532 4369 1604 4428 quae
1618 4355 1724 4426 notitia,
1736 4353 1779 4411 vel

144 4444 397 4514 consecutionem,
422 4443 497 4498 sicut
515 4456 548 4498 ex
576 4442 790 4514 praescriptione
819 4443 947 4516 sequitur
981 4443 1105 4514 probatio
1120 4441 1276 4514 requiratur
1292 4441 1317 4496 in
1332 4441 1374 4497 bis
1389 4443 1500 4514 privatis
1514 4443 1680 4516 privilegiis,
1696 4449 1727 4500 ut
1739 4445 1780 4499 in-

144 4533 277 4607 obligatio
293 4547 348 4589 nnn
362 4531 487 4604 privandi
503 4531 621 4588 alterum
635 4548 665 4588 re
681 4533 798 4605 legitime
813 4532 946 4604 praescri·
981 4531 1094 4588 seriores
1111 4529 1241 4603 praelati,
1257 4536 1306 4587 aut
1319 4530 1442 4602 iudices,
1454 4538 1502 4590 aut
1513 4532 1580 4590 aliae
1591 4547 1732 4605 personae,
1745 4531 1779 4588 ad

143 4629 209 4696 pta,
229 4621 281 4678 aliu
296 4620 376 4678 modo
390 4620 495 4678 directe
507 4621 612 4679 ratione
628 4624 767 4694 praecepti
780 4622 899 4694 impositi
921 4621 946 4677 in
980 4637 1049 4695 quas
1064 4621 1197 4692 pertinere
1212 4624 1316 4691 potest,
1333 4626 1476 4678 teneantur
1490 4620 1539 4678 illis
1555 4637 1668 4694 parere,
1683 4621 1725 4678 vel
1738 4621 1778 4678 eis

143 4714 203 4784 ipso
218 4709 358 4782 privilegio
372 4708 407 4765 ab
421 4715 535 4767 auctore
548 4709 636 4782 illius,
652 4711 725 4768 sicut
739 4713 766 4767 iu
784 4711 865 4768 bullis
880 4725 946 4782 pon·
979 4727 1034 4767 nnn
1049 4709 1252 4767 contravenire.
1267 4709 1319 4766 Sed
1330 4712 1396 4784 quia
1410 4710 1462 4767 boc
1477 4713 1562 4784 magis
1573 4713 1607 4768 ad
1624 4712 1715 4770 iorum
1731 4727 1778 4770 es·

145 4801 249 4869 tificiis,
264 4813 336 4873 quae
349 4800 376 4856 in
391 4798 512 4856 savorem
526 4800 689 4873 religionum
710 4799 751 4856 rel
771 4800 886 4858 aliorum
900 4817 946 4858 cx·
980 4807 1089 4858 ternum
1110 4799 1224 4875 adunat,
1245 4814 1330 4872 quam
1351 4799 1385 4856 ad
1406 4801 1558 4873 internum,
1574 4802 1691 4858 breviter
1710 4800 1778 4859 illud

144 4889 307 4963 pediuntur,
320 4890 376 4946 deri
388 4889 515 4946 soletdd
531 4891 648 4962 priorem
660 4891 743 4964 igitur
754 4893 866 4949 modum
880 4891 946 4948 obli·
978 4888 1130 4964 expediam.
1146 4891 1214 4945 llam
1235 4888 1261 4944 in
1281 4889 1339 4945 loro
1361 4891 1543 4947 conscientiae
1563 4891 1667 4949 sullicit
1684 4893 1779 4948 nebda

143 4981 262 5055 gationis
282 4995 338 5036 non
358 4986 400 5037 est
420 4983 574 5037 necessarie
593 4979 778 5054 promulgatio
800 4978 943 5053 privilegii,
979 4979 1110 5053 privilegii
1124 4976 1262 5035 moraliter
1277 4983 1371 5047 certa,
1387 4978 1420 5035 de
1437 4993 1492 5050 qua
1511 4980 1686 5052 probabiliter
1699 4978 1778 5037 dubi·

144 5069 193 5126 sed
207 5067 313 5126 auiliclt
326 5069 419 5126 nodia
436 5069 577 5127 moraliter
595 5076 671 5127 certa
688 5068 723 5126 de
737 5069 795 5127 iure
810 5085 944 5130 concessu
980 5071 1030 5128 tari
1048 5085 1101 5125 non
1117 5067 1220 5140 possit,
1237 5074 1305 5125 tunc
1319 5068 1389 5126 enim
1404 5071 1528 5141 quaesito
1543 5069 1634 5143 aliquo
1647 5070 1715 5126 laiso
1729 5087 1777 5128 co·

144 5159 222 5218 alteri
233 5157 699 5232 perprivilegium,quiastatimex
711 5158 828 5215 naturali
841 5159 945 5217 ratione
979 5160 1036 5218 lore
1061 5158 1250 5232 tergiversari,
1272 5163 1300 5215 et
1320 5158 1454 5215 voluntati
1479 5159 1629 5231 superioria
1649 5161 1776 5238 resistere

141 5248 267 5310 iustitiae
282 5247 371 5308 oritur
385 5248 524 5324 obligatio,
540 5248 613 5307 iacta
626 5247 651 5312 in
666 5247 779 5312 materia
793 5247 839 5308 tali
854 5254 942 5309 muta·
980 5264 1035 5306 non
1046 5252 1137 5322 potest
1146 5247 1172 5305 io
1183 5248 1351 5316 conscientia
1361 5263 1421 5305 esso
1429 5247 1544 5306 licitum.
1553 5247 1594 5306 td
1605 5248 1676 5308 banc
1684 5255 1777 5312 autem
