4260 6222
908 331 1112 382 ursusxxv.
1701 325 1766 388 ,433

166 457 251 530 longe
270 457 393 532 diversa,
418 465 449 518 ut
469 475 554 532 supra
569 460 640 531 diui,
657 477 672 517 1
686 459 802 517 dirersis
816 463 907 515 eutem
922 472 976 514 non
1052 456 1171 516 Ostende
1180 465 1351 531 assumptum
1362 461 1388 517 iu
1400 463 1497 520 minori
1509 465 1704 536 propositione,
1714 465 1809 523 exelu-

167 549 198 605 bt
209 549 306 606 illatio.
323 552 488 610 Praesertim
504 551 567 624 quia
581 549 658 618 illud,
670 550 743 624 quod
759 555 850 608 textus
865 547 908 605 ille
923 546 978 604 dis·
1013 543 1101 604 dendo
1116 550 1366 622 aequiparationem
1379 567 1443 608 cum
1454 553 1559 627 legato:
1574 570 1635 610 num
1647 553 1746 610 lieetin
1758 554 1810 610 boc

168 641 265 710 ponit,
288 655 343 696 nun
364 646 408 696 est
425 656 459 698 ex
477 645 576 698 natura
597 641 636 697 rei
658 645 780 706 tantum,
796 639 845 695 sed
858 653 890 694 ex
905 637 978 709 posi·
1013 645 1124 694 servent
1142 637 1260 711 aliquam
1281 643 1497 713 proportionem,
1513 642 1588 716 quod
1603 644 1675 700 sicut
1690 644 1808 716 legatum

167 727 227 784 tivo
243 731 303 784 iure
319 732 464 786 canonico.
481 730 558 788 Unde
573 746 699 786 summus
714 730 848 798 Pontifex,
861 729 975 800 quinon
1012 727 1113 796 pendet
1131 743 1147 784 a
1162 729 1302 786 uoluntate
1318 730 1470 800 testatoris,
1487 745 1534 802 per
1547 747 1630 804 quam
1644 733 1690 802 bt,
1705 733 1741 788 ita
1756 733 1810 805 pri-

167 816 207 872 ita
231 816 378 874 subiicitur
400 819 451 876 iuri
470 820 603 891 positivo,
626 821 700 876 sicut
718 819 828 893 reliqui,
844 818 912 874 bene
927 832 976 888 po·
1011 815 1139 888 vilegium
1160 833 1175 873 a
1194 817 1334 873 voluntate
1350 817 1540 890 concedentis;
1557 819 1730 876 nibilominus
1745 821 1810 877 sim·

168 911 224 960 test
242 905 417 964 collationem
438 907 539 964 laetam
560 908 665 966 absenti
679 915 741 965 ante
755 908 975 978 acceptationem
1010 903 1117 976 pliciter
1139 913 1204 963 suut
1224 905 1303 979 longe
1323 906 1447 978 diuersa,
1469 916 1497 965 et
1517 925 1571 964 nun
1591 915 1715 981 oportet,
1737 917 1768 966 ut
1781 913 1809 966 iu

167 1001 277 1051 mutare
294 997 352 1052 sine
366 996 422 1054 ulla
433 998 575 1068 iniustitia,
587 997 778 1056 licetlortasse
792 997 915 1069 requirat
926 994 974 1052 uli·
1011 993 1137 1050 omnibus
1152 1001 1263 1052 servent
1276 996 1492 1070 similitudinem,
1505 1003 1532 1054 et
1546 1000 1706 1068 praesertim
1716 1000 1742 1055 in
1753 997 1808 1068 bis,

167 1098 252 1155 quarn
270 1101 398 1159 causam,
413 1101 482 1159 ergo
496 1103 550 1144 non
563 1084 784 1146 licetextendere
795 1087 868 1143 illem
881 1085 974 1157 dispo·
1010 1097 1080 1154 quae
1095 1097 1143 1154 per
1158 1084 1274 1156 speciale
1290 1084 1332 1141 ius
1346 1092 1410 1142 sunt
1424 1085 1547 1157 deposita
1562 1085 1587 1142 in
1600 1086 1701 1159 legato,
1714 1095 1742 1144 et
1756 1105 1810 1144 uun

165 1175 296 1232 sitionem
315 1176 349 1233 ad
369 1175 501 1249 privilegii
516 1177 734 1248 concessionem,
751 1177 828 1233 sicut
842 1191 895 1232 non
911 1174 975 1230 licet
1009 1170 1034 1226 iu
1056 1171 1213 1245 privilegio,
1235 1173 1315 1246 quele
1336 1180 1379 1230 est
1399 1174 1481 1245 illud,
1503 1175 1578 1248 quod
1599 1177 1758 1232 assumitur.
1775 1179 1811 1234 Et

165 1263 241 1320 iilam
255 1265 402 1322 extendere
413 1265 447 1323 ad
459 1265 525 1323 alias
539 1264 711 1336 donationes,
723 1265 765 1322 vel
780 1265 974 1337 promissiones
1009 1269 1152 1331 praeterea
1166 1263 1194 1318 in
1209 1261 1261 1320 boc
1275 1264 1334 1335 ipso
1348 1262 1496 1320 intercedit
1507 1265 1634 1321 notabilis
1646 1265 1807 1337 differentia,

166 1369 224 1410 non
244 1361 420 1430 acceptator,
439 1371 507 1429 ergo
530 1371 581 1414 nec
606 1355 640 1412 ad
665 1355 846 1428 priuilegium.
863 1352 971 1424 Deinde,
1008 1365 1071 1406 narn
1089 1351 1209 1424 legatum
1224 1367 1278 1409 non
1293 1353 1340 1410 dat
1353 1353 1406 1422 ius,
1424 1354 1474 1410 nisi
1488 1360 1680 1426 postmortem
1696 1363 1810 1413 testato-

166 1450 199 1499 ut
215 1445 318 1502 notarit
332 1446 446 1504 Corarr.
461 1449 488 1504 3.
506 1461 564 1503 111.
578 1460 640 1516 cap.
657 1448 703 1516 te,
714 1460 791 1502 num.
809 1447 834 1516 i,
847 1442 972 1500 differen-
1008 1440 1062 1510 ris,
1084 1440 1195 1513 quando
1210 1442 1337 1500 uoluntas
1351 1444 1410 1500 eins
1426 1444 1605 1501 retractabilis
1619 1461 1673 1502 non
1687 1451 1741 1524 est.
1755 1446 1812 1502 Pri-

165 1533 204 1588 tia
226 1533 347 1591 nomnda
363 1535 509 1591 intervenit
528 1535 601 1590 inter
615 1533 786 1606 privilegium
806 1541 835 1606 et
849 1531 972 1590 collatio·
1008 1529 1136 1603 vilegium
1147 1539 1240 1588 eutem
1252 1548 1267 1589 a
1278 1531 1459 1604 concedente,
1471 1534 1519 1605 qui
1532 1534 1622 1590 vivere
1633 1535 1809 1606 supponitur,

164 1637 228 1679 nem
253 1623 386 1682 beneficii.
405 1625 473 1682 Nam
489 1622 630 1697 praelatus
644 1629 753 1680 tenetur
766 1638 799 1680 ex
813 1622 906 1680 cilicio
920 1639 972 1680 suo
1007 1621 1154 1677 retractari
1165 1637 1218 1678 non
1230 1629 1332 1694 potest,
1346 1620 1412 1679 dum
1421 1629 1594 1694 acceptatum
1604 1640 1656 1680 non
1665 1632 1718 1681 est.
1729 1626 1811 1682 Prae·

163 1709 297 1769 conferre
310 1713 484 1783 beneficium,
497 1719 525 1768 et
534 1711 594 1770 ideo
606 1720 751 1787 postquam
763 1710 847 1768 semel
858 1710 972 1768 iunctus
1007 1715 1083 1766 terea
1102 1710 1128 1766 in
1143 1711 1291 1786 privilegiis
1306 1711 1538 1784 dispensantibus,
1555 1729 1603 1770 eeu
1619 1713 1689 1770 datis
1703 1720 1810 1772 tantum

163 1807 209 1860 est
222 1801 315 1860 officio
333 1818 396 1874 suo,
411 1818 466 1860 non
480 1801 649 1875 permittitur
662 1801 686 1857 ei
700 1807 851 1860 retractare
865 1807 971 1873 actum,
1007 1797 1041 1856 od
1061 1798 1211 1858 aulereudu
1231 1816 1333 1871 onera,
1354 1817 1406 1858 non
1421 1807 1512 1873 potest
1525 1801 1635 1876 intelligi
1651 1801 1703 1859 tale
1718 1803 1761 1859 ius
1776 1801 1809 1860 ad

163 1905 218 1948 nec
234 1891 314 1949 alteri
329 1891 454 1950 conlerre
467 1892 641 1958 beneficium,
657 1891 745 1948 donee
760 1891 829 1949 elius
844 1891 972 1963 provisus
1009 1903 1083 1958 reum
1099 1891 1154 1947 imo
1169 1905 1220 1948 nec
1235 1889 1332 1964 aliquis
1347 1891 1462 1949 allectus
1475 1893 1550 1964 prior
1563 1892 1810 1965 ipsadispensetiu·

163 1996 222 2037 non
238 1988 375 2054 acceptet.
390 1984 426 2039 At
438 1981 584 2039 concessio
598 1981 733 2056 privilegii
749 1997 804 2038 non
818 1982 849 2039 lit
864 1980 969 2038 ordina·
1008 1995 1057 2053 ne,
1080 1981 1123 2036 vel
1144 1980 1279 2038 ablatione
1299 1981 1419 2048 vinculi,
1441 1990 1550 2054 praeter
1563 1982 1761 2058 delegationem
1775 1983 1809 2041 ad

162 2069 205 2127 rie
220 2087 256 2128 ex·
272 2072 453 2144 obligatione,
469 2071 517 2128 sed
531 2086 565 2128 ex
578 2073 701 2144 gratuita
715 2071 857 2127 rolrrntate
871 2086 972 2128 conce·
1007 2069 1241 2142 dispensandum,
1262 2071 1296 2128 de
1318 2086 1372 2144 quo
1392 2079 1501 2129 certum
1515 2079 1572 2145 eet,
1588 2088 1640 2129 non
1654 2074 1809 2145 comparari

162 2158 270 2226 dentis,
290 2166 318 2218 et
335 2159 396 2218 ideo
415 2160 475 2218 talis
494 2163 638 2218 concessio
657 2177 711 2218 non
726 2159 971 2233 comprehenditur
1007 2168 1069 2218 aute
1081 2163 1311 2234 acceptationem,
1325 2177 1414 2236 neque
1426 2161 1809 2235 aliquodiusadiliam.Uude

160 2248 216 2305 sub
230 2249 408 2323 dispositione
430 2249 504 2308 illius
517 2257 620 2308 testtu.
632 2249 710 2308 Unde
721 2248 910 2322 concluditur,
923 2249 971 2306 ial-
1006 2248 1086 2306 etiam
1105 2249 1139 2306 de
1159 2250 1218 2307 aliis
1238 2251 1366 2308 omnibus
1385 2251 1531 2325 privilegiis
1553 2253 1733 2325 concessivis,
1749 2253 1807 2309 siue
1892 2303 1899 2314 ,
1945 2293 1951 2306 .

159 2353 225 2396 sum
239 2354 315 2410 esse,
330 2337 410 2414 quod
423 2339 469 2397 illa
483 2342 616 2398 sententia
631 2342 731 2410 sumit3
744 2356 806 2398 narn
818 2342 911 2413 potius
922 2353 971 2412 per
1008 2338 1199 2414 fundamento,
1216 2341 1258 2398 vel
1273 2340 1416 2399 doctrinae
1427 2343 1622 2400 consecutione
1633 2344 1744 2415 lingitur
1756 2342 1809 2400 tale

160 2443 192 2484 se
203 2427 353 2503 loquendo,
369 2430 544 2504 privilegium
556 2435 600 2488 est
613 2429 697 2488 libere
710 2431 866 2488 revocabile
878 2448 894 2488 a
904 2447 971 2487 cun·
1004 2431 1049 2486 ius
1068 2430 1104 2488 ad
1125 2445 1194 2487 rem.
1215 2431 1284 2487 Nam
1305 2438 1382 2502 peto,
1402 2436 1594 2504 contraquam
1610 2441 1651 2488 est
1665 2430 1732 2489 iilud
1745 2432 1811 2489 ius‘l

156 2517 276 2574 cedente
288 2562 296 2590 ,
310 2520 472 2594 priusquam
485 2527 665 2592 acceptetur,
679 2526 710 2577 ut
721 2526 796 2578 tenet
808 2522 908 2579 Gerar.
924 2537 971 2577 su·
1006 2523 1122 2576 mamare
1135 2521 1207 2576 eninr
1220 2527 1317 2578 cuntm
1329 2520 1537 2591 concedentem,
1550 2522 1614 2594 quia
1626 2529 1725 2579 eontra
1740 2522 1807 2582 alios

158 2622 222 2680 pra,
238 2615 267 2665 et
289 2609 414 2667 blenocb.
427 2610 461 2667 de
476 2609 572 2668 arbitr.
589 2610 636 2667 lib.
649 2614 678 2677 2,
691 2618 764 2672 cent.
779 2616 808 2682 2,
821 2627 889 2668 casu
904 2613 968 2682 185,
1005 2623 1066 2666 esse
1085 2624 1139 2666 non
1155 2616 1261 2682 potest,
1277 2617 1309 2666 ut
1323 2617 1448 2682 constat,
1465 2609 1513 2665 sed
1527 2625 1616 2682 neque
1631 2617 1727 2666 contra
1742 2626 1808 2666 con·

159 2713 191 2753 n.
208 2701 254 2768 td,
274 2706 303 2756 et
318 2703 365 2770 li,
381 2701 428 2772 qui
443 2700 537 2771 plures
552 2699 771 2773 attosressrunt,
785 2707 861 2759 etex
876 2700 970 2758 dicen·
1005 2698 1151 2756 cedentem
1167 2697 1253 2756 ullum
1267 2700 1386 2772 insurgit
1398 2701 1453 2770 ius,
1467 2699 1509 2754 rel
1521 2698 1660 2772 obligatio,
1673 2715 1737 2756 curn
1749 2700 1809 2756 eius

159 2786 204 2843 dis
218 2791 308 2860 magis
323 2789 469 2846 constabit.
1005 2789 1163 2859 concessio,
1178 2803 1249 2860 quae
1260 2795 1302 2844 est
1312 2789 1390 2861 quasi
1401 2787 1536 2861 quaedam
1548 2788 1670 2851 donatio,
1686 2789 1810 2846 nondum

206 2881 232 2936 l.
249 2877 308 2934 blio
327 2876 410 2934 modo
429 2880 506 2934 visus
524 2885 568 2937 est
586 2879 686 2936 dietam
705 2879 909 2938 distinctionem
923 2896 971 2937 er·
1005 2875 1088 2932 luerit
1101 2883 1255 2949 acceptata,
1270 2882 1299 2933 et
1313 2884 1517 2950 consequenter
1532 2876 1615 2934 libere
1633 2878 1755 2948 potuerit
1766 2893 1807 2934 re·

158 2983 264 3039 ponere
283 2969 409 3025 Emmau.
425 2967 524 3026 Roder.
543 2974 563 3024 t.
585 2973 609 3028 1.
625 2969 777 3050 quaestion.
794 2970 882 3042 regul.
895 2975 923 3043 q.
941 2974 968 3041 t,
1005 2967 1116 3030 vocaris
1132 2981 1209 3039 ergo.
1225 2966 1304 3026 Unde
1323 2972 1420 3024 contra
1439 2966 1507 3024 illud
1527 2966 1681 3023 eremorum
1696 2982 1809 3039 genera·

158 3065 216 3114 art.
226 3061 254 3127 o,
270 3055 375 3124 dicens,
386 3073 435 3129 per
443 3058 613 3130 privilegium
622 3059 714 3116 statim
726 3060 831 3132 acquiri
840 3059 882 3115 ius
891 3060 968 3131 igno·
980 3107 985 3116 ,
1005 3055 1069 3112 liter
1080 3055 1202 3128 procedit
1213 3056 1295 3128 ratio,
1304 3069 1375 3129 quae
1386 3071 1437 3128 pro
1447 3055 1534 3112 altero
1545 3057 1584 3126 tit,
1597 3054 1737 3128 quiaillud
1751 3057 1807 3125 ius,

159 3148 248 3216 renti,
268 3145 399 3203 lieetnon
413 3146 588 3205 conleratiili
602 3149 695 3205 statim
710 3163 817 3205 omnem
831 3149 971 3206 111111111-
1004 3146 1201 3219 quodcumque
1221 3148 1272 3218 sit,
1294 3144 1376 3202 debet
1394 3160 1455 3201 esse
1475 3145 1591 3202 effectus
1615 3145 1765 3218 privilegii,
1782 3151 1811 3202 at

158 3235 275 3292 lectum.
305 3236 339 3292 iit
361 3236 431 3293 hanc
451 3235 518 3294 dicit
538 3253 599 3294 esse
613 3253 791 3296 communem
807 3240 969 3296 sententiam
1004 3233 1057 3291 boc
1078 3250 1140 3292 esse
1160 3250 1214 3292 non
1229 3241 1335 3306 potest,
1351 3235 1417 3307 quia
1431 3234 1602 3308 priuilegium
1617 3234 1682 3289 nibil
1701 3236 1809 3306 operari

157 3325 235 3381 Bart.
257 3325 386 3382 Panorm.
398 3331 427 3382 et
439 3325 550 3383 cardin.
563 3326 741 3392 looiecitatis,
754 3328 901 3385 lasoninl.
915 3327 966 3385 uit.
1003 3329 1095 3397 potest
1114 3323 1283 3381 inmundum
1303 3323 1456 3396 volentem,
1479 3329 1506 3380 et
1525 3329 1726 3394 acceptantem.
1751 3324 1807 3380 Nec

159 3412 189 3470 ff.
206 3412 240 3469 de
259 3415 372 3471 constit.
388 3415 506 3487 princip.
521 3420 550 3473 at
565 3415 654 3473 utitur
668 3423 832 3489 argumento
846 3431 862 3472 a
874 3416 966 3488 simili,
1003 3416 1076 3472 enim
1095 3415 1187 3471 minus
1205 3413 1358 3487 requiritur
1372 3414 1526 3483 acceptatio
1548 3411 1582 3469 ad
1608 3412 1809 3485 acquirendum

159 3517 218 3575 quo
238 3502 313 3559 Bert.
329 3506 409 3561 etiam
426 3505 526 3561 utitur:
543 3519 606 3562 nam
620 3519 668 3576 per
683 3505 804 3577 legatum
815 3505 969 3578 acquiritur
1003 3505 1048 3560 ius
1062 3501 1097 3560 ed
1111 3519 1181 3576 rem,
1194 3518 1276 3576 quam
1290 3505 1317 3560 in
1332 3518 1372 3576 re,
1385 3505 1451 3560 utin
1464 3503 1522 3559 aliis
1539 3502 1808 3560 donationibus-con·

164 3593 211 3649 ius
228 3592 359 3665 legatario
378 3595 461 3650 etiarn
480 3595 627 3666 ignoranti,
643 3594 662 3650 l.
678 3609 748 3651 cum
758 3599 856 3669 puter,
874 3602 969 3661 §sur-
1004 3600 1073 3666 stat3
1089 3593 1151 3650 ideo
1165 3595 1236 3649 enim
1247 3592 1330 3650 libere
1342 3592 1466 3650 resecari
1476 3599 1593 3664 possunt
1603 3599 1666 3649 ante
1679 3601 1807 3664 accepta·

159 3680 211 3743 do.
234 3683 263 3738 ll.
279 3683 313 3738 de
327 3683 410 3755 legat.
425 3681 453 3741 2.
470 3681 548 3750 Quod
564 3683 607 3740 ius
620 3698 676 3740 non
690 3690 734 3741 est
746 3685 773 3740 in
785 3700 825 3756 re,
838 3686 969 3757 quianon
1004 3684 1118 3756 tionem,
1134 3682 1231 3741 saltem
1246 3682 1344 3739 stando
1359 3682 1385 3737 in
1401 3681 1541 3739 communi
1556 3683 1628 3752 iure,
1643 3681 1662 3737 1.
1680 3681 1803 3751 absenti,

161 3779 210 3826 est
230 3771 380 3828 dominium
400 3785 489 3843 usque
503 3771 537 3828 ad
551 3770 651 3830 editam
665 3771 700 3828 ab
714 3771 829 3830 haerede
843 3770 968 3831 haeredi·
1004 3771 1031 3828 ll.
1048 3771 1084 3828 de
1097 3770 1192 3829 donat.
1208 3771 1228 3828 l.
1243 3771 1412 3846 1111111191,
1427 3773 1457 3828 C.
1476 3769 1538 3827 eod.
1551 3771 1674 3844 benique
1689 3771 1750 3843 plus
1765 3779 1807 3830 est

162 3868 264 3932 tatem,
285 3861 363 3918 iuxta
383 3858 402 3918 l.
417 3863 443 3917 se·
457 3859 512 3917 tibi
525 3862 626 3924 bomo,
642 3861 655 3930 1
670 3877 740 3919 cum
757 3877 873 3928 seruus,
891 3862 918 3918 il.
934 3861 968 3920 de
1004 3864 1148 3934 acquirere
1167 3862 1224 3932 ius,
1241 3861 1298 3917 sive
1313 3861 1338 3916 in
1353 3875 1397 3933 re,
1413 3859 1470 3917 sive
1485 3857 1519 3916 ad
1534 3875 1609 3932 rens,
1625 3876 1709 3934 quam
1724 3861 1807 3918 dona·

59 3983 64 3990 .
161 3951 248 4024 legat.
264 3955 298 4021 2,
321 3952 350 4007 et
370 3949 388 4006 Ι.
408 3952 537 4017 uatem,
562 3951 590 4007 il.
610 3950 645 4008 de
663 3950 760 4026 iurtis3
780 3950 879 4025 quibus
899 3951 967 4008 iocis
1004 3953 1108 4010 tionem
1122 3953 1179 4010 lieri
1193 3949 1418 4022 irrevocabilem,
1435 3949 1482 4008 sed
1497 3949 1668 4023 privilegium
1684 3957 1748 4008 ante
1759 3967 1806 4010 no·

162 4038 285 4107 Glossae,
305 4040 408 4102 Bartol.
425 4045 455 4096 et
467 4038 595 4098 doctores
609 4039 637 4096 id
651 4045 757 4112 notant,
773 4048 802 4098 et
813 4040 965 4097 Curarem
1003 4043 1089 4100 titiam
1110 4049 1138 4101 et
1149 4042 1375 4114 acceptationem
1395 4054 1450 4095 non
1468 4047 1511 4096 est
1524 4039 1722 4114 irrevocabile,
1738 4057 1805 4116 ergo

163 4144 229 4200 cap.
244 4126 426 4194 1111111111,
444 4129 477 4184 de
492 4133 680 4195 testamento
698 4136 723 4198 l,
738 4145 765 4184 n.
784 4133 808 4200 i,
824 4135 853 4186 et
865 4132 966 4187 buton.
1003 4133 1113 4206 signurn
1128 4140 1181 4203 est,
1198 4147 1253 4188 non
1269 4131 1420 4186 contulisse
1433 4125 1542 4202 aliquod
1557 4129 1612 4186 ius.

162 4219 242 4275 Gom.
264 4222 289 4275 1.
306 4225 373 4275 tona.
390 4219 492 4275 variar.
511 4233 574 4290 cap.
594 4223 647 4290 ra,
662 4233 690 4274 n.
708 4219 735 4276 1.
751 4216 822 4274 illud
840 4233 906 4290 ergo
924 4219 968 4275 ius
1043 4227 1070 4278 8.
1086 4223 1168 4278 Sexte
1185 4235 1250 4292 ergo
1270 4219 1406 4276 sententia
1421 4215 1568 4290 distinguit
1582 4217 1662 4274 aliter
1677 4235 1710 4278 ex
1728 4227 1806 4291 parte

161 4307 285 4380 legatarii
301 4309 329 4362 in
341 4309 474 4380 principio
484 4305 679 4378 imperiectum
690 4311 747 4375 est3
760 4305 831 4363 idern
842 4321 907 4380 ergo
917 4307 969 4364 erit
1003 4310 1077 4369 modi
1090 4307 1261 4369 concedendi
1273 4307 1455 4381 privilegium,
1471 4305 1610 4364 interdum
1620 4307 1691 4366 enim
1703 4309 1733 4365 tit
1743 4325 1813 4390 pro·-

161 4399 190 4456 in
203 4397 354 4470 privilegio,
372 4413 447 4468 narn,
459 4402 490 4453 ut
499 4395 565 4468 disi,
579 4395 802 4469 aequiparantur.
815 4397 889 4454 llaec
902 4412 968 4454 vero
1003 4397 1743 4474 11111101111111111111,11111113111111111111111111,
1754 4415 1805 4456 nec

162 4487 298 4544 sententia
316 4487 338 4543 si
352 4485 454 4561 aliquid
468 4485 586 4544 intendit
598 4501 648 4559 per
662 4486 733 4544 banc
746 4485 965 4563 eprcationerir,
1003 4507 1054 4564 per
1068 4507 1108 4562 se,
1124 4505 1175 4548 nec
1191 4505 1239 4562 per
1254 4489 1350 4558 aliurn,
1362 4493 1390 4544 et
1403 4494 1469 4544 tunc
1482 4495 1577 4546 censet
1587 4488 1736 4561 procedere
1748 4493 1804 4562 pri·

161 4577 239 4652 quod
257 4578 293 4634 sit
310 4576 452 4634 diversum
471 4592 487 4633 e
505 4577 700 4650 praecedenti,
717 4579 806 4642 minus
820 4578 968 4636 verisimilis
1004 4596 1076 4636 marn
1097 4577 1252 4651 opinionem
1273 4567 1386 4650 propter
1405 4576 1615 4634 tundamentum
1637 4595 1730 4636 suum.
1751 4579 1806 4636 tli-

162 4675 222 4726 est:
240 4667 373 4739 oportebit
386 4667 475 4735 enim,
493 4673 524 4723 ut
538 4666 606 4724 illud
620 4667 678 4739 ius,
693 4668 768 4740 quod
782 4669 889 4740 acquiri
903 4667 969 4724 dici·
1004 4668 1113 4744 quaudo
1132 4684 1198 4726 reru
1217 4667 1380 4724 conceditur
1398 4666 1623 4739 privilegium'ad
1645 4670 1804 4740 petitionem

162 4764 212 4814 tur
228 4755 405 4830 privilegiario
416 4756 562 4828 ignoranti,
572 4755 669 4813 saitem
682 4757 717 4812 sit
727 4757 769 4813 ius
781 4756 815 4814 ad
826 4771 895 4829 reru,
909 4763 967 4814 tum
1003 4759 1102 4831 partis,
1117 4774 1202 4832 quum
1216 4773 1264 4829 per
1278 4771 1317 4826 se,
1333 4757 1374 4812 vei
1389 4772 1437 4828 per
1452 4756 1592 4828 epistolas,
1608 4764 1657 4813 aut
1672 4760 1803 4816 nuncium

162 4847 230 4920 quia
247 4845 354 4902 nullum
365 4844 439 4901 aliud
450 4850 543 4916 potest
553 4844 666 4918 intelligi
678 4852 740 4903 ante
751 4846 793 4903 ius
803 4849 830 4902 in
840 4863 882 4920 re,
894 4846 968 4920 quod
1003 4847 1079 4920 iacit,
1096 4858 1124 4904 et
1139 4853 1206 4904 tunc
1218 4844 1380 4902 1111111111
1392 4845 1551 4911 sententiam
1563 4847 1655 4902 statim
1666 4861 1682 4902 a
1692 4861 1807 4904 conces-

163 4949 215 5010 per
233 4935 450 5006 acceptationem
470 4933 639 5005 acquiritur,
662 4942 721 4991 tum
741 4935 822 4991 etiam
837 4936 902 5007 quie
917 4936 969 4994 tale
1006 4939 1082 4995 sione
1098 4938 1190 5009 incipit
1204 4937 1324 5006 operari.
1340 4936 1406 5004 Quin
1421 4936 1512 4992 stetim
1528 4951 1559 4991 ac
1576 4935 1747 5010 privilegium
1759 4938 1807 4995 da·

163 5031 294 5081 censetur
311 5039 371 5080 esse
386 5024 428 5080 ius
442 5022 565 5096 legatarii
577 5023 774 5095 ignorantisad
785 5024 905 5096 legatum
916 5026 968 5083 sei·
1007 5035 1065 5099 tur,
1082 5015 1246 5097 acceptatur
1262 5026 1303 5082 vel
1323 5041 1371 5097 per
1390 5031 1616 5096 procuratorem,
1633 5025 1673 5081 vei
1688 5042 1736 5098 per
1750 5029 1807 5100 epi-

163 5119 219 5170 tem
239 5119 301 5170 aute
320 5111 421 5170 editam
440 5110 652 5185 haereditatem,
668 5111 722 5170 boc
738 5120 832 5170 nutem
846 5113 899 5171 dici
913 5131 967 5172 non
1005 5117 1104 5186 stolas,
1121 5116 1174 5171 imo
1190 5115 1343 5187 acceptatio
1359 5121 1424 5170 tunc
1440 5113 1548 5170 videtur
1563 5114 1756 5174 antecedentei
1767 5119 1807 5175 ln·

163 5209 270 5276 potest,
286 5218 364 5276 ergo.
1004 5213 1050 5264 cta
1064 5221 1097 5262 ex
1121 5204 1146 5259 11
1167 5203 1304 5276 petitionis
1324 5202 1404 5275 quasi
1419 5202 1470 5260 sub
1491 5202 1662 5262 conditione:
1677 5207 1712 5264 Si
1721 5211 1807 5283 prin·

243 5311 340 5361 8111111,
355 5309 625 5364 ueteribus-esrem.
1257 5300 1259 5305 ’
1553 5313 1580 5355 55
