4284 6246
353 293 415 358 178
1056 308 1159 358 aranu
1172 307 1220 358 vr.

315 431 393 492 dum:
416 441 533 508 utroque
554 441 646 493 autem
667 435 749 493 modo
763 436 793 492 lit
812 434 855 494 ille
869 441 948 496 actus
969 433 1072 492 inutilis
1085 438 1113 489 ει
1148 434 1282 493 tributum
1301 449 1437 508 cessasse,
1451 440 1479 491 et
1497 435 1538 490 sic
1551 431 1586 492 de
1606 433 1674 491 aliia.
1691 431 1800 492 Sufficit
1819 447 1884 507 crgo
1905 449 1958 507 pu-

313 526 423 583 otiosus
444 532 578 599 respectu·
593 527 745 604 communis
765 525 845 598 boni,
862 532 890 582 et
909 530 1112 598 cousequenter
1150 522 1221 580 blica
1242 525 1349 593 notitia,
1370 530 1398 580 et
1419 524 1483 580 satis
1503 531 1580 581 certa
1599 522 1633 581 dc
1653 524 1774 597 generali
1805 525 1958 582 cessatione

313 613 412 671 desinit
426 631 485 672 esse
506 617 619 672 materia
640 613 715 688 legis.
732 617 825 686 Dices,
842 617 898 672 ieri
920 631 1011 686 posse,
1027 620 1067 684 ut,
1084 611 1114 666 li·
1148 628 1260 684 causae,
1272 619 1300 670 et
1313 614 1379 671 hacc
1392 611 1426 670 ad
1443 615 1582 670 minimum
1599 614 1751 670 necessaria
1767 620 1819 670 est:
1837 628 1887 670 nec
1901 613 1959 670 eni·

313 709 359 759 cet
379 711 459 760 actus
474 705 508 760 sit
528 705 628 760 inutilis
648 705 681 760 ad
703 707 811 762 sicema
832 703 891 778 lege
912 706 1058 774 intentum,
1080 698 1113 756 ad
1145 705 1229 760 'stinac
1250 704 1390 774 atribuere,
1407 711 1437 760 ut
1458 705 1503 760 uni
1524 703 1565 760 vel
1588 703 1668 759 alteri
1689 704 1714 759 in
1743 703 1902 776 particulari
1923 704 1959 758 rit

313 791 381 849 alios
395 793 462 850 lines
477 795 548 850 utilis
563 797 607 851 sit.
623 794 802 866 Respoodeo,
817 787 886 850 iliud
898 811 958 851 esse
975 809 1022 864 per
1043 792 1114 848 acci·
1149 802 1228 864 nota,
1244 795 1307 867 quia
1321 795 1409 852 donec
1425 794 1467 851 lca
1482 801 1573 852 cesset
1587 801 1715 865 respectu
1739 793 1956 863 communitatis,

313 881 391 952 dens,
407 891 435 940 et
450 885 600 954 materiale,
614 885 680 957 quia
694 885 736 944 lex
757 901 810 942 uon
825 885 1008 942 consideravit
1021 884 1048 938 in
1069 879 1115 938 tali
1150 901 1203 941 non
1222 892 1315 941 cessat
1334 891 1461 956 respectu
1482 884 1689 956 particularium
1716 898 1918 956 personarunt
1930 887 1960 939 ει

313 979 398 1043 actia,
413 974 466 1030 nisi
481 973 560 1030 talem
576 977 708 1032 rationem
723 975 859 1032 commodi
873 983 902 1032 et
923 973 1024 1045 publici
1038 971 1113 1042 boni,
1151 979 1182 1030 ut
1196 980 1286 1031 cessat
1297 990 1346 1046 pro
1360 976 1557 1052 communitate
1570 973 1757 1030 necessarium
1777 978 1831 1042 εει,
1844 983 1958 1028 causam

313 1068 342 1118 ει
354 1061 415 1118 ideo
428 1062 474 1119 ilia
490 1064 579 1120 ablata
594 1080 648 1119 non
669 1073 761 1122 manet
775 1065 887 1122 materia
902 1064 973 1121 illius
989 1062 1073 1136 legis,
1088 1067 1117 1117 ει
1150 1063 1186 1119 ita
1201 1079 1338 1135 cessasse,
1351 1071 1383 1120 ut
1397 1064 1448 1120 boc
1461 1063 1547 1134 possit
1560 1062 1751 1119 communiisti
1773 1067 1912 1131 constare,
1922 1064 1956 1116 'ac

312 1159 514 1225 consequenter
533 1168 584 1209 nec
605 1152 739 1210 lenitam
760 1153 826 1211 licet
846 1162 926 1212 actua
948 1152 1035 1226 possit
1054 1165 1116 1207 ease
1151 1154 1266 1211 subinde
1282 1161 1313 1210 ut
1332 1170 1376 1211 res
1391 1153 1426 1210 sit
1439 1152 1548 1225 publice
1562 1158 1636 1208 nota.
1654 1151 1687 1208 Ει
1709 1150 1762 1207 hoc
1780 1149 1896 1206 maxime
1917 1147 1958 1206 lo·

313 1240 388 1298 utilis
409 1243 461 1300 sub
482 1243 533 1301 alia
553 1243 789 1314 consideratione,
811 1243 844 1302 de
865 1244 912 1301 illo
935 1259 988 1300 non
1008 1248 1052 1298 est
1071 1241 1113 1297 lea
1152 1259 1216 1300 cum
1234 1244 1325 1315 babet,
1338 1243 1447 1318 quando
1462 1243 1615 1300 observatio
1627 1242 1693 1314 legis
1709 1241 1800 1312 incipit
1817 1255 1877 1296 essa
1889 1240 1959 1296 iniu-

314 1331 378 1389 data
392 1332 438 1388 illo
453 1332 566 1400 intuitu3
583 1340 611 1389 ει
625 1335 659 1390 ita
674 1333 717 1390 illa
732 1333 835 1391 utilitas
851 1334 971 1391 nondum
987 1337 1117 1388 censetur
1152 1343 1205 1405 sta,
1218 1350 1279 1391 nam
1297 1341 1363 1391 tunc
1374 1332 1525 1390 evidentius
1541 1337 1652 1388 constat
1662 1330 1695 1386 dc
1710 1329 1862 1387 cessatione
1875 1328 1955 1401 legis,

313 1424 467 1478 necessaria
482 1421 660 1497 reipublicae,
670 1422 757 1479 donec
770 1422 803 1480 de
817 1423 861 1481 illo
872 1431 937 1480 actu
952 1422 998 1478 illo
1013 1421 1116 1478 intuitu
1152 1431 1244 1496 potest
1257 1431 1352 1482 antem
1363 1423 1417 1480 dici
1431 1423 1541 1491 iniusta,
1554 1437 1608 1477 nou
1620 1419 1709 1476 solum
1723 1417 1833 1492 quando
1850 1418 1959 1474 conlert

313 1511 419 1570 lerator
434 1511 486 1568 lex.
1046 1567 1053 1582 ,
1153 1513 1269 1584 speciale
1285 1501 1494 1583 nocimentum,
1508 1511 1556 1568 sed
1569 1511 1651 1566 etiam
1666 1508 1775 1583 quando
1789 1516 1833 1565 cst
1849 1509 1957 1564 omuino

354 1605 381 1660 9.
397 1602 433 1658 Ει
453 1602 514 1658 bino
530 1602 657 1675 sequitur
676 1604 774 1676 primo,
790 1605 816 1659 iu
841 1602 996 1661 huiusmodi
1017 1606 1117 1658 eventu
1153 1603 1260 1659 inutilis
1274 1610 1302 1659 at
1315 1603 1372 1658 sine
1386 1603 1502 1658 ratione.

314 1707 445 1750 nonense
468 1693 653 1748 necessarium
667 1691 810 1750 decretum
830 1694 970 1766 principis,
987 1699 1017 1748 ut
1037 1691 1119 1748 liceat
1195 1696 1237 1748 ιθ.
1254 1691 1380 1765 &cundo
1395 1697 1487 1762 potest
1499 1706 1533 1748 er
1553 1689 1634 1747 dictio
1648 1688 1774 1761 intelligi,
1789 1703 1871 1761 quarn
1894 1703 1958 1759 prc-

315 1798 369 1840 non
385 1796 494 1838 servare
508 1780 607 1854 legem,
618 1790 764 1856 postquam
779 1785 819 1839 sic
834 1784 965 1852 cassavit,
981 1797 1042 1838 nam
1058 1783 1118 1852 ipso
1152 1779 1318 1837 habilitatem
1336 1781 1433 1838 lrabeat
1446 1779 1597 1850 distinctio,
1611 1795 1693 1854 qrram
1709 1778 1831 1836 nonnulli
1847 1779 1958 1835 iuristae

315 1873 389 1929 lactc
403 1871 483 1928 desiit
496 1871 555 1940 lex,
572 1871 661 1929 solum
675 1889 742 1945 ergo
757 1880 801 1929 est
817 1874 1024 1948 necessarium,
1040 1879 1072 1927 ut
1085 1869 1118 1926 de
1153 1869 1324 1928 tradiderunt
1335 1874 1403 1928 inter
1418 1870 1517 1944 legem,
1530 1886 1601 1944 quae
1615 1870 1703 1927 lentur
1713 1876 1825 1942 propter
1838 1859 1960 1925 tolle'nda

315 1962 361 2019 tali
376 1961 527 2018 cessatione
542 1960 648 2033 publice
662 1968 689 2018 et
709 1963 850 2019 manifeste
865 1969 976 2020 constat
991 1977 1039 2032 per
1060 1961 1117 2016 cvi·
1143 1953 1383 2032 inconvenientia,
1398 1978 1471 2034 quae
1486 1977 1520 2018 ex
1540 1960 1630 2034 aliquo
1644 1960 1716 2016 iacto
1737 1959 1894 2032 frequenter
1914 1975 1959 2030 sa·

316 2053 435 2110 dentiam
456 2051 518 2109 iacti
539 2051 700 2125 generaliter
719 2055 775 2110 noti
789 2055 816 2109 in
834 2053 878 2110 tali
900 2051 1053 2125 republica,
1069 2066 1117 2107 scu
1153 2058 1290 2124 queratur,
1305 2058 1334 2109 et
1353 2051 1455 2124 legem,
1472 2067 1543 2125 quae
1564 2066 1612 2123 ρετ
1624 2065 1653 2105 se
1675 2049 1762 2106 lcrtur
1777 2055 1888 2121 propter
1910 2049 1958 2104 ali-

317 2147 525 2214 oommunitatc,
541 2142 605 2215 quia
625 2158 658 2199 cc
679 2143 749 2216 ipso,
771 2141 843 2215 quod
867 2141 909 2199 lex
930 2147 1022 2198 cessat
1043 2139 1118 2219 dicto
1154 2140 1228 2214 quod
1244 2141 1344 2198 bouum
1358 2148 1386 2197 et
1401 2139 1554 2197 utilitatem.
1569 2142 1637 2197 Nam
1656 2141 1774 2211 priorem
1788 2138 1884 2195 dicum
1897 2153 1959 2194 ces·

316 2234 412 2306 modo,
428 2238 539 2289 nonest
559 2231 611 2302 lexa
628 2247 695 2304 crgo
708 2247 743 2288 ex
756 2247 786 2288 sc
806 2247 859 2288 oon
874 2230 989 2303 obligat3
1006 2245 1072 2302 ergo
1089 2236 1121 2286 ut
1155 2233 1343 2303 sarc‚quoties
1354 2231 1571 2288 inconvenientia
1584 2235 1704 2298 cessant3
1714 2227 1892 2299 posteriorem
1910 2242 1960 2282 au·

318 2328 408 2380 cesset
418 2338 483 2378 cum
493 2321 603 2389 ellectu,
614 2329 740 2392 respectu
753 2321 970 2390 communitatis,
983 2319 1049 2376 satis
1060 2325 1116 2390 est,
1155 2326 1209 2377 tem
1229 2321 1337 2376 minime
1352 2334 1476 2390 cessare,
1493 2319 1557 2377 licet
1570 2324 1661 2375 cesset
1675 2319 1744 2374 ratio
1762 2316 1899 2374 utilitatis.
1919 2317 1960 2372 lta

318 2411 394 2483 quod
408 2411 446 2467 illi
461 2411 496 2466 sit
509 2409 616 2480 publice
633 2417 707 2466 nota.
719 2412 775 2468 Nec
790 2411 871 2468 datur
883 2409 1023 2467 sullicians
1037 2409 1117 2479 ratio,
1153 2411 1275 2467 insinuat
1293 2410 1381 2466 Gloss.
1399 2411 1424 2466 in
1446 2409 1518 2466 dicto
1538 2424 1599 2480 cap.
1612 2412 1652 2465 Et
1668 2407 1818 2468 Christus,
1837 2404 1871 2462 de
1886 2407 1959 2462 iure·

319 2517 370 2557 cur
388 2498 548 2556 accessesit
568 2505 713 2571 expectare
727 2500 869 2556 decretum
890 2499 1040 2572 principis,
1055 2499 1120 2571 qtria
1154 2502 1208 2558 iur.
1222 2501 1304 2557 aerbo
1320 2504 1464 2568 cessante,
1480 2502 1505 2554 in
1518 2499 1660 2570 principio,
1671 2504 1699 2553 et
1712 2497 1832 2568 priorem
1852 2502 1959 2568 partem

317 2593 360 2646 vel
374 2596 447 2646 esset
465 2589 714 2660 necessariurnper
735 2588 1071 2659 modum·revocationis,
1093 2575 1124 2642 et'
1141 2590 1250 2661 ¹probat
1264 2605 1297 2646 en
1315 2587 1359 2646 illo
1375 2595 1449 2646 textu
1464 2589 1587 2660 exemplo
1602 2587 1759 2656 iuramenti,
1775 2584 1848 2658 quod
1865 2585 1961 2657 prohi-

319 2679 372 2736 boc
387 2696 455 2750 non,
470 2677 533 2750 quia
547 2675 589 2732 len
605 2693 653 2750 per
668 2693 697 2733 se
711 2676 807 2745 desiit3
824 2677 865 2734 ael
882 2693 930 2748 ρετ
946 2677 1055 2734 modum
1071 2693 1120 2733 au·
1155 2680 1236 2736 betur
1249 2685 1356 2736 tautum
1367 2681 1473 2735 ratione
1485 2677 1599 2750 periculi
1614 2676 1764 2749 peierandl,
1781 2682 1809 2732 ει
1824 2675 1883 2731 ideo
1898 2685 1960 2731 ces·

318 2770 457 2826 theoticos
471 2767 676 2840 declarationis,
690 2776 722 2826 et
732 2767 784 2824 boc
799 2767 879 2825 ctiam
893 2767 946 2824 dici
961 2783 1014 2824 non
1030 2773 1121 2839 potest
1156 2775 1233 2826 sante
1245 2767 1382 2840 periculo,
1397 2768 1469 2825 licet.
1484 2768 1607 2824 Alteram
1618 2782 1684 2824 vero
1698 2773 1802 2838 partem
1812 2763 1912 2837 probat
1926 2781 1961 2822 cx

320 2875 385 2916 cum
401 2856 589 2929 laudamento,
600 2857 664 2928 quia
678 2872 729 2913 neo
744 2873 778 2926 ex
793 2864 892 2913 natura
903 2856 941 2912 rei
955 2856 1007 2912 boc
1017 2865 1060 2912 est
1074 2871 1121 2912 ne·
1155 2861 1311 2932 cap.Dimit
1324 2857 1473 2926 dominus,
1491 2862 1536 2927 it,
1549 2869 1578 2930 tp.
1595 2860 1620 2928 i,
1636 2863 1664 2913 et
1677 2872 1739 2928 cap.
1754 2857 1893 2920 Tantum,
1908 2859 1959 2923 32,

320 2949 486 3017 cessarium,
505 2960 556 3002 nec
571 2947 599 3000 iu
614 2946 675 3002 iure
689 2947 805 3018 positivo
824 2945 959 3002 invenitur
974 2944 1039 3001 illud
1059 2959 1119 3000 esse
1155 2965 1183 3021 q.
1200 2950 1227 3005 i:
1244 2964 1314 3020 quae
1330 2948 1390 3003 iura
1403 2946 1469 3003 nihil
1481 2946 1513 3002 ad
1528 2962 1585 3002 rem
1601 2945 1716 3017 iaciunt,
1730 2960 1792 3001 nam
1807 2945 1962 3017 loquuntur

320 3038 472 3110 specialiter
488 3041 675 3108 praeceptum.
691 3038 785 3108 Neque
800 3036 825 3091 in
842 3035 894 3091 boc
909 3034 989 3091 debet
1003 3035 1119 3091 cessatio
1155 3037 1189 3094 de
1204 3038 1392 3108 matrimonio,
1408 3036 1481 3109 quod
1496 3046 1540 3093 est
1556 3035 1695 3093 vinculum
1708 3033 1911 3103 indissolubile,
1925 3032 1961 3090 de

320 3128 388 3200 legis
410 3142 473 3184 cum
496 3141 582 3198 pocoa
604 3126 774 3198 comparari,
785 3127 850 3198 quia
870 3138 956 3196 poena
976 3131 1020 3181 est
1038 3124 1072 3180 da
1092 3138 1121 3179 se
1155 3143 1211 3200 quo
1232 3126 1283 3183 alia
1307 3133 1351 3182 ast
1374 3126 1455 3184 ratio.
1477 3125 1607 3182 Eamdem
1631 3124 1835 3182 distinctionem
1858 3122 1962 3180 indicat

319 3218 453 3288 violenta,
470 3225 497 3274 ει
510 3216 543 3273 ab
557 3217 711 3272 extrinseco
726 3215 808 3284 illata,
823 3220 851 3269 et
863 3212 922 3270 ideo
937 3228 970 3269 ca
988 3229 1017 3269 se
1031 3213 1122 3285 requi·
1156 3217 1303 3272 Navarr.io
1318 3217 1395 3272 Sum.
1406 3229 1468 3285 cap.
1482 3217 1525 3285 16,
1537 3231 1565 3271 u.
1580 3217 1626 3280 36,
1638 3219 1667 3271 ει
1677 3216 1724 3286 ai,
1736 3212 1783 3270 ubi
1797 3213 1879 3270 sentit
1893 3227 1960 3268 cum

319 3308 358 3364 rit
370 3309 523 3376 actionem,
540 3305 580 3360 ael
599 3305 732 3361 iniluaum
746 3303 864 3376 iudicis,
880 3304 930 3358 nisi
951 3303 1120 3360 contrarium
1155 3304 1241 3361 Caiet.
1259 3302 1459 3360 clandestinum
1480 3302 1683 3360 matrimonium
1705 3301 1811 3376 psalten
1829 3307 1891 3357 auto
1911 3301 1962 3356 tri·

321 3412 449 3469 expresse
465 3393 613 3467 perlegam
629 3394 804 3464 disponatur,
821 3399 850 3448 et
863 3391 923 3448 ideo
938 3408 990 3448 non
1003 3379 1142 3448 incurri·'
1157 3392 1301 3450 dentinum
1317 3392 1477 3464 coucilinml
1494 3377 1616 3463 pbtuisse
1637 3391 1718 3448 licere
1733 3390 1907 3450 cessantibus
1921 3391 1961 3445 in-

321 3493 369 3543 tur
383 3489 441 3558 ipso
457 3487 545 3554 iacto,
561 3485 612 3539 uisi
627 3483 668 3539 lex
685 3482 736 3539 boc
751 3480 888 3552 declaret,
905 3487 932 3536 et
952 3480 1016 3537 licet
1030 3482 1122 3538 incur·
1157 3483 1407 3550 convenientibus,
1423 3489 1536 3552 parapter
1550 3495 1620 3553 quae
1636 3480 1808 3551 prohibetur:
1824 3486 1852 3537 ct
1865 3479 1962 3536 nibilo-

321 3585 401 3635 ratur
415 3577 473 3647 ipso
488 3575 577 3646 iacto,
590 3588 642 3628 noo
656 3571 813 3628 excluditur
824 3571 956 3628 sententia
969 3569 1122 3628 declarato·
1157 3573 1249 3630 minus
1260 3573 1309 3642 ait,
1322 3576 1445 3626 cessante
1457 3571 1508 3625 line
1524 3568 1591 3642 legis
1602 3571 1628 3627 in
1643 3568 1813 3641 particulari,
1827 3585 1881 3626 oon
1899 3585 1961 3626 ces-

323 3667 363 3724 ria
377 3667 480 3736 delicti,
496 3664 547 3720 nisi
561 3663 607 3720 ubi
622 3663 662 3718 les
678 3655 752 3718 iliam
766 3659 906 3733 excludit,
923 3660 963 3718 aci
979 3655 1043 3717 alind
1057 3676 1122 3716 con·
1158 3676 1219 3717 sare
1232 3660 1298 3733 legis
1315 3659 1519 3732 obligationem,
1532 3659 1640 3733 quando
1655 3659 1714 3715 finis
1726 3658 1772 3716 ille
1787 3665 1845 3716 crat
1857 3659 1961 3716 bonum

301 3763 393 3832 ‚stat,
409 3757 475 3828 quis
489 3769 596 3825 semper
611 3760 654 3809 est
668 3753 745 3808 lavor
759 3753 813 3825 rei,
829 3751 903 3824 quod
918 3767 973 3808 uon
991 3751 1026 3807 sit
1040 3750 1123 3806 oliuo·
1157 3749 1267 3825 aliquod
1290 3749 1490 3823 acquirendum
1511 3764 1561 3821 ρετ
1581 3747 1733 3806 mediuma
1753 3748 1816 3823 lege·
1828 3749 1963 3820 praescri·

321 3847 383 3904 aius
405 3859 517 3916 poenae,
538 3843 624 3899 donec
646 3843 855 3901 condemnetur.
872 3846 906 3900 nt
927 3858 992 3899 vero
1006 3843 1122 3898 cessatio
1157 3847 1245 3913 ptum.
1259 3838 1334 3897 Unde
1350 3839 1384 3895 ibi
1398 3855 1452 3896 non
1467 3838 1557 3895 solum
1574 3839 1698 3912 loquitur
1708 3838 1742 3894 de
1756 3841 1911 3896 cassatione
1924 3839 1962 3895 le·

322 3935 389 4007 legis
403 3936 429 3989 io
444 3932 490 3990 illo
501 3948 567 3989 casu
580 3949 632 3988 non
643 3938 686 3989 εει
697 3933 888 4003 violenta,imo
900 3948 947 4004 ρετ
961 3933 1031 3989 iilam
1043 3931 1123 4005 quasi
1158 3933 1200 4005 gis
1215 3933 1241 3987 iu
1256 3928 1420 4002 universali,
1437 3929 1581 3987 sedetiam
1596 3930 1622 3985 in
1641 3930 1817 4003 particulari,
1832 3937 1864 3987 ut
1877 3944 1963 4002 supra

322 4026 477 4094 restituitur
498 4022 654 4093 respublica
675 4022 707 4078 ad
730 4025 874 4094 pristinum
895 4028 1016 4091 statum,
1041 4028 1069 4077 et
1088 4021 1122 4079 ad
1156 4022 1259 4077 notavi.

324 4129 402 4170 suam
422 4112 591 4181 libertatern,
605 4117 632 4167 et
652 4113 677 4167 in
693 4113 813 4170 lavarem
828 4113 887 4168 cius
908 4110 997 4182 cedit,
1015 4116 1043 4166 ει
1063 4110 1122 4166 ideo
1197 4114 1232 4167 nt
1246 4116 1321 4168 certe
1343 4107 1492 4167 formaliter
1513 4107 1661 4182 loquendo,
1678 4108 1753 4165 nulla
1772 4108 1962 4166 videtur-esse

323 4201 400 4260 uuila
415 4209 458 4258 est
474 4203 621 4257 necessitas
636 4201 696 4257 talis
709 4202 812 4259 decreti
829 4217 877 4273 par
891 4201 1001 4259 modum
1017 4207 1124 4257 senten·
1158 4201 1319 4273 differentia,
1336 4199 1401 4272 quia
1416 4199 1437 4253 si
1453 4197 1494 4254 lex
1509 4197 1591 4254 datur
1605 4207 1718 4270 propter
1734 4197 1843 4255 vitanda
1857 4199 1964 4254 incom-

323 4294 376 4349 tiae
390 4291 596 4349 declaratoriae.
612 4291 709 4364 ilices,
726 4307 787 4348 essa
801 4291 983 4348 necessariam
998 4305 1047 4362 ρετ
1066 4305 1125 4347 nao-
1158 4290 1250 4359 moda,
1267 4305 1317 4360 pro
1336 4289 1387 4344 linc
1401 4287 1483 4344 babet
1504 4287 1680 4344 remotionem
1710 4284 1961 4358 incommodorum,

249 4441 254 4450 ,
323 4381 389 4438 dum
404 4380 637 4452 promulgationis,
645 4393 706 4436 nam
718 4379 786 4437 haec
798 4379 954 4437 neccssaria
964 4384 1006 4434 εει
1014 4378 1038 4434 in
1051 4379 1123 4435 abia·
1157 4395 1224 4452 erpo
1239 4378 1335 4436 eadam
1350 4385 1393 4433 εει
1411 4379 1481 4433 ratio
1495 4375 1529 4434 de
1548 4377 1700 4434 cessatione
1714 4376 1786 4435 iliius
1801 4378 1872 4444 linis,
1886 4382 1915 4432 et
1928 4373 1963 4433 de

324 4473 396 4528 tione
416 4469 497 4542 legis,
514 4485 579 4525 oum
601 4483 616 4523 a
637 4468 756 4540 principe
778 4452 934 4524 r'eoocatur.
950 4467 1123 4540 Respondeo,
1158 4467 1219 4526 aliis
1239 4468 1336 4525 tamin
1358 4466 1515 4541 anniversali,
1529 4483 1613 4540 quam
1632 4467 1658 4524 in
1680 4467 1850 4539 particulari.
1866 4467 1962 4523 Solum

324 4563 384 4616 esse
398 4558 533 4614 diversam
546 4558 687 4628 rationem,
699 4574 761 4614 nana
773 4559 911 4616 revocatio
923 4557 1021 4630 pendet
1035 4572 1067 4616 en
1079 4563 1125 4614 io·
1158 4574 1226 4632 ergo
1240 4563 1404 4630 potestesse
1422 4556 1574 4613 differentia
1586 4555 1721 4629 quaedam
1736 4557 1814 4630 quasi
1836 4555 1963 4613 materia-

323 4649 428 4706 luntate
449 4647 594 4720 principis,
616 4663 699 4720 quam
721 4655 829 4722 oportet
851 4649 976 4704 omnibus
999 4649 1122 4720 proponi:
1158 4647 1272 4720 lis3nam
1285 4645 1416 4720 lex,quac
1427 4645 1538 4717 ponitur
1548 4651 1656 4702 tantum
1668 4654 1780 4718 propter
1791 4644 1963 4703 incommoda

324 4739 441 4795 cessatio
457 4744 547 4794 autem
564 4736 643 4810 legis,
658 4745 784 4795 cessante
798 4754 883 4796 causa
896 4739 970 4809 eius,
987 4754 1040 4794 non
1062 4755 1127 4810 pen·
1160 4737 1286 4809 vitanda,
1302 4752 1356 4792 non
1372 4735 1440 4792 solet
1454 4735 1612 4808 praecipere
1627 4742 1720 4792 actum
1741 4752 1790 4808 per
1808 4741 1964 4807 eapropter

324 4828 371 4884 det
384 4844 415 4884 ea
432 4827 571 4884 voluntate
586 4828 726 4898 principis,
743 4827 788 4884 aed
803 4843 836 4884 ea
850 4827 922 4883 iacto
936 4831 1010 4898 ipso,
1026 4834 1053 4884 et
1066 4827 1125 4884 ideo
1160 4828 1310 4885 bonitatem
1325 4828 1397 4897 cius,
1414 4825 1455 4882 vel
1471 4824 1615 4896 probibere
1630 4833 1742 4896 propter
1756 4825 1898 4895 maiitiam,
1915 4823 1962 4880 sed

326 4919 391 4973 satis
407 4923 459 4986 est,
476 4914 579 4972 lactum
594 4932 655 4972 esse
671 4918 798 4973 omatibus
813 4925 920 4972 notum.
936 4917 971 4974 Ut
986 4919 1008 4972 si
1029 4932 1076 4988 per
1091 4917 1127 4972 le·
1155 4916 1253 4976 solum
1274 4924 1385 4989 propter
1405 4916 1579 4972 occasionem
1602 4913 1665 4972 mali
1686 4913 1832 4985 vitandam3
1848 4921 1877 4972 et
1895 4921 1962 4971 tunc

324 5023 385 5078 gem
404 5007 456 5063 luit
469 5005 623 5077 impositum
638 5005 773 5062 tributum
785 5006 817 5062 ad
833 5005 1046 5062 aedificationem
1061 5021 1126 5082 pon·
1164 5013 1290 5064 cessante
1305 5007 1355 5063 line
1371 5005 1536 5078 generaliter
1551 5005 1685 5077 negative,
1697 4997 1787 5060 cess'at
1801 5005 1882 5061 etiarn
1897 5018 1964 5059 con·

324 5097 372 5167 tia,
387 5102 415 5150 et
429 5094 537 5167 publice
553 5101 672 5164 constat,
688 5111 758 5166 opus
772 5111 833 5152 csse
848 5097 964 5166 finitum,
978 5102 1006 5152 ει
1019 5096 1072 5152 iam
1086 5097 1128 5152 ni·
1163 5097 1258 5164 traria,
1273 5095 1337 5168 quia
1350 5103 1431 5152 actus
1445 5095 1475 5150 iit
1488 5093 1593 5152 inutilis
1609 5100 1639 5150 ct
1654 5093 1769 5166 incapax
1785 5094 1912 5150 materiae
1926 5092 1965 5149 le·

325 5183 364 5242 bil
378 5184 404 5242 in
424 5199 457 5244 eo
476 5181 603 5258 expendi,
620 5183 684 5242 satis
703 5199 752 5257 ρετ
773 5186 826 5243 boc
846 5184 1051 5259 promulgatum
1073 5191 1124 5258 est,
1161 5185 1300 5260 gissicru
1315 5183 1502 5242 disimusaiibi
1514 5182 1547 5241 de
1563 5189 1626 5242 voto
1638 5182 1712 5242 lactc
1727 5198 1780 5242 non
1797 5180 1964 5257 ingrediendi
