4294 6238
392 408 458 471 276
636 402 643 410 ’
1087 415 1187 464 arnan
1202 416 1263 466 ru.
1301 475 1304 484 ¹

353 547 440 620 possit
450 546 530 603 1111111
549 543 634 600 111111
645 540 1078 615 comprehenderemus-semper
1091 554 1156 594 con·
1190 539 1231 595 cis
1246 537 1456 612 significatione,
1474 535 1673 595 considerando
1692 543 1784 594 autem
1799 551 1884 594 usum
1898 536 1959 594 eius
1972 537 1998 594 in

353 634 471 693 suetudo
493 635 617 702 imitatur
638 630 743 704 legem,
758 637 787 688 et
802 648 816 688 n
831 636 966 702 potestate
982 643 1031 684 seu
1045 625 1154 682 iurisdi·
1191 627 1286 684 ordine
1300 626 1335 684 nd
1349 627 1390 684 ius
1403 625 1610 698 explicandum,
1625 626 1666 683 rel
1679 624 1924 696 introducendum,
1938 637 1998 695 pro-

353 728 443 784 ctione
462 723 584 782 1111111111
604 721 706 778 ordinis
721 719 831 792 pendet.
848 722 941 776 Potest
954 723 1051 774 nutem
1064 716 1090 772 id
1104 715 1155 772 du·
1190 720 1248 791 prie
1262 717 1370 774 ridetur
1383 719 1520 789 respicere
1532 716 1654 773 ordinem
1668 715 1852 786 iudiciorum,
1866 714 1919 770 sub
1931 713 2000 770 iudi·

352 816 457 888 pliciter
473 815 641 884 contingere.
655 813 745 867 Primo
756 853 764 881 ,
776 811 839 882 quia
851 808 966 865 materis
977 813 1005 862 et
1016 807 1076 860 finis
1089 819 1156 860 con·
1190 806 1239 862 ciis
1254 821 1348 861 omnes
1364 806 1535 877 scripturas,
1550 804 1654 873 bullar,
1669 809 1698 860 et
1716 803 1855 876 rescripte
1876 817 2001 874 compre·

353 903 507 962 suetudinis
528 899 679 972 spiritualis
698 906 741 955 cst
759 899 896 970 pertinens
911 896 944 953 ad
961 897 1046 952 laicos
1060 899 1087 950 et
1100 891 1155 949 cle·
1191 893 1347 950 hendendo:
1366 910 1428 950 nam
1449 893 1512 950 licet
1530 895 1556 949 in
1570 894 1609 949 eis
1623 881 1796 964 expediendis
1811 907 1868 948 non
1886 890 2000 946 interve·
2092 915 2093 928 ¹

353 995 443 1062 ricos,
460 997 491 1048 ut
512 989 654 1047 christiani
675 995 759 1059 sunt,
781 996 808 1043 et
827 987 889 1042 talis
909 991 952 1042 est
972 1000 1027 1041 una
1041 982 1155 1053 simplex
1191 983 1247 1038 niat
1260 982 1328 1039 ordo
1344 982 1495 1052 iudicialis,
1508 980 1597 1057 stylus
1611 996 1707 1036 eorum
1719 981 1745 1036 in
1759 980 1871 1036 iudiciis
1888 979 2000 1035 attendi·

354 1079 528 1138 consuetudo
540 1120 547 1146 ,
560 1083 588 1133 et
598 1078 747 1147 canonica,
759 1075 901 1148 qualisest
913 1071 1086 1130 consuetudo
1098 1087 1156 1126 ser·
1192 1078 1249 1128 tur.
1266 1073 1301 1128 Et
1321 1072 1400 1143 plura
1414 1071 1513 1156 deboc
1529 1086 1597 1126 voce
1612 1071 1718 1128 erudite
1732 1071 1864 1141 congerit
1880 1066 2000 1124 Gbristo·

354 1171 434 1228 vendi
446 1169 517 1225 diem
528 1168 628 1224 lesturn
640 1167 765 1238 utrisque
773 1165 938 1222 communis.
949 1160 1155 1219 Secundocon·
1191 1161 1271 1232 phor.
1288 1161 1321 1218 de
1335 1164 1387 1218 Pan
1403 1161 1429 1217 in
1447 1165 1470 1218 1.
1489 1177 1515 1231 p.
1532 1159 1609 1217 rubr.
1625 1161 1659 1216 ed
1670 1158 1914 1232 legesllispeniae,
1931 1173 2000 1230 quae

355 1263 459 1333 tingere
481 1263 571 1328 potest
592 1255 681 1312 solum
701 1270 749 1326 per
769 1254 918 1326 quamdam
933 1251 1156 1307 convenientium
1194 1250 1255 1326 styli
1269 1249 1453 1322 appellentur.

354 1357 383 1405 et
403 1344 625 1403 similitudinem.
642 1348 673 1399 ut
693 1359 719 1398 v.
735 1359 764 1415 g.
780 1343 844 1414 quia
862 1343 888 1397 in
907 1341 954 1396 tuli
970 1339 1099 1395 locutam
1115 1337 1155 1393 iu·
1232 1343 1259 1396 3.
1275 1341 1311 1398 111
1330 1346 1422 1396 eutem
1444 1354 1497 1395 non
1513 1340 1643 1395 sistamus
1656 1339 1685 1393 in
1698 1337 1757 1394 sola
1770 1337 1848 1394 vocis
1868 1337 2001 1410 signitica-
2092 1399 2093 1416 χ

284 1457 287 1464 ·
355 1438 432 1493 dices
447 1435 523 1505 laici,
537 1449 620 1506 quana
633 1431 815 1489 ecclesiastici
830 1436 940 1487 serrant
954 1427 1075 1500 aliquam
1090 1443 1157 1483 con·
1193 1427 1282 1499 tione,
1298 1428 1346 1484 scd
1360 1441 1418 1484 rem
1431 1470 1438 1498 ,
1452 1443 1523 1500 quae
1538 1428 1571 1483 ad
1585 1427 1628 1484 ius
1648 1425 1800 1499 pertinent,
1818 1425 1999 1498 explicemus,

356 1524 530 1597 suetudinem
551 1523 575 1578 in
598 1524 656 1577 suis
677 1521 796 1598 iudiciis.
813 1521 847 1576 Et
867 1527 933 1576 tunc
955 1519 981 1573 in
996 1519 1088 1590 rigore
1102 1532 1156 1572 non
1193 1530 1342 1585 possumus
1363 1517 1388 1572 in
1410 1515 1482 1590 stylo
1501 1532 1566 1572 cum
1580 1517 1757 1588 proportione
1772 1513 1807 1571 ed
1823 1513 2002 1571 consuetudi·

356 1620 398 1671 est
419 1629 472 1668 una
492 1610 680 1683 consuetudo,
696 1609 742 1666 sed
761 1608 879 1680 duplex',
895 1623 950 1664 una
964 1606 1113 1678 canonice,
1128 1611 1156 1661 et
1194 1619 1256 1660 nem
1272 1604 1328 1661 duo
1345 1603 1529 1676 distinguere,
1546 1605 1654 1660 scilicet
1666 1605 1767 1680 siylum
1781 1604 1866 1674 lacti,
1882 1611 1911 1660 et
1925 1602 1999 1658 iuris:

356 1704 442 1760 altera
453 1701 552 1770 civilis,
565 1715 635 1774 quae
646 1697 734 1754 solum
747 1714 794 1770 per
806 1698 1029 1770 aggregationem
1040 1710 1087 1766 per
1100 1711 1158 1750 mo·
1194 1694 1289 1770 Stylus
1303 1693 1396 1768 quoad
1411 1693 1515 1750 lantiam
1531 1692 1637 1750 videtur
1651 1693 1715 1749 mibi
1729 1708 1861 1750 essenon
1879 1699 1936 1748 tam
1950 1691 2001 1748 ire·

357 1793 424 1849 dum
440 1792 522 1870 unitis
538 1794 693 1860 reputatur.
709 1788 745 1844 Et
757 1789 796 1842 itu
809 1785 906 1842 divisio
926 1791 969 1841 est
989 1783 1153 1856 adaequata,
1192 1786 1305 1856 quentia
1319 1789 1433 1840 actuum
1455 1783 1493 1839 sic
1508 1781 1659 1853 scribendi,
1675 1781 1820 1855 loquendi,
1836 1789 1888 1838 aut
1906 1795 2001 1852 proce·

356 1882 465 1938 ethaeo
481 1880 607 1936 ridentur
621 1877 749 1934 sulficere
763 1875 796 1932 ed
812 1875 1009 1946 expositionem
1022 1874 1096 1940 cius,
1112 1873 1158 1931 dc·
1191 1871 1283 1942 dendi,
1294 1887 1377 1944 quam
1393 1871 1481 1928 lormo
1493 1871 1538 1928 illa
1549 1873 1627 1944 quasi
1638 1871 1795 1942 artificialis,
1807 1886 1884 1944 quae
1900 1869 2001 1925 servari

352 1961 529 2041 'servientque
544 1968 569 2024 in
584 1965 760 2038 sequentibus
774 1962 808 2019 ad
823 1979 906 2019 usum
921 1963 1111 2019 terminorum.
1193 1964 1264 2019 solet
1278 1963 1304 2017 in
1318 1961 1413 2018 ordine
1428 1962 1575 2025 sermonis,
1591 1961 1753 2033 scripturae,
1769 1968 1820 2017 aut
1838 1973 1999 2031 processus;
2092 1995 2093 2000 1

271 2095 275 2108 =
357 2115 363 2126 ,
395 2055 736 2118 1.1111111(1111111111
755 2051 1159 2124 partemsteriaepotestdiri·
1193 2053 1229 2107 ita
1250 2056 1280 2107 ut
1301 2052 1372 2106 inter
1392 2057 1484 2122 partes
1504 2050 1564 2106 eius
1585 2049 1798 2106 velteliaverba
1818 2041 2014 2120 usurpentur,
2092 2047 2093 2084 ἲ

357 2150 384 2206 di
399 2145 572 2206 consuetudo
588 2145 614 2200 in
634 2156 740 2200 morem
755 2143 850 2197 stricte
870 2147 1028 2211 sumptum,
1044 2139 1157 2214 stylum,
1193 2140 1235 2196 111
1251 2139 1297 2196 tali
1312 2139 1412 2204 modo,
1432 2146 1482 2195 aut
1500 2136 1592 2195 ordine
1606 2139 1820 2196 constituantur.
1840 2139 1917 2194 Haec
1931 2137 2000 2192 eninr
2092 2197 2093 2204 ,

356 2239 456 2308 ritum,
471 2241 499 2292 et
515 2234 616 2290 lorum.
637 2233 711 2298 Quae
730 2229 824 2286 divisio
843 2229 982 2286 constabit
995 2227 1157 2300 explicando
1193 2229 1408 2302 significatio-cx
1429 2230 1571 2284 communi
1592 2244 1645 2284 usu
1659 2235 1783 2297 constet,
1798 2233 1879 2298 etex
1894 2224 1999 2282 iuribus

356 2333 414 2382 tres
434 2338 517 2380 voces
537 2322 663 2392 ultimas3
678 2334 741 2377 nam
763 2333 871 2375 omnem
884 2317 964 2374 aliam
980 2319 1158 2375 consuetudi·
1192 2317 1331 2391 allegatis,
1346 2325 1374 2374 et
1387 2317 1458 2373 sumi
1472 2317 1554 2374 etiem
1568 2323 1658 2388 potest
1670 2333 1702 2372 ex
1718 2317 1736 2372 Ι.
1756 2321 1781 2387 1,
1793 2317 1826 2373 C.
1840 2315 1876 2372 de
1893 2331 1997 2381 sacros.

357 2430 421 2470 nem
435 2412 486 2469 sub
500 2409 682 2489 illisionibus
696 2424 750 2464 non
770 2406 996 2479 comprehensam
1012 2409 1064 2464 sub
1082 2423 1158 2463 more
1192 2406 1299 2463 Eccles.
1316 2406 1363 2462 ubi
1384 2405 1499 2477 dieitur,
1514 2405 1676 2463 voluntatis
1689 2403 1817 2462 ultimae
1838 2404 1953 2478 stylum
1966 2401 1999 2459 11-
2092 2433 2093 2460 3

358 2503 452 2558 stricte
466 2507 576 2572 sumpto
587 2496 961 2570 comprehendimus.Primo
972 2497 1056 2575 igitur
1067 2498 1158 2572 stylus
1193 2494 1296 2551 berum
1316 2509 1378 2552 esse
1397 2493 1518 2562 debere,
1535 2495 1564 2551 id
1581 2501 1625 2551 est
1636 2495 1752 2551 sormam
1772 2493 1938 2566 disponendi
1952 2509 1998 2564 per
2092 2493 2093 2568 i

358 2587 510 2665 signiticare¹
525 2589 637 2646 ridetur
651 2603 734 2643 usum
750 2585 895 2658 specialem
906 2586 933 2640 in
945 2584 1102 2655 scribendo,
1116 2585 1158 2642 vel
1194 2588 1400 2656 testamentum,
1416 2583 1463 2639 ubi
1477 2589 1596 2650 constat,
1613 2583 1715 2658 stylum
1726 2597 1786 2640 esse
1804 2581 1872 2655 quid
1888 2583 1963 2652 iacti,
1973 2589 1999 2638 et
2092 2571 2093 2584 ²

357 2678 513 2753 loquendo,
526 2684 558 2734 ut
571 2677 662 2749 colligi
676 2682 810 2748 potestex
821 2690 884 2746 cap.
902 2678 1002 2752 qum
1012 2677 1107 2748 pravi,
1122 2675 1156 2732 de
1193 2687 1248 2728 non
1268 2673 1420 2744 significare
1435 2673 1615 2744 frequentiam
1630 2679 1761 2742 actuum,
1780 2671 1828 2732 sed
1843 2663 1933 2744 ipsani
1947 2672 1998 2728 lor-

357 2771 466 2827 crimin.
483 2767 544 2824 1111.
560 2764 736 2835 ubidicitur,
751 2763 786 2819 ad
805 2762 1018 2820 discernendum
1032 2777 1097 2818 rere
1113 2776 1156 2818 11-
1193 2776 1265 2817 mam
1277 2759 1491 2832 disponendi.Et
1501 2761 1605 2816 clarius
1615 2762 1641 2816 in
1653 2759 1697 2816 illa
1712 2761 1911 2832 significatione
1921 2775 1996 2816 usur·

357 2861 461 2931 scripta
482 2855 636 2928 pontilicis,
658 2855 729 2909 inter
749 2851 802 2909 nlla
822 2845 1024 2924 respiciendum
1044 2867 1106 2908 esse
1124 2852 1158 2909 ad
1193 2858 1273 2921 petur
1287 2848 1306 2904 1.
1325 2854 1358 2920 3,
1376 2850 1406 2905 C.
1422 2848 1456 2906 de
1470 2849 1534 2904 borr.
1552 2856 1660 2906 vacant.
1677 2849 1723 2905 lib.
1746 2853 1790 2907 10.
1808 2851 1845 2905 Et
1864 2851 1905 2906 sic
1919 2851 1996 2906 etiem

358 2949 472 3023 stylum.
488 2945 565 3004 Unde
578 2943 662 3017 aliqui
678 2940 806 3014 colligere
821 2938 978 3009 voluerunt,
995 2940 1097 3015 stylum
1111 2956 1157 2997 so·
1192 2937 1259 2994 dixit
1283 2939 1391 2995 Terent.
1414 2938 1440 2993 in
1462 2938 1577 2995 Andria:
1598 2936 1749 2994 Dissimili
1769 2940 1910 2998 erutione
1932 2941 1996 2994 seat

358 3041 416 3097 lum
431 3050 535 3093 morem
550 3031 687 3090 scribendi
702 3031 870 3103 significare,
887 3045 948 3086 nam
962 3030 998 3086 ita
1013 3032 1096 3085 etiam
1111 3045 1158 3085 su·
1183 3023 1309 3098 sactae,
1324 3025 1854 3101 11111ῃὶ1111111111111111111111
1868 3029 1994 3094 maxime,

356 3129 442 3184 mitur
458 3125 482 3181 in
497 3139 561 3194 cup.
579 3118 798 3185 Venerabitem,
816 3119 849 3175 de
863 3119 1014 3174 conlirmat.
1039 3117 1098 3174 util.
1116 3119 1157 3174 vel
1192 3120 1220 3170 et
1240 3113 1391 3170 scribendo·
1407 3114 1468 3171 talis
1489 3115 1574 3170 torma
1588 3131 1642 3172 usn
1657 3116 1812 3187 comparari
1831 3115 1923 3187 solet,
1938 3114 1995 3171 ideo
2092 3167 2093 3188 2

358 3214 449 3274 inutil.
463 3216 502 3270 lta
514 3210 595 3268 sentit
605 3225 669 3266 cum
682 3208 755 3271 aliis,
765 3222 835 3280 quos
845 3205 945 3278 allegat
955 3204 1067 3263 Rocbus
1077 3207 1155 3263 Curt.
1193 3221 1263 3261 usus
1274 3204 1346 3276 ipse,
1359 3219 1408 3259 seu
1419 3204 1592 3259 consuetudo
1603 3206 1645 3260 sic
1657 3204 1808 3276 scribendi,
1826 3205 1870 3262 111
1883 3204 1993 3277 loquen-

326 3291 329 3298 ’
357 3309 383 3362 in
399 3307 474 3362 diota
492 3301 609 3360 Praelat.
627 3314 704 3355 nram.
720 3301 773 3368 28,
788 3301 816 3353 et
829 3294 900 3351 lavet
914 3283 989 3351 vocis
1004 3295 1155 3360 translati03
1192 3292 1236 3364 di',
1253 3293 1339 3369 stylus
1354 3291 1521 3365 appellatur,
1533 3293 1750 3366 etitasigniircat
1766 3294 1993 3352 cousuetudinem
2092 3323 2093 3366 y

358 3413 421 3454 narn
442 3393 529 3466 primo
550 3389 717 3462 significasse
739 3386 848 3442 videtur
861 3400 975 3442 aeneum
990 3385 1158 3442 instrumen·
1192 3382 1270 3451 lacti,
1287 3388 1319 3438 ut
1331 3383 1415 3438 sensit
1428 3381 1505 3438 Buld.
1522 3381 1548 3436 in
1562 3379 1636 3437 dictu
1651 3382 1669 3437 l.
1687 3387 1712 3454 1,
1723 3383 1755 3442 C.
1772 3381 1806 3438 de
1821 3398 1927 3439 sacros.
1943 3383 1993 3438 Ee·
2092 3375 2093 3454 J

359 3495 418 3544 tuni
438 3479 589 3551 scribendi,
606 3485 635 3534 et
652 3476 715 3533 iude
735 3475 866 3532 translata
880 3481 923 3531 est
937 3473 970 3530 ud
991 3473 1157 3546 scripturam
1192 3470 1258 3526 cles.
1269 3470 1332 3526 etin
1344 3469 1363 3525 l.
1377 3473 1478 3542 siquis
1489 3473 1580 3534 intra,
1595 3471 1626 3526 C.
1639 3469 1672 3526 de
1683 3470 1748 3527 bon.
1760 3473 1990 3544 proscriptorum.
2092 3455 2093 3518 Ξ

356 3569 576 3649 significandam,
598 3571 676 3625 iuxta
694 3564 713 3621 l.
736 3571 759 3621 1.
776 3564 807 3619 C.
828 3563 862 3620 de
883 3577 988 3619 sacros.
1005 3561 1115 3619 Eccles.
1130 3568 1159 3618 et
1192 3558 1272 3627 Quod
1286 3557 1492 3632 intelligendum
1506 3566 1550 3615 est
1563 3575 1616 3615 non
1629 3560 1756 3617 absolute
1773 3560 1806 3617 de
1817 3575 1991 3633 quacumque
2092 3543 2093 3610 l

357 3665 418 3721 inde
437 3661 469 3719 sd
490 3658 604 3716 moduni
618 3671 667 3711 seu
682 3653 806 3710 ordinem
822 3651 968 3707 scribendi.
985 3649 1038 3707 Sed
1053 3651 1116 3706 licet
1130 3651 1156 3705 in
1192 3647 1410 3720 consttetudine,
1427 3647 1515 3703 sedin
1532 3648 1578 3704 tali
1593 3637 1725 3718 materia,
1741 3655 1775 3706 ut
1790 3649 1954 3727 supradixi.

359 3751 505 3827 praedictis
519 3747 628 3804 iuribus
642 3745 678 3800 ita
691 3749 844 3813 usurpetur
856 3741 900 3797 illa
911 3757 963 3797 vos
976 3781 983 3811 ,
995 3756 1048 3795 non
1062 3739 1157 3796 exclu-
1231 3741 1259 3796 1.
1275 3736 1304 3793 81
1323 3750 1388 3809 ergo
1402 3751 1434 3792 11
1452 3735 1498 3794 tali
1513 3737 1584 3811 stylo
1599 3737 1661 3794 lecti
1679 3738 1875 3796 introducetur
1892 3737 1991 3810 obliga.

359 3847 463 3902 duntur
481 3839 533 3894 alie
547 3837 714 3908 significatu
727 3847 788 3887 nenr
800 3831 881 3886 etiam
894 3830 1027 3902 significat
1039 3846 1118 3886 usunr
1129 3837 1158 3887 et
1192 3827 1229 3884 tio
1250 3824 1375 3883 seruandi
1394 3825 1477 3883 telem
1491 3826 1617 3897 mollum,
1634 3827 1676 3884 vel
1691 3828 1812 3885 ordinem
1827 3830 1855 3885 in
1875 3845 1992 3902 pronun·

359 3932 471 3991 modum
487 3924 625 4000 loquendi.
640 3921 760 3994 indeque
776 3919 884 3976 videtur
899 3919 966 3975 baec
981 3935 1032 3974 roa
1048 3934 1157 3976 accom·
1191 3913 1304 3986 ciando,
1321 3930 1368 3970 seu
1390 3913 1580 3988 procedendo,
1596 3915 1687 3988 quoad
1706 3916 1759 3973 boc
1778 3916 1870 3992 stylus
1884 3919 1989 3974 eritius

358 4021 468 4080 mndata
481 4016 514 4073 nd
529 4009 735 4086 significandum
748 4008 860 4065 modum
871 4007 974 4064 servari
990 4015 1156 4064 consuetum
1192 4003 1324 4075 speciale,
1339 4010 1367 4061 et
1381 4015 1434 4059 non
1449 4005 1596 4077 scriptum.
1610 4003 1686 4062 Unde
1700 4007 1765 4078 quie
1780 4005 1989 4079 baec-obligatio

356 4118 384 4170 in
403 4112 494 4183 aliquo
511 4103 605 4162 ordine
620 4099 749 4158 iudicioli.
764 4099 799 4154 Et
812 4099 848 4154 ita
863 4097 932 4154 (11111
944 4097 1036 4172 Cynos
1050 4098 1075 4152 in
1091 4096 1109 4153 1.
1131 4101 1154 4166 1,
1192 4109 1245 4148 non
1258 4093 1376 4161 videtur,
1388 4091 1522 4150 ordinarie
1533 4109 1613 4164 posse
1625 4093 1765 4150 introduci
1777 4110 1825 4166 per
1839 4096 1942 4170 stylum
1955 4094 1990 4150 ln·

279 4215 282 4221 ·
359 4205 390 4261 C.
404 4213 474 4275 quae
486 4199 522 4253 sit
533 4194 605 4265 long.
620 4195 746 4248 consuet.
760 4187 862 4262 stylum
873 4203 933 4242 esse
945 4186 1096 4257 practicam
1110 4184 1158 4240 ali·
1191 4182 1247 4251 cti,
1262 4182 1298 4236 ita
1316 4188 1346 4237 ut
1361 4181 1414 4236 rim
1431 4181 1497 4254 legis
1511 4181 1609 4237 babent
1620 4224 1627 4252 ,
1639 4183 1691 4238 uisi
1705 4183 1731 4238 iu
1741 4183 1780 4239 his
1790 4224 1797 4256 ,
1809 4199 1881 4256 quae
1895 4183 1988 4240 iudicis

358 4292 439 4348 euius
457 4286 570 4344 curiae:
587 4289 614 4336 et
626 4280 697 4337 idem
711 4274 793 4333 babet
805 4275 881 4332 Beld.
898 4277 923 4330 in
940 4275 958 4330 1.
975 4275 1026 4331 ult.
1042 4276 1072 4332 C.
1089 4273 1153 4330 eod.
1191 4277 1380 4342 concernunt3
1396 4269 1457 4328 ideo
1474 4271 1566 4345 stylus
1580 4272 1751 4343 specialiter,
1768 4281 1799 4329 ut
1811 4279 1856 4330 est
1870 4271 1936 4346 qujd
1951 4273 1989 4328 ru.

358 4388 386 4438 et
399 4394 448 4451 per
463 4370 678 4433 antonomasiam
694 4367 729 4422 ita
741 4366 833 4421 vocari
846 4363 914 4420 solet
925 4362 1014 4440 stylus
1027 4379 1155 4420 romanae
1191 4361 1244 4431 ris,
1261 4358 1371 4416 ridetur
1392 4359 1596 4416 accommodari
1610 4360 1644 4416 ad
1658 4360 1830 4418 iudiciariam
1846 4377 1949 4420 morem
1963 4365 1988 4415 et

356 4469 462 4526 curiae.
478 4466 514 4521 Et
528 4461 584 4516 lere
598 4458 624 4513 in
638 4455 709 4511 idem
724 4451 809 4522 redit,
821 4451 895 4525 qraod
909 4451 974 4508 dicit
986 4453 1060 4509 Bari.
1075 4453 1101 4508 in
1113 4452 1153 4508 di·
1191 4447 1330 4517 ordinem,
1352 4455 1383 4504 ut
1402 4463 1435 4504 11
1454 4449 1527 4504 Bart.
1549 4447 1677 4505 diximus.
1698 4450 1767 4505 Nam
1786 4451 1812 4505 in
1830 4451 1888 4507 aliis
1907 4455 1987 4506 mate-

356 4566 402 4616 111
417 4553 524 4625 repetit.
540 4549 608 4620 legis
622 4541 789 4617 dequibus,
807 4557 883 4596 num.
906 4544 947 4597 10.
965 4542 990 4595 in
1005 4541 1056 4596 bne
1071 4555 1156 4613 quae·
1190 4539 1255 4608 riis,
1271 4537 1458 4606 sermonibus,
1475 4535 1516 4592 rel
1531 4537 1677 4609 scripturis
1691 4553 1760 4594 usus
1776 4539 1831 4613 sic,
1842 4539 1885 4595 rel
1899 4539 1936 4595 sic
1950 4537 1987 4592 lo·

357 4647 451 4706 ationis
472 4643 590 4714 primae,
613 4632 714 4710 stylum
736 4645 797 4686 esse
817 4628 1065 4700 consuetudinem,
1084 4644 1156 4702 quae
1191 4625 1359 4698 quendi,aut
1370 4623 1516 4695 scribendi,
1527 4639 1625 4695 parum
1637 4625 1743 4682 videtur
1754 4627 1857 4683 referre
1873 4626 1906 4682 ad
1915 4641 1986 4682 com·

355 4735 466 4807 respicit
486 4727 607 4786 ordinem
630 4717 758 4793 loquendi
772 4727 800 4775 et
814 4716 993 4790 procedendi,
1009 4717 1115 4774 scilicet
1129 4719 1155 4773 in
1190 4730 1273 4771 mune
1292 4714 1411 4784 bonum,
1431 4720 1464 4771 ut
1479 4713 1564 4785 possit
1579 4714 1666 4787 legem
1682 4713 1827 4786 inducer03
1843 4717 1868 4771 in
1884 4715 1985 4773 iudiciis
2092 4757 2093 4770 ,

354 4824 466 4883 iudicii·
480 4821 548 4876 Nlffl
559 4813 594 4870 ⁰¹³
606 4811 676 4867 bill
692 4822 804 4865 ⁰⁸⁰⁵l¹¹¹
815 4806 882 4863 diiii
893 4805 963 4862 idem
972 4807 1045 4862 Buri·
1056 4807 1080 4862 in
1093 4807 1111 4862 1.
1124 4813 1155 4880 2,
1190 4810 1281 4860 nutem
1293 4801 1412 4860 miiitum
1426 4803 1526 4858 relerre
1537 4801 1713 4874 potest,ndeo
1725 4803 1860 4860 utdiserit
1868 4803 1983 4862 1111111.

353 4919 383 4972 C.
398 4927 468 4987 quae
482 4910 518 4965 sit
530 4906 602 4975 long.
620 4903 749 4956 consuet.
762 4914 790 4953 n.
805 4901 834 4967 9,
847 4896 949 4970 stylum
961 4895 1050 4952 solum
1063 4893 1155 4952 induci
1189 4907 1266 4948 cons.
1285 4895 1330 4960 53,
1346 4891 1447 4966 stylum
1463 4893 1557 4948 curiae
1570 4891 1661 4948 lacere
1676 4893 1719 4948 ius
1734 4895 1760 4947 in
1775 4892 1885 4949 casibus
1904 4895 1984 4949 eiure
2092 4895 2093 4898 ’

352 5021 402 5079 per
423 5007 502 5058 actus
523 4991 684 5052 iudiciarios
698 5001 811 5058 eorum,
826 4986 872 5057 qui
891 4985 916 5040 in
931 4983 1030 5040 iudicio
1044 4999 1155 5040 1111111-
1189 4997 1244 5037 non
1257 4980 1366 5037 decisis.
1382 4982 1417 5038 Et
1430 4980 1490 5037 ideo
1505 4980 1593 5056 stylus
1604 5022 1611 5050 ,
1624 4988 1655 5037 ut
1667 4987 1710 5037 est
1721 4981 1824 5054 aliquid
1837 4983 1914 5056 iuris,
1925 4997 1984 5053 pro-

353 5104 416 5164 tur;
432 5087 528 5160 angel.
545 5096 609 5139 vero
624 5080 650 5134 in
664 5074 677 5142 1
690 5091 728 5133 eso
739 5076 933 5146 aonsmtpto,
949 5073 1038 5128 instit.
1050 5073 1084 5128 de
1095 5071 1154 5130 iure
1188 5074 1247 5143 prie
1259 5069 1360 5127 dicitur
1381 5069 1415 5126 ad
1435 5069 1578 5127 iudiciariti
1597 5071 1743 5141 pertinere.
1759 5071 1803 5128 Sic
1821 5085 1887 5144 ergo
1901 5068 1983 5144 stylus
2092 5099 2093 5108 .

351 5191 442 5241 netur.
458 5177 537 5248 dicit,
550 5171 652 5247 stylum
667 5183 721 5223 non
735 5164 820 5251 magis
833 5163 888 5219 dici
902 5165 928 5218 in
940 5162 1057 5232 iudiciis,
1069 5177 1152 5234 quem
1187 5168 1231 5218 est
1249 5159 1389 5233 quoddam
1411 5159 1453 5215 ius
1473 5174 1529 5215 non
1546 5160 1698 5232 scriptum,
1722 5160 1860 5218 interdum
1876 5158 1982 5233 positirc
2092 5167 2093 5170 ¹

350 5251 1152 5334 1111111111111111111111111111111,1ῃ1111113111111111·
1189 5249 1329 5324 obligans,
1344 5255 1376 5307 ut
1390 5249 1423 5307 ab
1438 5264 1472 5308 eo
1485 5264 1538 5306 non
1552 5247 1711 5323 recedatur,
1726 5235 1802 5310 ius'tu
1816 5250 1835 5308 l.
1849 5251 1901 5311 ult.
1912 5252 1941 5308 G.
1951 5246 1981 5305 de
