4256 6224
390 335 453 396 dm
1102 353 1269 404 mmmrm

349 489 437 549 super
449 481 573 544 terram,
585 490 637 532 non
649 475 774 550 addendo
786 475 1051 546 determinationem,
1062 493 1152 551 onom
1187 478 1219 534 lis
1234 477 1380 537 dicendum
1393 486 1446 536 est.
1462 476 1546 534 llabet
1561 483 1652 534 autern
1666 474 1760 534 locunt
1775 475 1844 533 haec
1866 473 1993 548 quaestio

350 568 495 622 Domtnm
506 569 585 623 Deus
596 571 667 622 tuus
678 564 806 623 dammas
817 572 860 623 est
869 567 991 624 tibi.Ubi
1005 569 1151 624 caietanus
1186 567 1276 626 solum
1289 576 1417 640 respectu
1429 567 1600 639 iudaeorum,
1610 566 1710 638 qtribus
1727 566 1769 623 lex
1784 565 1831 622 illa
1840 565 1907 622 data
1921 572 1992 630 erat;

349 654 579 726 advertit,duplex
598 655 700 712 bouum
717 655 835 727 promitti
850 672 864 712 a
879 656 1097 714 Paulo.Primum
1111 663 1153 714 est
1185 674 1246 714 nam
1262 666 1389 730 respectu
1404 656 1559 730 gentilium,
1571 655 1672 728 quibus
1686 671 1828 728 nunquam
1840 654 1894 710 luit
1909 657 1994 724 impo-

346 747 447 818 ipsom
457 743 575 812 bonum,
590 745 665 817 quod
675 760 725 817 ego
741 744 862 817 intelligo
875 747 1023 818 praecipue
1033 747 1067 803 (le
1078 747 1150 804 hono
1185 747 1246 818 sita,
1262 765 1315 803 non
1330 754 1438 820 oportet
1452 747 1596 818 designare
1609 744 1715 801 initium
1730 745 1877 825 temporis,
1896 743 1922 797 in
1937 757 1994 813 quo

347 832 515 904 simpliciter,
536 833 609 905 quod
630 843 672 890 est
692 835 793 890 bonurn
814 837 922 891 virtutis
941 843 968 892 et
985 837 1150 894 sanctitatis.
1185 838 1246 894 illos
1260 855 1313 894 non
1329 839 1469 911 obligarit,
1485 839 1705 910 quianunquam
1720 850 1767 890 eos
1784 833 1928 904 obligarit,
1944 847 1993 886 nec

346 921 505 978 Secundum
523 927 565 978 est
579 920 766 980 diuturnitas
779 927 812 978 in
826 923 898 980 bono
911 925 1020 993 habito,
1039 941 1110 999 quae
1125 927 1149 982 in
1183 935 1245 985 ante
1266 929 1478 985 incarnationem
1498 925 1615 995 Christi,
1637 939 1726 998 neque
1748 931 1810 995 post
1834 920 1911 999 illam
1931 926 1993 976 ante

347 1009 468 1091 bacyita
481 1013 623 1069 contortor
635 1028 683 1084 per
695 1015 925 1085 perseverantiam
939 1017 964 1071 iu
979 1016 1036 1072 vita
1048 1017 1161 1089 gratiae¹
1185 1024 1303 1074 mortem
1316 1019 1388 1089 eius,
1401 1031 1488 1088 neque
1500 1016 1582 1071 etiam
1594 1014 1620 1070 ln
1634 1019 1731 1083 morte,
1745 1011 1787 1067 vel
1804 1015 1993 1082 postmortem

345 1107 373 1156 et
386 1102 411 1156 in
426 1103 519 1159 lutura
534 1117 582 1174 per
596 1101 709 1174 gloriam
725 1106 822 1175 ipsam.
840 1102 881 1162 bd
895 1106 1068 1162 Timotheum
1083 1123 1150 1163 vero
1183 1109 1289 1179 ipsius,
1306 1115 1337 1164 ut
1352 1123 1437 1180 supra
1450 1105 1596 1178 probatum
1609 1110 1666 1174 est,
1681 1108 1709 1157 et
1723 1101 1784 1157 ideo
1799 1099 1937 1168 diximus,
1953 1114 1995 1153 re-

345 1199 491 1264 utramque
507 1195 589 1250 vitam
604 1195 765 1268 coniunxit,
781 1202 951 1266 praesentem
966 1203 994 1252 et
1012 1195 1147 1268 luturam3
1183 1203 1281 1269 spectu
1301 1196 1441 1270 gentilium
1455 1211 1508 1251 non
1530 1195 1614 1250 luisse
1633 1192 1707 1248 illam
1728 1175 1818 1264 legem
1840 1195 1993 1257 mortuam,

344 1282 419 1355 quod
434 1283 518 1356 aliqui
532 1298 597 1341 eum
613 1282 759 1356 partitione
773 1283 954 1341 accommoda
970 1286 1149 1357 interpretan-
1183 1287 1230 1344 sed
1243 1287 1334 1360 potius
1349 1300 1490 1359 nunquam
1501 1284 1584 1340 luisse
1600 1284 1699 1349 viram,
1714 1288 1743 1338 ut
1756 1282 1795 1336 sic
1812 1281 1917 1348 dicam,
1931 1277 1993 1350 quia

346 1379 402 1442 tur,
419 1372 533 1442 scillcet,
550 1372 653 1429 habens
668 1373 877 1452 promissionem
891 1375 972 1446 vitae,
989 1391 1058 1448 quae
1073 1391 1147 1433 nunc
1181 1393 1214 1434 er
1228 1393 1284 1450 quo
1299 1378 1352 1434 lata
1368 1376 1429 1446 luit,
1443 1374 1504 1430 illos
1519 1390 1572 1430 non
1588 1373 1726 1445 obligarit.
1740 1373 1807 1427 Tota
1826 1383 1896 1442 ergo
1909 1383 1993 1442 quae·
2096 1439 2097 1442 Ἴ

344 1467 397 1530 est,
409 1477 460 1533 pro
474 1461 648 1519 Testamento
662 1463 759 1532 veteri,
772 1470 801 1519 et
815 1463 908 1520 lutura
923 1479 971 1535 pro
986 1480 1067 1520 noro:
1086 1481 1147 1523 narn
1182 1469 1236 1524 s‘tio
1251 1469 1329 1524 circa
1343 1465 1535 1537 obligationem
1550 1461 1711 1520 iudaeorum
1726 1465 1866 1517 versatur.

344 1549 1146 1625 bocsignificaritsalmerondisp.ll.sttperadpres.6,
1220 1553 1745 1629 2.llisergopositis,circapriraum
1765 1553 1994 1618 tempusestpe·

342 1638 447 1710 dicens,
468 1645 587 1713 priorem
609 1647 713 1714 partem
731 1641 803 1697 illius
824 1643 1011 1713 promissionis
1031 1658 1092 1699 esse
1112 1659 1145 1700 ex
1180 1646 1293 1703 cultoris
1309 1646 1399 1716 opinio
1419 1642 1572 1716 aliquorum
1593 1640 1839 1706 scholasticorum,
1866 1650 1992 1693 cessasse
2096 1675 2097 1708 ,

343 1731 444 1806 lloyse,
460 1733 642 1803 posteriorem
656 1746 769 1802 rerolex
783 1729 903 1788 Christo.
919 1731 966 1789 llel
981 1738 1056 1788 certe
1071 1731 1147 1788 addi·
1180 1734 1401 1792 circumcisionis
1415 1738 1594 1804 praeceptum
1608 1736 1672 1788 ante
1686 1736 1803 1786 mortem
1820 1725 1937 1798 Christi,
1953 1728 1992 1780 ni-

342 1819 382 1877 dit
395 1819 514 1877 itrturam
533 1821 615 1876 vitam
630 1827 694 1892 post
713 1826 899 1892 praesentem,
915 1827 947 1877 ut
970 1822 1145 1894 signiticaret,
1181 1825 1299 1896 mirum,
1323 1824 1526 1898 quamprimum
1546 1821 1698 1894 baptismus
1726 1819 1868 1875 institutus
1889 1823 1950 1886 est,
1967 1821 1994 1870 et
2096 1823 2097 1832 ¹

342 1925 416 1966 nunc
435 1925 488 1986 non
512 1911 631 1982 promitti
658 1909 864 1982 longaevitatem
886 1910 956 1966 ritae
983 1911 1144 1984 praesentis,
1180 1913 1332 1972 efficaciam
1346 1915 1439 1986 coepit
1453 1912 1551 1968 habere
1567 1908 1725 1967 conterendi
1745 1906 1875 1981 gratiam.
1892 1907 1935 1961 lta
1956 1913 1993 1961 te-

343 1999 393 2055 nisi
410 2006 547 2072 quatenus
561 1999 726 2070 neeessaria3
738 1999 781 2056 vel
796 2000 868 2057 utilis
878 2015 938 2057 esse
952 2006 1043 2072 potest
1056 2000 1089 2057 ad
1104 2001 1147 2057 tu·
1180 2011 1226 2061 net
1240 2006 1340 2062 scotus
1362 2005 1389 2059 in
1411 2007 1439 2074 l,
1455 2001 1519 2058 dist.
1534 2005 1562 2072 3,
1577 2017 1605 2073 q.
1622 2003 1650 2070 l,
1665 1997 1677 2062 i
1694 2002 1839 2070 quantum
1856 2010 1940 2067 erpo.
1958 1995 1990 2052 Et

342 2095 448 2161 turam,
467 2089 509 2146 vel
524 2088 557 2146 ad
577 2091 705 2146 maiorem
720 2089 913 2161 perlectionem
928 2090 1003 2160 eius,
1019 2090 1071 2147 sub
1090 2105 1146 2164 qua
1180 2094 1304 2167 seqtutur
1318 2091 1422 2150 Gabriel
1437 2091 1502 2148 dist.
1519 2097 1587 2162 ¹211·
1604 2092 1633 2162 l,
1648 2093 1700 2144 art.
1717 2092 1744 2144 3.
1769 2083 1991 2170 Fundamentum
2096 2141 2097 2156 ,

342 2178 445 2235 ratione
464 2180 607 2251 promissio
627 2179 671 2236 illa
691 2179 838 2251 spiritualis
852 2185 910 2249 est',
932 2186 961 2237 et
981 2181 1016 2238 ita
1035 2179 1142 2238 tandem
1177 2190 1240 2253 est,
1263 2184 1327 2255 quia
1345 2197 1378 2240 ex
1399 2180 1622 2255 quobaptismus
1641 2173 1993 2248 eoepitesseutilisadiu-
2096 2163 2097 2214 l

340 2267 415 2324 illam
432 2267 563 2340 explicuit
575 2268 604 2325 d.
615 2268 733 2327 Thomas
746 2271 830 2327 citato
844 2267 917 2327 loco.
1179 2273 1295 2344 stitiam,
1311 2271 1402 2342 coepit
1415 2269 1497 2327 etiam
1511 2283 1572 2324 essa
1587 2268 1638 2325 sub
1649 2266 1779 2338 consilio,
1794 2281 1863 2338 ergo
1875 2281 1910 2322 ex
1924 2273 1992 2322 tune

1178 2362 1271 2433 coepit
1286 2361 1533 2418 circumcisiones
1554 2372 1616 2412 esse
1630 2356 1683 2413 snb
1704 2362 1870 2428 praecepto,
1887 2355 1994 2426 baptis-

626 2475 765 2545 CAPUT
787 2476 849 2544 ΧΠ
1178 2467 1241 2509 mus
1261 2457 1354 2508 autem
1381 2449 1525 2506 utilitatem
1545 2446 1642 2504 habuit
1662 2452 1724 2503 ante
1744 2453 1862 2502 mortem
1889 2443 1992 2501 Christi

807 2605 817 2628 ι
853 2528 861 2544 '
1176 2539 1258 2614 paulo
1274 2547 1336 2612 post
1350 2539 1453 2595 initium
1471 2537 1597 2608 baptismi
1610 2537 1729 2604 loannis,
1742 2541 1775 2592 ut
1789 2549 1865 2590 nunc
1885 2549 1993 2606 suppo·

341 2681 388 2730 An
406 2670 456 2730 len
468 2675 550 2730 vetos
564 2669 663 2745 quood
676 2671 887 2745 obligationem
900 2678 1021 2730 mortuo
1029 2672 1138 2745 suerit,

379 2778 431 2818 ⁸⁶¹⁴
449 2765 688 2820 ⁶⁶³⁸“vm'tam
705 2762 950 2819 &mmmm
964 2766 1099 2820 'amm'
1176 2814 1254 2879 ptum
1269 2807 1405 2865 interioris
1424 2807 1479 2876 rei,
1501 2811 1529 2861 et
1542 2804 1632 2860 miuus
1651 2803 1805 2876 perlectae,
1828 2809 1890 2859 tum
1907 2805 1989 2859 etiam

1175 2897 1239 2970 attia
1252 2913 1316 2954 cum
1336 2896 1513 2952 circumcisio
1530 2896 1584 2950 iam
1605 2909 1659 2950 non
1672 2901 1748 2949 esset
1775 2893 1935 2950 necessaria
1956 2891 1988 2947 ad

1174 2987 1362 3044 remissionem
1374 2986 1480 3056 peccati
1494 2982 1645 3057 originalis,
1657 2998 1711 3039 non
1720 2988 1792 3054 erat,
1808 2996 1862 3038 cur
1873 2981 1928 3038 sub
1943 2997 1989 3036 ne-

1176 3077 1307 3134 cessitate
1321 3075 1458 3146 praecepti
1470 3081 1531 3146 post
1544 3071 1669 3144 baptismi
1681 3071 1827 3128 utilitatem
1848 3072 1988 3141 relinque·

1175 3171 1262 3221 retur.
1279 3166 1320 3221 Ex
1340 3180 1395 3238 qua
1409 3164 1533 3236 opinione
1547 3162 1688 3236 sequitur,
1705 3169 1791 3218 totam
1809 3159 1884 3217 illam
1899 3160 1988 3234 legem

631 2940 856 3004 Summanum

340 3129 365 3180 l.
377 3129 413 3180 lle
426 3136 549 3193 tempore,
562 3141 613 3192 quo
627 3129 666 3178 lex
680 3135 754 3180 vetus
767 3135 867 3180 mortua
880 3128 1063 3183 luerit-lion
1077 3139 1138 3184 ante

374 3198 470 3250 Christi
484 3197 781 3262 adventum-Triplex
795 3205 895 3262 tempus
909 3201 934 3249 in
946 3199 1054 3252 dubium
1066 3215 1139 3254 nero-

1175 2629 1283 2700 nimus;
1305 2643 1383 2700 ergo.
1396 2627 1488 2684 Prima
1508 2626 1706 2698 consequentia
1726 2631 1817 2696 patet,
1842 2631 1902 2680 turn
1926 2624 1990 2696 quia

1177 2717 1326 2774 eonsilium
1347 2718 1387 2772 rei
1406 2714 1579 2788 perfectioris
1598 2721 1626 2770 et
1643 2713 1760 2770 utilioris
1781 2712 1857 2770 tollit
1876 2727 1991 2783 praece-
2096 2747 2097 2758 ι

373 3267 531 3321 cature-2.
542 3268 633 3333 Opinio
645 3269 790 3332 aliquorum
801 3269 1011 3321 scholasticorum
1024 3284 1140 3323 asseren·
1174 3269 1299 3312 ⁰⁰⁸⁵⁸⁸⁸0
1313 3253 1407 3326 (lu0fld
1423 3253 1616 3325 ΟΜῙΒΜῙΟἮΕῙΠ
1630 3257 1759 3323 ΓθΨθθῑΠ
1773 3251 1902 3307 ⁰¹¹¹¹¹l¹¹ffl
1922 3265 1988 3321 9¹¹0·
2096 3265 2097 3272 ’

375 3339 678 3402 rrum,etrcumetstonem
692 3341 1138 3393 cessasseantemortemchrtstt.-
1172 3360 1283 3415 rorum,
1299 3343 1346 3417 qui
1366 3352 1429 3415 post
1443 3342 1568 3415 baptismi
1587 3341 1782 3398 institutionem
1797 3356 1831 3398 etr
1854 3340 1988 3398 Hebraeis

374 3409 655 3530 {loffgfflffr’isfflffl-nj
667 3409 1139 3545 2¹¹³ffl⁰ffis⁰gffiggass²fffflatg
1173 3433 1365 3492 nascebantur.
1381 3432 1449 3501 Quia
1464 3432 1505 3488 lex
1521 3431 1566 3487 illa
1577 3447 1630 3488 uon
1644 3430 1782 3503 obligabat
1793 3433 1846 3487 nisi
1862 3432 1987 3488 circum·

375 3552 472 3601 instans
483 3551 575 3600 mortis
586 3547 692 3600 Christl·
700 3547 861 3599 ..probatio
873 3550 964 3612 prima.
973 3575 1006 3586 ,,
1016 3551 1042 3600 5·
1050 3553 1138 3602 Altera
1174 3527 1262 3596 (mos,
1274 3522 1389 3595 'deoque
1404 3523 1583 3579 circumcisio
1594 3527 1654 3578 emt
1665 3521 1740 3578 iuius
1751 3521 1820 3595 legis
1837 3522 1985 3593 Ιποῐθῧςίοἱ

374 3619 501 3684 probatio.
518 3645 552 3656 -
571 3619 598 3670 6.
612 3618 700 3669 omnia
717 3625 854 3682 praecepta
872 3619 936 3681 legis
954 3621 1049 3671 veteris
1061 3621 1140 3671 dura·
1172 3629 1239 3688 ergo
1252 3614 1300 3687 qui
1315 3629 1368 3669 non
1383 3613 1548 3670 tenebantur
1560 3611 1596 3668 ad
1610 3611 1869 3681 circumcisionem,
1885 3628 1937 3669 nee
1952 3613 1986 3668 ad

373 3698 435 3741 ”¹¹¹²
448 3703 529 3752 us‘lui
542 3687 574 3738 ³⁰
586 3686 682 3739 christi
695 3687 1022 3740 '¹¹⁰¹i0m·‘⁷·pl⁰b³²¹¹l
1034 3691 1138 3742 ⁰⁰¹¹⁰¹¹¹·
1173 3711 1258 3761 totam
1282 3703 1368 3777 legem
1395 3702 1588 3775 obligabantur
1601 3743 1610 3769 ,
1639 3701 1799 3773 simpliciter
1829 3701 1983 3774 loquendo.

373 3756 1139 3892 ffsscu'ffissffec-n‘ssnssffiffissfflffffe'szoffiffifflfffflffi
1174 3797 1247 3852 llaec
1259 3801 1349 3852 tamen
1362 3792 1481 3850 cessatio
1494 3792 1577 3849 totius
1592 3791 1700 3865 lagisea
1716 3791 1741 3847 vi
1756 3790 1839 3850 huius
1854 3792 1987 3850 illationis

374 3896 566 3948 tundamentum
577 3898 744 3950 scoti-to.
755 3897 827 3949 attae
840 3898 998 3952 abiectiones
1009 3907 1037 3951 et
1048 3913 1138 3970 aarum
1173 3901 1226 3943 non
1241 3885 1322 3942 babet
1340 3883 1434 3941 locum
1444 3885 1471 3938 in
1486 3881 1656 3954 parentibus,
1670 3896 1720 3938 seu
1739 3880 1898 3938 hominibus
1912 3881 1986 3940 illius

374 3957 554 4018 Μῡῖΰῑιθΰθι·
645 4009 648 4016 =
1173 3974 1281 4048 populi,
1297 3973 1347 4046 qui
1361 3975 1413 4030 iarn
1427 3977 1507 4029 erant
1520 3971 1622 4042 adulti,
1637 3978 1665 4027 et
1679 3971 1842 4028 circumcisi
1856 3977 1988 4044 mmpore
2096 4013 2097 4016 ι

1171 4065 1348 4122 institutionis
1367 4063 1510 4134 baptismis
1528 4063 1581 4117 imo
1595 4077 1646 4117 nec
1661 4061 1687 4117 in
1706 4061 1829 4132 parvulis
1844 4063 1938 4133 pontit
1951 4061 1985 4118 ad
2096 4057 2097 4102 ἲ

379 4159 404 4212 t.
419 4151 557 4210 Hactenus
575 4150 665 4209 solum
685 4149 868 4223 ostendimus,
888 4167 962 4212 nunc
982 4169 1044 4211 esse
1064 4170 1137 4213 mor·
1172 4155 1278 4228 praxim
1294 4151 1399 4211 reduci.
1412 4153 1491 4210 Ratio
1507 4152 1604 4223 prioris
1614 4153 1698 4222 partis
1711 4157 1765 4222 est,
1776 4152 1843 4224 quia
1857 4152 1985 4210 homines

335 4251 412 4302 tuam
425 4243 653 4315 legemreterem3
665 4240 1134 4318 nondumtamendeclaratumest,
1173 4243 1225 4301 iam
1244 4242 1404 4303 circumcisi
1425 4248 1554 4313 poterant
1574 4240 1687 4312 quidam
1707 4240 1847 4296 liberaris
1870 4257 1985 4312 praece-

336 4333 447 4409 quando
466 4333 584 4405 primum
604 4331 735 4403 abrogata
750 4330 809 4402 luit,
831 4329 977 4405 desiitque.
992 4333 1059 4390 llam
1075 4333 1139 4392 lieet
1171 4339 1236 4405 pto,
1259 4338 1290 4390 ut
1304 4332 1340 4389 ita
1354 4331 1460 4402 dicam,
1483 4331 1572 4387 activo
1588 4330 1824 4403 circumcisionis,
1845 4331 1875 4388 id
1888 4338 1933 4388 est
1951 4333 1984 4388 ab

335 4440 368 4482 ex
382 4422 587 4497 probationibus
599 4420 727 4477 adductis
742 4420 808 4477 satis
818 4421 900 4478 etiam
915 4423 1137 4494 constet,multis
1172 4421 1338 4496 obligatione
1356 4419 1573 4479 circumcidendi
1587 4436 1654 4477 suos
1676 4420 1760 4493 filios,
1777 4436 1831 4476 nou
1855 4429 1984 4493 poterant

335 4521 411 4571 retro
426 4511 609 4584 temporibus,
624 4517 652 4567 et
666 4525 681 4567 a
695 4510 830 4582 principio
845 4513 983 4570 nascentis
998 4513 1136 4572 Ecclesiae
1173 4520 1268 4570 antem
1281 4513 1360 4569 eximi
1374 4513 1407 4569 ab
1422 4510 1586 4584 obligatione
1601 4510 1721 4582 passiva,
1733 4509 1761 4566 iol
1775 4518 1818 4568 est
1833 4512 1983 4586 recipiendi

335 4604 434 4661 Christi
449 4603 534 4676 legem
555 4608 676 4658 veterem
690 4607 826 4657 mortuam
842 4601 940 4675 luisse,
956 4604 1076 4661 nondum
1096 4611 1136 4662 ta·
1171 4602 1423 4671 circumcisionem,
1439 4602 1504 4673 quia
1515 4601 1568 4656 iam
1579 4600 1838 4670 erantcircumeisi,
1851 4609 1882 4658 et
1894 4601 1983 4676 legent

335 4711 396 4752 men
410 4692 574 4766 explicatum
587 4697 631 4747 est
644 4693 669 4747 in
686 4707 742 4764 quo
758 4697 863 4762 puncto
879 4706 912 4748 ac
929 4699 1076 4760 momento,
1094 4694 1137 4751 rel
1170 4699 1257 4750 totam
1278 4692 1394 4765 professi
1417 4691 1536 4762 inerant,
1553 4697 1586 4746 et
1600 4689 1659 4747 ideo
1679 4705 1731 4745 non
1754 4689 1947 4749 liberabantur
1968 4709 1983 4748 a

335 4792 456 4856 tempore
469 4781 890 4854 expiravit.Supponimusvero,
903 4783 1075 4858 antechristi
1088 4784 1135 4841 ad·
1171 4789 1228 4839 toto
1243 4798 1328 4840 onere
1343 4783 1409 4854 legis
1419 4797 1452 4837 ex
1466 4781 1491 4837 vi
1505 4780 1666 4836 cessationis
1678 4782 1817 4852 praecepti
1832 4783 1983 4840 eircumci-

334 4880 447 4932 rentum
459 4874 484 4929 in
499 4887 582 4928 carne
594 4887 648 4928 non
659 4870 742 4928 itrisse
756 4878 905 4943 mortuam,
918 4872 981 4944 quia
993 4873 1058 4930 data
1072 4874 1134 4947 luit,
1171 4872 1267 4943 sionis,
1283 4877 1367 4944 prout
1381 4870 1415 4927 ael
1429 4870 1487 4927 illos
1501 4870 1665 4943 pertinebat.
1678 4869 1797 4927 alterius
1813 4886 1881 4928 sero
1897 4877 1983 4944 partis

334 4967 427 5022 donec
437 4966 546 5020 veniret
559 4975 666 5018 semen:
680 4960 715 5018 de
729 4961 818 5019 tribus
830 4976 896 5034 ergo
911 4963 1082 5033 temporibus
1093 4979 1135 5020 re·
1170 4963 1240 5018 ratio
1255 4968 1313 5032 est,
1328 4961 1393 5034 quia
1408 4959 1523 5017 inientes
1537 4960 1593 5015 nati
1607 4959 1633 5015 in
1648 4958 1694 5015 illo
1708 4958 1812 5030 populo
1827 4970 1894 5032 post
1907 4963 1983 5020 insti·

335 5063 392 5113 stat
404 5053 537 5111 dubitatio
550 5096 557 5121 ,
572 5051 677 5108 scilicet
690 5051 723 5108 de
745 5057 868 5124 tempore
882 5051 951 5108 ritae
968 5053 1068 5110 Christi
1082 5056 1136 5110 llo·
1170 5053 1301 5110 tutionem
1322 5052 1451 5124 baptismi
1465 5065 1519 5106 uon
1539 5057 1666 5121 poterant
1679 5050 1823 5121 pervenire
1837 5051 1874 5107 ad
1897 5069 1980 5110 usum

335 5130 470 5204 miniante
484 5149 600 5200 mortem
613 5143 683 5210 eius,
695 5141 729 5198 de
742 5143 852 5198 instanti
864 5141 960 5198 mortis
973 5142 1044 5212 eius,
1058 5149 1086 5200 ct
1099 5141 1133 5200 de
1168 5143 1279 5200 rationis
1299 5147 1361 5199 ante
1380 5146 1496 5198 mortem
1511 5137 1622 5208 Christi,
1638 5147 1666 5194 et
1685 5137 1745 5195 ideo
1766 5149 1824 5196 non
1849 5149 1982 5212 poterant

335 5234 426 5311 aliquo
439 5241 561 5306 tempore
577 5238 639 5305 post
652 5237 766 5289 mortem
779 5230 850 5306 eius,
861 5223 978 5306 ideoque
992 5231 1026 5290 de
1040 5232 1134 5308 singu·
1171 5233 1279 5308 propria
1305 5230 1383 5291 enimi
1413 5227 1447 5286 ab
1470 5243 1552 5288 onere
1577 5227 1643 5302 legis
1669 5241 1718 5302 per
1745 5231 1901 5290 carentiam
1930 5233 1982 5289 eir.
