4284 6246
407 363 470 428 208
1107 375 1271 426 ntssnvr.

369 511 418 562 ctu
432 502 500 576 legis
513 509 540 562 et
555 501 717 576 legislatoris
732 502 821 560 minor
837 502 965 560 relaxatio
978 509 1030 559 est.
1048 501 1168 575 lienique
1204 508 1305 558 runtur
1320 516 1368 572 per
1379 515 1409 558 se
1421 499 1454 558 ad
1467 500 1629 572 imponenda
1640 516 1722 559 onera
1732 499 1867 572 subditis,
1882 501 1997 576 sedpro·

369 595 442 652 sicut
459 595 484 650 iu
507 594 719 651 commutatione
740 595 806 663 voti,
827 592 969 666 obligatio,
990 608 1062 665 quae
1087 591 1167 648 relin-
1203 598 1263 664 pter
1282 591 1349 648 alins
1367 592 1455 649 iustos
1473 592 1540 647 lines
1555 592 1721 664 pertinentes
1734 592 1768 649 ad
1783 607 1929 650 commune
1953 593 1997 648 bo·

368 685 478 758 quitur,
504 701 557 741 non
577 685 716 741 inducitur
736 685 792 740 sine
812 698 949 740 consensu
963 681 1127 754 dispensati,
1142 689 1170 741 et
1205 698 1269 738 num
1281 689 1393 752 propter
1405 682 1569 739 serrandum
1581 681 1847 754 debitumordinem,
1859 681 1899 737 rel
1916 683 1998 739 titan·

367 790 417 847 per
432 773 542 830 modum
561 773 707 831 cuiusdam
722 773 806 844 pacti,
821 777 848 829 et
862 772 921 828 ideo
933 788 985 828 non
1000 771 1109 829 excedit
1121 786 1169 844 pa·
1203 771 1336 845 daaliqua
1347 770 1530 828 incommoda.
1543 772 1573 826 ln
1585 771 1722 843 prioribus
1733 773 1804 829 enim
1816 772 1919 845 legibus
1933 775 1999 843 opti·

367 870 492 921 testatem
506 863 707 935 dispensantisq
732 862 768 918 ita
787 863 815 917 in
836 861 970 934 praesenti
989 861 1168 918 commutatio
1204 877 1246 919 me
1261 859 1334 918 cadit
1344 860 1508 933 dispensatio
1521 862 1604 916 mixta
1618 862 1842 924 commutationi,
1855 861 1918 933 quia
1934 877 1998 918 onus

365 953 410 1010 illa
422 968 476 1009 non
487 954 515 1010 lit
526 954 582 1010 sine
602 968 740 1010 consensu
750 951 897 1023 dispensati
908 953 1074 1024 acceptantis
1086 966 1168 1008 unam
1206 967 1272 1008 curn
1286 966 1369 1009 onere
1384 957 1475 1008 serrat
1489 951 1690 1022 proportionem
1705 949 1738 1007 ad
1755 949 1999 1023 compensationem

367 1042 558 1116 obligationem
580 1041 640 1099 loeo
655 1041 785 1112 alterius,
805 1049 832 1098 et
849 1040 909 1098 ideo
927 1056 981 1098 non
1000 1039 1107 1098 excedit
1120 1057 1169 1112 po·
1205 1039 1357 1098 taciendam
1369 1082 1376 1113 ,
1389 1048 1422 1097 ut
1436 1041 1459 1096 si
1474 1039 1516 1097 lex
1526 1042 1649 1111 imponat
1660 1039 1741 1096 talem
1753 1055 1886 1113 poenam,
1903 1037 2000 1096 etsub-

367 1138 493 1189 testatem
523 1131 721 1204 dispensantis,
748 1132 804 1188 sive
829 1130 955 1202 obligatio
976 1135 1118 1202 acceptata
1133 1131 1169 1187 sit
1206 1131 1240 1188 sit
1256 1146 1343 1188 causa
1358 1147 1411 1186 non
1423 1129 1578 1203 imponendi
1592 1129 1664 1190 illam
1674 1131 1700 1186 in
1712 1131 1819 1201 specie,
1832 1129 1874 1186 rel
1896 1128 2000 1186 tollendi

366 1221 500 1293 eiusdem,
520 1222 575 1280 sive
596 1221 711 1278 alterius
726 1221 849 1277 rationis.
866 1219 1026 1278 Declaratur
1040 1219 1165 1291 exemplo
1203 1221 1277 1279 illam
1291 1221 1343 1278 iam
1356 1221 1513 1293 incursum,
1526 1220 1678 1278 iustissima
1688 1236 1749 1276 esse
1763 1222 1866 1293 poterit
1882 1233 2001 1277 commu-

366 1310 566 1386 patrislamilias
598 1311 795 1367 committentis
824 1321 975 1367 oeconomo
1003 1314 1167 1380 potestatem
1204 1314 1287 1381 tatia,
1304 1317 1333 1368 et
1345 1310 1370 1366 in
1386 1309 1438 1366 boc
1453 1325 1521 1366 casu
1532 1324 1650 1366 canones
1665 1324 1746 1382 saepe
1758 1308 1876 1380 docent,
1896 1308 2001 1365 esscla-

366 1400 520 1459 remittendi
536 1399 723 1469 debitoribus,
739 1401 761 1455 si
780 1399 943 1471 oportuerit,
957 1414 1019 1456 nam
1031 1415 1045 1455 a
1059 1397 1167 1455 lortiori
1203 1400 1346 1464 ciendam,
1368 1400 1410 1457 vel
1432 1399 1677 1473 praemittendam,
1693 1407 1725 1457 ut
1745 1401 1865 1456 sumitur
1878 1389 1920 1455 ea'
1929 1399 1999 1456 dioto

367 1499 496 1550 censetur
519 1491 583 1548 darc
596 1495 758 1562 potestatem
770 1489 964 1562 componendi,
979 1487 1020 1544 tel
1041 1504 1168 1545 commu·
1203 1507 1264 1563 cap.
1282 1494 1323 1548 At
1337 1493 1363 1547 sl
1378 1489 1493 1558 clerici,
1510 1488 1573 1559 §de
1586 1488 1759 1556 adulteriis,
1777 1497 1808 1547 ct
1820 1505 1854 1548 er
1874 1489 2000 1547 Tridenti-

368 1581 442 1640 tandi
456 1580 591 1651 debitum,
605 1581 709 1637 etiamsi
725 1582 830 1651 species
844 1579 925 1636 debiti
941 1577 981 1634 vel
997 1577 1167 1649 obligationis
1203 1598 1238 1638 no
1252 1596 1322 1640 sess.
1336 1585 1372 1642 24
1382 1624 1389 1654 ,
1401 1597 1464 1653 cap.
1478 1584 1505 1638 6.
1520 1595 1586 1636 cum
1597 1580 1730 1637 similibus
1740 1597 1748 1652 3
1760 1579 1936 1637 etinterdum
1956 1595 2001 1651 po·

367 1677 506 1754 mutetqr,
524 1685 631 1743 semper
645 1671 716 1727 enim
730 1668 830 1725 domini
845 1669 984 1742 negotium
1000 1667 1097 1723 melius
1112 1667 1168 1739 agi·
1203 1672 1267 1729 terit
1287 1673 1375 1729 iustae
1394 1670 1590 1743 dispensationi
1612 1669 1721 1726 misceri
1743 1669 1903 1741 pecuniaria
1929 1685 2000 1726 corn·

366 1771 422 1820 tur.
435 1763 470 1820 Et
482 1761 548 1819 licet
561 1763 626 1818 fines
641 1760 766 1817 servandi
779 1759 844 1832 sint,
856 1756 961 1815 melior
974 1773 1071 1815 causo
1082 1773 1167 1814 mort·
1202 1762 1336 1831 pensatio.
1352 1761 1397 1817 Sic
1411 1775 1477 1832 ergo
1491 1760 1518 1815 io
1532 1757 1655 1831 legibus,
1669 1772 1740 1831 quae
1771 1760 1942 1832 praecipiunt
1956 1758 2000 1814 ali·

366 1851 470 1911 dantis
483 1851 556 1926 fieri
572 1854 682 1926 potest,
705 1856 736 1907 ut
753 1848 854 1906 dicitur
874 1850 901 1904 in
920 1848 979 1922 lege
998 1845 1163 1921 diligenter,
1202 1867 1258 1924 qua
1280 1866 1362 1908 onera
1377 1850 1500 1924 virtutis,
1515 1848 1557 1906 rel
1573 1848 1728 1922 religionis,
1756 1851 1856 1922 poterit
1870 1851 1937 1907 iusta
1949 1848 2000 1906 dis·

366 1943 395 2000 li.
412 1941 541 2014 mandati3
557 1955 624 2013 ergo
639 1939 761 1996 similiter
774 1939 798 1995 in
811 1937 955 2012 praesenti.
1201 1943 1324 2013 pensatio
1345 1942 1402 1998 lieri
1423 1956 1489 1997 cum
1507 1941 1722 1996 commutatione
1741 1941 1768 1996 in
1791 1940 1865 1998 aliud
1883 1956 1952 2012 opus
1965 1941 2000 1996 la-

410 2038 435 2091 5.
450 2033 491 2090 lix
511 2031 590 2090 dictis
610 2046 676 2103 ergo
696 2028 763 2085 eatis
781 2043 944 2101 responsum
958 2032 1000 2084 etl
1014 2026 1049 2085 td
1069 2025 1167 2083 lunda·
1203 2033 1285 2090 cilius
1296 2073 1303 2102 ,
1316 2039 1343 2088 et
1356 2033 1402 2088 cui
1418 2047 1471 2087 non
1483 2030 1571 2086 obstet
1582 2045 1668 2087 causa
1691 2029 1912 2103 dispensationis,
1926 2031 1998 2088 etsic

365 2131 490 2184 mentum
510 2122 667 2180 contrariae
690 2119 852 2190 sententiae,
876 2118 1020 2190 solumque
1042 2122 1168 2188 superest
1202 2122 1358 2195 procedunt
1375 2123 1465 2180 omnia
1479 2120 1562 2178 dicta.
1579 2124 1615 2179 Αι
1628 2136 1693 2179 vero
1718 2127 1784 2180 sunt
1798 2122 1905 2196 aliquae
1918 2121 1997 2194 teges,

367 2214 492 2289 neganda
514 2211 636 2286 sequela,
656 2226 726 2284 quae
747 2210 772 2266 in
793 2211 880 2281 prima
901 2209 1105 2266 confirmatione
1125 2208 1165 2280 tit,
1202 2229 1273 2286 quae
1289 2228 1338 2285 per
1353 2227 1382 2269 se
1397 2228 1450 2268 nou
1465 2213 1645 2283 imponuntur
1658 2218 1772 2285 propter
1797 2211 2000 2285 opusexbiben·

367 2306 494 2363 nimirum
501 2343 510 2376 ,
527 2317 612 2374 posse
627 2301 789 2373 episcopum
803 2300 860 2356 sine
878 2314 964 2357 causa
977 2305 1084 2356 mutare
1099 2297 1168 2354 obli·
1202 2301 1269 2360 dum
1290 2319 1306 2360 a
1327 2301 1450 2372 subdito,
1466 2301 1515 2358 sed
1535 2302 1657 2372 praecise
1677 2307 1788 2376 propter
1813 2302 1955 2362 utilitatem
1968 2299 2001 2359 ad

366 2397 503 2470 gationem
518 2392 602 2465 legis,
624 2397 653 2448 et
671 2389 744 2447 aliud
760 2405 830 2461 opus
845 2389 906 2448 loco
926 2388 998 2447 illius
1012 2391 1164 2461 imponere,
1203 2391 1320 2466 aliquem
1340 2394 1420 2449 finem
1441 2390 1650 2464 particularem3
1667 2398 1696 2449 et
1708 2393 1733 2449 in
1748 2391 1792 2448 bis
1816 2407 1870 2448 non
1885 2391 1998 2465 videtur,

366 2486 441 2541 sicut
453 2483 479 2540 in
499 2481 639 2539 sotteberi
658 2485 757 2551 potest.
773 2481 895 2552 Negatur
908 2495 974 2552 ergo
995 2478 1118 2552 sequela.
1132 2479 1168 2534 Et
1201 2498 1251 2556 per
1271 2499 1301 2540 se
1323 2481 1476 2556 loquendo,
1498 2483 1571 2540 iusta
1590 2481 1828 2554 recompensatio,
1845 2483 1897 2538 nisi
1918 2482 1961 2538 liat
1973 2483 1999 2537 in

367 2575 392 2632 in
408 2573 502 2647 primis
516 2573 538 2628 si
552 2585 641 2628 sermo
656 2571 691 2627 sit
704 2570 737 2627 de
751 2585 833 2642 opere
848 2569 955 2643 minori,
970 2568 1012 2625 tel
1026 2571 1108 2626 etiam
1122 2572 1170 2625 ae²
1202 2572 1317 2646 aliquid,
1330 2571 1404 2645 quod
1414 2570 1448 2628 ad
1459 2572 1538 2628 tinem
1551 2587 1599 2644 per
1612 2571 1698 2645 legem
1712 2573 1851 2628 intentum
1871 2571 1997 2628 conterat.

366 2665 450 2741 quali,
465 2663 545 2721 etiam
561 2664 585 2718 in
600 2663 671 2718 votis
686 2660 711 2717 id
732 2676 785 2716 non
799 2667 842 2718 est
854 2677 966 2733 rerunt,
983 2666 1015 2716 ut
1028 2661 1054 2716 in
1074 2658 1120 2716 lib.
1137 2662 1165 2717 6.
1240 2663 1311 2720 Talis
1332 2662 1397 2718 mibi
1421 2661 1528 2718 videtur
1552 2660 1594 2717 lex
1612 2661 1797 2735 praecipiens,
1819 2661 1999 2718 denunciatio-

367 2755 401 2813 de
414 2761 488 2826 roto,
504 2769 565 2826 cap.
578 2756 622 2810 19.
635 2750 792 2826 probarisi
806 2767 869 2808 vera
885 2751 920 2806 sit
932 2765 1022 2808 sermo
1037 2749 1070 2806 de
1085 2764 1166 2821 opere
1202 2768 1264 2810 nem
1280 2751 1389 2824 publice
1403 2751 1459 2808 lieri
1473 2756 1534 2808 ante
1545 2751 1762 2822 matrimonium,
1776 2749 1822 2808 ille
1844 2751 1914 2808 enim
1924 2757 1999 2807 aetus

365 2844 505 2904 evidenter
520 2841 639 2912 meliori,
655 2843 696 2897 sic
711 2846 753 2897 est
771 2839 878 2897 diverso
893 2843 962 2897 ratio
978 2840 1003 2896 in
1019 2845 1083 2896 voto
1097 2845 1126 2895 et
1138 2841 1164 2894 in
1201 2859 1255 2899 nott
1269 2841 1425 2914 postulatur
1440 2846 1553 2913 propter
1568 2857 1613 2914 se,
1631 2839 1678 2897 sed
1697 2847 1811 2912 propter
1836 2838 1943 2897 vitanda
1956 2855 1999 2910 pe·

364 2934 515 3009 legalium
530 2939 625 2988 totum
640 2933 722 2988 etiam
740 2930 850 3002 propria
864 2931 1027 2988 auctoritate
1042 2931 1168 2986 rorentis
1201 2932 1307 3004 ricula,
1323 2937 1351 2988 et
1370 2931 1433 2988 ideo
1454 2931 1475 2986 si
1493 2945 1578 2986 causa
1593 2931 1688 2986 subest
1702 2931 1773 2987 iusta
1789 2929 1824 2987 ad
1846 2929 1999 3000 dispensan-

364 3030 457 3099 potcst
475 3021 638 3080 commutari
652 3023 680 3077 iu
700 3037 770 3092 opus
785 3018 925 3106 evidenter
945 3020 1052 3092 melius,
1068 3025 1099 3077 ut
1119 3019 1167 3076 ibi·
1200 3021 1277 3093 dum,
1290 3027 1322 3078 ut
1334 3020 1534 3079 matrimonium
1547 3019 1592 3076 liat
1602 3019 1710 3076 omissis
1733 3017 1997 3089 denunciationibus,

365 3115 427 3172 dem
443 3129 505 3185 cap.
518 3112 611 3170 livill.
628 3110 752 3183 probavi,
775 3108 848 3183 quod
863 3108 897 3166 de
910 3109 969 3182 lege
983 3108 1037 3166 dici
1050 3095 1105 3165 nori
1118 3123 1166 3181 po·
1201 3113 1377 3186 impertinens
1391 3119 1435 3168 est
1447 3110 1626 3167 commutatio
1641 3125 1690 3181 per
1716 3110 1917 3182 impositionem
1932 3107 1999 3165 mul·

365 3211 429 3264 test.
445 3205 479 3260 Et
493 3203 561 3260 ratio
575 3201 739 3259 dillerentiae
752 3204 805 3270 est,
820 3200 885 3272 quia
900 3199 955 3257 ruti
970 3197 1097 3272 obligatio
1111 3199 1165 3254 ori·
1202 3210 1263 3260 otae
1284 3201 1471 3274 pecuniariae,
1492 3201 1574 3257 etiam
1596 3200 1622 3254 in
1640 3215 1711 3271 opus
1731 3197 1856 3270 pietalis,
1872 3196 1997 3272 quiahoc

364 3303 412 3353 tur
423 3311 456 3351 ea
473 3291 627 3349 voluntaria
640 3290 905 3363 promissiooasacta
919 3291 985 3360 lieo,
997 3290 1044 3362 qui
1059 3302 1167 3359 semper
1201 3293 1264 3349 nibil
1276 3291 1397 3349 deservit
1407 3290 1440 3347 ad
1454 3291 1534 3346 finem
1548 3289 1609 3346 talis
1626 3288 1693 3362 legis
1703 3309 1711 3361 3
1722 3295 1752 3346 et
1762 3287 1821 3346 ideo
1837 3290 1863 3346 in
1876 3287 1920 3345 illo
1935 3302 1998 3343 casu

364 3384 524 3457 intelligitur
549 3382 736 3453 acceptarein
757 3379 894 3437 solutione
912 3378 1046 3453 quidquid
1067 3379 1164 3436 melius
1200 3381 1418 3454 probabilissima
1433 3380 1494 3436 mibi
1516 3379 1623 3436 ridetur
1646 3379 1736 3452 opinio
1757 3379 1833 3452 Soti,
1850 3384 1878 3436 et
1898 3377 1997 3449 Sancii,

362 3481 414 3547 est3
430 3481 459 3532 at
471 3488 536 3530 rcro
556 3472 625 3545 legis
638 3470 765 3543 obligatio
779 3477 822 3527 est
835 3470 1003 3540 necessaria,
1019 3474 1051 3526 ut
1064 3468 1098 3524 ab
1112 3469 1165 3524 alin
1200 3471 1273 3545 qnod
1293 3478 1359 3529 tunc
1373 3471 1473 3528 iniusta
1489 3470 1524 3527 sit
1536 3470 1598 3527 talis
1613 3469 1759 3541 impositio.
1776 3469 1867 3527 Secus
1886 3483 1949 3525 rern
1959 3482 1999 3522 es·

362 3566 498 3638 imposita,
517 3568 545 3619 et
562 3561 624 3618 ideo
638 3559 760 3634 praecise
780 3567 822 3616 est
837 3558 872 3616 ad
892 3557 1054 3616 solvendum
1072 3559 1097 3615 in
1119 3557 1164 3615 tali
1200 3567 1259 3633 set,
1276 3561 1298 3617 si
1313 3561 1375 3617 loco
1388 3560 1630 3618 denunciationum
1648 3559 1836 3630 imponeretur
1856 3574 1927 3616 onus
1941 3556 1998 3612 abs·

263 3637 271 3654 ’
362 3655 463 3727 specie.
479 3655 535 3710 Nec
560 3651 678 3708 interiori
700 3651 879 3707 committitur
897 3640 1020 3721 potestas
1040 3646 1165 3706 mutandi
1199 3649 1300 3708 tinendi
1314 3667 1330 3708 a
1343 3650 1443 3723 copula
1463 3656 1524 3721 post
1543 3649 1748 3706 matrimonium
1766 3645 1998 3720 laetum„donec

363 3742 433 3800 banc
445 3742 634 3816 obligationem
652 3738 981 3813 quomodocumque,sed
992 3753 1041 3810 per
1051 3736 1164 3794 modum
1200 3721 1397 3815 denunciatio,
1423 3739 1464 3796 sel
1492 3739 1546 3796 alia
1572 3739 1749 3811 aequivalens
1778 3737 1919 3813 diligentia
1944 3736 1996 3806 flat,

362 3831 549 3904 relaxationis,
564 3828 673 3904 quanda
697 3828 782 3888 luerit
800 3829 974 3899 necessaria,
991 3827 1032 3884 vel
1047 3827 1162 3886 maxime
1199 3831 1305 3890 etiamsi
1319 3829 1448 3904 oportedt
1461 3827 1598 3901 aliquibus
1611 3830 1738 3900 expensis
1761 3825 1837 3899 fieri,
1857 3841 1921 3884 narn
1934 3831 1997 3881 tunc

364 3922 544 3992 conueniens,
572 3926 600 3976 et
627 3918 688 3976 ideo
712 3917 823 3993 quando
843 3917 919 3974 nulla
939 3922 982 3974 est
1001 3919 1162 3989 necessitas,
1200 3921 1350 3978 iustissima
1367 3925 1442 3976 esset
1454 3919 1652 3990 compensatio.
1673 3916 1764 3974 Simile
1789 3915 1944 3988 exemplum
1957 3917 1999 3968 est

364 4010 438 4068 nulla
450 4017 493 4068 est
508 4010 589 4067 etiam
607 4011 727 4082 potestas
742 4007 864 4065 mutandi
879 4007 1071 4081 obligationem
1082 4011 1163 4065 etiam
1200 4011 1225 4067 in
1240 4009 1440 4084 dispensatione
1450 4007 1526 4066 circa
1537 4009 1683 4064 interstitia
1704 4007 1851 4079 ordinum3
1864 4021 1926 4064 nam
1937 4019 1997 4076 pro·

363 4102 387 4158 in
410 4117 480 4174 opus
501 4099 609 4157 melius.
634 4099 729 4171 Neque
749 4103 794 4154 ert
812 4097 867 4154 ulla
880 4098 949 4154 tatia
962 4099 1162 4171 praesumendi,
1200 4108 1261 4174 pter
1280 4100 1352 4157 illam
1373 4101 1514 4171 imponere
1535 4096 1722 4168 pecuniarium
1748 4111 1835 4168 onus,
1851 4097 1932 4153 etiam
1947 4093 1996 4149 sub

362 4189 415 4248 boo
437 4205 497 4247 esse
518 4190 604 4262 magis
628 4194 740 4262 gratum
760 4186 922 4260 legislatori,
938 4189 1003 4261 quia
1018 4189 1081 4244 lieet
1095 4203 1164 4260 opus
1199 4191 1291 4264 specie
1319 4189 1524 4264 eleemosynae,
1546 4186 1588 4242 rel
1609 4186 1769 4260 religionis,
1791 4185 1871 4256 plane
1892 4182 1996 4240 videtur

362 4283 479 4338 tortasse
500 4281 536 4336 sit
556 4278 669 4350 melius,
692 4279 779 4350 magis
795 4293 843 4350 per
858 4293 887 4334 se
900 4277 1038 4349 loquendo
1053 4279 1163 4350 expedit
1198 4281 1305 4338 omnino
1332 4279 1628 4358 improporticnatum,
1654 4282 1737 4348 atque
1764 4273 1833 4330 adeo
1855 4273 1993 4340 iniustum,

361 4371 501 4428 communi
515 4369 606 4439 bono,
622 4374 654 4425 ut
671 4367 728 4440 lea,
741 4381 812 4440 quae
828 4369 983 4424 communis
998 4374 1042 4425 est
1054 4372 1160 4441 regula,
1198 4373 1262 4445 quia
1275 4368 1338 4426 nibil
1358 4367 1477 4425 deterrit
1495 4365 1637 4422 intentioni
1656 4364 1717 4422 talis
1731 4363 1815 4438 legis,
1832 4379 1883 4422 nec
1904 4363 1996 4420 subest

360 4459 568 4519 immutabiliter
588 4463 618 4514 et
641 4456 813 4514 uniformiter
831 4456 1001 4515 observetur.
1018 4456 1094 4516 Unde
1108 4455 1163 4515 lor·
1197 4458 1364 4519 rationabilis
1383 4457 1479 4514 titulus
1493 4454 1561 4512 illud
1580 4453 1748 4525 imponendi:
1771 4469 1853 4512 secus
1877 4467 1942 4509 vero
1955 4465 1995 4506 es·

361 4556 434 4609 tasse
455 4565 544 4623 neque
564 4549 621 4621 ipse
646 4546 789 4620 legislator
810 4553 900 4620 potest
918 4546 1067 4620 prudenter
1080 4547 1163 4606 talem
1198 4555 1253 4621 set,
1269 4551 1292 4606 si
1313 4547 1348 4606 ob
1370 4547 1452 4604 talem
1472 4545 1701 4617 dispensationem
1726 4543 1912 4615 imponeretur
1925 4556 1992 4598 onus

361 4641 604 4699 commutationem
628 4636 718 4694 lacere
732 4637 790 4694 sine
803 4637 876 4695 iusta
890 4652 990 4708 causa3
1007 4638 1059 4696 erit
1074 4646 1164 4696 tamen
1197 4639 1331 4698 serviendi
1354 4638 1446 4711 aliquo
1467 4643 1591 4710 tempore
1613 4635 1640 4690 in
1662 4635 1746 4707 priori
1765 4634 1877 4708 ordine,
1892 4633 1938 4706 qui
1952 4637 1993 4688 est

361 4723 512 4802 sufficiens,
528 4733 550 4786 si
564 4727 695 4801 intelligat
716 4726 773 4785 lore
790 4727 927 4785 utiliorem
941 4726 1067 4801 subdito,
1084 4745 1163 4800 prae·
1196 4747 1266 4789 onus
1277 4728 1515 4802 proportionatum
1532 4727 1630 4800 legi,et
1641 4741 1694 4782 non
1707 4725 1845 4799 iniquum.
1856 4721 1994 4782 idemdicc

362 4822 454 4880 sertim
468 4819 501 4879 ad
516 4822 619 4878 bonum
635 4819 756 4891 animae,
767 4823 795 4876 et
805 4818 862 4876 sine
873 4817 930 4876 ulla
941 4819 1086 4876 offensione
1096 4813 1163 4876 alio·
1195 4821 1229 4879 de
1240 4819 1362 4889 licentia,
1373 4824 1402 4876 et
1412 4819 1491 4890 quasi
1501 4815 1700 4889 dispensatione
1713 4816 1881 4873 concedendi
1904 4814 1994 4872 dimis-

359 4928 421 4972 rum
437 4927 516 4985 posse
531 4910 680 4968 observari.
1196 4911 1285 4968 sarias
1304 4907 1337 4967 ad
1359 4907 1481 4966 ordinem
1503 4904 1708 4978 suscipiendum
1729 4906 1763 4962 ttb
1782 4905 1835 4962 alio
1854 4905 1992 4977 episcopm

359 5009 366 5024 ·
404 5009 431 5063 6.
445 5002 545 5060 Ultimo
566 5007 656 5060 tamen
676 4997 853 5073 temperanda
874 5005 916 5058 est
928 4998 1000 5056 dicta
1015 5000 1159 5074 resolutio,
1198 5016 1260 5058 nnm
1273 4999 1381 5072 proilla
1393 4998 1529 5071 imponere
1542 5013 1611 5054 onus
1623 4996 1815 5068 pecuniarium
1833 5011 1883 5070 pro
1893 4991 1994 5052 labrica

359 5101 393 5152 ut
403 5093 496 5151 locum
509 5091 607 5166 bqbeat
624 5092 651 5148 in
664 5089 781 5166 legibus,
794 5106 842 5165 per
852 5106 921 5165 quas
931 5088 1032 5148 subditi
1042 5088 1161 5162 obligan·
1197 5090 1347 5162 eeclesiae,
1363 5095 1437 5146 esset
1456 5087 1581 5160 prolecto
1594 5085 1767 5156 absurdum,
1781 5093 1810 5143 et
1822 5101 1877 5144 non
1898 5097 1993 5159 parum

359 5191 406 5242 tur
425 5183 460 5242 ad
479 5183 570 5258 aliqua
596 5197 699 5255 onera,
716 5198 732 5239 a
750 5183 850 5255 quibus
864 5196 913 5255 per
932 5180 1160 5254 dispensationem
1195 5176 1573 5241 redolenssimoaiam.iitde
1585 5177 1626 5232 bis
1638 5175 1897 5250 legibus,etinbcc
1914 5185 1992 5231 sensu

357 5275 531 5348 eximuntur,
552 5289 606 5332 non
627 5287 691 5332 tero
718 5273 746 5330 in
766 5271 817 5330 illis
831 5270 953 5347 legibus,
969 5285 1040 5348 quaa
1054 5286 1108 5329 non
1122 5271 1160 5331 te·
1195 5288 1296 5334 censeo
1313 5269 1610 5343 locutoressesotum,
1628 5263 1990 5336 murmurationesque,
