4260 6222
876 344 1082 398 cannrxxv.
1683 323 1745 389 437

148 490 202 532 nee
218 471 334 530 verbum
348 471 381 530 do
400 473 494 532 tuturo
509 475 642 549 significat
653 463 783 532 'ellectum
798 479 954 548 praesenta·
990 474 1117 530 malorem
1132 469 1348 546 probabilitatem
1361 469 1442 527 habet
1456 467 1547 542 quoad
1564 468 1608 527 ius
1632 465 1665 525 ad
1680 481 1748 540 rem,
1762 471 1793 523 ut

147 579 244 633 rrerrm3
258 563 323 620 licet
336 579 402 636 ergo
417 563 460 621 lex
473 563 556 620 dieat:
570 563 617 637 qui
631 563 683 621 hoc
701 565 804 636 lecerit,
819 565 863 621 liet
876 563 954 620 nobi·
989 563 1106 635 scilicet,
1118 562 1264 634 adimpleta
1278 561 1432 618 conditione
1447 562 1474 617 in
1490 559 1547 634 lege
1571 557 1719 632 postulata,
1735 563 1791 613 sta-

147 654 194 726 lis,
212 661 262 710 aut
274 653 298 709 el
314 653 481 723 promittitur
495 653 555 712 talis
570 655 739 727 immunitas,
752 670 804 710 non
821 655 863 712 liei
878 652 953 710 nobi·
989 655 1035 709 tim
1050 653 1210 726 acquiratur
1226 652 1361 726 ignoranti
1374 656 1501 722 respectu
1518 649 1579 706 talis
1597 648 1724 721 praemii,
1741 661 1791 702 seu

147 742 195 810 lis,
208 740 250 798 vel
265 743 394 799 immunis
406 742 464 814 ipso
476 743 559 814 laeto,
572 744 625 800 imo
636 759 686 800 nec
702 743 792 800 aciens
804 745 891 816 legent
907 759 954 814 po·
988 742 1134 815 privilegii,
1149 742 1221 798 sieut
1235 741 1350 798 violator
1365 740 1430 814 legis
1450 739 1568 812 poenalis
1589 741 1682 795 statim
1698 737 1727 793 ut
1744 735 1791 790 de-

149 833 218 889 terit
239 829 331 888 atatim
351 847 401 888 aua
421 834 588 891 auctoritate
610 833 783 906 privilegium
806 847 952 905 usurpare,
989 832 1060 889 bitor
1074 833 1300 904 poenae‚etiamsi
1314 830 1387 888 illam
1401 833 1516 903 ignoret,
1525 831 1601 906 iuria
1618 844 1711 885 reram
1729 841 1791 884 sen-

149 925 217 995 quia
231 938 265 978 ex
284 923 308 976 ri
324 921 418 978 talium
433 923 581 980 verborum
595 923 619 978 ei
641 939 694 980 non
710 921 873 980 conceditur
894 921 953 978 talis
989 923 1112 992 tantiam,
1125 937 1190 994 ergo
1202 920 1272 977 idem
1283 921 1334 976 erit
1344 935 1407 976 cum
1422 909 1595 991 proportione
1608 919 1634 974 in
1654 918 1713 990 lege
1728 931 1790 988 pro·

150 1011 279 1068 incultas.
294 1005 366 1068 liaro
388 1019 499 1083 autem,
524 1020 555 1070 ut
568 1013 712 1084 existimo,
733 1013 886 1069 invenietur
899 1011 952 1090 lea,
988 1011 1111 1067 mittente
1126 1011 1289 1082 praemium.

151 1117 225 1175 quae
249 1116 295 1173 per
319 1101 476 1160 huiusmodi
501 1103 584 1158 rerba
608 1102 756 1175 privilegia,
769 1099 904 1158 concedat
926 1101 953 1156 in
1030 1102 1073 1158 li.
1090 1099 1143 1156 Sed
1157 1098 1237 1156 obiici
1253 1104 1360 1172 potest:
1377 1105 1420 1156 est
1441 1114 1539 1171 magna
1552 1097 1701 1154 dillerentia
1719 1097 1791 1155 inter

152 1192 307 1263 praemium
327 1190 485 1248 futurorum
506 1207 638 1264 operum3
661 1191 786 1264 quamvis
815 1189 954 1262 probabile
988 1205 1103 1262 poenam
1116 1196 1144 1246 et
1157 1191 1318 1261 praemium,
1335 1204 1397 1246 nam
1412 1189 1458 1262 qui
1473 1188 1553 1244 violat
1567 1189 1672 1260 legem,
1689 1189 1748 1258 ipse
1762 1188 1792 1244 lrt

153 1282 200 1350 sit,
216 1281 238 1336 ai
254 1281 296 1338 lex
310 1277 383 1337 dicat
396 1279 429 1338 de
445 1285 598 1352 praesenti,
613 1281 721 1337 facienti
735 1280 787 1338 tale
802 1296 873 1352 opus
887 1295 954 1337 con·
987 1279 1103 1351 debitor,
1115 1287 1142 1335 et
1156 1295 1220 1335 reus
1234 1294 1348 1355 poenae,
1358 1270 1411 1334 nou
1422 1295 1454 1336 ex
1471 1279 1494 1333 vi
1508 1279 1625 1334 alicuius
1647 1278 1730 1349 pacti,
1742 1274 1791 1333 sed

152 1371 277 1427 cedimus
292 1369 374 1428 talem
389 1372 601 1441 immunitatem,
617 1371 660 1427 vel
674 1373 831 1444 imperative
846 1370 898 1425 hoc
916 1369 954 1424 la·
988 1384 1021 1424 ex
1035 1367 1059 1423 ri
1073 1368 1180 1439 culpae:
1197 1374 1224 1424 et
1238 1368 1297 1424 ideo
1313 1369 1334 1422 si
1357 1369 1508 1441 ignorantia
1523 1383 1576 1423 non
1601 1365 1718 1424 excusat
1731 1365 1791 1422 cul·

152 1460 230 1516 ciens
245 1459 281 1516 eit
295 1461 424 1516 immunis
437 1460 472 1516 alo
486 1462 630 1534 oneribus,
645 1459 686 1516 vel
706 1460 771 1533 quid
786 1459 885 1524 simile,
901 1459 954 1514 hoo
989 1475 1068 1532 pam,
1091 1459 1155 1515 licet
1174 1457 1297 1514 occultet
1317 1473 1447 1530 poenam,
1470 1474 1522 1514 non
1543 1456 1655 1527 impedit
1681 1462 1790 1513 reatum

152 1550 222 1605 satis
239 1564 311 1620 esse,
335 1557 364 1606 ut
379 1549 548 1623 privilegium
569 1557 717 1607 censeatur
731 1549 768 1606 illi
788 1564 954 1607 conoessum
989 1549 1057 1605 elus.
1075 1552 1107 1604 at
1122 1554 1248 1618 respectu
1268 1546 1378 1618 praemii
1397 1547 1532 1620 legislator
1554 1547 1610 1618 ipse
1626 1551 1687 1615 est,
1701 1544 1748 1616 qui
1762 1544 1792 1600 tit

48 1709 52 1718 Ι
153 1653 187 1695 en
203 1639 302 1694 vitalis
318 1639 394 1711 legis.
990 1638 1096 1696 debitor
1109 1653 1142 1694 ea
1164 1639 1188 1692 vi
1203 1653 1268 1693 suae
1288 1637 1486 1708 promissionis,
1502 1643 1549 1694 aul
1575 1635 1727 1692 donationis
1742 1649 1790 1706 per

197 1731 243 1786 ili.
258 1727 378 1785 Ulterius
392 1735 484 1785 autem
500 1726 622 1799 adverto,
637 1728 719 1785 etiam
734 1728 820 1799 posita
836 1727 881 1784 tali
895 1727 955 1800 lege
990 1727 1075 1801 legem
1091 1727 1189 1800 iactae,
1202 1743 1254 1782 non
1269 1735 1361 1800 polest
1376 1733 1466 1784 auum
1481 1726 1524 1783 ille
1538 1725 1595 1784 ieri
1611 1725 1727 1794 debitor,
1741 1723 1790 1779 nisi

153 1816 273 1882 dubitari
286 1832 377 1889 posse,
388 1833 423 1872 an
435 1817 606 1890 privilegiam
618 1817 683 1874 illud
691 1817 781 1890 quoad
792 1816 953 1886 dominium,
989 1817 1135 1888 impleatur
1149 1817 1281 1887 conditio,
1298 1818 1349 1896 suto
1363 1832 1418 1890 qna
1432 1816 1569 1889 promisit.
1593 1818 1627 1872 dt
1641 1814 1709 1871 haec
1724 1827 1791 1870 eon·

153 1915 183 1963 et
207 1921 302 1962 omnes
325 1907 441 1963 effectus
461 1921 526 1964 suos
548 1908 709 1978 acquiratur
730 1908 789 1977 ipso
812 1905 884 1962 lueto
898 1905 955 1960 sine
989 1908 1054 1964 ditio
1065 1923 1118 1964 non
1133 1907 1354 1978 videturimpleri
1366 1909 1400 1965 ab
1413 1910 1566 1980 ignorante,
1585 1922 1647 1963 nam
1661 1907 1790 1977 ignorans

153 1995 251 2052 notitia
268 2002 297 2051 et
316 1995 500 2052 declaratione
522 1997 663 2068 principia.
681 1997 846 2052 sicutenim
867 1980 954 2066 poene
990 1997 1437 2070 privilegiumproinissrrm,etiam
1454 1997 1563 2070 ignorat
1576 1995 1782 2067 promissionem

55 2086 60 2094 '
154 2085 243 2157 legis,
260 2077 331 2139 ¹licet
354 2085 413 2155 ipso
432 2084 505 2140 lacto
525 2085 698 2157 imponatur,
719 2083 881 2158 regulariter
902 2100 955 2141 non
989 2095 1017 2146 et
1030 2094 1152 2161 pactum,
1168 2103 1235 2162 ergo
1252 2103 1304 2143 non
1322 2093 1412 2158 potest
1425 2088 1531 2160 operari
1546 2102 1578 2142 ex
1592 2087 1618 2140 vi
1631 2086 1704 2154 eius3
1720 2100 1787 2158 ergo

155 2174 571 2244 mandaturexeeutioni,donec
584 2174 736 2231 causaeius
748 2173 956 2231 authentieede·
991 2193 1077 2250 neque
1092 2175 1157 2232 illud
1177 2177 1303 2249 implere;
1318 2193 1384 2250 ergo
1403 2192 1456 2234 non
1477 2176 1572 2248 impiet
1594 2174 1784 2242 conditionem,

154 2263 333 2335 claretur3ita
345 2263 526 2322 verisimiliter
541 2264 615 2322 credi
629 2271 791 2337 potest,non
806 2280 866 2319 esse
881 2279 956 2319 men·
990 2273 1018 2323 ct
1029 2271 1229 2338 consequenter
1241 2283 1293 2322 non
1308 2266 1426 2338 acqrririt
1437 2269 1481 2323 ius
1492 2265 1525 2322 ad
1541 2264 1701 2337 praemium.
1713 2265 1785 2320 llaec

154 2361 212 2408 tem
232 2353 378 2424 principle,
400 2357 431 2410 ut
446 2353 499 2410 tale
513 2355 684 2426 privilegium
700 2355 790 2409 statim
805 2360 956 2426 usurpetur
991 2371 1054 2412 vero
1073 2355 1189 2412 obiectio
1211 2355 1333 2427 postulat
1354 2356 1441 2413 irrsam
1464 2356 1620 2424 materiam,
1641 2369 1711 2427 quae
1733 2370 1784 2409 non

154 2443 263 2511 privata
278 2441 454 2514 arroteritate,
466 2451 614 2517 antequam
628 2443 661 2497 de
675 2457 827 2511 causo,seu
842 2443 875 2498 de
889 2458 956 2499 con·
990 2451 1113 2501 arctatur
1127 2445 1159 2500 ad
1180 2445 1334 2518 privilegia,
1351 2445 1398 2502 sed
1414 2445 1569 2518 eommunis
1589 2451 1632 2520 est
1646 2443 1679 2499 ad
1703 2450 1787 2500 male·

154 2530 258 2588 ditione
283 2531 392 2604 impieta
417 2531 531 2590 iuridioe
555 2539 662 2588 constet
682 2547 731 2604 per
744 2530 956 2590 declarationem
990 2536 1058 2589 riam
1073 2533 1106 2590 de
1127 2533 1224 2591 merito
1237 2542 1265 2590 et
1286 2529 1421 2606 praemio,
1443 2534 1488 2591 ubi
1511 2535 1593 2591 latius
1614 2532 1785 2590 discutienda

153 2621 300 2693 principis,
317 2622 359 2678 vol
378 2621 507 2694 alterius,
531 2624 579 2696 qui
594 2618 654 2680 eius
669 2629 829 2695 potestatem
845 2622 951 2679 habmt.
989 2631 1041 2680 est.
1062 2624 1138 2680 Nune
1161 2639 1224 2679 vero
1245 2630 1444 2696 consequenter
1464 2622 1673 2680 adsentantium
1689 2621 1788 2679 Burtoll

153 2713 223 2766 Num
250 2710 302 2766 lroc
328 2711 449 2784 postulat
474 2715 641 2768 conveniens
656 2713 724 2768 ratio
739 2712 953 2785 gubernationis3
991 2713 1106 2769 breviter
1126 2711 1178 2768 dici
1199 2719 1300 2785 potest.
1316 2712 1430 2783 Quando
1451 2714 1493 2770 lea
1513 2713 1620 2770 oonlert
1636 2713 1787 2784 praemium

154 2815 218 2856 nam
235 2802 257 2854 si
273 2801 492 2874 uniuscuiusque
507 2801 618 2857 arbitrio
630 2808 658 2857 et
671 2802 798 2873 potestati
817 2801 868 2856 hoc
879 2817 955 2857 com·
991 2803 1049 2874 ipro
1069 2803 1159 2868 lacto,
1175 2817 1228 2858 nou
1245 2802 1352 2858 landari
1367 2819 1395 2859 re
1410 2818 1475 2860 vera
1490 2805 1515 2858 in
1530 2808 1620 2874 pacto,
1637 2802 1684 2858 sed
1700 2802 1724 2856 io
1740 2803 1786 2858 alr·

154 2890 328 2962 mitteretur,
351 2890 469 2946 infinitae
483 2890 594 2948 lrandes
615 2899 644 2947 et
666 2891 794 2946 scandala
811 2891 875 2947 oriri
895 2907 954 2964 pos>
992 2891 1081 2949 soluta
1103 2891 1246 2948 voluntate
1268 2892 1397 2964 principis
1425 2891 1581 2950 coolerendi
1606 2891 1658 2948 tale
1677 2891 1787 2963 privile·
1821 2925 1824 2932 ·

152 2987 227 3062 sent.
245 2979 315 3034 Satis
332 2994 398 3052 ergo
413 2988 471 3052 est,
486 2981 561 3054 quod
575 2996 608 3036 ex
623 2981 648 3035 vi
664 2980 708 3035 lali
725 2979 808 3052 legis,
823 2987 851 3036 el
865 2985 956 3052 operis
991 2983 1065 3055 glum
1080 2981 1188 3037 lacienti
1203 2981 1269 3052 lroc,
1286 2983 1326 3036 vel
1344 2981 1428 3054 iliud,
1444 2981 1489 3038 illa
1503 2983 1575 3037 enim
1592 2980 1718 3038 voluntas
1733 2997 1786 3037 non

148 3071 181 3140 ,in
196 3085 229 3125 ea
242 3069 380 3140 postulati
392 3071 555 3142 acquiratur
569 3085 603 3127 ex
620 3079 685 3125 tune
703 3069 744 3125 ins
759 3068 793 3125 ad
807 3070 859 3125 tale
875 3071 958 3141 priri·
990 3069 1041 3127 luit
1061 3072 1187 3127 restricta
1208 3069 1241 3126 ad
1266 3070 1410 3127 lactentem
1430 3087 1494 3127 oum
1520 3071 1612 3128 notitia
1639 3072 1720 3143 legis,
1737 3087 1786 3128 seu

154 3159 272 3230 legium;
295 3160 331 3214 ita
354 3165 384 3215 ut
403 3159 475 3223 lacta
496 3158 610 3217 iuridlea
626 3158 810 3216 declaratione
824 3158 859 3215 de
872 3158 958 3215 adim·
992 3161 1113 3232 proemii,
1127 3162 1167 3217 rel
1185 3161 1244 3216 talis
1260 3161 1407 3217 rolrrntatis
1422 3160 1619 3233 principis,sed
1637 3160 1787 3217 indideren-

152 3249 228 3320 pleto
244 3237 325 3319 opere
341 3249 366 3303 in
383 3247 442 3320 lege
457 3250 600 3322 requisito,
617 3248 819 3305 retrotrahatur
834 3248 956 3304 declara·
993 3257 1034 3306 ter
1045 3252 1185 3321 positoast
1201 3251 1252 3305 sulr
1266 3249 1312 3306 illa
1324 3249 1482 3306 conditione
1494 3250 1555 3306 talis
1567 3250 1668 3321 operis,
1680 3249 1787 3305 abstra-

155 3340 193 3395 tio
215 3353 305 3409 usque
326 3337 359 3394 ad
373 3337 443 3394 diem
460 3339 557 3410 patrati
570 3341 678 3410 operis,
695 3345 722 3394 et
736 3353 769 3394 ex
786 3346 851 3394 tunc
866 3340 957 3409 perci·
991 3339 1080 3394 hendo
1102 3355 1117 3394 a
1139 3338 1183 3394 tali
1206 3340 1336 3409 scientia,
1358 3339 1397 3394 vel
1413 3342 1574 3412 ignorantia.
1590 3340 1704 3407 erando
1720 3355 1785 3395 vero

153 3428 212 3498 piat
225 3426 422 3499 privilegiarius
441 3427 549 3484 tructus
564 3426 697 3501 privilegii
713 3427 805 3499 quoad
821 3428 877 3482 ieri
892 3442 956 3498 pos·
990 3426 1033 3484 lex
1052 3427 1091 3482 sic
1112 3427 1230 3498 loquitur
1244 3427 1444 3498 promittendo,
1467 3435 1531 3484 tuno
1548 3427 1589 3485 les
1606 3428 1662 3500 ipso
1678 3427 1785 3485 videtur

153 3518 200 3572 sii.
216 3519 290 3583 Quae
310 3516 399 3572 omnia
419 3533 467 3589 per
480 3517 630 3589 analogiam
647 3517 680 3574 ad
695 3531 809 3588 poenum
825 3517 890 3590 legis
904 3518 956 3573 irn-
991 3517 1116 3572 conierr'e
1131 3517 1174 3572 ius
1188 3518 1321 3587 operanti,
1331 3524 1359 3573 et
1374 3519 1495 3590 implenti
1512 3517 1707 3589 conditionem,
1720 3519 1784 3591 quia

152 3606 282 3678 ponentis
303 3605 376 3666 illam
398 3607 457 3678 ipso
479 3607 564 3677 lacto,
578 3605 653 3662 dicta
667 3612 745 3679 sunl,
760 3612 789 3662 et
802 3621 872 3678 qrroe
885 3606 956 3661 inter
991 3623 1043 3662 non
1067 3612 1110 3661 est
1133 3621 1293 3677 expressum
1317 3604 1344 3661 in
1368 3623 1421 3676 aa,
1446 3613 1475 3663 ut
1494 3608 1612 3663 scienter
1628 3607 1782 3679 impleatur.

152 3711 187 3751 ea
201 3702 329 3766 spectant
347 3694 379 3752 ad
401 3695 601 3767 ampliationem
615 3704 643 3753 et
657 3696 883 3754 consecutionem
899 3697 954 3768 pri·
989 3694 1066 3762 Orrcd
1082 3697 1125 3751 lus
1147 3703 1277 3767 respectu
1292 3694 1449 3754 inferiorum
1464 3696 1584 3752 iudicum
1600 3697 1652 3752 erit
1666 3695 1784 3754 iustitiae

153 3783 245 3858 vilegii
266 3801 281 3840 a
301 3784 344 3841 die
365 3784 427 3841 boni
442 3789 542 3857 operis,
559 3803 573 3842 a
588 3787 693 3844 lortiori
708 3794 876 3859 sequuntur,
890 3789 955 3859 quia
989 3787 1214 3856 commutatione,
1240 3785 1303 3859 quia
1327 3802 1359 3842 err
1384 3785 1474 3842 ollicio
1488 3793 1614 3843 tenentur
1629 3787 1784 3845 secundum

153 3875 318 3946 supponitur
338 3873 486 3931 similitudo
499 3876 666 3948 verborum,
685 3882 713 3931 et
726 3883 768 3932 est
781 3891 913 3932 excessus
929 3877 954 3932 in
991 3873 1062 3946 leges
1084 3874 1218 3930 iudicare:
1242 3881 1369 3946 respectu
1391 3891 1456 3932 vero
1477 3876 1605 3948 principis
1623 3876 1675 3933 erit
1690 3877 1785 3934 saltem

152 3963 268 4020 materia
287 3963 435 4019 lavorabill.
452 3965 589 4031 erantum
612 3964 644 4021 ad
666 3981 698 4022 ea
712 3981 789 4042 aero,
806 3981 877 4039 quae
894 3981 954 4038 spe·
989 3961 1193 4036 distributivae,
1220 3979 1280 4020 nam
1302 3964 1454 4037 obligationi
1478 3981 1512 4022 ex
1536 3967 1732 4023 commutatico
1748 3967 1785 4024 vi-

119 4061 122 4068 ’
151 4058 233 4108 ciant
246 4051 279 4108 ad
297 4052 500 4122 limitationem,
526 4061 556 4109 ut
570 4060 612 4108 est
626 4054 769 4126 suspensio
784 4055 962 4111 enecrrtionis·
989 4045 1071 4111 detu'r
1082 4055 1193 4111 obstare
1205 4054 1319 4111 obiectio
1333 4054 1413 4126 lucta,
1428 4055 1478 4110 nisi
1492 4055 1700 4125 dicamus,satis
1711 4072 1784 4129 esse,

153 4159 244 4216 usque
261 4142 294 4198 ad
309 4141 453 4201 iuridicam
468 4143 691 4214 declarationem,
705 4145 729 4199 in
745 4144 795 4200 illis
811 4145 953 4216 respicitur
989 4143 1064 4218 qrrod
1082 4145 1226 4216 promissio
1240 4145 1322 4201 luerit
1336 4146 1406 4202 laeta
1418 4146 1654 4216 communitatl,et
1665 4146 1740 4220 quod
1752 4148 1785 4203 alr

152 4231 187 4288 ad
209 4233 312 4289 bonum
333 4245 495 4304 commune,
515 4238 543 4288 et
557 4234 763 4289 convenientem
777 4232 953 4306 gubernatio·
988 4233 1033 4290 illa
1048 4234 1130 4291 luerit
1145 4240 1296 4306 acceptata,
1308 4233 1418 4307 quando
1433 4234 1474 4290 les
1487 4235 1661 4308 promulgata
1674 4235 1736 4308 luit,
1755 4244 1787 4295 ut

151 4337 227 4390 nem,
239 4336 311 4394 quae
326 4337 379 4376 non
395 4321 484 4376 minus
498 4308 528 4377 in'
539 4321 710 4378 conterendis
722 4323 952 4395 praemiis,quam
989 4327 1111 4396 operanti
1127 4323 1258 4379 debeatur
1271 4325 1420 4395 praemium
1433 4315 1562 4397 tanquam
1576 4324 1696 4380 membro
1708 4341 1785 4382 corn·

151 4414 179 4467 in
197 4413 290 4483 poenis
306 4411 488 4468 retribuendis
503 4407 636 4467 servanda
651 4411 788 4479 asl.erod
804 4412 826 4466 si
841 4411 893 4467 hoo
907 4425 952 4466 vo·
989 4415 1146 4484 munitatis,
1162 4414 1243 4470 cuirrs
1257 4414 1412 4486 ignorantia
1426 4429 1479 4470 non
1494 4413 1617 4486 impedit,
1634 4414 1782 4488 quominus

150 4517 215 4558 rum
236 4507 294 4570 est,
318 4501 362 4556 vix
377 4499 502 4556 accidere
517 4503 631 4573 poterit,
647 4509 679 4558 ut
692 4503 731 4556 sic
747 4517 863 4573 operans
877 4516 952 4557 eom·
988 4503 1068 4559 bonis
1082 4501 1277 4560 communitus
1292 4502 1410 4560 lruatur.

151 4596 231 4663 paret
241 4589 412 4668 privilegium
429 4596 491 4646 ante
503 4591 622 4646 notitiam
635 4591 777 4663 eius,quia
788 4589 953 4662 praecedere
1031 4597 1074 4651 18.
1091 4593 1237 4668 Petebatur
1250 4598 1340 4648 autem
1360 4595 1384 4648 in
1405 4595 1575 4664 argumentis
1589 4592 1667 4652 lactis
1681 4600 1780 4651 contra

150 4679 233 4737 debet
254 4679 362 4750 publica
378 4680 488 4750 notitia,
511 4688 539 4736 et
554 4679 702 4738 declaratio
715 4679 843 4751 principis
857 4678 890 4736 de
905 4679 952 4735 ad·
988 4684 1096 4740 tertiam
1111 4682 1276 4753 opinionem,
1292 4697 1326 4738 an
1338 4681 1410 4736 idem
1425 4681 1571 4739 dicendum
1586 4682 1620 4739 sit
1633 4685 1659 4739 in
1675 4685 1781 4756 privile.

151 4770 260 4843 impleta
282 4785 367 4826 earrsa
390 4769 537 4844 privilegii,
553 4785 619 4843 ergo
641 4771 779 4826 moraliter
794 4786 846 4826 non
861 4775 954 4842 potest
986 4773 1031 4846 gio
1042 4786 1091 4828 seu
1104 4773 1225 4843 praemio
1237 4771 1369 4842 promisso
1381 4786 1429 4843 per
1442 4773 1633 4828 transitorium
1647 4772 1780 4833 edictum.

151 4859 298 4933 accidere,
319 4866 351 4916 ut
367 4866 429 4932 post
443 4859 525 4916 talem
541 4859 753 4916 declarationem
767 4859 857 4916 adhuc
873 4859 951 4932 priri·
987 4877 1037 4919 seu
1050 4861 1176 4934 generale
1197 4861 1373 4931 rescriptum.
1389 4862 1423 4917 Et
1436 4875 1498 4916 sane
1514 4861 1634 4932 videtur,
1654 4863 1674 4917 si
1695 4863 1720 4917 in
1736 4877 1782 4918 ce·

151 4950 280 5022 legierius
303 4950 408 5022 ignoret
429 4950 532 5023 legem,
554 4957 582 5007 et
596 4951 765 5022 praemium,
781 4965 831 5006 seu
845 4949 953 5022 privile·
987 4953 1050 5008 teris
1070 4955 1195 5006 servetur
1210 4950 1366 5021 proportio,
1382 4949 1453 5006 idem
1473 4965 1533 5006 esse
1547 4949 1702 5021 dicendum,
1719 4968 1781 5009 narn

141 5027 227 5112 ¹glum
249 5039 318 5096 eius.
334 5039 513 5097 Nihilominus
528 5047 617 5098 tamen
637 5043 662 5098 in
678 5038 768 5112 aliquo
783 5055 850 5097 casu
866 5039 890 5096 id
906 5055 952 5096 ac·
987 5041 1039 5096 hoo
1061 5039 1179 5113 probant
1198 5038 1317 5095 rationes
1336 5037 1369 5093 ilri
1383 5038 1478 5095 laetae.
1496 5040 1532 5094 Et
1545 5038 1702 5096 declaratur
1718 5057 1733 5098 a
1747 5041 1782 5096 si-

149 5129 241 5186 cidere
263 5137 368 5204 posset,
390 5132 551 5202 praesertim
574 5137 688 5204 propter
707 5131 832 5188 locorum
847 5131 952 5187 distan-
987 5129 1041 5186 mili
1054 5129 1088 5187 de
1102 5145 1188 5202 poena
1202 5127 1255 5184 lata
1270 5142 1317 5199 per
1330 5134 1482 5192 statutum,
1500 5128 1541 5184 vel
1557 5142 1605 5200 per
1620 5133 1779 5188 sententiam

151 5221 229 5291 dano,
244 5227 273 5282 et
288 5224 353 5279 tuac
367 5219 467 5279 habere
479 5226 570 5293 posset
585 5221 677 5278 locum
692 5220 825 5278 sententia
840 5222 949 5279 Bartet
986 5220 1138 5295 generalem
1153 5219 1187 5276 alr
1202 5217 1393 5275 inominalem
1405 5217 1430 5274 iu
1443 5215 1566 5276 ellicacia
1576 5217 1706 5278 inserendi
1718 5236 1782 5294 poe·
