4294 6238
368 379 439 454 303'¹
1069 389 1248 441 nraaaru.

328 536 375 591 tur
387 547 421 589 err
434 527 509 588 dieto
522 543 550 587 c.
562 526 613 587 ult.
624 525 658 586 de
673 521 864 584 consuetudin.
875 519 922 579 ubi
937 523 1043 579 tantum
1057 515 1128 575 duae
1164 515 1247 574 tradit
1257 514 1336 575 civile
1350 514 1405 586 ins,
1417 512 1491 591 qnod
1505 515 1550 573 ius
1563 513 1727 572 canonicum
1738 513 1825 587 magis
1839 509 1965 569 deelara-

328 621 499 681 oonditiones
514 619 547 678 ad
562 615 791 676 consuetudinem
807 611 999 686 requiruntur,
1012 605 1127 675 scilieet,
1166 609 1213 664 vit.
1230 608 1338 666 Nautio
1360 607 1435 666 dicta
1448 605 1468 663 l.
1484 603 1520 662 de
1534 603 1650 678 quibus,
1668 604 1708 660 sic
1721 601 1839 660 dicitur:
1855 604 1967 660 grang.

329 721 361 771 ut
385 708 559 770 consuetudo
583 710 617 766 sit
642 701 850 770 roiioraobilis,
873 706 902 758 et
923 699 1128 775 praescripta
1164 699 1236 753 sime
1250 700 1400 772 receptum
1413 699 1469 757 est,
1486 699 1520 751 ut
1533 693 1609 767 loges
1624 709 1684 750 aon
1703 691 1800 749 solum
1815 689 1968 764 suffragio

330 819 396 878 ergo
408 804 466 870 eine
477 800 654 857 fundamento
669 798 749 869 iuris,
759 796 815 850 imo
831 799 927 849 contra
940 788 1006 846 illud
1018 787 1060 844 ius
1075 792 1128 858 ere,
1165 785 1361 861 legislatoris,
1379 785 1538 842 sedetiam
1552 787 1641 841 tacito
1655 797 1798 840 consensu
1817 783 1962 846 omniurn,

330 908 429 951 aarum
443 892 562 965 erigere,
575 889 681 963 quaein
697 885 814 943 iitisnon
829 881 1129 952 contineatorratrpe-
1164 893 1219 952 per
1241 875 1476 934 dissuetudinem
1502 876 1692 948 abrogentur,
1708 872 1759 930 uni
1787 869 1968 945 distinguitur

331 985 408 1064 cialis
424 982 536 1040 scientia
551 981 681 1054 principis
695 982 739 1034 est
753 989 822 1031 nova
837 969 956 1028 conditio
971 968 995 1022 iu
1010 965 1061 1022 illis
1077 980 1131 1020 non
1165 966 1285 1040 populus
1298 983 1313 1024 a
1325 966 1490 1039 legislatore,
1501 975 1528 1022 et
1538 965 1620 1021 huius
1632 963 1792 1036 suiiragium
1804 978 1855 1017 noo
1872 966 1970 1031 postu·

331 1073 448 1144 inclusa,
464 1087 531 1146 ergo
546 1086 599 1127 non
613 1075 657 1125 est
670 1063 838 1134 necessaria,
858 1075 923 1132 ergo
938 1073 988 1113 neo
1003 1070 1134 1127 persona·
1167 1058 1257 1127 lntur3
1273 1065 1300 1114 en
1318 1058 1343 1112 in
1359 1057 1465 1130 legibus
1480 1055 1675 1128 sequentibus,
1693 1055 1834 1124 supposita
1849 1051 1970 1107 parrona.

332 1163 364 1221 ¹l⁵
378 1177 550 1229 ⁰⁰⁰⁵0¹1⁸¹¹⁸r
566 1159 614 1234 (llll
628 1159 685 1213 Sine
699 1155 743 1212 illi
757 1153 872 1210 scientia
887 1163 946 1205 esse
962 1163 1015 1203 11011
1031 1149 1129 1217 polest·
1167 1147 1269 1202 bilitate
1284 1145 1501 1216 consuetudinis,
1519 1143 1582 1200 nihil
1598 1143 1671 1199 alltrd
1687 1141 1857 1213 postulatur,
1875 1146 1905 1196 ut
1920 1155 1970 1211 pro

333 1252 530 1322 confirmatur,
556 1255 588 1306 ao'
609 1247 766 1305 declaratur
783 1286 789 1312 ,
814 1242 879 1314 quia
897 1238 1022 1309 princeps
1044 1233 1133 1305 potuit
1168 1237 1226 1293 iure
1241 1236 1388 1296 habeatur,
1405 1235 1457 1290 nisi
1471 1233 1544 1307 qnod
1561 1236 1596 1289 sit
1608 1231 1763 1298 ditaturae,
1782 1236 1810 1287 et
1824 1229 1924 1302 leupo,
1941 1232 1971 1286 ct

334 1342 486 1416 generalem
504 1339 589 1412 legem
605 1343 723 1393 statuere
738 1330 933 1404 approbantem
953 1319 1132 1381 consuetudi·
1166 1341 1221 1399 per
1235 1341 1328 1381 anuos
1345 1323 1493 1399 plurimos
1507 1323 1676 1388 observata,
1695 1320 1712 1376 ι,
1726 1320 1886 1384 digama,
1905 1325 1933 1375 gr
1947 1317 1968 1374 p,

335 1430 548 1489 nemhabentem
563 1425 630 1484 tales
642 1423 811 1482 conditiones
824 1418 858 1478 ab
869 1419 926 1489 ipso
938 1411 1132 1486 praescriptas,
1169 1411 1220 1468 sed
1233 1418 1260 1468 et
1280 1428 1329 1479 ea,
1347 1419 1375 1468 et
1389 1414 1416 1468 in
1432 1412 1450 1468 l.
1465 1428 1536 1468 reatu
1556 1411 1684 1479 additur,
1705 1411 1898 1482 imperatorem
1914 1417 1972 1464 ειη.

335 1529 364 1579 et
384 1528 415 1578 ut
435 1521 489 1592 rim
510 1518 606 1574 habeat
629 1515 733 1588 ubsque
754 1526 826 1566 nouo
845 1523 896 1563 suo
917 1515 1070 1572 consensu,
1093 1500 1134 1564 rel
1170 1503 1448 1574 tuisse‚,perpetuam
1463 1500 1690 1557 connsuetudinem
1706 1500 1759 1556 rim
1776 1499 1842 1571 legis
1861 1497 1970 1555 habere

337 1612 460 1680 scientia,
479 1607 526 1666 sed
542 1607 568 1665 id
582 1607 647 1664 lecit
660 1605 686 1659 in
703 1602 747 1658 illo
761 1598 884 1667 decreto,
900 1609 976 1666 ergo.
989 1592 1073 1646 llalor
1089 1605 1135 1662 pa·
1170 1589 1321 1670 debereht
1333 1593 1369 1647 ita
1384 1591 1576 1648 intellexerunt
1587 1588 1713 1646 lusciulle
1725 1590 1970 1658 elusioterpretes‚

337 1709 393 1774 tet,
409 1700 473 1774 quia
492 1698 546 1755 hoc
561 1691 615 1754 ιιόιι
637 1690 744 1759 excedit
763 1688 893 1762 principis
913 1688 1092 1756 potestatem,
1108 1685 1136 1737 et
1171 1689 1201 1736 ut
1212 1679 1366 1736 secundum
1378 1679 1443 1735 illud
1455 1679 1534 1734 etiarn
1547 1677 1721 1760 consuetudo
1732 1677 1900 1749 praescripta
1914 1677 1972 1732 eine

337 1791 383 1866 ille
402 1788 500 1846 modus
520 1783 681 1843 ostendendi
709 1795 786 1836 suam
807 1775 974 1833 voluntatem
996 1776 1040 1826 est
1059 1767 1136 1824 sulli-
1170 1785 1240 1824 nora
1256 1768 1369 1824 scientia
1383 1768 1512 1838 principis
1529 1767 1672 1823 suilleiat.¹

338 1879 531 1946 cientissimus,
547 1882 580 1933 ut
592 1869 743 1942 declarari,
759 1869 801 1924 est
816 1866 896 1922 etiarn
911 1858 1136 1919 conuenientissi·
1211 1862 1237 1914 8.
1253 1855 1381 1913 Secrrndo
1395 1856 1493 1926 iniero,
1510 1856 1620 1930 quaudo
1634 1853 1807 1912 consuetudo
1824 1870 1880 1910 non
1895 1869 1973 1925 prae.

336 1987 414 2044 mus,
430 1951 493 2043 quia
511 1964 652 2023 moraliter
666 1955 833 2032 impossibile
846 1961 906 2021 est,
923 1946 1135 2009 connsuetudines
1171 1943 1246 2002 valet
1266 1961 1299 2000 ex
1320 1945 1345 2000 ri
1366 1946 1608 2018 praescriptionis,
1624 1952 1689 2002 tune
1710 1945 1898 2001 necessarium
1912 1959 1974 1998 esse

337 2076 431 2119 omnes
445 2057 477 2115 ad
493 2054 621 2130 principis
637 2049 758 2108 notitiam
774 2043 925 2119 pervenire,
943 2043 1018 2096 iuxta
1032 2053 1092 2109 cap.
1109 2041 1133 2094 ι.
1170 2050 1335 2091 eonsensum
1349 2035 1480 2107 principis
1497 2035 1677 2107 personalem,
1690 2033 1785 2089 saltem
1801 2033 1927 2102 tacitum,
1940 2047 1974 2087 ac

337 2152 371 2209 de
391 2151 503 2207 constit.
517 2146 543 2203 in
566 2148 598 2216 6,
613 2150 641 2199 et
661 2137 760 2212 alioqui
774 2133 908 2207 expediat,
924 2125 1136 2188 consuetudines
1170 2123 1285 2181 subinde
1301 2127 1486 2180 neceesarium
1502 2125 1582 2180 etlam
1597 2139 1674 2196 esse,
1691 2131 1722 2180 ui
1737 2125 1881 2180 scientiam
1903 2136 1972 2178 cou-

337 2237 513 2297 rationabiles
529 2232 683 2302 obseruari,
699 2235 728 2285 et
742 2227 795 2282 uim
810 2238 888 2282 suam
904 2221 1038 2283 obtinerer
1054 2232 1133 2289 ergo.
1170 2212 1322 2270 suetudinis
1333 2213 1506 2270 habeat.Hoc
1517 2212 1615 2268 damus
1627 2213 1787 2270 auctoribus
1798 2213 1899 2285 prioris
1911 2227 1973 2267 sen-

337 2330 459 2400 benique
479 2323 632 2383 conlirrnari
652 2320 705 2376 boc
727 2320 817 2389 potest
830 2329 863 2370 ιιι
884 2310 1006 2382 analogia
1019 2306 1052 2364 ad
1073 2321 1150 2378 pro-.
1170 2304 1281 2374 tentiae,
1293 2319 1326 2360 ex
1340 2304 1441 2377 quibus
1455 2303 1482 2359 d.
1496 2304 1613 2360 Thomas
1625 2304 1788 2376 generaliter
1800 2302 1913 2359 locutus
1927 2307 1974 2357 est

336 2421 425 2492 priam
440 2415 692 2491 praescriptionem,
706 2406 739 2466 ad
754 2408 836 2464 cuiue
847 2402 1024 2459 imitationem
1036 2397 1136 2454 dicitur
1170 2393 1202 2450 de
1213 2408 1351 2450 consensu
1364 2392 1506 2464 principie,
1516 2399 1543 2448 et
1560 2394 1597 2448 ita
1609 2398 1698 2464 potest
1709 2391 1741 2447 ad
1755 2399 1905 2464 utrumque
1916 2406 1975 2445 rno-

338 2510 406 2567 haeo
421 2503 595 2566 consuetudo
611 2497 789 2574 praescripta
803 2508 866 2549 nam
880 2493 905 2548 in
922 2487 1135 2562 praescriptione
1170 2481 1236 2538 dum
1249 2497 1263 2538 a
1278 2483 1355 2538 uoltis
1372 2481 1527 2553 expositum
1543 2481 1759 2552 accommodari,
1773 2487 1804 2536 ut
1818 2481 1900 2537 etiarn
1914 2479 1975 2554 Spl-

336 2615 390 2655 non
406 2594 556 2670 requiritur
572 2589 684 2648 scientia
698 2586 773 2650 eius,
788 2589 887 2641 eontra
901 2594 982 2652 quem
1002 2576 1135 2648 praescri·
1171 2570 1508 2628 rest.ethnton.sensisse
1522 2568 1659 2640 videntur,
1671 2571 1718 2642 qui
1733 2569 1797 2626 licet
1812 2568 1974 2625 sententiam

247 2679 250 2684 ¹
336 2689 426 2760 bitur3
443 2679 615 2743 consuetudo
630 2685 722 2735 nartem
736 2673 840 2730 dicitur
856 2667 1025 2742 praescripta
1039 2670 1135 2720 contra
1170 2668 1199 2718 et
1214 2660 1296 2717 rerba
1315 2659 1343 2715 d.
1356 2659 1475 2715 Thomae
1492 2658 1627 2730 referant,
1643 2664 1671 2714 ct
1691 2664 1861 2730 sequantur3
1879 2656 1975 2713 nihilo·

336 2777 487 2852 principem
501 2789 534 2830 eo
550 2769 642 2839 modo,
653 2783 709 2840 quo
724 2761 873 2837 praescribi
889 2765 989 2832 potest3
1002 2771 1068 2827 ergo
1082 2768 1135 2810 non
1172 2751 1264 2807 minus
1280 2750 1413 2820 latentur,
1429 2747 1575 2821 aliquando
1591 2746 1819 2804 consuetudinem
1836 2745 1975 2819 praes-'ale-

337 2865 460 2939 postulat
474 2861 614 2920 scientiam
628 2854 771 2930 principis,
789 2856 819 2906 ιιι
833 2847 997 2922 praevaleat.
1171 2855 1212 2910 re,
1231 2841 1370 2912 ignorante
1385 2839 1515 2914 principe.
1529 2839 1649 2912 benique
1661 2837 1713 2893 hoo
1728 2839 1810 2893 etiarn
1826 2836 1977 2894 admittunt

377 2959 404 3015 i.
422 2956 512 3020 ilices,
532 2950 586 3007 hoo
608 2947 697 3004 solum
719 2938 869 3014 procedere
890 2939 916 2994 in
938 2932 1137 2991 consuetudine
1172 2937 1305 2986 auctores
1320 2930 1346 2985 in
1363 2928 1496 2999 superiori
1512 2934 1617 3000 puncto
1632 2926 1754 3000 allegati,
1770 2932 1797 2982 et
1812 2927 1976 2997 probatura

329 3048 484 3118 ¹abrogante
503 3041 604 3114 legem,
619 3037 652 3092 de
673 3048 728 3106 qua
741 3029 864 3102 loquitur
883 3031 969 3097 currant
983 3021 1067 3093 illud,
1084 3038 1137 3078 uon
1174 3016 1324 3074 sufficienti
1344 3019 1466 3088 partium
1487 3017 1713 3087 enumeratione,
1736 3015 1801 3088 quia
1820 3031 1975 3072 cousensus

337 3152 403 3194 uero
417 3134 450 3191 de
471 3126 671 3190 consuetudine
686 3122 829 3179 inducente
845 3117 944 3190 legem,
960 3111 1071 3187 quiade
1094 3111 1138 3168 illa
1173 3107 1303 3179 principis
1318 3117 1360 3163 est
1374 3108 1562 3176 necessarius,
1577 3110 1605 3160 et
1619 3107 1644 3160 in
1660 3105 1712 3160 hoc
1728 3103 1807 3160 modo
1824 3111 1976 3162 consuetu·

338 3225 446 3284 nullum
464 3229 508 3280 est
528 3219 580 3279 tale
593 3219 649 3274 ius.
664 3215 731 3270 llam
753 3209 778 3266 id
794 3206 826 3266 ad
848 3219 987 3263 summurn
1008 3200 1139 3274 procedet
1173 3196 1242 3253 dinis
1257 3213 1311 3256 non
1326 3196 1408 3252 datur
1423 3196 1523 3252 virtute
1537 3193 1747 3267 alicuius-legis,
1761 3209 1812 3250 neo
1828 3195 1870 3250 lex
1884 3193 1976 3267 aliqua

339 3314 493 3375 seeundum
508 3312 550 3367 ius
563 3305 739 3372 canonicum,
756 3305 784 3357 et
798 3301 826 3354 in
841 3292 1041 3353 consuetudine
1056 3307 1138 3348 cano·
1173 3285 1294 3344 delenivit
1308 3293 1417 3343 certum
1439 3286 1553 3341 niodum
1566 3286 1644 3356 eius,
1660 3298 1724 3355 ergo
1746 3298 1857 3340 necesse
1872 3291 1929 3354 est,
1946 3291 1977 3340 ut

338 3405 410 3477 nica3
422 3419 485 3462 nam
496 3401 521 3458 in
536 3400 595 3456 iure
609 3394 681 3453 cirili
693 3388 756 3448 nihil
770 3387 823 3445 tale
838 3385 974 3458 reperitur
985 3382 1136 3439 detritum.
1173 3391 1326 3433 consensus
1342 3376 1377 3432 sit
1387 3367 1556 3446 personalis,
1572 3373 1605 3430 ad
1620 3389 1701 3445 quern
1716 3373 1829 3430 scientia
1847 3389 1977 3429 necessa-

338 3495 501 3568 llespondeo
521 3489 555 3548 ad
577 3487 692 3561 priorem
715 3485 831 3552 partem,
847 3492 863 3532 a
884 3473 987 3531 fortiori
1009 3473 1051 3528 ius
1072 3469 1137 3527 illud
1173 3469 1214 3523 ria
1228 3472 1288 3537 eat,
1304 3470 1331 3520 et
1345 3465 1397 3520 hoc
1412 3465 1491 3520 etiam
1507 3463 1671 3519 confirmant
1684 3464 1786 3520 motiva
1800 3463 1902 3534 primae
1917 3465 1977 3534 opi-

340 3580 571 3658 oomprehendere
582 3569 810 3634 consuetudinem
823 3565 990 3622 induetlram
1004 3562 1070 3634 legis
1084 3577 1138 3616 non
1174 3556 1272 3612 rionis.

341 3675 471 3747 scriptae,
488 3671 551 3744 quia
566 3663 655 3740 quoad
671 3663 833 3734 potestatem
847 3663 919 3710 tanta
940 3652 1090 3724 requiritur
1105 3649 1138 3704 nd
1212 3651 1240 3704 9.
1257 3647 1295 3701 dn
1318 3659 1383 3700 uero
1405 3643 1448 3700 hic
1471 3657 1624 3699 consensus
1646 3642 1777 3714 principis
1797 3642 1896 3699 debeat
1915 3657 1977 3698 esse

341 3760 524 3836 abrogandam
546 3758 632 3830 legem
653 3749 794 3824 principis,
815 3745 888 3800 sicut
908 3742 941 3798 ad
963 3739 1138 3796 introducen—
1174 3735 1305 3807 positivus
1320 3740 1348 3788 et
1366 3747 1530 3820 expressus,
1548 3731 1588 3787 vel
1608 3730 1729 3787 sufficiat
1743 3731 1975 3802 interpretativus,

340 3853 407 3910 (lum
434 3852 477 3907 ius
497 3861 598 3904 novum
619 3857 672 3897 non
694 3835 863 3893 contrarium
890 3831 1009 3902 antiquo.
1027 3827 1139 3884 Aliunde
1174 3825 1238 3896 quia
1252 3823 1321 3894 ecit,
1337 3829 1365 3878 et
1379 3822 1492 3891 tolerat,
1508 3821 1550 3877 rel
1566 3837 1619 3876 nan
1635 3820 1761 3893 impedit,
1779 3823 1879 3880 Aulon.
1892 3833 1977 3892 supra

342 3959 407 4002 vero
431 3940 518 4013 magis
545 3930 718 3992 necessarius
743 3924 828 3982 rideri
854 3926 961 3994 poterat
988 3933 1140 3974 consensus
1175 3912 1288 3978 indicat,
1305 3915 1492 3968 necessarium
1507 3926 1567 3966 esse
1582 3915 1759 3981 expressum,
1776 3911 1934 3982 praesertim
1949 3914 1976 3966 in

341 4029 472 4106 principis
487 4026 521 4084 ad
535 4017 741 4097 permittendam
757 4012 961 4070 revocationem
976 4023 1042 4064 strae
1062 4006 1138 4077 legis,
1175 4017 1282 4058 summo
1297 4001 1435 4058 Pontifice.
1453 4002 1486 4057 Et
1506 4006 1595 4072 potest
1609 3999 1738 4072 saraderi,
1754 4002 1819 4072 quia
1834 3999 1978 4057 tolerantia

284 4147 286 4152 ·
342 4137 424 4197 quam
439 4117 473 4176 ad
495 4108 683 4172 inducendum
705 4117 804 4161 nouum
825 4100 884 4170 lus,
900 4101 964 4170 quia
979 4097 1064 4168 magis
1082 4095 1139 4151 elus
1175 4093 1244 4161 sola,
1256 4092 1398 4162 supposita
1410 4091 1533 4161 scientia,
1547 4105 1599 4145 non
1611 4088 1714 4147 indicat
1725 4089 1895 4148 sufficienter
1910 4107 1977 4148 con·

340 4208 475 4269 uoluntati
489 4211 517 4261 et
534 4197 690 4258 auctoritati
710 4193 843 4264 derogare
859 4185 1010 4242 ridebatur.
1028 4185 1063 4240 Et
1081 4183 1140 4238 ideo
1175 4197 1297 4251 sensum,
1312 4183 1376 4253 quia
1392 4180 1478 4236 nrrrlta
1492 4196 1540 4251 per
1556 4179 1712 4251 patientiam
1728 4179 1892 4251 tolerantur,
1905 4197 1978 4253 quac

341 4316 407 4358 cum
421 4294 543 4370 emphasi
559 4289 659 4347 dicitur
671 4285 696 4340 io
713 4281 756 4339 illo
772 4283 860 4350 textu,
873 4275 939 4332 lieet
952 4291 1011 4332 raon
1022 4275 1061 4330 sit
1074 4271 1140 4328 vilis
1175 4288 1227 4329 non
1249 4271 1454 4343 approbantur,
1471 4269 1545 4325 iuxta
1564 4285 1627 4340 cap.
1643 4270 1718 4325 Cant
1734 4267 1926 4337 innodandum,
1944 4271 1979 4327 de

342 4389 504 4460 longaevae
523 4372 746 4437 consuetudinis
760 4367 945 4430 auctorita&
960 4380 1019 4419 tlon
1038 4367 1140 4418 lameri
1175 4359 1324 4435 praebend.
1334 4360 1514 4416 Nihilominus
1529 4357 1557 4415 d.
1567 4359 1683 4414 Thomas
1697 4363 1779 4430 supra
1790 4373 1920 4431 expresse
1931 4360 1978 4416 do·
2069 4401 2077 4406 .

341 4493 403 4536 esse
415 4488 507 4548 aequae
527 4467 602 4525 odeo
622 4455 849 4526 aottroramsor
868 4453 913 4510 vel
933 4455 996 4509 iuri
1013 4455 1140 4526 positivo
1176 4459 1233 4523 cet,
1247 4449 1376 4506 sulllcere
1389 4449 1502 4504 tacitum
1515 4463 1692 4519 consensum3
1705 4452 1734 4503 at
1746 4449 1923 4504 consentiunt
1934 4463 1980 4504 ce-

342 4566 445 4624 debeat
454 4555 673 4638 praeiudicium
686 4562 838 4625 generare,
851 4546 918 4608 arra,
934 4549 1062 4612 almerge
1076 4555 1141 4595 cum
1176 4541 1226 4597 teri
1239 4581 1246 4606 ,
1260 4546 1288 4596 et
1302 4555 1370 4596 ιιιιιι
1385 4537 1499 4610 probat,
1514 4537 1577 4609 quia
1593 4552 1745 4593 consensus
1760 4538 1863 4594 tacitus
1883 4541 1979 4612 aequi·

342 4659 395 4715 hoe
410 4655 445 4712 itti
459 4653 553 4720 detur,
569 4649 592 4703 sl
607 4645 665 4700 illas
679 4641 748 4698 duas
762 4634 930 4694 conditiones
945 4631 1060 4701 habeat,
1077 4630 1140 4686 sinr-
1176 4637 1289 4702 paratur
1303 4643 1449 4699 expresso,
1466 4634 1496 4684 ut
1510 4629 1535 4682 ia
1553 4626 1603 4683 hac
1619 4628 1730 4683 materia
1745 4627 1845 4685 dicitur
1861 4628 1885 4682 in
1906 4627 1982 4684 dicta

341 4746 448 4821 pliciter
458 4739 626 4814 approbatur
639 4729 783 4806 qarodlibet
796 4722 1069 4782 consuetudinarium
1085 4720 1139 4792 lus,
1177 4717 1243 4776 lde
1263 4718 1380 4792 quibus.
1397 4715 1496 4772 Solum
1516 4723 1639 4786 oportet,
1657 4724 1687 4774 ut
1705 4715 1844 4772 moraliter
1859 4722 1981 4786 constet,

342 4835 403 4894 illas
417 4833 487 4890 duaa
501 4827 669 4886 conditiones
685 4819 798 4878 habens-
1176 4808 1348 4865 tolerantiam
1364 4822 1416 4862 non
1431 4821 1491 4862 esee
1508 4811 1615 4861 tautum
1630 4805 1837 4878 permissivum,
1853 4803 1899 4861 sed
1915 4822 1982 4878 ope·

380 4922 420 4981 llrl
431 4922 543 4979 alteram
557 4930 622 4972 rero
633 4917 737 4984 partem
752 4904 853 4962 dieitur
865 4903 892 4958 in
908 4900 1011 4973 primis,
1024 4906 1083 4955 esto
1098 4898 1140 4955 ius
1176 4898 1301 4962 retinam,
1325 4909 1374 4953 seu
1389 4895 1605 4967 approbativam,
1622 4895 1695 4966 quod
1717 4909 1750 4951 or
1765 4895 1981 4952 cirrumsrfflpjg

341 5014 419 5074 ciuile
434 5027 487 5069 non
499 5016 553 5066 tarn
564 5017 692 5077 expresse
704 4997 730 5055 id
741 4991 987 5062 declaraverimus
1000 4994 1088 5045 ιιιιιιιι
1100 5003 1142 5045 ra·
1176 4994 1203 5044 et
1224 5003 1275 5043 usu
1297 4985 1376 5042 tacile
1396 4989 1525 5040 constare
1540 4984 1654 5055 poterit,
1681 4982 1921 5058 inarime-quando
1937 4985 1983 5042 rel

341 5116 464 5176 pugnare
480 5094 569 5172 quoad
584 5092 704 5150 ualerem
719 5081 927 5142 consuetudinis
942 5079 1065 5136 haberitis
1083 5078 1140 5134 illas
1176 5076 1335 5149 approbatio
1348 5080 1391 5130 est
1405 5071 1582 5143 rationabilis,
1597 5071 1639 5127 rel
1656 5087 1705 5144 per
1720 5072 1804 5128 solaro
1825 5074 1984 5145 permissio.

342 5191 522 5256 conditiones,
538 5179 669 5258 quidquid
685 5179 721 5233 sit
734 5174 768 5231 de
782 5171 924 5232 effectibus
939 5170 1017 5239 eiua,
1033 5169 1066 5224 de
1082 5168 1141 5240 qui·
1175 5183 1236 5224 nem
1257 5181 1310 5222 non
1332 5163 1498 5236 sufficienter
1522 5160 1681 5233 providetur
1702 5159 1874 5219 subditorum
1899 5162 1983 5218 saluti

341 5281 394 5340 bus
404 5287 498 5354 postea
511 5271 711 5331 dicemus.lnro
722 5267 747 5324 io
763 5263 864 5322 virtute
876 5261 946 5320 idem
958 5260 984 5316 in
999 5259 1049 5316 bae
1064 5265 1141 5330 parta
1176 5265 1205 5315 et
1222 5253 1391 5326 commodis,
1415 5259 1449 5310 ut
1473 5249 1652 5326 sequentibus
1674 5250 1808 5324 capitibus
1827 5251 1981 5324 explicabo.
