4260 6222
812 365 1070 415 cannrxxxvrr.
1659 347 1720 412 505

119 498 176 548 est.
191 494 261 550 Nam
282 490 421 565 quoddam
442 491 570 548 c'onsistit
591 491 616 547 in
636 467 763 548 a'bsoluta
782 489 928 547 donatione
964 489 1104 546 subditum
1124 489 1184 546 iure
1205 487 1356 562 acquisito,
1370 487 1412 544 vel
1433 488 1471 545 rei
1492 488 1608 546 alicuius
1628 489 1757 547 dominio.

120 597 191 638 cum
213 581 391 638 translatione
409 581 520 638 dominii
533 579 649 636 alicuius
663 581 720 651 rei,
736 579 778 636 vel
793 579 858 636 iuris
872 620 880 652 ,
896 585 929 634 ut
962 581 1077 652 Oportet
1091 585 1198 650 tamen,
1215 584 1247 635 ut
1261 576 1322 634 talis
1337 593 1422 635 causa
1440 576 1474 633 ad
1493 593 1639 635 commune
1654 579 1759 635 bonum

120 685 191 726 cum
209 667 373 728 conceditur
389 675 531 741 castrum,
547 668 591 725 vel
610 671 652 725 ius
670 669 863 742 vectigalium,
880 675 928 724 ant
962 669 1107 743 pertineat,
1122 675 1150 724 et
1163 667 1301 726 moraliter
1314 669 1470 724 necessaria
1484 668 1535 740 sit3
1549 667 1641 723 similis
1655 683 1720 741 ergo
1731 671 1759 724 in

121 761 242 819 alterius
252 761 352 828 tributi
360 803 367 833 ,
384 767 434 818 aut
447 759 599 817 servitutis.
613 758 692 816 atiud
709 775 774 816 veno
787 764 830 814 cst
844 759 926 830 privi·
962 759 1098 832 praesenti
1108 759 1267 831 requiritur.
1281 756 1421 814 Probabile
1432 763 1523 814 autem
1536 756 1599 813 mibi
1610 763 1663 829 est,
1676 759 1703 812 in
1716 773 1762 812 re·

120 850 228 923 legium
252 853 406 924 consistens
426 856 534 907 tantum
553 849 581 905 in
601 849 747 922 facultate,
763 849 804 904 vel
819 847 928 904 licentia
961 850 1106 908 vocatione
1122 847 1205 903 buius
1219 846 1350 919 privilegii
1360 846 1471 919 gratuiti
1481 861 1514 902 er
1527 861 1613 903 causa
1628 845 1757 918 legitima,

122 938 257 1009 operandi
273 938 377 1013 abqnid
391 946 498 1011 praeter
511 953 658 996 commune
667 940 729 1015 ius.
741 937 866 996 &cunda
878 939 928 1010 igi·
962 955 1015 996 non
1030 954 1092 995 esse
1106 936 1290 994 necessariam
1312 936 1610 1008 recompensationem,
1627 940 1654 990 et
1668 935 1759 1008 quoad

122 1035 174 1086 tur
190 1031 303 1086 assertio
317 1031 405 1100 posita
418 1045 471 1086 non
481 1027 642 1101 intelligitur
657 1027 806 1102 procedere
818 1027 928 1084 absolu·
963 1027 1015 1085 boc
1036 1028 1141 1085 firmius
1161 1041 1221 1082 esse
1241 1025 1415 1098 privilegium
1435 1040 1469 1082 er
1482 1031 1629 1082 contractu
1643 1038 1761 1080 oneroso

122 1125 154 1175 te
167 1121 196 1176 in
211 1120 294 1191 priori
312 1135 412 1192 genere
426 1119 646 1190 privilegiorum,
659 1133 723 1174 nam
737 1117 782 1174 illa
793 1117 875 1174 etiam
890 1117 929 1173 ir·
962 1122 1171 1190 comparatum,
1186 1130 1269 1188 quam
1289 1115 1373 1188 grstis
1395 1121 1546 1186 receptum.
1562 1114 1630 1180 Quia
1650 1114 1677 1169 in
1695 1127 1760 1169 one-

122 1207 293 1266 revocabilia
305 1223 368 1265 ease
380 1214 531 1266 censentur
541 1250 549 1279 ,
561 1211 610 1278 per
622 1222 651 1264 se
661 1207 798 1281 loquendo
809 1247 817 1278 ,
829 1213 857 1263 et
870 1208 928 1262 sine
962 1223 1026 1265 roso
1041 1207 1142 1280 obligat
1155 1206 1189 1264 ad
1208 1203 1492 1278 recompensationem
1510 1219 1555 1260 res
1574 1204 1632 1274 ipsa
1650 1209 1762 1274 recepta

125 1295 249 1368 legitima
268 1312 361 1354 causa.
377 1297 419 1354 lta
438 1296 542 1353 docent
560 1296 711 1353 Panormit.
730 1298 795 1353 bec.
813 1294 926 1352 Arcbid.
962 1314 978 1355 a
992 1299 1115 1371 principe
1129 1302 1241 1370 propter
1255 1295 1441 1369 privilegium3
1456 1295 1484 1350 in
1498 1294 1619 1367 gratuito
1638 1308 1703 1349 vero
1717 1307 1761 1347 so-

126 1385 219 1444 Fclin.
235 1393 264 1444 et
276 1387 320 1444 alii
335 1387 361 1443 in
374 1386 447 1442 dicto
461 1402 522 1457 cap.
540 1389 635 1452 Nonii,
653 1392 681 1442 et
695 1384 748 1458 alii,
760 1401 831 1458 quos
844 1385 929 1442 relert
961 1388 1020 1445 lurn
1040 1393 1131 1460 potest
1151 1387 1272 1460 obligare
1292 1385 1405 1442 donatio
1424 1388 1453 1440 et
1472 1383 1601 1441 voluntas
1620 1381 1759 1454 principis:

128 1480 233 1533 Anton.
250 1476 332 1534 Gabr.
348 1475 531 1534 dicta-conci.
551 1477 578 1546 i,
594 1491 622 1532 n.
638 1480 667 1548 e,
681 1481 710 1531 ct
725 1480 750 1531 5.
766 1475 845 1531 Ratio
859 1488 926 1530 vero
962 1478 1105 1536 verisimile
1120 1484 1211 1535 autem
1224 1481 1277 1548 est,
1293 1491 1358 1532 cum
1372 1473 1501 1546 princeps
1513 1473 1598 1544 gratis
1612 1471 1696 1529 donat
1706 1473 1763 1543 pri·

124 1572 182 1637 est,
198 1566 329 1639 quianon
343 1571 432 1639 potest
446 1565 573 1636 princeps
587 1579 639 1621 sno
658 1563 770 1621 arbitrio
782 1570 812 1620 et
829 1563 928 1621 volun·
961 1567 1105 1640 vilegium,
1117 1583 1173 1624 non
1184 1582 1214 1624 se
1224 1565 1343 1640 obligare
1354 1562 1388 1620 ad
1399 1578 1452 1620 non
1464 1561 1661 1634 revocandum,
1678 1561 1761 1616 etiarn

126 1661 183 1712 tate
207 1671 266 1712 rem
286 1671 302 1712 a
321 1655 432 1712 subdito
444 1653 558 1726 tollere,
573 1655 654 1711 cuius
668 1667 762 1711 verum
776 1652 927 1710 dominium
962 1673 995 1715 er
1011 1657 1130 1730 legitima
1143 1671 1242 1736 causa,
1258 1655 1314 1710 sine
1328 1653 1593 1725 recompensatione,
1606 1651 1671 1723 quia
1685 1649 1707 1704 si
1722 1655 1762 1705 ta·

124 1742 224 1816 babet,
237 1759 286 1800 seu
303 1745 345 1800 ins
356 1745 383 1800 in
393 1759 453 1802 eam
463 1742 647 1815 acquisitum,
661 1748 693 1799 ut
703 1742 757 1799 late
768 1757 816 1814 per
826 1744 926 1799 buton.
960 1747 995 1804 lis
1009 1762 1095 1804 causa
1114 1747 1140 1803 ln
1159 1745 1292 1818 principio
1310 1743 1462 1812 extitisset,
1477 1756 1528 1798 nec
1549 1739 1695 1812 donasset,
1711 1753 1762 1794 nec

125 1831 209 1890 Gabr'.
229 1849 314 1905 supra
331 1833 423 1890 conci,
443 1835 477 1904 l,
492 1831 557 1905 qula
576 1831 656 1888 etiam
674 1832 804 1904 princeps
819 1838 928 1888 tenetur
961 1853 1021 1894 rem
1035 1837 1114 1894 aliam
1130 1836 1191 1894 loco
1205 1834 1276 1891 illius
1290 1833 1383 1902 daret,
1396 1831 1461 1903 quia
1475 1846 1528 1886 non
1544 1835 1587 1887 est
1601 1829 1653 1886 boc
1667 1829 1763 1884 intrin-

124 1922 259 1979 iustitiam
278 1937 405 1994 servare,
417 1928 514 1978 utnon
527 1919 631 1978 auferat
646 1935 704 1977 rem
719 1920 804 1978 invito
818 1920 928 1978 domino
963 1941 1059 1984 aecum
1074 1925 1178 1984 liberali
1192 1921 1348 1994 donationi,
1364 1921 1440 1979 sicut
1453 1935 1513 1977 esse
1532 1917 1640 1977 ridetur
1653 1922 1765 1974 contre·

124 2010 331 2069 rationabiliter.
351 2013 387 2068 Et
398 2009 494 2068 eadem
506 2009 611 2066 ratione
625 2025 678 2066 non
692 2015 785 2080 potest
799 2009 928 2081 princeps
964 2016 1023 2073 ctui
1043 2014 1192 2072 includenti
1213 2011 1455 2070 commutationem
1476 2009 1515 2066 rei
1536 2007 1656 2079 adrem,
1672 2008 1714 2064 vel
1728 2009 1765 2064 ad

125 2117 182 2158 suo
201 2099 316 2159 arbitrio
337 2115 469 2157 revocare
488 2097 664 2156 donationem
685 2097 795 2156 subdito
814 2097 927 2170 iactam,
961 2104 1084 2161 laborem
1099 2119 1165 2162 eum
1178 2101 1269 2175 aliqua
1282 2100 1461 2175 aequalitate,
1476 2104 1505 2156 et
1517 2097 1578 2155 ideo
1593 2101 1621 2155 in
1640 2097 1694 2154 boc
1708 2113 1764 2153 non

124 2206 177 2263 per
198 2205 283 2263 quam
302 2191 329 2246 in
350 2189 427 2246 illum
447 2188 597 2246 dominium
618 2188 773 2260 transtulit,
788 2186 856 2244 alias
874 2203 929 2244 non
963 2193 1091 2251 videntur
1104 2207 1215 2250 servare
1229 2189 1447 2259 similitudinem,
1463 2185 1537 2245 'sicut
1550 2187 1576 2243 in
1590 2187 1691 2243 ceteris
1707 2201 1767 2243 ser·

126 2281 228 2338 luisset
239 2279 363 2350 donatio,
379 2279 428 2336 sed
442 2277 640 2350 commodatio,
656 2276 699 2334 vel
711 2279 857 2334 concessio
868 2293 930 2351 prc-
963 2287 1037 2340 vent.
1052 2283 1088 2340 Et
1101 2281 1155 2339 boc
1171 2281 1279 2339 videtur
1293 2280 1410 2337 sensisse
1424 2279 1524 2336 Decius
1538 2279 1566 2334 in
1580 2276 1657 2334 dicto
1674 2277 1765 2348 capite

125 2371 213 2428 caria:
225 2375 333 2426 certum
344 2377 388 2426 est
401 2375 495 2426 autem
509 2383 591 2439 posse
602 2383 665 2424 vere
676 2366 790 2436 donare,
802 2373 831 2423 et
841 2374 929 2423 trans·
962 2374 1059 2434 Noeta,
1076 2388 1104 2428 n.
1123 2375 1150 2446 7,
1162 2371 1246 2428 verino
1260 2366 1471 2444 quartosclls't,
1488 2368 1533 2426 ubi
1547 2367 1613 2424 alios
1628 2365 1724 2439 refert,
1736 2374 1765 2423 et

124 2461 199 2516 lerre
221 2457 371 2516 dominium
391 2459 417 2515 in
435 2457 578 2515 subditum
586 2477 597 2530 3*
608 2473 673 2530 ergo
686 2456 758 2514 iacta
771 2455 927 2528 donatione,
967 2463 1088 2533 exponit.

125 2546 254 2606 succedit
268 2545 407 2619 praedicta
422 2547 549 2620 obligatio
562 2546 695 2604 naturalis
708 2546 845 2616 iustitiae;
861 2559 928 2619 ergo
1005 2555 1050 2608 ιο.
1066 2548 1195 2608 secunda
1215 2549 1298 2621 igitur
1316 2549 1433 2604 assertio
1456 2549 1585 2618 superius
1599 2548 1689 2618 posita
1704 2545 1767 2604 sim·

125 2637 200 2694 idem
214 2639 241 2692 in
255 2636 411 2710 privilegio,
427 2635 537 2710 quendo
552 2651 597 2692 res
611 2651 659 2708 per
672 2635 739 2693 illud
754 2636 929 2693 concessam
964 2639 1070 2713 pliciter
1090 2637 1217 2711 procedit
1237 2639 1264 2694 in
1283 2637 1425 2710 privilegio
1444 2636 1580 2709 gratuito,
1599 2642 1725 2693 manente
1740 2635 1767 2692 in

125 2741 224 2784 verum
240 2725 391 2783 dominium
406 2724 506 2782 subditi
522 2727 656 2782 transivit.
699 2747 703 2754 ·
964 2744 1035 2802 pura
1049 2731 1152 2785 rabone
1167 2728 1316 2801 privilegii,
1332 2726 1358 2782 id
1374 2733 1417 2782 est
1430 2724 1585 2798 facultatis,
1599 2731 1627 2781 et
1641 2724 1767 2781 licentiae

171 2823 196 2876 8.
212 2819 302 2889 utque
322 2816 359 2872 ita
375 2814 445 2872 baec
459 2831 524 2887 pars
538 2815 595 2872 iere
610 2813 692 2872 habet
705 2813 830 2871 eamdem
845 2816 930 2872 ratio·
964 2825 1084 2892 praeter,
1101 2818 1142 2875 vel
1156 2825 1255 2875 contra
1269 2831 1417 2874 commune
1430 2817 1484 2886 ius3
1500 2831 1563 2871 nam
1579 2814 1631 2871 boe
1646 2820 1766 2886 potesta

125 2922 206 2977 nem,
222 2921 305 2980 quam
320 2904 503 2976 praecedens,
517 2906 585 2978 quia
597 2904 677 2961 ctiam
692 2903 801 2961 donatio
812 2910 856 2960 est
868 2905 930 2978 qul·
965 2909 1135 2967 concedente
1147 2907 1272 2965 revocari
1284 2908 1393 2963 omnino
1403 2904 1497 2976 libere,
1509 2910 1536 2961 et
1546 2905 1606 2960 sine
1617 2919 1702 2961 carna
1712 2904 1766 2961 sal·

125 2996 191 3052 dam
214 3001 392 3065 contractus,
413 2995 460 3067 qui
481 3001 630 3066 postquam
649 2999 859 3052 consummatus
873 3000 927 3065 esa,
965 3006 1022 3056 tem
1037 3003 1170 3071 cogente,
1187 3004 1236 3055 sut
1248 2996 1440 3053 necessitatem
1453 2993 1611 3051 inducente.
1629 2996 1670 3050 lla
1683 2992 1767 3066 expli·

127 3084 231 3156 oblt'gttt
250 3085 309 3141 iure
328 3085 448 3157 getulium
467 3091 495 3140 et
516 3083 633 3140 naturali
648 3083 683 3140 ud
700 3099 755 3140 nott
770 3083 929 3141 violandum
965 3095 1030 3146 cant
1050 3102 1145 3146 omnes
1166 3094 1294 3144 auctores
1315 3086 1407 3150 citnli,
1423 3099 1493 3158 quos
1514 3083 1567 3141 late
1588 3085 1727 3155 congerit,
1739 3089 1768 3140 et
1850 3159 1858 3164 .

127 3174 219 3232 illum.
234 3173 311 3231 Unde
331 3173 531 3231 declarationes
551 3172 687 3231 adhibitae
707 3174 733 3230 in
754 3172 930 3246 praecedenti
965 3178 1002 3236 ita
1023 3177 1106 3235 etiam
1126 3176 1245 3249 explicet
1263 3179 1326 3232 Ant.
1342 3177 1414 3248 Aug.
1432 3175 1507 3231 dicto
1521 3189 1583 3245 cap.
1602 3177 1628 3246 l,
1643 3190 1672 3230 n.
1692 3179 1716 3232 1.
1732 3175 1767 3233 tta

127 3271 251 3337 puncto,
266 3264 293 3320 in
308 3263 360 3320 boc
375 3263 561 3320 etinmlocum
575 3262 928 3330 babent-Quianonsolum
964 3267 992 3322 in
1012 3266 1065 3323 boc
1085 3281 1168 3323 sensu
1191 3265 1307 3336 probant
1324 3263 1503 3320 assertionem
1525 3262 1717 3332 consuetudo,
1738 3265 1768 3318 et

126 3353 154 3410 in
169 3352 354 3424 concedente,
370 3351 418 3409 sed
435 3353 517 3408 etiam
535 3351 563 3408 in
577 3366 742 3420 successore
757 3351 825 3408 baec
840 3366 930 3408 asser·
965 3357 1058 3413 omnia
1071 3358 1133 3412 iura
1146 3354 1262 3426 allegata
1276 3353 1301 3408 in
1316 3353 1396 3409 dictis
1411 3354 1520 3424 glossis.
1537 3353 1617 3408 Ratio
1632 3365 1700 3408 vere
1711 3355 1765 3421 est,

126 3443 165 3499 tio
181 3443 272 3500 locum
288 3442 387 3514 babet,
402 3441 512 3515 quiade
530 3441 576 3498 illo
597 3439 723 3513 procedit
735 3439 830 3498 eadem
846 3443 928 3513 ratio,
965 3447 1029 3518 quin
1045 3444 1098 3501 boc
1111 3443 1282 3520 privilegium
1297 3457 1351 3499 non
1367 3442 1463 3499 transit
1473 3443 1501 3498 in
1511 3440 1662 3497 dominium
1673 3439 1768 3496 subdi-

129 3531 229 3588 saltcm
249 3531 353 3588 ratione
373 3529 484 3588 dominii
503 3531 630 3603 acquisiti
651 3530 798 3587 esubdito.
815 3531 930 3602 Oportet
964 3537 1005 3604 ti,
1021 3541 1049 3592 et
1063 3537 1100 3591 ita
1115 3547 1223 3604 semper
1236 3531 1335 3604 pendet
1348 3547 1381 3588 ex
1397 3531 1537 3590 voluntate
1554 3529 1701 3603 principis,
1718 3543 1767 3601 per

127 3629 222 3678 autem
239 3619 411 3693 supponere,
424 3621 547 3692 potuisse
558 3625 760 3678 antecessorem
775 3620 930 3678 absolutam
963 3625 1037 3682 illam
1055 3639 1123 3696 ergo
1142 3627 1233 3695 potest
1246 3621 1384 3680 revocari.
1400 3623 1468 3677 ltem
1482 3621 1548 3693 quia
1562 3619 1626 3676 licet
1639 3619 1767 3691 superior

129 3709 302 3767 donationem
323 3715 351 3766 et
364 3716 525 3782 perpetuam
545 3709 606 3766 talis
620 3711 660 3766 rei
674 3709 782 3784 iacere,
802 3716 931 3782 utsupra
965 3711 1072 3771 auferat
1087 3716 1277 3783 pracceptum,
1290 3716 1383 3782 potest
1393 3709 1493 3766 iterum
1503 3697 1574 3765 ¹illud
1588 3721 1700 3779 ponere,
1714 3708 1767 3763 sic·

129 3800 299 3856 declaratum
322 3803 376 3855 est.
393 3799 427 3854 Et
447 3798 499 3854 bac
520 3798 710 3856 observatione
724 3797 859 3872 adbibita,
875 3815 930 3856 non
965 3807 996 3858 ut
1009 3817 1024 3858 e
1038 3815 1176 3862 converso
1191 3798 1399 3871 poteslauierre
1413 3803 1606 3870 praeceptum,
1621 3795 1695 3868 qnod
1709 3801 1769 3853 ant·

129 3887 238 3944 videtur
254 3887 373 3945 multum
386 3889 540 3944 necessaria
555 3887 693 3960 limitatio,
706 3903 790 3961 quam
802 3889 947 3962 irequen-.
964 3907 997 3946 ea
1009 3891 1115 3962 posuit,
1127 3905 1194 3962 ergo
1211 3888 1306 3945 eadem
1324 3888 1429 3946 ratione
1441 3892 1532 3959 polest
1543 3886 1626 3943 libere
1636 3901 1768 3943 revocare

129 3975 313 4036 terndbibent
328 3976 928 4068 citatidoctores,scillcet,utnssertionop
964 3979 1122 4036 huiusmodi
1145 3975 1332 4050 privilegium,
1359 3978 1424 4050 quia
1443 3976 1512 4032 baec
1536 3977 1676 4032 revocatio
1702 3974 1768 4031 nibil

868 4067 931 4125 vile·
965 4067 1038 4126 aliud
1057 4074 1115 4140 est,
1130 4082 1213 4141 qvmm
1228 4067 1326 4123 iterata
1339 4065 1474 4138 impositio
1489 4063 1614 4122 virtualis
1628 4065 1768 4136 praecepti

129 4161 217 4229 glum.
233 4159 301 4214 Nam
315 4159 338 4213 si
351 4156 504 4214 iurisdictio
517 4155 643 4213 absolute
656 4155 751 4213 donari
766 4163 855 4229 potest
868 4173 931 4231 gra·
965 4159 1042 4230 prius
1057 4156 1176 4226 sublati,
1188 4155 1231 4212 rel
1244 4155 1367 4212 virtualis
1384 4155 1531 4228 probibitio
1543 4155 1618 4226 eins,
1631 4153 1706 4227 qnod
1720 4169 1768 4210 an·

76 4273 83 4282 ·
129 4247 176 4316 tis,
192 4248 266 4303 sieut
283 4261 331 4322 per
342 4245 465 4316 lendum,
477 4246 519 4302 vel
531 4245 612 4302 alium
624 4246 741 4303 similem
752 4254 930 4305 contractum
966 4255 1010 4305 tea
1024 4244 1238 4304 concedebatur.
1252 4243 1329 4302 llnde
1340 4244 1393 4301 boc
1406 4243 1487 4301 modo
1502 4250 1592 4316 potest
1603 4245 1685 4300 etiem
1696 4246 1769 4317 Papa

130 4335 385 4407 potesttrnnsserri,
394 4349 447 4391 non
456 4336 510 4391 erit
520 4334 690 4392 admittenda
701 4339 828 4409 exceptio
839 4337 931 4410 quoad
965 4351 1097 4395 revocare
1109 4334 1352 4407 dispensationem,
1363 4350 1390 4390 v.
1402 4351 1431 4407 g.
1441 4335 1469 4390 in
1480 4334 1664 4402 matrimonio,
1676 4335 1768 4406 prins·

130 4424 210 4481 illum
232 4423 347 4497 gradum
367 4430 395 4481 ct
413 4424 542 4495 modum,
558 4425 584 4481 iu
603 4441 660 4498 quo
674 4425 828 4482 iurisdictio
843 4433 933 4499 potest
966 4442 1050 4500 quarn
1065 4426 1271 4483 matrimonium
1287 4423 1347 4493 liat,
1359 4425 1426 4496 quia
1440 4429 1531 4495 potest
1542 4421 1768 4494 impedimentum

128 4514 250 4570 alienari.
270 4516 299 4571 Si
312 4529 377 4570 vero
390 4515 426 4571 eit
441 4529 532 4571 sermo
543 4513 576 4570 de
588 4513 929 4587 supremainrisdictione,
965 4514 1108 4573 sublatum
1123 4512 1341 4572 restitueretuon
1358 4515 1554 4584 potestantem
1569 4525 1701 4570 revocare
1712 4509 1767 4567 dis·

128 4617 213 4674 quam
232 4617 248 4658 a
271 4619 300 4660 se
321 4619 376 4660 non
396 4609 488 4676 potest
507 4602 633 4659 abdicare
654 4604 781 4677 princeps
801 4611 932 4677 respectu
966 4604 1155 4678 pensationem
1169 4602 1270 4659 lactem
1282 4603 1310 4656 in
1329 4603 1488 4674 vot0,qnia
1501 4617 1555 4657 non
1568 4607 1659 4672 polest
1671 4603 1769 4658 vincu-

128 4690 242 4764 subditi3
258 4693 297 4748 sic
311 4706 407 4748 verum
420 4698 473 4764 est,
489 4691 563 4764 quod
578 4707 626 4764 per
639 4693 828 4750 limitationem
843 4695 932 4750 inten·
966 4695 1024 4752 lum
1037 4693 1096 4750 voti
1110 4706 1256 4764 reparare,
1271 4698 1320 4748 aut
1333 4690 1500 4762 praecipere.
1516 4691 1608 4761 Dices,
1625 4689 1648 4746 si
1662 4691 1766 4762 privile-

128 4779 220 4851 dilurp
236 4780 283 4837 illa
304 4796 370 4838 vero
390 4796 445 4838 non
465 4788 509 4837 est
528 4783 638 4853 propria
652 4781 791 4855 limitatio,
807 4785 872 4857 quin
887 4782 932 4840 illa
965 4785 1042 4856 gum
1062 4782 1116 4838 boc
1136 4781 1187 4837 luit
1205 4779 1325 4852 legitime
1338 4778 1451 4850 datum,
1467 4785 1566 4837 contra
1579 4779 1711 4836 rationem
1726 4781 1766 4836 vi·

129 4885 185 4926 non
208 4875 251 4926 cst
270 4869 397 4942 donatio,
414 4869 462 4927 sed
483 4865 639 4928 commissio
654 4877 780 4944 tanturn,
796 4887 844 4929 seu
858 4871 932 4930 dele·
966 4871 1041 4944 deri,
1056 4870 1272 4928 illud·revoeare
1287 4869 1346 4924 sine
1357 4882 1457 4937 causa,
1471 4866 1598 4940 idemque
1609 4875 1652 4925 est
1665 4869 1699 4925 de
1712 4868 1769 4924 dis-

128 4959 203 5034 gatio
218 4959 428 5032 iurisdictionis,
445 4975 517 5032 quaa
531 4975 640 5032 semper
654 4962 780 5018 revocari
794 4967 893 5032 potest.
966 4959 1142 5034 pensatione3
1158 4974 1223 5031 ergo
1238 4973 1292 5014 non
1307 4963 1398 5029 potest
1411 4954 1536 5012 absoluto
1550 4954 1616 5030 dici,
1629 4972 1769 5028 posse-re·

170 5053 199 5105 e.
216 5048 338 5120 Denique
351 5063 401 5120 per
415 5047 485 5105 banc
500 5050 676 5106 assertionem
691 5065 745 5106 non
760 5047 929 5122 excluditur,
966 5051 1059 5107 vocari
1074 5051 1132 5106 sine
1146 5063 1241 5104 causa.
1252 5045 1429 5119 Respondeo,
1440 5042 1588 5117 dupliciter
1599 5045 1711 5118 intelligi
1722 5061 1769 5103 va·

129 5139 196 5212 quin
220 5153 255 5194 ex
275 5136 395 5211 legitima
414 5153 502 5194 causa
514 5139 602 5210 possit
615 5142 744 5211 princeps
758 5139 812 5195 tale
826 5139 933 5210 privile·
967 5137 1006 5196 let
1018 5137 1085 5195 illud
1096 5152 1197 5212 posse,
1216 5135 1352 5208 primojta
1368 5141 1399 5190 ut
1413 5135 1553 5190 revocatio
1567 5133 1657 5190 valida
1671 5135 1727 5204 bnt,
1741 5142 1770 5193 ct

130 5229 206 5302 gium
225 5242 373 5296 revocare,
390 5228 463 5283 sicut
476 5229 558 5284 etiam
572 5243 605 5284 ex
620 5243 705 5285 causa
718 5234 808 5299 polest
822 5231 931 5299 privare
968 5228 1019 5284 boc
1039 5232 1081 5284 est
1099 5227 1246 5298 praecipue
1263 5225 1414 5294 intentum,
1429 5228 1457 5278 et
1469 5223 1645 5280 convincitur
1661 5226 1768 5280 rationi·

207 5333 590 5388 sunnsz.tteteattoa-1³srstt.
1557 5331 1585 5374 ot
