4260 6222
404 247 466 310 tta
1103 257 1203 308 amsa
1217 256 1293 307 vrri.

364 387 504 462 aridique,
522 394 548 445 et
563 403 624 460 cap.
642 389 794 462 montom
807 386 920 454 Alrlrns,
939 386 972 444 de
987 385 1062 443 oiirc.
1075 384 1163 456 deleg.
1201 383 1353 456 loquendo,
1375 385 1429 441 imo
1443 400 1493 441 nec
1509 385 1696 458 privilegium,
1717 385 1764 444 sed
1778 393 1823 444 est
1838 389 1912 460 quasi
1928 390 1987 446 iusta
2059 419 2060 422 κ

365 479 484 537 Felicia
499 476 710 544 c.Pastorolis,
723 477 735 546 l
746 480 897 550 quoniam,
913 477 946 534 de
961 477 1086 548 rescript.
1098 491 1125 532 n.
1136 480 1162 544 3,
1201 477 1342 544 sententia,
1353 489 1401 530 seu
1416 474 1563 532 declaratio
1578 474 1759 533 sufficientiae
1771 493 1913 548 personae,
1928 478 1987 535 unde

366 567 454 625 fallen.
468 570 600 640 5,Corar.
611 567 636 623 in
651 569 742 625 Pract.
752 583 815 639 cap.
827 571 837 624 l
848 570 872 638 l,
885 574 913 624 et
928 569 1011 624 Sanc.
1023 567 1096 623 dicta
1109 565 1163 622 dis·
1200 565 1244 619 vix
1259 569 1301 618 est
1314 564 1475 619 revocabilis
1489 604 1496 635 ,
1513 565 1562 619 nisi
1576 579 1610 620 ea
1625 581 1722 638 magna
1736 582 1830 623 causa.
1846 569 1874 623 Si
1890 583 1949 623 vera
1961 573 1989 625 sit
2059 569 2060 660 l

366 660 425 728 pul.
439 663 486 728 28,
503 674 530 713 a.
545 661 590 728 lt,
605 657 780 713 nihilominus
792 657 883 730 quoad
899 657 1102 730 privilegiorum
1114 656 1164 713 du·
1201 667 1290 708 sermo
1305 652 1338 708 de
1353 653 1560 725 licentis,prout
1573 652 1673 711 dicitur
1688 656 1721 712 de
1736 654 1869 712 facultate
1881 662 1908 712 ct
1920 659 1988 711 iuris·

365 747 496 802 retionem
518 746 593 802 nulla
613 745 675 802 inde
691 747 779 802 oritur
799 746 958 803 diversitas:
982 762 1044 803 nam
1060 748 1118 802 sive
1139 747 1165 802 in
1200 741 1318 798 dictione
1331 757 1465 799 concessa
1479 740 1512 798 ad
1528 741 1675 800 audiendas
1690 743 1887 813 consessiones,
1900 744 1930 800 de
1945 762 1991 816 qaia

366 833 505 906 privilegio
519 832 781 906 dicatPspa:Sedes
792 834 955 910 apostolica
968 837 1020 892 rtet
1031 837 1086 893 lroc
1098 849 1167 890 con·
1201 832 1300 888 Novar.
1318 831 1452 904 loquitur,
1473 835 1495 888 si
1514 831 1593 889 detur
1611 832 1746 891 indefinite
1761 833 1795 889 ad
1817 849 1991 906 quoscumque

366 921 458 984 cedit,
476 925 533 978 sive
546 922 635 979 dicat:
649 928 712 996 Epo
730 923 871 989 concedo,
890 926 932 981 sel
946 924 1076 991 Paulus,
1094 941 1120 980 r.
1137 941 1165 997 g.
1202 921 1325 978 subditos
1340 907 1529 995 concedentis,
1540 922 1597 978 sinc
1612 923 1748 979 dulrio'est
1762 924 1841 979 lavor
1860 939 1991 996 personae.

365 1012 421 1068 lenc
434 1011 487 1068 tibi
504 1011 653 1078 corrosam,
673 1028 726 1069 non
740 1015 916 1086 extinguetur
930 1014 1100 1087 privilegium
1119 1027 1168 1085 per
1201 1011 1246 1067 cni
1264 1009 1358 1083 datur,
1373 1027 1523 1084 verumque
1538 1011 1728 1085 privilegium,
1750 1013 1830 1068 etita
1847 1014 1935 1068 verius
1950 1020 1992 1079 est,

368 1109 485 1158 mortem
500 1097 686 1159 concedentis.
703 1102 780 1170 Quod
795 1109 838 1159 est
856 1104 1038 1161 clarissimum
1053 1120 1086 1161 ex
1102 1118 1167 1172 usu,
1202 1115 1258 1158 non
1272 1115 1380 1157 cessare
1392 1116 1440 1172 per
1454 1109 1569 1159 mortem
1584 1101 1774 1174 concedentis,
1787 1102 1897 1158 etiamsi
1908 1101 1932 1157 in
1944 1119 1994 1172 prn-

309 1245 318 1260 ,
367 1198 395 1246 ει
407 1207 439 1247 ex
454 1192 561 1249 iuribus
575 1193 687 1262 citatis,
703 1201 732 1248 et
750 1208 783 1249 ex
797 1194 923 1250 omnibus
937 1193 1027 1250 dictis.
1045 1194 1079 1248 Et
1098 1192 1168 1248 ratio
1203 1191 1260 1263 pria
1272 1206 1387 1262 persona
1397 1189 1471 1246 illam
1483 1190 1673 1258 dederitQuin
1684 1188 1747 1247 licet
1758 1189 1824 1247 illud
1842 1190 1992 1262 privilegium

368 1386 422 1426 non
443 1370 556 1427 limitent
569 1370 684 1426 formam
703 1373 889 1428 concessionis
902 1389 934 1429 es
955 1379 1032 1444 parte
1046 1371 1168 1428 duratio·
1204 1371 1384 1442 contentiosi,
1406 1369 1453 1426 sed
1469 1370 1686 1441 poenitentialis,
1706 1369 1739 1426 ad
1754 1368 1831 1442 quad
1848 1385 1900 1424 noa
1914 1377 1992 1425 erten-

368 1461 422 1523 uis,
439 1458 487 1514 sed
503 1459 656 1515 absolutam
671 1459 744 1516 illurn
758 1460 927 1533 relinquunt,
941 1467 968 1517 et
981 1459 1041 1517 ideo
1057 1459 1101 1518 ills
1115 1475 1168 1515 noa
1203 1457 1276 1514 ditur
1291 1459 1383 1532 regula
1397 1459 1442 1514 illa
1457 1457 1489 1516 de
1505 1466 1640 1531 potestate
1655 1458 1791 1530 delegata,
1803 1464 1834 1514 ut
1850 1473 1928 1529 supra
1939 1457 1990 1513 disi.

369 1549 490 1618 obstant,
503 1549 651 1620 quominus
663 1548 794 1620 procedat
806 1550 902 1623 regula
915 1553 1013 1621 posita,
1027 1548 1100 1624 quod
1116 1549 1171 1620 pri·
1205 1549 1387 1620 Supponimus
1401 1555 1490 1606 autem
1505 1551 1532 1606 in
1547 1548 1618 1622 hoc,
1634 1548 1755 1622 regulam
1770 1547 1866 1605 datam
1881 1548 1913 1604 de
1927 1549 1992 1618 priri-

368 1637 494 1709 ailegium
516 1636 641 1693 absolute
661 1653 827 1695 concessum
847 1655 901 1696 nnn
922 1641 1028 1711 expirat
1037 1654 1085 1711 per
1097 1655 1170 1695 mor·
1205 1636 1365 1710 legionunl
1381 1653 1433 1694 noa
1449 1639 1554 1710 expiret
1564 1645 1740 1710 permortem
1755 1636 1940 1708 concedentis,
1949 1653 1990 1694 non

370 1735 424 1784 tem
444 1726 704 1784 concedentis.an
723 1731 792 1785 enim
808 1744 904 1785 rerum
923 1736 981 1797 est,
998 1730 1055 1784 sive
1070 1743 1171 1786 conce·
1205 1724 1312 1782 limitari
1327 1726 1464 1783 ad'solum
1480 1729 1596 1800 Papam,
1613 1728 1655 1784 vel
1670 1743 1830 1799 supremum
1846 1728 1990 1798 principem,
2059 1733 2060 1762 l

369 1817 451 1874 datur
462 1835 477 1873 a
489 1818 631 1891 dignitate,
643 1824 677 1875 ut
690 1819 729 1874 sic
743 1819 844 1889 dicam,
857 1833 904 1875 seu
919 1835 934 1875 a
949 1817 1022 1890 sede,
1033 1820 1090 1875 sive
1105 1834 1170 1875 con·
1206 1814 1293 1872 sedin
1309 1817 1447 1888 episcopis
1462 1817 1561 1888 etiam,
1576 1824 1605 1874 et
1619 1818 1644 1873 in
1663 1817 1884 1889 quibuscumque
1897 1815 1949 1872 aliis
1960 1816 1990 1871 lo

369 1907 485 1964 cedatur
499 1923 515 1964 a
537 1922 665 1979 persona.
677 1908 735 1964 lmo
752 1920 801 1979 pro
820 1907 876 1964 sola
890 1909 1084 1979 concessione,
1099 1923 1170 1981 quae
1206 1921 1270 1963 cum
1285 1905 1385 1963 habere
1400 1907 1492 1980 quoad
1505 1922 1537 1964 ea
1553 1907 1705 1980 privilegia,
1729 1921 1803 1978 quae
1823 1907 1873 1978 ipsi
1893 1915 1990 1977 possunt

369 1999 428 2055 sita
448 2011 582 2070 persons,
603 1997 691 2069 posita
710 2003 753 2054 est
773 1997 815 2054 illa
828 1998 938 2070 regula:
959 2014 1021 2054 uam
1042 2013 1092 2070 pro
1113 1997 1168 2070 illa,
1205 1996 1231 2050 in
1255 2003 1418 2067 perpetuum
1432 1996 1595 2052 concedere.
1613 1995 1688 2064 Quod
1704 1997 1880 2051 verissimum
1895 2011 1988 2060 censeo,

369 2104 441 2162 quae
455 2089 485 2144 lit
499 2105 514 2145 a
529 2087 611 2159 sede,
633 2103 687 2143 non
703 2095 762 2145 erat
776 2091 945 2159 necessaria,
968 2091 1021 2145 imo
1036 2104 1086 2145 nec
1105 2103 1171 2143 con·
1204 2099 1268 2141 narn
1284 2082 1347 2141 licet
1361 2085 1417 2141 iura
1434 2084 1534 2141 clarius
1549 2085 1698 2158 loquantur
1710 2082 1745 2141 de
1761 2085 1905 2156 rescriptis
1920 2086 1990 2154 ponti·

369 2183 502 2251 gruenter
523 2175 668 2248 possibilis,
685 2192 749 2233 cum
764 2176 842 2232 sedes
856 2193 909 2235 non
925 2179 1067 2235 moriatur.
1084 2179 1171 2234 Secns
1204 2173 1383 2247 liciis,tamen
1397 2173 1424 2230 id
1437 2181 1480 2231 est
1493 2174 1582 2248 gratia
1596 2175 1820 2242 materiae3ratio
1834 2189 1899 2230 reru
1913 2171 1988 2230 eaden

370 2273 461 2323 sutem
478 2273 531 2337 est,
554 2265 665 2337 quando
684 2265 810 2322 clausula
824 2264 871 2322 illa
891 2265 998 2322 additur
1012 2266 1045 2322 ad
1066 2267 1171 2323 modiii-
1203 2270 1256 2333 est,
1270 2271 1298 2321 et
1312 2279 1375 2320 cum
1389 2265 1446 2320 iura
1460 2280 1513 2321 nnn
1527 2264 1606 2320 aliter
1620 2263 1838 2335 interpretentur
1855 2264 1989 2320 concessio
2059 2291 2060 2360 p

370 2353 483 2411 eandam
500 2353 709 2410 concessionem
721 2371 753 2411 ex
770 2362 845 2426 parte
856 2354 1009 2412 durationis
1020 2356 1089 2413 eius.
1099 2357 1169 2412 Cum
1204 2368 1266 2410 uem
1279 2354 1506 2424 interiorum,uec
1520 2355 1671 2410 innitentur
1683 2356 1710 2410 in
1722 2353 1769 2409 illa
1785 2353 1987 2410 declarationem
2059 2361 2060 2384 ³

368 2445 439 2501 enim
451 2445 618 2516 Papa,etiarn
633 2444 658 2498 ia
673 2446 784 2515 propris
798 2459 914 2516 persana
925 2446 1092 2514 concedens,
1107 2462 1168 2517 pos·
1203 2442 1314 2514 speciali
1329 2448 1462 2514 potestate
1478 2444 1627 2515 Pontificio,
1649 2443 1696 2500 sed
1712 2444 1737 2499 in
1754 2443 1813 2515 ipsa
1832 2443 1928 2502 ratione
1940 2458 1988 2514 grs-

368 2537 404 2591 sit
421 2534 589 2606 privilegium
610 2533 764 2591 concedere
785 2532 952 2606 dependens,
975 2535 1017 2590 vel
1038 2534 1168 2606 indepeu·
1203 2533 1265 2600 tiae,
1279 2539 1307 2587 et
1319 2531 1430 2600 favoris,
1443 2547 1496 2588 non
1511 2540 1563 2603 est,
1577 2548 1629 2590 cur
1639 2533 1684 2590 illa
1697 2533 1804 2591 decisio
1820 2537 1886 2593 iuris
1899 2533 1929 2590 ad
1942 2533 1986 2587 sals

368 2624 435 2680 dens
449 2626 475 2680 in
491 2639 541 2680 sua
555 2623 701 2679 duratione
716 2639 732 2679 a
747 2625 801 2680 rita
815 2623 1011 2692 concedentis,
1030 2638 1062 2680 er
1077 2640 1110 2680 eo
1124 2643 1168 2682 so·
1203 2622 1343 2694 privilegia
1360 2622 1494 2692 pontilicis
1509 2621 1652 2679 limitetur.

368 2713 516 2786 lnm,rpund
531 2729 564 2770 ex
579 2719 654 2783 parte
667 2711 843 2768 concedentis
853 2713 1022 2789 exprimatur
1038 2729 1166 2790 persana3
1244 2717 1288 2770 10.
1304 2710 1397 2767 Solum
1419 2716 1544 2782 superest
1564 2710 1779 2784 advertendum,
1804 2715 1934 2772 interdurn
1951 2727 1987 2767 oe-

367 2816 421 2858 uon
438 2802 569 2858 limitatur
580 2800 752 2872 privilegium
768 2800 801 2856 ad
817 2804 1026 2859 concessionem
1041 2818 1106 2859 cum
1121 2803 1167 2862 de·
1202 2815 1316 2858 cttrrere
1330 2816 1424 2872 posse,
1441 2807 1472 2858 ut
1491 2801 1515 2857 ia
1531 2799 1619 2858 lorma
1632 2801 1763 2874 privilegii
1781 2813 1899 2876 utraque
1912 2803 1984 2859 deter-

367 2891 510 2961 pendentin
525 2907 540 2946 a
555 2890 609 2946 vita
620 2889 806 2961 concedentis,
817 2889 865 2946 sed
878 2889 1015 2948 indefinita
1027 2901 1131 2963 manet,
1141 2902 1167 2952 ει
1202 2892 1312 2947 minatio
1328 2890 1503 2963 adiungatur,
1519 2897 1547 2946 et
1562 2893 1705 2962 temporis,
1718 2899 1746 2948 et
1759 2892 1921 2964 beneplaciti
1935 2907 1987 2948 con·

367 2978 428 3034 ideo
443 2980 565 3050 sequitur
579 2976 699 3034 iavnrcm
708 2979 863 3050 gratiae,et
875 2979 1088 3052 independenter
1100 2999 1166 3039 con·
1202 2978 1325 3036 cedentis
1340 2979 1364 3035 iu
1381 2981 1490 3052 propria
1505 2995 1635 3053 persona,
1651 2987 1679 3036 et
1695 2988 1760 3037 tunc
1775 2980 1895 3038 dubitari
1910 2995 1985 3053 posse,

368 3083 447 3124 cessa
465 3074 607 3125 censetur:
631 3066 819 3138 quandovero
839 3067 948 3125 additur
967 3068 1117 3127 declaratio
1132 3088 1165 3130 er
1201 3083 1234 3124 an
1250 3069 1420 3142 privilegium
1440 3069 1545 3140 expiret
1560 3085 1608 3140 per
1623 3077 1741 3127 mortem
1759 3071 1944 3140 concedentis,
1958 3072 1986 3125 in-

367 3164 443 3229 parte
457 3156 618 3224 durationis,
635 3157 688 3212 iam
703 3157 832 3214 limitatur
846 3158 946 3232 torma,
957 3165 985 3215 et
999 3157 1060 3216 ideo
1075 3160 1104 3216 tit
1119 3161 1165 3218 dc·
1201 3162 1242 3213 tra
1260 3156 1333 3215 alind
1353 3165 1460 3230 tempus
1474 3158 1657 3232 designatum.
1674 3163 1710 3218 Ut
1724 3177 1750 3215 v.
1768 3177 1797 3232 g.
1815 3163 1837 3216 si
1852 3163 1917 3234 Papa
1934 3176 1986 3216 cna·

368 3246 488 3319 pendens
507 3246 676 3319 privilegium
691 3261 706 3301 a
721 3248 774 3303 vita
788 3246 977 3304 concedentis.
1200 3245 1280 3303 cedat
1305 3247 1474 3320 privilegium
1495 3248 1575 3305 nnius
1594 3250 1674 3320 anui,
1688 3250 1731 3306 rel
1745 3259 1798 3322 pro
1813 3267 1867 3308 uno
1886 3267 1948 3307 sano
1960 3248 1985 3304 al

406 3341 432 3394 9.
454 3338 494 3392 tn
515 3335 567 3392 hnc
588 3350 652 3392 vero
674 3335 798 3393 doctrina
813 3336 920 3394 ridetur
941 3337 1099 3409 discrepare
1113 3339 1165 3396 Na·
1183 3335 1398 3407 -beneplecitum
1419 3353 1516 3403 suum,
1538 3336 1651 3393 dubium
1670 3345 1731 3411 est,
1752 3355 1789 3396 sn
1811 3345 1833 3395 si
1854 3341 1918 3412 Papa
1932 3341 1985 3395 intra
2059 3357 2060 3412 γ

365 3444 425 3484 var.
442 3429 469 3482 in
485 3427 607 3498 Summa,
623 3440 682 3495 cap.
702 3430 750 3494 27,
767 3443 794 3482 n.
811 3431 878 3499 est,
903 3427 928 3482 in
943 3427 1061 3483 editione
1075 3427 1166 3499 hispa·
1201 3440 1299 3481 anuum
1314 3427 1456 3494 moriatur,
1472 3431 1564 3481 cesset
1578 3426 1757 3500 privilegium.
1772 3429 1852 3486 Unde
1871 3431 1942 3486 etiam
1954 3435 1985 3483 est
2059 3439 2060 3442 ’

366 3516 465 3588 na,ubi
481 3517 594 3587 loquens
608 3515 641 3572 de
656 3516 873 3586 praesentatione
888 3516 1076 3590 'religiosorum
1093 3517 1166 3574 iacta
1200 3514 1332 3585 dolitum,
1358 3529 1391 3570 nn
1413 3514 1505 3587 elapso
1518 3530 1608 3586 anuo,
1633 3517 1805 3590 privilegium
1828 3520 1982 3591 extinguatur,

366 3608 496 3678 episcopo
511 3604 544 3661 ad
564 3602 749 3660 consessiones
764 3603 929 3678 audiendas,
944 3603 1018 3662 etde
1033 3605 1166 3676 approba·
1199 3604 1304 3660 etiamsi
1331 3605 1401 3675 Papa
1423 3603 1513 3672 vivat,
1539 3605 1580 3660 rel
1601 3605 1682 3663 duret
1708 3609 1801 3678 quoad
1830 3610 1935 3678 riserit,
1954 3608 1983 3661 nl

367 3699 438 3752 tione
459 3695 534 3767 eius,
559 3709 606 3750 seu
628 3693 735 3749 licentia
755 3693 788 3750 ad
802 3695 991 3751 consessiones
1005 3695 1163 3768 audiendas,
1201 3708 1344 3766 usquequo
1366 3693 1400 3748 ab
1421 3692 1467 3748 illo
1491 3701 1649 3751 revocetur.
1671 3697 1754 3752 Prius
1774 3696 1886 3754 dubium
1916 3697 1983 3768 attigit

367 3783 549 3856 dicit,durare
566 3784 637 3838 illam
655 3782 788 3839 licentiam
804 3790 995 3855 postmortem
1011 3785 1165 3842 conceden·
1200 3783 1299 3839 Antan.
1316 3782 1399 3840 Gabr.
1414 3783 1461 3839 ubi
1482 3799 1567 3856 supra
1582 3801 1609 3840 n.
1627 3789 1674 3856 33,
1689 3793 1718 3842 et
1736 3786 1823 3858 dicit,
1846 3805 1895 3844 nnn
1916 3789 1982 3842 extin-

367 3874 443 3946 tis,si
456 3873 519 3930 data
533 3873 569 3928 sit
579 3873 686 3928 nomine
698 3872 837 3944 dignitatis
848 3874 1022 3945 episcopalis,
1033 3891 1086 3930 non
1100 3889 1165 3931 vero
1200 3874 1262 3944 gui,
1276 3873 1382 3929 etiamsi
1396 3873 1467 3943 Papa
1483 3875 1630 3943 moriatur,
1645 3873 1734 3932 donec
1748 3893 1856 3948 annus,
1871 3893 1914 3932 seu
1932 3883 1981 3930 ten·

366 3964 389 4019 si
403 3963 510 4019 nominc
526 3977 657 4034 personae
671 3961 705 4016 sit
718 3976 861 4030 concesse,
871 3969 898 4018 et
910 3963 980 4020 citat
992 3964 1128 4021 cardinal.
1139 3953 1167 4021 in
1200 3978 1252 4032 pus
1263 3961 1410 4032 praelixam
1422 3963 1540 4032 liniatur,
1549 3964 1675 4036 sequitur
1683 3965 1802 4022 Saucius
1813 3982 1895 4037 supra
1905 3983 1928 4022 n.
1945 3971 1978 4024 tl.

366 4054 498 4109 Clement.
516 4049 649 4111 medum,
670 4048 683 4116 ἕ
701 4055 728 4106 ει
748 4055 774 4107 st
793 4049 897 4119 iidem,
921 4051 955 4109 de
975 4055 1074 4126 sepult.
1090 4070 1118 4127 q.
1139 4062 1161 4113 l.
1199 4057 1228 4107 et
1247 4053 1328 4107 ilenr.
1345 4051 1390 4107 lili.
1409 4055 1435 4109 l.
1451 4052 1484 4108 de
1501 4050 1604 4126 indulg.
1622 4069 1648 4110 c.
1666 4059 1713 4125 tt,
1729 4071 1756 4111 a.
1773 4060 1809 4128 l,
1826 4057 1885 4131 quia
1905 4069 1979 4111 mosas

365 4144 560 4200 Verumtamen
577 4143 676 4196 Narar.
694 4155 748 4195 uon
770 4133 874 4197 ridetur
889 4142 1074 4198 considerasse
1091 4144 1163 4200 illam
1199 4140 1384 4196 concessionis
1398 4145 1454 4196 est:
1467 4142 1595 4199 Concedo
1609 4143 1643 4200 ad
1657 4159 1770 4212 annonas
1783 4156 1812 4202 et
1829 4146 1979 4210 alienasse·
2059 4207 2060 4228 Χ

366 4231 501 4289 licentiam
524 4237 555 4286 ut
574 4231 706 4302 gratiam,
722 4227 965 4303 velprivilegium,
981 4229 1165 4304 sedutpote·
1198 4229 1317 4287 cundum
1341 4244 1428 4286 meam
1450 4229 1627 4288 voluntatem.
1650 4233 1690 4290 Er
1709 4248 1763 4305 qua
1784 4234 1978 4306 interpretatione
2059 4239 2060 4282 ι

365 4329 466 4378 statem
486 4321 652 4391 delegatam.
672 4333 740 4390 quae
759 4333 868 4374 cessare
888 4319 958 4376 solet
983 4335 1031 4392 per
1046 4330 1164 4380 mortem
1199 4321 1321 4390 sequitur
1337 4320 1478 4389 responsio
1496 4319 1530 4376 ad
1544 4319 1693 4377 secundem
1707 4321 1907 4385 dubitationem,
1919 4319 1978 4375 nini

365 4411 562 4483 delegantis‚re
576 4407 748 4480 integra,uisi
763 4407 796 4463 sit
811 4410 919 4464 nomiae
934 4408 1074 4483 dignitatis
1087 4411 1162 4469 lacta
1198 4424 1259 4465 rum
1275 4409 1299 4464 in
1320 4423 1353 4464 en
1371 4423 1437 4464 casu
1453 4425 1507 4465 non
1522 4411 1642 4482 extingui
1657 4411 1848 4485 privilegium,
1863 4413 1930 4482 lapso
1942 4423 1978 4462 aa·

365 4500 508 4572 delegatio.
525 4496 576 4554 Sed
596 4496 640 4552 illa
659 4497 858 4570 consideratio,
878 4509 908 4554 ut
926 4498 996 4572 dixi,
1013 4500 1163 4560 nonhabet
1197 4511 1244 4570 uo,
1260 4503 1287 4554 et
1301 4515 1355 4555 non
1370 4507 1481 4554 mortuo
1496 4497 1677 4569 concedente,
1695 4500 1782 4560 donec
1798 4502 1861 4559 illnd
1876 4505 1974 4558 revocet.

365 4590 458 4647 locum
477 4590 503 4644 in
520 4588 672 4660 praesenti,
694 4601 745 4643 nec
761 4595 834 4644 reete
848 4588 1001 4659 applicatur
1015 4589 1047 4646 ad
1062 4590 1162 4649 dictam
1198 4589 1288 4657 Putet,
1314 4591 1378 4660 quia
1393 4603 1487 4645 sensns
1503 4589 1689 4644 concessionis
1704 4590 1769 4663 luit,
1786 4597 1818 4647 nt
1830 4590 1929 4647 daretur
1940 4601 1977 4657 per

364 4680 513 4738 licentiam.
526 4676 602 4746 Quod
617 4683 712 4747 postea
726 4677 833 4734 ridetur
846 4679 946 4734 Narar.
964 4679 1160 4755 considerasse,
1197 4692 1313 4749 aunum,
1338 4685 1366 4734 et
1388 4677 1516 4749 deinceps
1540 4677 1606 4735 dum
1625 4679 1737 4738 duraret
1754 4681 1891 4752 voluntas,
1912 4681 1976 4735 itant

365 4776 394 4826 et
416 4769 477 4826 iden
500 4767 543 4823 illa
562 4767 645 4822 rerlra
668 4767 694 4820 in
720 4765 800 4822 latina
824 4767 941 4824 editione
960 4769 1061 4826 omisit.
1083 4773 1161 4827 Ratio
1197 4767 1271 4840 prior
1288 4766 1395 4826 duratio
1413 4773 1487 4824 esset
1506 4769 1583 4840 quasi
1605 4767 1974 4848 absolutnetindependensn
2059 4769 2060 4772 ’

363 4875 429 4917 vero
443 4866 495 4931 est,
507 4857 570 4931 quia
584 4857 604 4910 si
621 4857 654 4911 sit
668 4871 759 4912 sermo
773 4856 806 4912 dc
822 4855 942 4930 licentio,
952 4873 1022 4930 qnae
1034 4874 1106 4915 nunc
1121 4868 1163 4918 est
1197 4858 1252 4914 rita
1270 4858 1465 4927 concedentis,
1485 4872 1538 4914 non
1561 4863 1650 4914 tamen
1664 4865 1737 4915 esset
1750 4861 1870 4931 praecise
1886 4857 1974 4915 delinita

364 4949 518 5006 necessaria
532 4963 565 5003 ex
579 4945 1050 5018 decretoconcilii,quaesalumest
1063 4963 1162 5021 appro·
1196 4948 1229 5004 ad
1251 4944 1316 5003 illud
1339 4953 1460 5020 tempus,
1481 4946 1529 5003 sed
1549 4948 1704 5006 continuari
1725 4959 1816 5021 posset
1836 4950 1885 5008 alio
1899 4946 1971 5014 modo,
2059 4993 2060 5016 ,

363 5034 664 5110 peloponnenses
679 5034 832 5091 etaetatis
848 5042 1006 5106 perseverat
1016 5045 1079 5109 post
1090 5055 1162 5096 mor·
1196 5037 1301 5094 scilieet
1321 5051 1385 5095 cum
1407 5038 1588 5112 dependentia
1603 5054 1618 5096 a
1634 5041 1688 5098 vita
1706 5046 1734 5099 et
1748 5041 1908 5116 beneplacito
1921 5053 1972 5096 can·

367 5133 424 5188 um
442 5125 633 5202 approbantis,
649 5125 711 5200 quio
724 5140 779 5183 aon
792 5130 833 5184 est
848 5124 999 5198 delegatio,
1014 5127 1161 5222 formaliter
1198 5127 1330 5189 cedentis.
