4294 6238
420 292 483 360 300
963 381 968 390 Ι
1106 306 1291 388 ¹nussrnuu.

379 435 431 510 do,
445 436 529 494 verba
542 435 587 495 illa
606 451 661 494 oon
679 440 744 494 sunt
758 433 784 492 in
803 432 958 506 decisione,
976 429 1063 490 sedin
1081 431 1181 506 allega·
1216 441 1272 492 tam
1288 432 1442 509 absurdus,
1458 441 1491 495 ut
1510 452 1565 496 non
1584 437 1709 498 videntur
1723 438 1921 501 admittendus.
1936 443 2014 519 Quis,

380 528 453 584 tione
469 527 569 599 portis,
585 533 683 584 contro
698 541 780 598 quarn
794 541 880 582 causa
898 523 1006 580 definita
1019 529 1080 596 est,
1094 528 1126 578 ui
1145 539 1178 578 ex
1217 531 1346 597 utsupra
1360 526 1479 598 ostendi,
1491 529 1605 588 involvit
1618 533 1826 603 repugnantiam
1839 533 1908 589 baec
1925 533 2016 591 condi·

382 623 458 674 textu
472 622 592 673 constat.
600 617 689 672 Tertio
700 615 733 672 ibi
742 631 796 672 non
812 615 1022 686 interponuntur
1032 613 1079 670 ills
1093 611 1177 668 rerba
1215 617 1263 672 tio.
1280 616 1349 683 Quia
1369 617 1390 672 si
1411 616 1456 674 ills
1475 625 1549 676 esset
1568 623 1738 691 necessaris,
1760 609 1902 696 nunquam
1925 631 2015 694 posset

381 706 415 764 ad
430 706 643 780 insinuandum,
660 705 820 764 seutentiam
834 707 860 762 io
875 703 1091 762 contradictorio
1106 700 1176 759 iudi·
1215 706 1301 777 prims
1318 709 1453 765 sententis
1463 709 1533 765 iuste
1549 710 1664 782 proferri
1679 728 1729 783 pro
1744 711 1956 782 consuetudine,
1969 731 2016 772 seu

380 798 423 854 cio
436 812 498 855 esse
517 797 697 854 necessariam
715 796 748 853 ad
764 797 1021 868 praescriptionem,
1040 794 1091 849 boc
1108 794 1180 848 euim
1215 794 1367 852 secundum
1387 795 1471 853 illum.
1486 800 1545 854 buo
1563 815 1629 872 ergo
1643 802 1667 856 in
1687 801 1732 858 illa
1746 801 1804 876 legs
1825 803 2016 875 distinguenda

380 891 436 944 tam
455 887 528 944 clare
548 887 645 944 laisum
666 895 722 959 est,
737 893 769 943 ut
789 890 842 942 nod
862 887 898 942 sit
917 883 1081 954 verisimile,
1098 882 1181 940 iniisse
1216 883 1281 940 mihi
1295 884 1432 942 videntur:
1446 901 1533 943 srnum
1547 895 1601 958 est,
1615 891 1690 962 quod
1705 889 1879 948 consuetudo
1891 893 1927 947 sit
1942 892 2017 963 plene

381 974 540 1049 allegatum,
554 975 601 1032 sed
617 975 706 1034 solum
721 975 754 1031 ad
770 973 953 1048 probandum,
965 974 1048 1030 talem
1062 988 1179 1028 consue·
1214 973 1388 1046 introducta,
1404 983 1432 1032 ct
1450 993 1531 1032 suum
1547 979 1674 1036 ellectum
1689 980 1755 1037 iuris
1770 981 1885 1053 babeat;
1902 981 2017 1039 alterum

380 1064 503 1137 tudinem
511 1082 563 1121 non
577 1065 745 1122 sufficienter
756 1064 864 1137 probari
876 1080 909 1120 es
922 1064 964 1119 bis
975 1062 1093 1132 indiciis,
1106 1076 1176 1134 quae
1214 1070 1269 1134 est,
1285 1064 1361 1138 quod
1375 1065 1436 1121 talis
1450 1068 1622 1126 consuetudo
1638 1070 1672 1127 sit
1686 1071 1871 1149 irrevocabilis
1886 1088 1920 1130 ex
1934 1073 2017 1130 virtu·

380 1170 445 1228 pars
464 1154 577 1213 adverso
592 1157 616 1210 in
637 1156 708 1212 illius
727 1155 911 1227 probationem
933 1153 1086 1212 induxerat.
1104 1151 1181 1208 Unde
1214 1159 1257 1222 le,
1273 1160 1302 1210 et
1315 1155 1484 1212 ordinatione
1502 1157 1572 1213 illius
1592 1158 1668 1232 legis.
1685 1161 1726 1217 id
1741 1163 1862 1234 primum
1876 1178 1944 1236 ergo
1965 1177 2016 1217 noo

374 1248 566 1303 Panormitam
580 1246 615 1302 ibi
629 1244 848 1310 num.13.dicit,
862 1244 1031 1302 contrarium
1047 1243 1136 1322 polius
1147 1257 1181 1300 ex
1214 1241 1370 1314 postulatur
1382 1244 1482 1330 duplex
1495 1250 1640 1318 sententis,
1653 1257 1680 1306 et
1695 1250 1747 1308 boc
1764 1259 1816 1322 est,
1829 1253 1907 1324 quod
1923 1252 1957 1309 nd
1969 1269 2016 1308 nos

381 1334 428 1392 ilio
443 1343 519 1392 textu
534 1335 634 1410 colligi.
644 1335 806 1408 Exemplum
819 1340 922 1404 autem,
935 1331 1008 1406 quod
1022 1331 1118 1390 Glossa
1134 1329 1181 1386 nd·
1214 1338 1338 1403 spectat,
1356 1333 1391 1390 ud
1411 1335 1565 1393 secuudum
1580 1347 1672 1396 autem
1695 1341 1801 1399 videtur
1822 1343 1975 1414 postulari,
1990 1351 2017 1398 ct

381 1425 458 1482 ducit
472 1441 505 1483 ex
519 1425 537 1481 l.
553 1428 644 1498 siquis
658 1423 735 1485 alio.
755 1423 820 1480 nibil
834 1423 867 1480 ad
881 1439 941 1480 rem
955 1429 1126 1493 praesentem
1140 1420 1180 1477 lo·
1214 1421 1305 1494 quoad
1317 1421 1369 1478 boo
1382 1423 1490 1480 videtur
1501 1426 1639 1496 peculiare
1651 1429 1715 1486 illud
1727 1431 1769 1486 ius
1781 1430 2016 1504 llispsniae,quod

381 1516 430 1585 cit,
445 1521 501 1572 tum
517 1517 582 1588 quia
596 1515 633 1570 ibi
648 1531 702 1571 non
717 1522 760 1571 est
774 1529 864 1570 sermo
878 1514 912 1571 de
926 1511 1123 1570 consuetudine
1137 1513 1179 1567 iu·
1215 1525 1248 1565 an
1264 1513 1301 1567 sit
1314 1511 1341 1566 iu
1357 1527 1421 1582 usu,
1436 1520 1464 1570 et
1479 1516 1618 1586 quomodo
1634 1518 1837 1591 intelligendum
1854 1523 1903 1590 sit,
1920 1523 1954 1579 ad
1970 1539 2016 1578 nos

381 1605 432 1676 ri„
446 1603 493 1660 ,ep
509 1605 543 1663 p,
558 1605 774 1677 praescriptione
786 1606 937 1667 servitutis,
952 1610 1009 1660 lum
1024 1603 1102 1659 etiam
1118 1603 1181 1674 quio
1215 1615 1287 1656 nnuc
1299 1617 1353 1656 noo
1368 1602 1556 1672 pertinebitis
1571 1613 1663 1664 sutem
1675 1625 1772 1666 sensus
1785 1611 1865 1668 lacile
1876 1627 1912 1668 ex
1928 1612 2016 1672 serbis

381 1708 437 1750 Μ
455 1699 497 1750 „p
517 1695 620 1767 ,impe3
638 1695 671 1752 pp
691 1697 762 1751 enim
784 1709 837 1751 nnn
858 1694 1025 1764 explicatur,
1039 1691 1180 1766 quomodo
1215 1687 1280 1760 legis
1292 1689 1449 1762 colligetur,
1460 1709 1530 1764 quac
1541 1695 1580 1751 sic
1592 1695 1704 1753 babent:
1720 1700 1754 1755 Si
1769 1700 1900 1774 populus
1920 1701 2015 1759 decens

382 1785 543 1856 acquiratur
569 1787 688 1841 servitus
714 1784 928 1856 praescriptione
938 1801 958 1856 ,·
968 1781 1016 1839 sed
1042 1780 1180 1856 quomodo
1215 1778 1261 1836 vel
1275 1783 1380 1852 cipinti
1393 1785 1482 1838 unnls
1496 1781 1742 1858 aliquidfecers't,
1759 1793 1869 1848 sciente
1884 1789 2011 1859 donnino,

379 1888 434 1928 non
449 1875 602 1942 amittatur3
619 1881 648 1930 et
662 1872 761 1934 dicitur
775 1889 829 1928 nou
851 1874 938 1930 amitti
953 1887 1001 1942 per
1015 1888 1069 1927 oon
1085 1887 1178 1940 usum,
1215 1873 1243 1924 et
1264 1886 1323 1926 non
1342 1871 1572 1940 contradicente,
1588 1885 1730 1949 polerunt
1750 1878 1856 1938 delude
1877 1881 1910 1936 ld
1929 1881 2015 1939 libere

344 1980 349 1996 ¹
380 1961 491 2036 quando
506 1965 617 2019 occasio
632 1962 693 2019 eius
708 1978 761 2018 noo
775 1962 909 2028 occurrit,
922 1961 968 2018 sed
983 1961 1031 2017 luit
1044 1975 1117 2018 mere
1134 1975 1178 2016 ue·
1205 1956 1322 2030 socero.
1339 1961 1410 2016 llaec
1425 1970 1467 2018 est
1482 1965 1567 2034 prims
1582 1981 1664 2036 pars,
1680 1969 1705 2022 in
1720 1985 1775 2040 qua
1790 1970 1823 2027 ad
1840 1971 1884 2028 ius
1899 1987 2015 2030 consue·

380 2053 487 2126 gotinus
501 2058 530 2109 et
544 2067 598 2108 nou
613 2051 774 2126 privativus,
787 2058 819 2108 ut
833 2050 902 2107 inira
916 2048 1057 2107 tractando
1073 2047 1107 2106 de
1122 2049 1180 2120 pri·
1215 2049 1316 2104 tudinis
1331 2049 1394 2105 nibil
1414 2049 1487 2107 aliud
1504 2054 1670 2122 postulatur.
1687 2057 1785 2114 Deinde
1806 2075 1873 2115 vero
1895 2060 2012 2118 additur:

379 2141 542 2214 vilegiorum
564 2141 707 2198 omissione
728 2141 808 2197 latius
828 2138 1036 2212 explicabimus.
1058 2139 1093 2194 Et
1112 2137 1178 2211 quin
1213 2143 1252 2195 nt
1267 2136 1339 2194 talis
1355 2141 1534 2198 consuetudo
1548 2143 1734 2203 obseruando
1746 2151 1948 2221 inposterum
1961 2157 2008 2218 est,

380 2231 448 2288 bsec
470 2233 582 2287 occasio
603 2232 696 2288 sciendi
716 2229 861 2303 aliquando
883 2245 936 2286 non
957 2229 1104 2292 occurrit,
1127 2227 1178 2283 nisi
1212 2227 1305 2284 eibos
1326 2226 1426 2284 eodem
1440 2235 1570 2304 tempore
1584 2235 1672 2290 tusto
1684 2235 1878 2308 praedictam
1897 2257 2013 2299 conserte·

381 2322 458 2394 prius
478 2319 580 2392 aliquid
602 2327 749 2392 operetur,
766 2319 827 2387 ideo
842 2319 876 2374 ibi
894 2317 1010 2388 dicitur,
1025 2323 1087 2373 oute
1108 2315 1177 2373 banc
1212 2315 1345 2374 tudinem
1356 2317 1398 2374 bls
1410 2319 1694 2393 iudicalnnssuerit.
1706 2328 1777 2384 llaec
1791 2342 1858 2401 ergo
1870 2338 1916 2390 est
1930 2332 2013 2386 alters

381 2410 556 2470 occasionem
568 2425 620 2466 uon
634 2409 722 2466 amitti
731 2409 1012 2478 servitutempropter
1023 2407 1111 2462 solum
1123 2422 1177 2462 non
1213 2423 1286 2478 pars,
1303 2407 1328 2463 iu
1350 2423 1405 2480 qua
1420 2410 1472 2465 iam
1486 2427 1541 2466 non
1561 2412 1676 2486 dicitur,
1693 2415 1775 2472 libere
1796 2434 1879 2489 posse
1900 2420 1926 2477 id
1947 2423 2011 2492 deri,

381 2517 474 2572 usum,
490 2501 566 2574 quod
582 2501 697 2557 maxime
712 2500 736 2555 io
751 2497 930 2555 servitutibus
945 2496 1056 2554 urbanis
1071 2497 1176 2553 contin·
1212 2494 1259 2552 sed
1275 2499 1385 2554 omnino
1403 2498 1604 2556 observandum
1620 2502 1646 2557 iol
1660 2518 1735 2576 esse,
1751 2512 1779 2561 et
1793 2507 1825 2561 ad
1842 2507 1895 2564 boc
1910 2511 2013 2580 specia-

377 2593 428 2666 git,
445 2597 478 2648 ut
491 2590 608 2647 babetur
622 2606 655 2648 ex
669 2589 689 2646 l.
701 2591 775 2647 boec
788 2593 899 2650 unum.
916 2587 942 2644 ll.
956 2586 990 2644 de
1004 2588 1097 2642 servii.
1113 2587 1173 2643 urb.
1211 2583 1272 2641 liter
1286 2587 1442 2657 postulatur
1458 2588 1504 2645 illa
1518 2591 1640 2648 secunda
1655 2593 1787 2652 conditio.
1804 2597 1838 2654 Et
1860 2596 1905 2654 bic
1920 2615 2012 2656 sensus

379 2679 474 2754 praed.
486 2681 547 2736 inde
568 2696 634 2754 ergo
655 2680 719 2737 nibil
739 2679 830 2751 colligi
852 2683 941 2749 polest
961 2676 993 2732 de
1014 2678 1177 2733 necessitate
1212 2677 1298 2749 magis
1309 2676 1495 2735 declarabitur
1507 2695 1540 2736 es
1552 2680 1676 2752 dicendis
1689 2691 1746 2741 tum
1758 2688 1784 2740 in
1796 2691 2012 2760 praesenti,tum

378 2770 607 2829 contradictionis
622 2770 753 2838 alterius,
769 2768 930 2838 praesertim
945 2767 971 2820 in
985 2765 1096 2821 iudicio.
1210 2765 1236 2819 in
1252 2781 1314 2838 cup·
1329 2768 1396 2824 XV!-

415 2858 686 2919 rnusuunuumex
699 2854 1053 2916 lcumdeconsuetudine
1063 2871 1176 2926 respon·
1238 2859 1277 2918 ,6.
1295 2855 1334 2911 lld
1350 2865 1481 2930 quartum
1495 2875 1528 2914 en
1544 2861 1651 2918 ratione
1666 2871 1806 2936 sumptum
1818 2870 2009 2938 respondetur,

377 2951 439 3022 deo,
455 2951 491 3006 ibi
506 2950 594 3006 solum
610 2950 679 3018 dici,
695 2948 728 3004 ad
744 2945 953 3019 explorandam,
968 2952 996 3001 et
1011 2945 1175 3017 probandam
1211 2945 1244 3000 ad
1266 2963 1403 3002 srrmmum
1426 2948 1542 3019 probare
1570 2954 1774 3009 sententium-in
1801 2960 2011 3016 contradictorio

377 3039 609 3098 consuetudinem
620 3039 737 3096 mulium
752 3039 865 3109 relerre,
878 3037 899 3092 si
915 3035 1059 3108 aliquando
1070 3035 1096 3091 in
1111 3051 1178 3092 con·
1212 3035 1311 3092 iudicio
1323 3038 1449 3104 conlerre
1461 3038 1493 3094 nd
1507 3042 1695 3110 probationem
1707 3047 1929 3120 consuetudinis,
1941 3058 1968 3106 et
1981 3051 2010 3106 ad

376 3130 538 3188 tradictorio
560 3129 661 3186 iudicio
683 3129 788 3185 lirmnta
807 3130 859 3200 sit,
875 3133 904 3183 ei
925 3127 983 3199 ideo
1003 3126 1055 3182 boc
1077 3126 1177 3182 esseio
1212 3125 1332 3180 notitiem
1351 3126 1427 3198 eius,
1443 3129 1519 3210 quod
1534 3129 1611 3186 lacile
1630 3134 1819 3191 concedimus.
1835 3137 2011 3196 Nihilominus

377 3221 471 3295 primis
493 3206 684 3291 spectandum.
700 3216 777 3286 Quod
797 3233 857 3274 esse
879 3222 969 3289 potest
989 3231 1101 3288 verum,
1122 3232 1176 3272 uon
1213 3220 1301 3272 lamen
1318 3222 1379 3274 oute
1399 3217 1472 3274 illam
1492 3224 1657 3276 sententium
1676 3230 1718 3280 cst
1743 3240 1806 3281 sera
1826 3230 2008 3300 consuetudo,

375 3312 440 3385 quin
452 3310 512 3368 talis
524 3310 702 3367 sententiasit
713 3308 868 3392 necessaria
879 3305 912 3362 sd
925 3307 1065 3363 veritatem
1073 3313 1100 3362 et
1111 3322 1177 3363 con·
1212 3305 1267 3361 imo
1278 3304 1344 3360 dum
1355 3307 1528 3366 consistorio
1540 3317 1581 3366 est
1592 3311 1616 3366 iu
1631 3313 1698 3382 lieri,
1712 3330 1764 3371 non
1776 3324 1869 3387 potest
1882 3320 1941 3376 telis
1953 3337 2009 3377 seu·

376 3401 586 3459 summationem
601 3399 824 3470 consumudmis'
841 3397 889 3454 „d
903 3398 967 3469 qu„
980 3397 1014 3454 ,p
1028 3397 1101 3454 ipsu,
1115 3413 1177 3468 pso.
1213 3396 1296 3451 tentis
1312 3393 1410 3451 babere
1421 3397 1513 3453 locum
1525 3413 1559 3454 ex
1570 3401 1594 3454 si
1608 3403 1827 3476 consuetudinis,
1841 3415 1876 3465 ut
1889 3409 1940 3466 iaus
1952 3427 2008 3482 pro·

377 3492 514 3548 irationem
530 3487 648 3546 multum
664 3497 755 3560 potest
768 3486 1109 3552 conlerre.0uutto,sliter
1125 3487 1176 3559 legi
1211 3483 1282 3539 bavi.
1296 3485 1362 3540 ltem
1378 3493 1439 3541 autc
1454 3491 1615 3546 sententium
1633 3493 1780 3561 procedere
1791 3494 1876 3553 debet
1890 3501 2008 3568 probatio

376 3588 480 3638 textum
494 3579 572 3636 illum
586 3578 722 3650 negative,
738 3577 854 3644 scilicet,
870 3575 987 3632 multum
1004 3574 1117 3647 reterre,
1133 3592 1175 3632 an
1211 3573 1434 3646 sulliciens3ergo
1447 3575 1503 3631 sine
1515 3580 1644 3635 sententia
1658 3587 1818 3651 potestesse
1831 3589 1943 3644 moralis
1954 3605 2007 3645 eer-

375 3686 435 3728 non
449 3666 680 3724 contradictorio
694 3664 795 3737 utiquo
809 3663 921 3721 indicio
935 3663 1175 3736 conterretudoflr-
1210 3662 1296 3719 titudo
1317 3662 1350 3718 de
1370 3665 1499 3736 qualitate
1512 3673 1541 3723 ei
1562 3669 1728 3728 sufficientia
1741 3677 1949 3734 consuetudinis
1969 3682 2005 3735 in-

375 3762 461 3816 moto
474 3761 526 3824 sit,
545 3763 573 3812 st
591 3755 629 3811 sic
644 3763 687 3811 cst
708 3770 752 3810 res
766 3755 885 3823 clarior,
902 3769 964 3808 nam
980 3753 1046 3808 baec
1067 3754 1173 3826 negotio
1211 3751 1365 3818 troductne,
1380 3755 1433 3810 imo
1444 3764 1572 3827 respectu
1584 3775 1690 3828 eorum,
1707 3764 1756 3835 qui
1771 3781 1822 3819 non
1836 3776 1954 3836 possunt
1964 3785 2006 3841 per

375 3847 530 3904 necessaris
549 3859 609 3899 esse
625 3849 717 3914 potest
730 3842 763 3898 od
783 3842 939 3898 firmitatem
954 3842 1173 3916 consuetudinis,
1209 3858 1238 3898 se
1254 3841 1364 3899 modum
1378 3845 1584 3903 consuetudinis
1598 3851 1760 3922 expendere,
1776 3855 1900 3915 sulliciet
1915 3861 2005 3931 probs·

376 3938 440 4010 quia
462 3950 509 4006 per
529 3933 692 3989 sententinru
713 3931 806 3990 datam
827 3938 925 3988 contra
947 3933 1173 3990 cousuetudinem
1209 3931 1271 3988 bilis
1290 3932 1436 3990 doctorum
1458 3936 1555 4006 opinio.
1572 3939 1640 4004 Quin
1656 3942 1745 4011 potius
1766 3947 1830 4001 satis
1846 3961 1909 4003 esse
1931 3953 2004 4006 unius

300 4065 301 4070 ,
376 4026 607 4097 interrumpitur,
631 4023 673 4079 vel
695 4029 785 4079 cessat
806 4021 990 4093 praesumptio
1012 4023 1086 4078 taciti
1107 4039 1173 4079 con·
1210 4023 1303 4092 gravis
1318 4021 1442 4079 doctoris
1458 4028 1635 4082 assertionem
1651 4033 1844 4090 censuitBsrt.
1858 4035 1885 4092 in
1900 4039 1927 4095 d.
1941 4039 1958 4095 l.
1973 4037 2004 4096 de

374 4133 474 4174 sensus
501 4112 666 4187 reipublicae
686 4118 735 4168 aut
755 4111 890 4183 principis.
921 4110 974 4166 Sed
995 4111 1068 4182 prior
1091 4111 1172 4170 lectio
1197 4110 1332 4182 'quibns‚
1351 4128 1378 4184 q.
1394 4117 1423 4184 l,
1439 4121 1466 4168 et
1482 4115 1557 4170 multi
1571 4131 1668 4187 graves
1684 4127 1811 4178 auctores
1826 4127 1917 4183 secuti
1932 4137 2003 4199 erint,

374 4213 503 4266 censetur
516 4219 657 4277 germana,
673 4217 755 4274 quam
771 4201 828 4256 aliis
842 4202 922 4257 etiam
936 4199 1022 4258 modis
1033 4209 1173 4273 exponunt
1209 4200 1431 4274 quosdiligenter
1443 4203 1670 4264 relertllasoord.
1684 4209 1717 4265 de
1730 4211 1837 4281 probat.
1849 4230 1931 4273 conc.
1942 4221 2002 4286 426,

374 4298 409 4356 p),
419 4296 514 4356 prom
527 4303 555 4352 ep
569 4294 710 4356 doctores,
727 4297 758 4347 ut
772 4291 797 4346 in
811 4291 849 4346 eis
864 4288 949 4347 videri
965 4295 1064 4362 potest.
1208 4297 1236 4346 et
1250 4292 1364 4348 Saucius
1376 4291 1420 4348 lib.
1436 4295 1461 4349 i.
1472 4292 1507 4350 de
1521 4299 1655 4352 matrim.
1669 4297 1739 4370 disp.
1753 4303 1796 4372 li,
1807 4319 1834 4359 n.
1847 4306 1957 4373 8.Quod
1968 4307 2003 4362 in·

415 4393 441 4446 5.
453 4385 494 4444 Ad
510 4385 623 4443 tertium
633 4395 665 4438 es
681 4381 739 4452 lege
751 4381 987 4460 Hispaniae,circn
998 4379 1071 4437 illam
1085 4384 1170 4438 nostri
1209 4381 1384 4452 telligeodum
1397 4388 1454 4453 est,
1471 4381 1621 4441 dummodo
1637 4385 1680 4443 olii
1695 4405 1747 4445 non
1762 4396 2004 4466 contradicente

373 4481 535 4549 interpretes
546 4474 680 4543 laborant,
693 4478 721 4526 et
735 4469 844 4542 quidam
856 4478 992 4526 conantur
1004 4471 1075 4528 illam
1091 4472 1173 4528 inter·
1209 4477 1275 4528 tunc
1288 4472 1371 4526 etiam
1388 4471 1478 4526 verius
1491 4479 1535 4528 est
1550 4476 1662 4546 requiri,
1681 4486 1712 4534 ut
1726 4480 1768 4536 vel
1783 4481 1889 4555 plures,
1905 4493 1932 4542 et
1947 4501 2002 4558 gro·

374 4568 475 4641 pretari
489 4565 522 4621 de
537 4561 762 4637 praescriptione,
775 4559 823 4616 sed
838 4558 921 4631 male;·
933 4569 991 4616 tum
1005 4562 1069 4633 quia
1080 4569 1172 4633 aperte
1207 4575 1255 4615 ses
1265 4560 1394 4616 doctores
1406 4561 1431 4616 in
1447 4560 1492 4618 illa
1503 4566 1653 4620 assertione
1664 4569 1891 4642 conveniant,rel
1904 4575 2002 4633 dictum

372 4658 496 4730 loquitur
513 4653 547 4710 de
567 4649 785 4718 consuetudins,
801 4655 832 4705 ut
852 4647 1038 4706 consideranti
1060 4651 1170 4722 patebit,
1210 4651 1291 4706 unius
1306 4649 1363 4706 aliis
1383 4651 1514 4721 gravibus
1533 4655 1702 4710 coniecturis
1723 4657 1881 4717 adiuvetur.
1900 4666 1932 4721 Ei
1954 4664 2002 4719 lor·

372 4745 526 4804 tumeliam
547 4741 610 4816 quia
629 4742 709 4796 etiarn
729 4739 755 4794 iu
776 4738 989 4811 praescriptione
1010 4738 1035 4795 id
1057 4756 1110 4795 non
1129 4747 1173 4798 est
1208 4748 1280 4796 tasse
1294 4740 1318 4796 iu
1335 4739 1387 4796 boc
1399 4756 1482 4796 sensu
1498 4741 1847 4817 voluitrsxapnonsusin
1863 4750 1934 4809 dicta
1948 4754 2001 4824 lb,

370 4851 483 4902 serum,
506 4832 549 4889 vel
569 4831 649 4887 babet
669 4827 792 4885 eamdem
815 4828 1017 4885 difficultatem.
1033 4829 1084 4885 atii
1107 4845 1171 4886 sero
1207 4829 1276 4886 duas
1290 4830 1438 4886 sententias
1450 4831 1603 4887 concordes
1621 4831 1655 4889 od
1666 4837 1859 4897 certitudinem
1871 4849 1899 4899 st
1910 4844 2000 4914 probs·

370 4927 508 4992 latentur,
523 4937 556 4978 en
571 4921 630 4976 iure
645 4918 754 4991 speciali
769 4919 911 4990 Hispaniae
926 4934 986 4974 esse
1000 4921 1171 4976 necessarias
1207 4920 1306 4975 tionem
1319 4917 1379 4972 talis
1393 4919 1604 4976 consuetudinis
1618 4923 1758 4998 sufficere,
1771 4929 1809 4984 its
1824 4937 1958 4989 utcontra
1971 4933 1998 4989 il-

369 5015 439 5074 duss
454 5013 600 5069 sententias
614 5010 641 5066 in
654 5008 867 5066 contradictorio
883 5007 994 5076 iudicio,
1009 5015 1039 5065 ut
1053 5024 1170 5066 consue·
1206 5007 1245 5063 les
1263 5005 1380 5076 amplius
1396 5007 1513 5063 iudicari
1528 5025 1580 5065 non
1596 5014 1699 5084 possit,
1715 5031 1766 5072 nec
1780 5019 1868 5075 maior
1882 5023 1998 5092 probatio

370 5103 439 5162 ,udo
460 5103 594 5158 mmm„
610 5101 650 5156 ῃ,
668 5099 775 5172 purges
795 5096 829 5152 dn
850 5098 912 5168 Psz,
933 5097 959 5152 in
982 5097 1000 5154 l.
1018 5102 1041 5156 l.
1063 5101 1167 5164 Tauri,
1206 5113 1255 5168 pro
1270 5095 1467 5153 consuetudine
1487 5098 1629 5169 postulari.
1646 5102 1725 5168 Quod
1740 5107 1831 5177 potuit
1846 5113 1944 5181 optime
1963 5111 2000 5166 in·

367 5211 397 5252 n.
409 5195 475 5254 tlt.
490 5189 542 5248 Sed
561 5189 627 5246 licet
640 5188 722 5246 verba
741 5186 848 5245 litterae
868 5183 994 5258 lassant,
1009 5201 1107 5245 seusus
1128 5194 1172 5246 est
1207 5186 1298 5259 stitui,
1311 5183 1374 5242 licet
1384 5184 1410 5242 in
1421 5186 1481 5242 iure
1493 5190 1633 5247 communi
1644 5189 1752 5252 iundsri
1762 5209 1814 5252 non
1831 5199 1998 5270 possibilem
