4260 6222
860 417 965 466 carna
980 376 1080 467 xxxx.
1684 402 1750 462 455

179 549 277 594 actum.
292 573 326 582 -
339 545 364 595 8.
379 544 511 596 Resotntio
523 544 601 594 hirtus
618 543 701 594 dubii.
715 572 750 580 -
762 543 789 594 9.
802 543 858 606 ipsa
872 543 951 592 torma
989 543 1104 610 tionem,
1118 547 1143 598 et
1157 541 1215 597 ideo
1230 539 1390 612 explicando
1403 540 1521 610 integras
1534 541 1710 610 mutationes,
1726 559 1791 598 cum

179 616 352 666 concessionis
377 623 416 664 cst
441 616 535 678 optima
561 615 651 676 regula
681 613 713 664 ad
740 613 951 676 dignoscendum,
989 629 1393 702 promnion,decpmppmpup
1410 629 1544 700 pappule&

178 685 283 748 q¹¹³⁰d⁰
304 686 759 748 1111111131111111111111111111111111111·
1028 723 1054 774 3.
1073 721 1100 772 ln
1117 721 1169 772 hoc
1194 733 1260 790 ergo
1282 719 1369 788 capite
1391 718 1483 774 dicere
1505 719 1653 788 incipimus
1674 718 1707 775 de
1724 737 1791 790 pura

990 815 1142 862 cessatione
1164 807 1304 878 privilegii.
1327 807 1417 863 lduitis
1440 816 1530 862 autern
1550 810 1684 879 contingit
1706 811 1791 864 arraitti

190 898 215 953 l.
234 894 435 952 Declaravimns
451 897 556 966 omnin,
571 913 642 969 quae
661 896 736 952 circe
759 895 951 966 substantiam,
989 896 1161 967 privilegium
1183 896 1286 968 alisque
1308 899 1414 951 actione
1437 896 1491 951 ulla
1512 899 1639 952 contrarii
1665 913 1793 954 corrum-

142 987 317 1056 varietatem,
336 1003 447 1056 causas,
462 995 489 1042 et
503 987 617 1043 ellectus
631 986 837 1057 privilegiorum
856 999 954 1057 oppur-
990 987 1087 1054 pentis.
1102 988 1280 1042 Declaratur:
1292 1002 1354 1040 nam
1366 986 1410 1041 hic
1421 989 1606 1058 corruptionis
1619 989 1717 1042 modus
1730 1003 1792 1059 per·

144 1082 215 1132 tuna
227 1077 285 1131 visa
295 1083 370 1146 sunt,
384 1075 519 1147 reliquum
531 1083 585 1144 est,
598 1085 629 1132 ut
642 1075 674 1132 de
687 1075 793 1132 illorum
806 1075 953 1131 mutatione
990 1074 1082 1130 venire
1096 1075 1165 1132 solet
1175 1092 1209 1134 ex
1219 1076 1330 1133 delectu
1344 1077 1461 1132 alicuius
1474 1091 1574 1133 causae
1590 1079 1789 1145 conservantis,

144 1180 180 1220 ac
196 1164 384 1221 destructione
401 1165 656 1222 dicamusdonstat
671 1167 755 1236 eninr,
772 1163 909 1234 privilegia
922 1178 954 1219 eo
989 1165 1015 1218 in
1034 1166 1172 1238 privilegio
1188 1173 1280 1222 autem
1296 1167 1389 1238 piures
1404 1183 1503 1222 causae
1518 1175 1704 1240 concurrunt,
1716 1174 1744 1225 et
1756 1169 1793 1226 ita

146 1253 301 1326 ipso,quod
318 1253 375 1310 iura
385 1253 504 1310 hnmana
515 1254 738 1323 sunt,mutabilia
750 1261 859 1324 esse,et
870 1268 956 1324 quan·
991 1253 1143 1311 secundum
1164 1254 1276 1312 modum
1297 1271 1446 1312 cansarum
1461 1262 1577 1329 possunt
1591 1258 1618 1312 iai
1634 1257 1705 1312 mot'i
1720 1259 1793 1314 rnul-

147 1344 251 1399 tunrvis
268 1343 358 1415 aliqua
370 1352 503 1415 perpetua
513 1344 653 1415 dicantur,
667 1345 757 1400 omnin
769 1359 848 1414 posse
864 1343 954 1414 aliquo
991 1343 1116 1426 tiplicari.
1131 1346 1170 1400 Ex
1186 1344 1226 1400 liis
1242 1361 1307 1401 vero
1320 1345 1374 1400 duc
1387 1355 1451 1400 sunt
1463 1347 1542 1412 certi,
1556 1347 1664 1402 scilicet
1674 1363 1707 1403 ex
1717 1355 1792 1418 parte

147 1433 232 1489 inodo
249 1432 362 1502 aboleri,
374 1449 406 1490 ac
420 1433 573 1502 destrui‚ut
589 1449 672 1504 snpra
684 1449 745 1504 cap.
756 1435 800 1488 lli.
810 1432 880 1488 etv.
895 1434 957 1488 atti·
991 1433 1110 1502 iornrae,
1123 1450 1171 1489 seu
1187 1437 1234 1506 qui
1247 1436 1282 1501 ¹ad
1298 1435 1370 1490 iliam
1384 1435 1536 1500 reducitur,
1549 1442 1619 1491 etex
1636 1444 1712 1508 parte
1725 1454 1793 1495 cau-

146 1524 366 1596 gimos,etnunc
381 1526 505 1580 exactius
516 1521 725 1596 explicabimus.
737 1526 795 1581 Noa
809 1530 955 1579 astantem
991 1541 1037 1582 sae
1060 1526 1161 1596 anatis,
1178 1541 1210 1580 ax
1233 1533 1310 1595 parte
1330 1541 1395 1580 vero
1416 1541 1516 1582 cavisse
1535 1525 1679 1582 efficientis
1693 1545 1737 1583 res
1752 1537 1794 1585 est

147 1613 196 1669 hic
222 1613 321 1670 modus
336 1615 493 1670 mutationis
510 1631 581 1671 unus
597 1623 718 1685 tantum,
739 1613 785 1669 sed
805 1612 954 1683 multiplex,
990 1621 1184 1682 controversa,
1208 1622 1235 1671 et
1255 1615 1371 1670 sortasse
1392 1631 1445 1670 non
1460 1617 1631 1684 necessaria,
1649 1622 1678 1672 ut
1692 1617 1794 1674 videbi·

146 1721 215 1760 cum
230 1705 301 1760 enirn
315 1703 650 1776 privilegiumsitbumana
663 1703 779 1775 lex,iere
796 1718 890 1758 cnvnes
901 1718 959 1758 mo·
991 1721 1069 1771 nius,
1089 1721 1150 1760 nam
1167 1705 1199 1760 de
1213 1702 1254 1759 his
1270 1705 1356 1759 tribus
1368 1719 1492 1776 agemus.
1507 1707 1543 1760 lie
1553 1704 1684 1762 desitione
1698 1715 1792 1764 autem

147 1794 201 1850 dos
222 1795 377 1851 mutationis
393 1795 503 1866 recipit,
518 1810 588 1866 quoe
603 1793 645 1850 lex
661 1793 789 1862 humana,
804 1791 838 1848 de
853 1791 956 1864 quibus
991 1810 1024 1851 ex
1039 1801 1114 1865 parte
1135 1796 1274 1864 materiae,
1288 1810 1339 1849 nen
1353 1795 1601 1868 oportebitdicere,
1615 1799 1679 1868 quia
1692 1796 1794 1869 duplex

146 1901 183 1940 ex
199 1884 321 1956 prolesso
338 1883 382 1940 lib.
393 1884 438 1940 vt.
457 1883 585 1940 diximus.
602 1885 681 1940 Nunc
697 1898 762 1938 vero
776 1897 808 1937 ex
825 1881 857 1937 ibi
875 1879 957 1938 dictis
992 1885 1105 1940 materia
1127 1891 1216 1955 potest
1228 1886 1255 1940 in
1272 1881 1411 1955 privilegio
1423 1883 1603 1958 considerari,
1617 1901 1670 1942 una
1684 1893 1726 1943 est
1738 1903 1794 1944 ma·

146 1976 349 2045 supponimus,
374 1975 551 2031 mutationem
572 1971 703 2044 privilegii
724 1973 810 2027 instar
830 1969 957 2046 physicae
992 1976 1079 2044 teria,
1097 1975 1173 2031 eirca
1194 1990 1293 2047 quam,
1309 1981 1337 2030 et
1357 1965 1487 2045 mutatio,
1502 1990 1573 2047 quae
1595 1977 1698 2032 ratione
1720 1976 1793 2033 illius

146 2064 309 2120 mutationis
327 2063 403 2120 circa
416 2078 473 2119 rem
488 2063 705 2134 praeexistentem
718 2061 835 2117 versari:
849 2075 881 2116 ac
894 2074 957 2130 pro·
991 2065 1134 2135 provenire
1159 2071 1262 2136 potest,
1281 2065 1425 2121 reducitur
1446 2064 1479 2121 ad
1500 2080 1613 2122 cansam
1640 2066 1791 2140 formalem,

146 2152 212 2208 inde
237 2145 410 2228 privilegium
431 2161 499 2210 tunc
520 2153 621 2210 mutari
639 2151 762 2221 dicitnr,
782 2148 893 2222 quando
908 2149 958 2204 luit
992 2153 1035 2210 vel
1052 2155 1169 2222 finalem,
1185 2155 1388 2227 utexplicab03
1404 2155 1510 2211 aliaest
1530 2159 1641 2214 materia
1665 2159 1794 2214 subiecti·

146 2242 286 2312 validum,
305 2250 333 2298 et
346 2242 409 2299 talis
422 2241 571 2314 qualitatis,
581 2241 624 2297 vel
639 2242 847 2314 quantitatis,et
862 2245 958 2310 postea
994 2259 1044 2312 va,
1062 2251 1093 2299 ut
1106 2250 1148 2298 est
1162 2259 1287 2314 persona,
1301 2244 1341 2300 vel
1355 2259 1416 2315 res,
1429 2252 1551 2317 quaeest
1566 2246 1720 2302 subiectum
1739 2247 1794 2319 pri·

149 2333 349 2405 substantiam,
369 2333 410 2388 rel
427 2335 621 2404 proprietatem
636 2331 839 2388 mutavit.lt'am
854 2332 877 2384 si
892 2344 958 2384 con·
993 2331 1092 2404 vilegii,
1109 2340 1136 2388 et
1149 2333 1183 2389 de
1198 2335 1265 2402 hac,
1278 2339 1414 2405 qnatenus
1426 2334 1596 2406 privilegium
1611 2335 1735 2392 desinere
1747 2352 1795 2409 po·

150 2425 256 2497 tingat,
278 2425 450 2496 privilegium
466 2440 481 2479 a
496 2422 627 2494 principio
642 2436 702 2478 esse
716 2421 837 2491 nultum,
854 2418 895 2475 vel
910 2419 959 2474 im·
993 2429 1048 2478 test
1070 2421 1103 2478 ad
1122 2421 1281 2478 desitionem
1301 2422 1434 2494 subiecti,
1457 2424 1521 2480 satis
1536 2423 1641 2481 dictum
1655 2433 1697 2481 est
1711 2440 1794 2497 supra

150 2514 250 2586 pediri,
271 2523 318 2572 aut
332 2513 476 2585 suspendi,
493 2530 525 2570 ne
542 2518 688 2584 operetur,
704 2510 749 2567 illa
763 2526 818 2566 raon
831 2509 883 2565 erit
899 2524 958 2565 mu·
994 2511 1069 2568 ciroa
1087 2511 1243 2568 divisionem
1260 2510 1392 2584 privilegii
1408 2512 1433 2567 in
1449 2512 1521 2569 reale
1536 2521 1563 2571 et
1576 2515 1729 2586 personale.

149 2604 221 2660 tatio
237 2603 379 2676 privilegii,
390 2603 436 2660 sed
452 2602 572 2672 nullitas,
586 2602 627 2659 vel
643 2601 770 2670 irritatio,
784 2608 831 2656 aut
845 2614 959 2670 snspen-
1033 2605 1060 2658 i.
1075 2602 1183 2657 Primus
1197 2616 1263 2672 ergo
1277 2601 1373 2657 modus
1385 2603 1538 2658 amissionis
1550 2604 1721 2677 privilegiiex
1734 2589 1795 2677 par-

150 2694 194 2748 sio
212 2695 369 2765 anticipata,
384 2685 417 2749 tle
430 2692 542 2765 quibus,
558 2698 585 2746 et
598 2691 631 2746 de
644 2692 736 2746 causis
751 2705 857 2758 earum,
875 2687 960 2759 expli·
994 2699 1021 2746 te
1031 2689 1134 2746 lormne
1154 2692 1284 2760 sumitur,
1297 2697 1394 2763 estque
1406 2707 1453 2762 per
1465 2695 1595 2762 temporis
1610 2693 1728 2764 lapsum.
1744 2697 1794 2762 Qui

150 2782 243 2840 cando
264 2797 363 2839 causas
385 2789 414 2838 et
432 2782 547 2839 effectus
567 2780 698 2853 privilegii
712 2779 817 2836 dictum
832 2785 891 2850 est3
914 2777 958 2833 bic
995 2781 1091 2839 modus
1118 2797 1170 2838 non
1192 2781 1272 2837 babet
1292 2782 1383 2838 iocum
1404 2783 1430 2838 in
1446 2782 1585 2855 privilegio
1600 2791 1750 2856 perpetuo,
1766 2793 1796 2842 ot

151 2888 222 2945 ergo
236 2872 270 2928 de
285 2873 396 2943 proprie
410 2871 560 2928 mutatione
576 2877 737 2928 tractamus.
994 2886 1080 2943 supra
1097 2871 1150 2928 dixi
1162 2891 1168 2927 :
1181 2873 1208 2927 in
1220 2870 1361 2948 privilagio
1375 2879 1466 2928 antem
1482 2873 1623 2944 temporali
1637 2882 1679 2930 est
1690 2874 1794 2948 clarus,
1878 2927 1884 2942 ,
1902 2881 1904 2892 “
1983 2849 1989 2860 1

194 2967 222 3019 2.
238 2961 312 3030 Quae
332 2961 413 3018 dividi
428 2966 517 3033 potest
532 2960 617 3030 primo
631 2961 659 3016 in
674 2958 800 3027 totalem,
815 2964 844 3016 et
861 2957 959 3029 partia·
992 2967 1021 3018 et
1033 2963 1087 3017 iuri
1108 2967 1306 3018 consentaneus
1318 2962 1343 3016 in
1360 2977 1422 3032 cap.
1436 2965 1599 3030 Berensis,
1614 2961 1647 3019 de
1659 2963 1734 3020 oilie.
1748 2963 1796 3020 de·

152 3051 224 3108 iem:
241 3067 289 3123 per
306 3053 425 3123 priorem
438 3056 527 3107 totum
543 3048 732 3122 privilegium,
748 3055 777 3104 et
789 3047 910 3105 totaliter
926 3062 958 3103 ac
994 3049 1046 3124 leg.
1068 3057 1096 3106 et
1119 3051 1144 3106 in
1160 3051 1178 3107 l.
1200 3055 1277 3128 2,et
1292 3055 1324 3122 t,
1340 3052 1371 3108 G.
1389 3050 1422 3107 de
1438 3053 1542 3123 precib.
1559 3053 1716 3124 imperator.
1733 3054 1797 3110 clle-

152 3141 267 3196 omnino
294 3140 482 3212 extinguitnr3
510 3155 558 3210 per
583 3139 764 3211 posteriorem
787 3144 879 3194 nutem
903 3151 958 3194 non
995 3156 1053 3196 ren.
1069 3145 1096 3197 et
1111 3141 1178 3198 ratio
1190 3139 1213 3196 id
1226 3143 1374 3198 convincit.
1387 3143 1454 3200 Nam
1465 3141 1634 3216 privilegium
1647 3145 1796 3216 temporale

153 3229 282 3301 omnino,
304 3228 350 3285 sed
366 3245 399 3286 es
414 3236 490 3301 parte
505 3229 675 3301 privilegium
691 3229 812 3296 tollitur,
826 3227 897 3284 tande
914 3243 960 3300 ge·
993 3231 1112 3298 dicitnr,
1132 3231 1207 3304 quod
1222 3231 1255 3287 ad
1270 3231 1411 3287 delinitum
1424 3240 1531 3304 tempus
1542 3231 1715 3307 conceditur3
1729 3249 1795 3308 ergo

153 3321 274 3376 neratim
293 3318 439 3376 diminutio
455 3318 587 3390 privilegii
602 3316 656 3374 dici
674 3322 775 3389 potest.
792 3317 960 3389 Comparan-
995 3336 1107 3379 neeesse
1124 3328 1168 3377 est
1181 3321 1265 3392 finiri,
1279 3321 1350 3376 linito
1365 3321 1490 3391 termino,
1507 3324 1571 3394 quia
1584 3327 1694 3393 cessat,
1709 3329 1738 3379 ut
1752 3325 1793 3379 sic

157 3418 206 3468 tur
227 3416 320 3466 autem
342 3409 392 3465 hae
410 3408 482 3465 duae
498 3410 664 3464 mutationes
678 3409 751 3463 sicut
765 3407 879 3478 privatio
893 3407 961 3461 inte-
994 3410 1101 3480 dicam,
1122 3409 1241 3466 inlluxus
1262 3425 1363 3466 causae
1383 3411 1586 3480 conservantis,
1610 3411 1732 3482 scilicet,
1748 3428 1796 3467 vo·

154 3516 218 3574 gra,
238 3515 308 3573 quae
323 3500 349 3556 in
364 3500 480 3556 termino
495 3512 601 3571 semper
614 3503 656 3554 est
670 3496 775 3567 eadem,
792 3496 856 3568 quia
871 3501 960 3552 toturn
996 3499 1087 3556 luntas
1103 3499 1298 3568 concedentis,
1314 3500 1424 3571 quaein
1440 3500 1580 3574 privilegio
1595 3503 1683 3558 inesse
1700 3516 1796 3557 cense-

154 3607 219 3647 esse
239 3589 374 3656 destruit,
386 3597 414 3645 et
425 3587 546 3659 partialis
558 3627 566 3658 ,
578 3603 648 3659 qnae
663 3584 816 3643 secundum
827 3584 903 3640 varta
913 3598 960 3639 ac·
997 3597 1042 3648 apr
1064 3597 1194 3662 tanquam
1219 3591 1245 3645 in
1260 3591 1357 3661 signo,
1373 3594 1400 3644 et
1415 3589 1475 3647 ideo
1490 3589 1581 3648 solnm
1595 3590 1692 3662 durat;
1710 3606 1795 3664 quan-

155 3678 275 3735 eidentia
293 3679 350 3734 lieri
365 3684 465 3748 potest.
478 3678 535 3733 liae
547 3682 704 3733 autemnon
716 3674 855 3744 obstante,
871 3675 961 3729 variae
996 3686 1054 3736 tum
1077 3681 1107 3760 iq
1124 3679 1263 3751 privilegio
1285 3678 1466 3751 significatur,
1483 3679 1523 3736 vel
1549 3686 1623 3738 certe
1639 3679 1684 3754 iet
1700 3681 1754 3738 lere
1770 3683 1795 3738 in

157 3775 223 3825 sunt
245 3768 412 3824 ιεειειὶεεεε
433 3765 548 3836 ιειεΙεε,
564 3781 614 3822 εεε
634 3763 835 3823 destructiones
852 3763 960 3835 privile·
996 3768 1066 3826 idern
1081 3767 1167 3841 redit)
1180 3769 1246 3842 quia
1261 3769 1421 3840 aprincipio
1435 3769 1530 3826 datum
1541 3770 1592 3826 luit
1605 3770 1656 3826 sub
1671 3770 1716 3827 illa
1730 3785 1796 3828 con·

156 3859 267 3929 giorum
284 3862 404 3928 exparte
419 3854 580 3926 modorum,
593 3870 642 3912 seu
654 3869 820 3924 causarum,
832 3869 847 3910 a
858 3851 960 3925 quibus
995 3857 1110 3932 ditione,
1123 3865 1155 3916 ut
1172 3857 1217 3915 illo
1232 3853 1355 3929 tempore
1369 3858 1503 3932 liniretur,
1516 3865 1544 3916 et
1558 3858 1595 3915 ita
1607 3875 1660 3916 non
1673 3860 1722 3917 luit
1733 3877 1796 3933 pro·

156 3945 323 4019 procedunt.
343 3948 436 4002 Potest
448 3947 519 4001 enirn
534 3944 801 4017 privilegiumielnti
816 3945 959 4015 corrumpi
995 3947 1129 4018 ductum,
1146 3947 1196 4003 nisi
1217 3963 1282 4004 cunr
1303 3946 1348 4003 iila
1368 3947 1527 4019 duratione3
1542 3955 1571 4006 et
1588 3949 1624 4006 ita
1638 3949 1682 4006 hic
1697 3950 1795 4008 modus

157 4037 244 4094 instar
267 4035 383 4094 aliorum
402 4033 606 4107 accidentium,
626 4035 668 4091 vel
687 4050 780 4091 rerum
795 4033 962 4105 corruptibi·
982 4031 1122 4109 ‘provenit
1135 4051 1168 4093 ex
1185 4042 1260 4108 parte
1275 4036 1396 4110 lorraae,
1412 4037 1475 4110 qnia
1491 4037 1602 4094 limitata
1615 4037 1667 4095 luit
1681 4038 1714 4095 ad
1729 4045 1796 4096 tem·

157 4125 244 4194 lium,
262 4125 403 4198 autquasi
418 4124 782 4196 abintrinseeo,etspnnte
797 4139 858 4194 sua,
875 4137 960 4195 quana
995 4143 1063 4199 pus,
1079 4126 1120 4184 rel
1136 4141 1283 4200 expresse,
1302 4127 1345 4183 vel
1363 4128 1585 4200 aequivalenter,
1602 4135 1633 4186 ut
1646 4127 1752 4202 dicam,
1768 4136 1796 4186 et

157 4231 260 4273 vocare
277 4231 425 4287 possumus
441 4231 538 4286 puram
553 4215 725 4271 amissionem
746 4213 896 4308 privileqii,
912 4220 961 4271 aut
995 4221 1034 4276 ita
1053 4219 1104 4275 luit
1125 4234 1140 4272 n
1161 4218 1484 4290 principioimperlecta,
1499 4216 1649 4275 attendero
1664 4219 1793 4276 cessavit.

156 4320 208 4378 per
228 4307 394 4362 contrariam
417 4304 570 4376 actionem,
592 4319 663 4377 quae
684 4320 745 4362 esse
763 4311 854 4376 potest
868 4305 909 4362 vel
922 4304 962 4360 in·
995 4311 1089 4382 Neque
1105 4308 1134 4364 in
1148 4308 1201 4365 hoe
1216 4309 1340 4364 occurrit
1350 4307 1514 4380 difficultas,
1526 4308 1573 4365 sed
1586 4308 1670 4366 videri
1682 4315 1797 4382 possunt

158 4396 279 4452 trinseca
300 4395 385 4466 ipsius
401 4393 559 4467 privilegiati
569 4433 577 4466 ,
589 4409 659 4467 quae
671 4394 723 4452 diei
737 4393 808 4451 solet
818 4396 962 4451 renuncia·
998 4415 1082 4470 supra
1096 4396 1170 4455 dicta
1184 4397 1217 4455 de
1233 4398 1371 4470 privilegio
1386 4398 1527 4471 temporali
1538 4439 1546 4472 ,
1559 4404 1587 4456 et
1597 4415 1668 4471 quae
1680 4399 1706 4456 in
1717 4400 1796 4456 simili

159 4485 197 4542 tio
220 4484 370 4558 privilegii,
386 4482 429 4540 vel
448 4483 561 4540 alterius
576 4485 720 4542 extrinseci
734 4487 857 4558 agentis,
871 4491 900 4542 et
915 4499 962 4541 ro·
995 4489 1048 4546 dixi
1062 4498 1129 4545 tom.
1152 4493 1178 4545 5.
1195 4486 1337 4546 tractando
1350 4487 1384 4545 de
1397 4489 1576 4560 suspensione
1586 4489 1620 4546 ad
1633 4497 1742 4562 tempus
1757 4488 1796 4546 la·

159 4574 270 4631 cabitur
289 4573 445 4645 revocatio,
462 4589 510 4630 seu
525 4572 664 4646 abrogatio
675 4574 817 4648 privilegia
830 4583 859 4633 et
872 4574 905 4632 de
920 4573 961 4630 bis
996 4585 1057 4651 cta,
1073 4583 1101 4635 et
1114 4579 1264 4634 Panormit.
1282 4591 1315 4633 ac
1329 4576 1458 4634 doctores
1471 4580 1499 4634 in
1517 4595 1544 4636 c.
1564 4581 1641 4637 Cant
1658 4583 1797 4638 accessis·

159 4663 288 4721 omnibus
301 4663 456 4736 singiliatim
467 4662 614 4719 dicendum
626 4671 679 4721 est.
694 4666 730 4721 lie
742 4665 900 4737 partialibus
912 4682 960 4722 au·
995 4672 1074 4736 sent,
1096 4666 1130 4724 de
1144 4674 1232 4724 const.

159 4760 215 4810 tern
228 4751 423 4809 mutationibus
432 4741 769 4825 nan‘oportetspeciattter
781 4754 883 4826 dicere,
897 4755 961 4829 qnia
1035 4765 1061 4816 5.
1078 4761 1168 4828 Atque
1187 4755 1222 4813 ad
1243 4755 1316 4813 nuno
1331 4754 1445 4812 modum
1458 4756 1605 4815 reducitur
1619 4759 1728 4816 amissio
1743 4757 1797 4831 pri·

160 4847 188 4900 in
200 4843 357 4915 privilegiis
377 4858 431 4899 non
452 4841 532 4898 babet
553 4841 646 4900 locurn
662 4844 771 4915 propria
783 4844 959 4918 dispensatio,
996 4847 1085 4919 vilegii
1107 4845 1158 4903 sub
1179 4845 1336 4903 conditione
1350 4847 1493 4918 concessi3
1511 4863 1573 4905 nam
1588 4856 1713 4906 cessante
1731 4865 1797 4907 eon·

160 4933 228 5004 quia
246 4931 432 5004 privilegium,
449 4941 480 4988 ut
502 4931 554 4988 tate
574 4939 632 5003 est,
647 4948 701 4988 non
716 4934 793 5004 ponit
806 4934 960 5007 vinculum,
996 4934 1111 5008 ditione,
1135 4935 1269 5010 cessabit,
1292 4944 1324 4994 ut
1344 4939 1465 4993 sumitur
1485 4953 1518 4994 ex
1532 4940 1631 4996 Gerar.
1652 4945 1674 4998 t.
1693 4943 1795 4998 variar.

159 5019 238 5095 quod
250 5037 298 5092 per
308 5021 539 5092 dispensationem
551 5020 699 5094 relaxetur,
714 5020 761 5078 sed
772 5023 960 5096 potiusipsum
996 5041 1022 5082 c.
1045 5031 1088 5098 15,
1109 5033 1137 5083 et
1155 5026 1246 5084 ilalin.
1269 5033 1336 5084 tom.
1357 5019 1384 5085 al
1401 5026 1434 5084 de
1448 5029 1534 5086 instit.
1550 5029 1621 5102 disp.
1637 5035 1704 5090 298.
1719 5033 1798 5089 Ratio

159 5110 332 5183 privilegium
344 5109 414 5166 solet
424 5111 566 5168 vinculum
577 5111 823 5169 relaxare.Etideo
834 5130 888 5170 non
900 5129 961 5171 mu·
997 5132 1063 5173 vero
1083 5123 1144 5187 est,
1168 5118 1232 5188 quia
1255 5115 1306 5174 tale
1328 5117 1499 5191 privilegium
1519 5120 1618 5177 virtute
1637 5121 1798 5180 continetin

159 5207 237 5258 tatur
251 5215 285 5256 ex
298 5207 375 5270 perte
389 5215 437 5272 per
449 5199 697 5273 dispensationem,
713 5201 761 5260 sed
775 5219 822 5276 per
845 5220 960 5276 suspen·
996 5207 1174 5264 concessione
1198 5222 1250 5263 sua
1276 5208 1406 5279 temporis
1430 5215 1458 5264 et
1481 5207 1630 5266 durationis
1650 5213 1798 5272 terminum

161 5291 288 5364 sionem,
304 5289 346 5348 vel
361 5290 502 5364 partialem
516 5293 737 5368 revocationem,
753 5302 803 5354 aut
816 5297 960 5354 renuncia·
996 5297 1182 5371 praetinitom,
1205 5313 1261 5356 non
1282 5297 1393 5372 quidem
1408 5299 1491 5358 carin
1505 5307 1533 5359 et
1547 5307 1671 5378 certam,
1686 5303 1733 5360 sed
1749 5317 1798 5380 per
