4260 6222
375 357 438 423 aaa
522 411 527 418 .
1075 373 1177 424 tinen
1193 341 1267 426 'vnn

325 502 412 560 turin
433 499 501 574 lege·
514 499 611 574 prima,
632 500 660 558 il.
675 499 708 560 de
728 477 856 568 condiet]
868 501 925 557 sine
940 513 1036 570 causa,
1055 505 1082 556 et
1102 500 1130 554 in
1164 498 1205 556 nis
1227 495 1274 555 sed
1290 497 1324 556 ad
1339 495 1410 556 illam
1422 501 1612 574 consequitur.
1621 499 1791 572 dispensatio
1803 505 1898 556 numm
1918 497 1977 571 ipsa

325 591 386 662 lage
409 588 484 648 nibil
501 592 634 658 interest,
659 589 686 646 tt.
703 590 737 648 de
756 591 868 648 nautico
890 589 997 649 loenor.
1012 588 1129 655 scilicet,
1165 588 1254 644 solum
1269 592 1446 648 eacarentia
1460 590 1598 663 negativa,
1630 596 1661 646 ut
1674 591 1714 646 sic
1729 588 1840 660 dicam,
1861 595 1891 646 et
1904 603 1977 660 pura

323 681 417 754 porto
430 695 492 736 esse
506 695 527 736 n
539 682 689 754 principio
703 697 764 736 nors
777 679 918 738 bobarisse
933 683 1071 744 corradus,
1086 673 1132 734 vel
1165 679 1321 735 cessatione
1339 693 1441 736 causae
1455 681 1582 736 cessavit.
1599 681 1642 736 Sic
1661 695 1726 753 ergo
1740 679 1794 736 erit
1807 681 1834 734 in
1863 677 1976 750 prlrlle-

262 796 265 802 ·
324 767 412 824 illuns
429 783 489 824 esse
502 767 633 830 desiisse,
647 768 722 842 quod
738 771 775 826 ita
791 769 950 842 recipitura
965 768 1082 838 iuristls,
1101 773 1132 822 ut
1166 769 1226 840 gio,
1242 769 1317 842 quod
1332 768 1385 826 rim
1400 769 1482 826 habet
1495 770 1638 826 cniusdam
1652 769 1874 842 dispensationis.
1894 767 1976 836 Quod

324 855 522 915 viderelicetin
535 858 755 932 Tiraquel.dicto
764 862 908 917 tractatio
918 861 1074 930 principa.
1086 860 1130 928 ll3
1168 857 1190 912 si
1205 859 1266 929 quis
1285 858 1370 931 dicat,
1385 859 1465 916 etiam
1482 868 1547 916 tunc
1562 873 1671 918 cessare
1687 859 1825 915 contrarie
1843 873 1975 926 causam,

325 945 371 1002 scd
384 947 406 1002 si
418 963 433 1002 a
444 947 578 1019 principio
590 964 643 1004 non
655 948 752 1004 luisset
764 949 808 1006 illa
820 965 915 1014 causa,
924 947 1052 1020 privilegii
1067 961 1132 1002 oon·
1167 947 1230 1022 qula
1242 946 1306 1003 iacit
1322 947 1444 1004 illicitam
1457 949 1696 1004 conservationem
1711 946 1860 1020 privilegii,
1873 947 1898 1002 ln
1919 949 1978 1017 pri-

325 1036 414 1092 ccssio
430 1036 528 1092 luisset
542 1036 650 1104 illicita3
667 1053 729 1094 nam
744 1040 924 1110 supponimus
937 1053 997 1093 esse
1017 1051 1131 1092 causam
1167 1035 1266 1092 mis-de
1280 1037 1386 1094 nominc
1400 1036 1567 1108 disputabit,
1583 1045 1610 1094 et
1629 1036 1724 1094 deinde
1740 1053 1794 1092 non
1815 1037 1918 1118 poterit
1932 1036 1975 1092 di-

324 1125 431 1182 finalom
446 1133 473 1181 ct
492 1127 684 1198 principalem,
701 1129 758 1182 sine
779 1143 833 1201 qua
854 1127 1005 1185 concedere
1026 1125 1134 1198 privile·
1168 1127 1306 1196 stinguere
1326 1128 1478 1198 negativam
1499 1127 1679 1184 cessationem
1700 1142 1714 1181 a
1735 1125 1897 1195 contraria,
1923 1139 1976 1179 nec

324 1215 400 1287 ginm
415 1215 465 1271 iuri
479 1214 631 1287 derogans,
648 1218 772 1288 iniquum
790 1223 880 1286 esset,
898 1224 1027 1287 utsupra
1041 1221 1132 1270 osten·
1167 1214 1436 1289 declarare,quando
1451 1230 1536 1272 cansa
1551 1215 1681 1288 privilegii
1698 1221 1789 1270 cesset
1803 1221 1912 1271 tanturn
1927 1228 1978 1268 nc-

325 1321 388 1361 sum
402 1313 460 1377 est,
476 1320 541 1377 ergo
555 1306 677 1362 similiter
692 1321 859 1364 conservare
874 1305 1057 1379 privilegium,
1073 1318 1135 1360 ces·
1168 1305 1268 1376 galiae.
1830 1303 1843 1326 ⁶

326 1401 404 1450 sante
419 1395 463 1450 illa
477 1410 572 1466 carisa,
589 1401 631 1451 est
645 1397 780 1468 iniquum.
797 1397 831 1452 Et
846 1397 882 1453 ita
899 1398 925 1450 in
940 1393 1072 1464 exemplis
1086 1391 1134 1448 ad·
1207 1396 1234 1451 9·
1246 1392 1365 1451 ‘landem
1382 1400 1531 1467 retorqueo
1546 1401 1738 1464 argumentum
1752 1409 1766 1448 a
1781 1393 1841 1464 loge
1859 1392 1977 1447 desum·

326 1482 418 1541 daretis
432 1483 576 1541 dicendum
590 1486 652 1555 erit,
665 1485 706 1541 vel
718 1485 775 1540 illas
788 1501 886 1541 causas
897 1500 951 1540 non
964 1483 1046 1539 luisse
1058 1482 1133 1553 prin·
1168 1490 1256 1554 ptum.
1270 1485 1336 1540 Nam
1351 1483 1392 1540 lea
1408 1484 1563 1540 communis
1578 1484 1603 1538 in
1618 1482 1777 1554 particulari
1792 1498 1846 1537 non
1871 1481 1977 1542 desinit

328 1573 429 1645 cipales
444 1574 519 1642 lines,
532 1573 578 1630 sed
595 1563 719 1638 motivas,
735 1571 775 1630 'vel
789 1591 842 1630 non
855 1575 941 1630 luisse
953 1571 1130 1644 adaequatum
1167 1571 1301 1645 obligare,
1315 1580 1440 1638 cessante
1452 1580 1557 1629 tantuna
1573 1574 1699 1646 negative
1712 1587 1798 1629 causa
1812 1571 1874 1628 olus
1886 1572 1911 1626 in
1928 1571 1978 1626 illo

328 1663 371 1718 vel
386 1663 408 1716 si
429 1655 499 1742 tales·
510 1663 635 1733 luerunt,
653 1679 775 1720 cessasse
791 1663 945 1736 privilegia,
961 1662 1025 1735 quia
1040 1677 1133 1734 perses
1168 1663 1341 1734 particulari,
1358 1651 1421 1736 qnia
1436 1679 1489 1719 non
1512 1670 1604 1719 cessat
1618 1670 1690 1740 tunc¹
1707 1677 1792 1719 causa
1806 1663 1870 1716 cius
1893 1661 1978 1716 adac-

329 1753 452 1809 vcrantia
466 1751 574 1807 illorum
590 1751 660 1808 iacta
675 1757 717 1810 es‘t
729 1753 830 1826 iniqua.
1167 1760 1251 1826 quata
1263 1753 1344 1809 etiam
1360 1755 1390 1808 ia·
1407 1752 1451 1808 illo
1466 1751 1639 1825 particulari:
1657 1759 1685 1808 at
1703 1767 1769 1807 vero
1786 1751 1807 1805 si
1826 1750 1888 1806 finis
1905 1749 1977 1822 legis

369 1847 395 1899 8.
413 1841 589 1920 Declaratur,
610 1849 639 1898 et
659 1843 835 1899 confirmatur
850 1842 974 1922 exemplo
995 1841 1133 1913 dispensa·
1166 1850 1255 1898 cesset
1270 1844 1295 1897 in
1308 1842 1473 1912 universali,
1495 1849 1522 1898 et
1537 1842 1717 1914 generaliter,
1739 1841 1844 1897 etiamsi
1865 1848 1977 1895 tantum

328 1930 426 2003 tionis3
443 1946 503 1986 nam
519 1931 539 1986 si
560 1946 694 1987 concessa
714 1932 749 1987 sit
763 1931 794 1988 ad
818 1948 898 1988 usum
915 1932 1057 1988 habentem
1077 1943 1132 1988 trc·
1166 1936 1290 2006 negative
1304 1940 1406 2002 cesset,
1422 1932 1462 1988 lex
1478 1947 1590 1988 cessare
1604 1938 1752 2003 censetur,
1766 1931 1832 2004 qnia
1849 1931 1878 1984 lit
1892 1931 1978 1985 inuti-

328 2028 407 2077 ctnm
422 2021 613 2076 successivum
628 2028 738 2092 propter
758 2035 869 2078 causans
884 2021 1055 2078 necessitatis
1075 2031 1132 2076 tan·
1167 2023 1209 2093 lis,
1225 2031 1253 2080 et
1267 2029 1469 2095 consequenter
1484 2021 1686 2090 irrationabilia,
1699 2022 1806 2077 etiarnsi
1827 2036 1899 2074 usus
1915 2021 1979 2074 ctus

330 2125 413 2182 quarn
428 2109 623 2180 principalem,
639 2116 668 2165 ct
682 2108 881 2182 adaequatam,
897 2117 1023 2167 cessante
1037 2125 1139 2166 ncces·
1167 2113 1246 2170 aliam
1268 2112 1462 2184 particularem
1483 2112 1614 2168 malitiam
1639 2111 1738 2184 habere
1760 2126 1814 2165 non
1850 2109 1977 2180 incipian,

330 2201 424 2270 sitate,
441 2205 532 2254 cessat
552 2197 644 2270 quoad
659 2205 737 2255 notris
758 2199 900 2273 residuos,
915 2200 1020 2256 etiamsi
1035 2201 1062 2254 in
1081 2197 1133 2254 illis
1166 2218 1232 2277 ergo
1248 2219 1312 2260 cum
1328 2202 1502 2275 proportione
1518 2200 1654 2274 loquendo
1669 2200 1740 2256 idem
1752 2199 1755 2204 '
1768 2197 1920 2256 dicendum
1934 2203 1982 2252 est

330 2305 384 2346 non
400 2287 434 2344 sit
448 2303 519 2345 nova
533 2289 643 2354 malitia.
656 2291 732 2345 Patet
745 2288 987 2361 indispensaticne
998 2303 1052 2344 non
1067 2288 1133 2343 iciu·
1167 2294 1200 2350 da
1216 2293 1371 2367 priuilegio,
1389 2299 1517 2350 cessante·
1529 2293 1579 2347 fine
1600 2293 1659 2347 eius
1679 2291 1815 2362 negative.
1837 2286 1980 2342 Probatur

330 2379 412 2436 nandi
426 2393 475 2450 tll⁰
490 2383 545 2434 l⁰l³
560 2378 771 2450 Qssldlflgetlffli
785 2385 896 2451 propiet
910 2378 1073 2434 debililtleffl
1095 2376 1134 2432 vi·
1168 2385 1378 2456 consequentia,
1393 2383 1458 2456 quia
1472 2380 1643 2452 privilegium
1660 2386 1702 2436 eat
1722 2378 1764 2434 lea
1786 2373 1977 2448 particularis,

330 2470 415 2538 rium,
426 2467 467 2522 vel
481 2467 592 2526 ninnium
609 2467 738 2526 laboremr
753 2485 814 2525 nam
830 2469 851 2525 si
867 2472 893 2526 iu
910 2469 996 2526 medio
1010 2467 1133 2536 Quadra·
1170 2473 1241 2531 unde
1267 2475 1305 2528 ita
1328 2476 1506 2542 comparetur
1526 2469 1560 2526 ad
1582 2471 1660 2525 linem
1683 2485 1761 2524 suum
1779 2463 1978 2536 particularem

331 2557 451 2631 gesimae
463 2560 553 2610 cesset
565 2557 725 2630 necessitas,
738 2559 858 2615 cessabit
868 2558 1032 2631 dispensatio
1042 2555 1133 2628 quoad
1168 2563 1239 2622 sicut
1254 2563 1295 2620 lea
1309 2561 1467 2619 universalis
1482 2558 1515 2616 ad
1530 2559 1609 2614 linem
1624 2556 1818 2621 universalem,
1834 2556 1902 2628 quia
1917 2561 1978 2608 tum

332 2652 412 2701 nctus
428 2643 565 2717 residuos,
578 2647 643 2716 quia
656 2646 807 2710 aliascsset
821 2645 1133 2718 irrationabilisdispen·
1168 2653 1335 2725 adaequatus
1358 2657 1400 2709 ast
1423 2651 1482 2706 finis
1512 2646 1685 2720 particularis
1710 2646 1763 2720 legi
1796 2643 1976 2716 particulari,

332 2735 418 2805 satio3
437 2733 564 2806 idemque
578 2733 724 2793 dicendum
739 2738 793 2792 erit
807 2738 831 2792 iu
850 2737 973 2808 exenrplo
988 2751 1072 2808 supra
1087 2732 1134 2790 ad·
1167 2747 1241 2799 aiant
1255 2741 1416 2816 universalis
1431 2738 1580 2794 universali
1596 2735 1657 2809 legi,
1674 2752 1751 2807 ergo.

332 2822 419 2881 ducto
435 2821 468 2878 de
483 2823 593 2880 licentia
609 2841 661 2880 non
681 2825 831 2894 recitandi,
849 2825 890 2880 rel
905 2823 1069 2896 anticipandi
1084 2824 1133 2880 lto-
1210 2835 1252 2890 ιο,
1270 2833 1377 2898 Fateor,
1392 2844 1451 2885 rem
1467 2843 1527 2883 csse
1542 2827 1697 2882 intricatam
1711 2833 1739 2881 ct
1759 2823 1930 2896 perplexam,
1946 2832 1979 2880 nt

333 2929 389 2983 ras,
406 2913 427 2968 si
443 2913 594 2969 necessitas
604 2929 634 2970 re
650 2930 713 2970 vera
725 2913 777 2971 iult
791 2929 876 2970 carisa
890 2913 1053 2986 adaequato,
1065 2913 1133 2969 alins
1168 2921 1324 2978 salantesse
1339 2919 1445 2976 haeres
1461 2915 1592 2985 morales,
1605 2915 1714 2988 quando
1736 2915 1879 2990 generales
1895 2931 1979 2987 regu-

332 3001 487 3059 1¹⁰¹¹e⁸l⁸d
504 3017 577 3070 lefflt
593 3017 659 3073 ⁰¹8⁰
675 3001 746 3058 idem
763 3005 815 3059 elil
835 3003 982 3060 dicendum
997 3002 1029 3058 de
1052 3004 1134 3075 tirili-
1168 3011 1208 3067 lae
1224 3009 1371 3066 tradendae
1385 3013 1462 3078 sunt,
1473 3020 1543 3077 quae
1555 3006 1598 3060 vix
1613 3011 1730 3075 possunt
1741 3019 1802 3059 esse
1819 2989 1975 3076 regulares,

333 3082 414 3165 legio,
428 3091 490 3163 quia
502 3097 527 3147 et
543 3090 773 3162 dispensationem
789 3093 920 3163 continet,
934 3099 959 3148 ct
973 3091 1064 3164 quoad
1079 3092 1132 3150 boc
1169 3100 1270 3156 nedum
1283 3096 1518 3154 infallibiles.llico
1533 3093 1720 3161 nibilominus,
1734 3093 1862 3168 absolute
1880 3109 1977 3148 aeram

334 3181 416 3238 babet
430 3179 553 3237 eamdem
570 3182 712 3238 rationem.
722 3181 799 3240 Unde
812 3182 901 3239 obiter
915 3182 994 3237 etiarn
1011 3183 1133 3253 aperitur
1168 3203 1228 3246 esse
1243 3187 1365 3260 regulam
1381 3185 1540 3251 indicatam,
1557 3190 1587 3239 ut
1601 3181 1772 3255 privilegium
1795 3189 1903 3252 cesset,
1920 3199 1976 3238 non

334 3271 541 3344 aequivocatio,
559 3286 629 3344 quae
649 3272 784 3328 committi
801 3279 892 3344 potest
908 3273 932 3327 in
953 3270 1135 3343 superiusdi·
1169 3279 1236 3334 satis
1258 3293 1319 3332 esse
1343 3290 1456 3331 causam
1481 3273 1539 3328 eius
1563 3273 1667 3328 liualem
1693 3273 1818 3344 negative
1850 3287 1977 3342 cassare,

334 3356 599 3428 ctis.Quandoeuim
613 3359 712 3417 dicitur
723 3359 820 3418 debere
833 3377 941 3417 cessare
952 3377 1065 3433 causam
1079 3363 1136 3433 pri·
1169 3367 1249 3424 ariam
1271 3364 1431 3436 adaequare.
1448 3365 1559 3434 laquei·
1581 3369 1672 3416 auram
1694 3376 1768 3416 uuna
1784 3359 1819 3417 da
1845 3377 1935 3418 aaasa
1948 3363 1978 3416 fi.

334 3451 444 3523 ailegii,
460 3449 499 3506 ita
515 3456 546 3507 ut
560 3467 628 3510 usus
643 3451 701 3506 eius
716 3449 839 3507 redditus
853 3451 888 3506 sit
906 3451 1030 3520 illicitus,
1047 3451 1136 3522 dupli·
1171 3455 1222 3511 nali
1237 3469 1314 3512 more
1328 3453 1483 3525 aliquorum
1500 3450 1671 3520 lanistarum,
1683 3448 1709 3505 id
1724 3456 1767 3505 est
1781 3448 1816 3506 de
1831 3449 1894 3521 illa,
1908 3467 1980 3522 aquae

247 3693 254 3706 ,
336 3637 382 3687 tus
396 3644 444 3699 per
464 3644 511 3696 se,
525 3637 553 3685 et
573 3630 607 3686 ab
621 3631 785 3708 intrinseco,
802 3630 836 3684 ita
851 3636 884 3687 ut
899 3630 933 3686 sit
947 3638 1045 3686 contra
1059 3632 1137 3685 iusti·
1170 3632 1253 3704 palis,
1270 3639 1301 3688 ut
1314 3633 1336 3686 si
1351 3631 1395 3687 illa
1409 3646 1462 3685 non
1479 3631 1628 3698 adfuisset,
1650 3629 1779 3701 princeps
1795 3645 1848 3684 non
1875 3647 1979 3686 conce-

335 3721 411 3790 tiam,
426 3717 466 3774 vel
482 3724 580 3774 contra
594 3719 746 3774 naturalem
762 3718 861 3791 legem,
875 3725 902 3774 et
917 3719 970 3775 lroc
982 3719 1091 3792 quidem
1107 3719 1137 3774 li·
1170 3723 1247 3780 deret
1265 3720 1451 3795 privilegium,
1469 3727 1500 3777 ut
1517 3725 1660 3790 eapronunt
1678 3721 1827 3775 Panormlt.
1841 3721 1910 3776 lieo.
1928 3723 1978 3776 Co·

337 3816 382 3864 cet
397 3807 533 3876 sulliciat,
551 3807 596 3863 ubi
612 3810 771 3879 eontigerit:
790 3809 886 3864 laisum
902 3818 993 3866 autem
1007 3817 1060 3879 est,
1076 3824 1136 3866 csse
1171 3827 1229 3869 var.
1241 3813 1329 3883 Tiraq.
1343 3818 1371 3867 et
1388 3809 1447 3880 alli,
1463 3809 1533 3865 utin
1555 3809 1600 3865 lib.
1616 3806 1650 3864 dc
1671 3808 1770 3862 simon.
1786 3823 1814 3864 c.
1829 3812 1877 3866 rt.
1896 3809 1980 3866 latius

255 3943 259 3960 ,
336 3896 534 3963 necessarium,
550 3901 581 3952 ut
594 3903 703 3952 constat
715 3897 887 3968 inexemplis
898 3896 1023 3953 adductis
1035 3897 1069 3954 de
1083 3897 1137 3954 dis·
1172 3901 1301 3958 tractari.

336 3985 506 4056 pensatione.
519 3983 645 4041 &cundo
660 3985 769 4056 intelligi
785 3992 885 4056 potest,
895 3987 1080 4042 necessarium
1094 4002 1137 4042 es·
1214 3992 1256 4048 tl.
1271 3989 1335 4044 ltico
1346 4002 1423 4058 ergo,
1437 3985 1619 4042 cessationem
1630 3984 1712 4043 buius
1723 4001 1825 4042 causae
1840 4002 1917 4043 mere
1935 4004 1979 4042 ne-

338 4089 384 4143 se,
403 4079 436 4128 ut
449 4089 518 4130 usus
534 4073 663 4147 privilegii
685 4075 739 4129 liat.
748 4074 858 4131 illicitus
880 4075 976 4131 saltem
988 4083 1083 4132 contra
1095 4078 1137 4132 ius
1172 4081 1292 4153 galliam
1304 4093 1357 4133 non
1372 4091 1433 4132 esso
1445 4075 1626 4133 sufficientem
1637 4091 1764 4144 causam,
1778 4081 1808 4132 ut
1820 4084 1914 4132 cesset
1926 4077 1979 4148 pri·

338 4163 539 4234 positivum,.et
550 4163 601 4219 lroc
616 4163 723 4233 quidem
735 4171 778 4220 ost
792 4179 898 4234 rerum3
910 4172 952 4221 est
967 4171 1056 4221 tamen
1072 4182 1137 4222 con·
1175 4169 1312 4241 vilegium.
1329 4165 1447 4223 Eiidem
1462 4163 1525 4220 dico
1540 4164 1574 4221 de
1593 4164 1805 4236 dispensatione.
1820 4166 1855 4221 Et
1878 4169 1979 4222 contir-

338 4268 457 4324 sequens
473 4252 505 4307 ad
525 4254 706 4310 cessationem
722 4252 948 4324 dispensationis,
964 4270 1013 4311 scu
1029 4255 1137 4325 privile·
1173 4239 1263 4314 matur
1277 4271 1309 4312 nc
1325 4253 1481 4311 declaratur
1495 4254 1619 4326 exemplo
1634 4253 1668 4310 de
1686 4255 1892 4326 dispensatione
1912 4258 1977 4310 rod.

337 4341 389 4413 giif,
407 4357 458 4396 non
480 4347 570 4397 tamen
591 4345 634 4397 est
654 4356 738 4397 causa
760 4343 921 4399 cessationis
942 4343 1088 4416 privilegii,
1110 4352 1140 4400 et
1172 4349 1238 4404 Nam
1263 4345 1284 4400 si
1303 4342 1471 4400 concedatur
1491 4343 1603 4399 laminae
1617 4343 1782 4414 dispensatio
1804 4345 1830 4399 in
1851 4353 1917 4401 roto
1935 4361 1980 4401 ca·

337 4429 398 4487 ideo
412 4437 524 4502 propter
543 4429 616 4485 illam
631 4430 761 4486 rationem
776 4447 829 4488 non
850 4439 924 4488 recle
938 4431 1055 4502 dicitur,
1070 4440 1136 4490 tunc
1173 4435 1270 4492 stitstia
1286 4439 1395 4504 propter
1411 4431 1514 4488 morale
1528 4432 1682 4502 periculum
1696 4433 1929 4502 incontinentiae,
1946 4435 1979 4489 ita

338 4534 448 4575 cessare
470 4535 583 4576 causam
604 4519 737 4592 privilegii
759 4522 912 4590 contrarie,
935 4523 999 4594 quia
1018 4525 1137 4580 cessatio
1172 4533 1204 4581 ut
1219 4524 1285 4580 hacc
1302 4523 1336 4578 sit
1351 4536 1435 4578 causa
1449 4535 1577 4591 expressa
1592 4523 1619 4576 ln
1638 4519 1765 4591 indulto,
1784 4528 1813 4578 et
1830 4524 1932 4590 unica,
1952 4530 1981 4579 et

338 4623 454 4678 carrena,
470 4622 541 4680 quae
562 4611 727 4679 supponitur
741 4610 774 4666 nd
793 4599 974 4667 cessationem
995 4613 1137 4685 privilegii,
1171 4612 1217 4668 illa
1231 4619 1324 4684 postea
1340 4611 1440 4677 nubnt3
1458 4626 1511 4665 non
1527 4609 1691 4686 obligabitur·
1705 4609 1738 4664 ad
1754 4625 1808 4666 non
1829 4611 1980 4680 petendum

338 4698 1138 4778 tanturnestnegativa.assumptumdeclaraturinerepr-
1173 4701 1315 4770 debitum,
1338 4699 1445 4754 etiamsi
1470 4713 1518 4772 pro
1543 4705 1623 4776 certo
1648 4685 1860 4770 supponamus,
1888 4699 1981 4771 quoad

337 4788 383 4860 plo
397 4787 694 4857 dispensationisllam
705 4803 737 4843 eo
753 4787 904 4859 ipso,quod
916 4797 1006 4845 cessat
1017 4793 1137 4846 necessi·
1175 4790 1226 4846 lanc
1252 4803 1377 4846 cessasse
1401 4787 1554 4858 periculum
1569 4787 1798 4858 incontinentiam
1821 4788 1887 4860 quia
1904 4789 1982 4844 suffi-

340 4883 382 4932 tas
396 4874 556 4932 comedendi
570 4877 715 4947 carnes,lrt
727 4876 839 4931 illicitus
851 4877 894 4933 illc
905 4885 997 4946 actus,
1009 4896 1062 4935 non
1075 4881 1140 4952 quia
1176 4879 1279 4934 cienter
1295 4876 1461 4933 subventum
1475 4881 1519 4930 est
1533 4874 1656 4946 periculo
1672 4877 1889 4932 incontinentiae
1908 4877 1983 4932 ienai-

339 4965 437 5021 lrabeat
448 4966 623 5021 intrinsecam
635 4949 777 5034 maldiam,
788 4965 835 5021 sed
847 4967 910 5037 quia
920 4975 963 5022 cst
975 4968 1137 5040 prohibitus,
1174 4982 1236 5036 nae,
1248 4968 1271 5022 si
1286 4968 1321 5022 sit
1336 4966 1361 5020 in
1377 4972 1450 5020 statu
1460 4966 1500 5032 ,in
1516 4980 1571 5036 qno
1586 4965 1673 5034 possit
1687 4964 1760 5021 licite
1776 4963 1908 5034 reddere,
1919 4967 1984 5038 quia

338 5061 367 5110 et
380 5053 424 5110 tali
439 5066 572 5124 personae
584 5055 635 5110 iam
650 5054 744 5124 incipit
754 5069 814 5110 esse
826 5054 989 5129 prohibitus,
1006 5073 1070 5114 cum
1090 5074 1137 5113 an·
1175 5055 1303 5112 honestae
1321 5054 1434 5110 leminac
1448 5055 1492 5110 vix
1507 5052 1712 5125 solentpetcrc.
1730 5055 1825 5124 ilices,
1845 5063 1914 5110 tunc
1930 5073 1982 5112 non

340 5149 382 5198 tea
397 5157 449 5198 non
471 5149 559 5208 esset,
581 5143 644 5214 quia
659 5143 709 5198 inm
731 5145 850 5198 cessavit
868 5143 1053 5218 dispensatio,
1072 5162 1138 5219 ergo
1174 5159 1285 5201 cessare
1299 5144 1407 5200 omnino
1422 5157 1550 5214 causata,
1567 5142 1614 5198 sed
1631 5148 1739 5200 tantum
1753 5144 1847 5216 quoad
1868 5145 1982 5218 aliquid.

342 5230 439 5288 malitia
460 5238 540 5286 actus
560 5238 670 5287 non-est
685 5246 770 5287 causa
784 5233 945 5288 cessationis
958 5233 1138 5306 dispensatio·
1174 5234 1227 5292 Sed
1243 5234 1294 5291 lroc
1308 5250 1361 5290 non
1377 5233 1520 5304 satisfacit,
1540 5239 1598 5288 tum
1618 5234 1684 5307 quia
1696 5231 1791 5290 eadem
1803 5241 1848 5292 est
1867 5250 1985 5308 propor-
