4260 6222
839 357 1111 408 ennurxxxvnr.
1683 334 1744 400 507

141 483 200 556 tio,
217 483 514 557 neocesariensium
531 484 602 544 ratio
615 484 746 558 assignari
762 489 867 557 potest,
883 484 948 557 quie
982 481 1087 556 aeficio
1094 499 1148 540 nos
1159 481 1263 558 decipi,
1271 481 1324 541 sed
1331 485 1612 556 iuveri,·quanquam
1623 479 1691 538 haec
1703 481 1786 539 rerba

137 571 308 644 dispensatio
321 574 385 631 deta
398 574 432 631 ab
452 575 569 632 interiori
582 577 611 632 in
631 576 691 648 tege
706 575 871 648 superioris,
891 591 946 631 non
983 573 1069 646 magis
1085 573 1201 645 probent
1215 573 1408 646 indecentiam,
1419 589 1501 648 errem
1517 574 1717 645 impotentiam.
1731 574 1785 630 lla·

138 661 181 718 ita
194 662 295 734 pendet
307 679 340 720 ex
359 663 471 721 arbitrio
483 665 569 736 ipsius
583 664 731 737 interioris,
747 663 946 737 sicutdispen·
982 663 1019 719 tio
1041 667 1130 719 tamen
1146 679 1195 734 pro
1216 661 1300 720 altera
1318 669 1395 736 parte
1408 663 1482 720 lecta
1495 665 1521 720 in
1541 663 1594 722 hoc
1609 677 1678 718 casu
1697 663 1785 735 magis

139 754 216 808 sntio
228 754 256 808 in
270 752 330 826 lege
344 754 469 825 propria,
485 761 513 812 et
525 753 653 812 idemest
664 753 699 811 de
714 752 869 828 privilegi03
885 760 946 810 tum
982 759 1073 826 urget,
1090 754 1154 826 quia
1166 751 1333 824 dispensatio
1347 752 1411 810 dete
1425 769 1473 824 pro
1487 752 1596 811 definito
1613 758 1735 824 tempore
1750 751 1786 808 si·

137 843 210 914 quia
221 859 269 915 per
280 843 508 916 dispensationem
519 845 616 918 inlege
627 844 775 917 superioris
786 842 947 902 tolliturilla
982 843 1038 900 mul
1053 842 1140 899 valuit
1152 857 1201 914 pro
1223 848 1280 900 toto
1296 843 1357 916 illo,
1378 840 1495 900 durante
1511 858 1611 913 causa,
1635 849 1664 899 et
1682 843 1721 898 ita
1734 857 1784 914 pro

139 933 186 989 lex
202 939 332 1003 respectu
345 933 507 1006 dispensati,
520 940 549 991 et
561 950 616 991 non
629 940 721 1007 potest
734 933 846 991 interior
860 933 946 1006 legem
982 938 1038 990 toto
1051 931 1097 990 illo
1109 932 1221 991 abstulit
1231 931 1317 1006 legem
1329 934 1577 1007 superioris,quam
1589 933 1698 990 interior
1709 939 1784 1005 post·

139 1023 294 1093 superioris
307 1023 391 1081 semel
406 1023 523 1082 ablatam
536 1025 635 1082 iterum
649 1039 762 1097 ponere,
775 1024 949 1096 sicutpotest
980 1038 1012 1078 ee
1035 1022 1179 1080 restituere
1197 1039 1252 1078 non
1275 1029 1380 1095 potest,
1401 1038 1452 1080 nec
1472 1023 1547 1096 quod
1570 1021 1651 1080 semel
1678 1023 1783 1080 laetum

140 1113 236 1171 iacere
255 1114 283 1169 in
303 1113 430 1186 proprie3
452 1124 511 1170 tum
524 1114 686 1187 etiamquia
699 1112 809 1170 interior
823 1128 876 1168 non
890 1111 946 1170 dis·
981 1116 1033 1180 est,
1049 1111 1181 1168 intectum
1196 1110 1322 1169 reddere.
1336 1113 1414 1169 Sicut
1427 1112 1509 1169 etiarn
1524 1127 1577 1168 non
1592 1117 1683 1184 potest
1698 1117 1784 1168 retra-

140 1207 241 1273 pensat
254 1205 281 1259 in
302 1203 361 1276 lege
376 1205 538 1276 superioris,
553 1203 603 1260 nisi
614 1218 647 1260 eu
659 1202 752 1273 tacita,
766 1202 808 1259 vel
818 1217 947 1273 expresse
982 1206 1058 1257 ctare
1072 1200 1311 1272 dispensationem,
1327 1217 1397 1274 quae
1412 1202 1438 1258 in
1457 1209 1594 1260 momento
1609 1201 1703 1259 babuit
1719 1202 1784 1258 elie·

140 1293 325 1348 concessione
345 1293 505 1364 superioris,
528 1307 600 1365 quae
621 1294 765 1350 concessio
784 1291 854 1348 terte
874 1289 947 1348 lacta
981 1297 1075 1358 ctum,
1093 1297 1124 1347 ut
1138 1291 1322 1363 dispensando
1338 1295 1365 1351 in
1379 1291 1573 1363 impedimento
1587 1290 1620 1348 ed
1635 1291 1784 1362 petendum

141 1388 188 1438 est
203 1381 237 1438 ad
255 1379 463 1454 dispensandam
485 1397 538 1438 non
554 1381 587 1438 nd
608 1379 791 1438 resecandam
807 1380 946 1452 dispense-
980 1377 1112 1450 debitum,
1128 1380 1168 1435 ret
1183 1379 1249 1452 quid
1261 1379 1357 1452 simile,
1370 1381 1435 1454 quoia
1448 1397 1502 1436 non
1514 1386 1604 1452 potest
1617 1379 1715 1437 iterum
1731 1382 1785 1438 lale

142 1473 258 1541 tionem3
272 1479 300 1528 et
314 1471 372 1529 ideo
387 1470 471 1528 semel
485 1471 632 1541 tacta,non
653 1470 762 1528 ridetur
776 1471 812 1526 ite
830 1468 946 1541 pendere
980 1465 1202 1539 impedimentum
1216 1483 1356 1540 reparare.

142 1577 178 1617 ex
190 1561 330 1618 voluntate
346 1559 429 1632 illius,
441 1561 517 1616 siout
530 1558 629 1631 pendet
639 1558 816 1630 dispensatio,
829 1568 877 1615 eut
890 1559 945 1628 pri·
1022 1560 1066 1614 16.
1083 1556 1183 1614 Ultimo
1198 1557 1274 1614 circa
1293 1557 1417 1616 eamdem
1436 1564 1541 1630 partem
1555 1557 1588 1614 de
1610 1558 1785 1617 revocatione

143 1651 273 1725 vilegium
291 1651 367 1708 circe
379 1652 517 1722 proprium
533 1649 630 1722 legem.
979 1645 1111 1720 privilegii
1126 1663 1142 1703 a
1156 1646 1336 1718 concedente,
1349 1654 1439 1720 potest
1451 1663 1466 1703 e
1480 1649 1618 1705 centrario
1632 1651 1785 1721 interroga·

182 1745 226 1799 tt.
240 1739 315 1796 Addo
330 1755 405 1812 vero,
421 1739 487 1796 satis
503 1738 642 1810 probabile
657 1753 727 1809 esse,
743 1752 824 1808 posse
838 1735 944 1793 interio·
978 1737 1018 1807 ri,
1040 1751 1073 1791 an
1089 1737 1261 1810 privilegium
1275 1751 1441 1794 concessum
1456 1736 1491 1792 ab
1511 1736 1652 1810 interiere,
1669 1739 1784 1810 possita

138 1846 200 1886 rem
209 1845 336 1886 revocare
347 1845 425 1886 suam
435 1828 665 1900 dispensationem
676 1827 767 1884 datam
778 1827 804 1882 in
819 1824 879 1898 lege
895 1841 943 1882 su·
978 1825 1119 1898 superiore
1130 1827 1300 1883 revoceriln
1312 1843 1369 1900 qtae
1384 1833 1492 1884 certum
1503 1832 1556 1898 est,
1567 1843 1600 1884 er
1611 1828 1683 1884 iusta
1697 1843 1783 1886 causa

138 1919 270 1990 perieris,
293 1919 329 1975 ita
343 1923 374 1974 ut
393 1919 428 1973 sit
441 1916 527 1974 valide
542 1917 679 1974 resecatio
694 1917 767 1973 iacta
785 1914 867 1971 etiem
884 1914 944 1971 sine
978 1930 1057 1986 posse
1070 1921 1099 1972 et
1113 1915 1200 1972 relide
1213 1923 1241 1973 et
1262 1916 1348 1985 licite,
1364 1919 1428 1989 quio
1443 1919 1570 1989 superior
1585 1933 1717 1975 revocare
1732 1935 1781 1989 po·

137 2023 239 2078 causa,
251 2007 377 2063 licetcon
391 2006 459 2062 bene
473 2007 607 2073 tiattluia
618 2006 682 2062 licet
695 2004 877 2078 dispensando
889 2004 943 2061 tol·
979 2010 1031 2061 test
1050 2004 1138 2078 legem
1162 2005 1316 2076 interioris,
1338 2006 1402 2078 quie
1425 2006 1506 2064 babet
1524 2007 1648 2064 altiorem
1672 2007 1781 2065 iurisdi-

138 2096 178 2154 lat
189 2097 276 2170 legem
286 2097 445 2168 superioris,
458 2111 512 2152 non
526 2102 617 2153 tamen
629 2093 766 2166 absolute,
780 2094 828 2151 sed
843 2093 943 2165 depen-
977 2095 1110 2165 ctionem,
1127 2096 1173 2152 eui
1192 2095 1303 2152 interior
1317 2095 1527 2168 subordinatur,
1543 2111 1608 2170 ergo
1624 2099 1739 2154 menime
1755 2097 1782 2154 id

135 2187 266 2242 deutera
286 2201 337 2243 sua
350 2184 507 2256 voluntate,
528 2200 578 2240 seu
596 2185 648 2240 sub
669 2183 822 2240 conditione
847 2184 940 2256 tacita,
977 2190 1070 2256 potest
1083 2200 1117 2241 err
1139 2185 1213 2242 iuste
1226 2201 1321 2242 causa.
1338 2185 1465 2244 Secundo
1480 2193 1523 2243 est
1543 2193 1667 2256 certum,
1687 2186 1713 2243 id
1728 2204 1781 2244 non

138 2276 192 2332 nisi
200 2275 274 2332 eliud
285 2275 400 2343 iussero,
411 2274 453 2330 vel
465 2274 515 2330 nisi
528 2289 706 2346 revocavere,
721 2289 783 2330 nam
794 2273 862 2330 baec
874 2289 940 2330 con·
976 2282 1051 2330 recte
1065 2273 1149 2330 lieris
1164 2276 1308 2346 superiore
1319 2276 1377 2332 sine
1387 2290 1472 2332 eausa
1485 2278 1568 2346 iusta,
1580 2277 1647 2349 quie
1659 2283 1703 2333 est
1713 2293 1780 2334 con·

136 2363 216 2434 ditio,
228 2364 293 2421 licet
306 2380 360 2420 non
374 2365 558 2436 exprimatur,
571 2363 679 2421 videtur
690 2364 838 2420 intrinsece
852 2364 942 2419 inelu·
977 2369 1019 2418 tra
1033 2361 1152 2420 debitum
1174 2362 1315 2436 ordinem,
1331 2370 1359 2420 et
1379 2380 1433 2421 non
1448 2365 1505 2421 sine
1525 2365 1627 2421 iniuria
1644 2365 1779 2424 inferioris

136 2471 182 2526 sa,
197 2454 329 2529 quamdiu
342 2471 395 2512 non
410 2454 577 2511 excluditur.
592 2453 660 2521 Quis
674 2469 704 2509 re
719 2468 782 2509 vern
796 2459 840 2508 est
854 2453 941 2524 possi·
976 2452 1098 2524 praelati,
1114 2466 1165 2508 nec
1180 2452 1237 2509 sine
1253 2452 1418 2510 detrimento
1432 2453 1620 2524 subditorum,
1634 2469 1683 2526 per
1698 2471 1727 2512 se
1740 2455 1781 2513 lo·

136 2547 211 2614 bilis,
222 2553 251 2602 et
265 2543 318 2602 no'n
328 2545 429 2617 turpis,
442 2545 490 2601 sed
504 2543 629 2615 honesta,
640 2552 671 2601 ¹et
686 2543 723 2600 ita
736 2543 835 2615 pendet
844 2558 877 2598 ex
893 2557 941 2600 ro·
974 2540 1085 2614 quondo
1106 2557 1138 2598 ec
1153 2543 1326 2616 regulariter.
1334 2543 1457 2600 Derbiteri
1474 2557 1541 2616 ergo
1558 2549 1666 2601 tantum
1678 2552 1779 2616 potest,

137 2637 245 2694 luntate
261 2634 458 2708 praelationis
467 2649 608 2706 nunquam
620 2632 806 2704 praesumitur
814 2630 940 2688 abdicare
975 2647 1008 2687 an
1023 2631 1083 2688 talis
1103 2633 1239 2688 revocatio
1253 2631 1310 2688 sine
1324 2632 1397 2688 iusta
1416 2647 1503 2689 causa
1516 2632 1604 2703 tecte,
1627 2632 1716 2691 relide
1730 2637 1776 2693 sit.

137 2740 200 2782 ase
216 2741 293 2782 suam
307 2729 480 2797 potestatem.
496 2723 552 2779 Nec
567 2722 665 2793 retert,
682 2719 756 2793 quod
772 2725 892 2792 potestas
907 2719 942 2778 sit
975 2721 1004 2777 ln
1019 2736 1074 2792 quo
1088 2720 1206 2779 breviter
1222 2721 1302 2792 dico,
1325 2723 1349 2776 si
1363 2723 1502 2779 revocetio
1516 2723 1590 2779 tiata
1609 2724 1697 2794 Pepa,
1718 2739 1778 2782 esse

137 2829 303 2872 concessae
324 2813 481 2886 superiore,
497 2827 559 2870 nam
573 2827 654 2884 saepe
669 2809 731 2867 data
744 2817 787 2866 est
806 2825 856 2883 per
868 2810 941 2880 ordi·
975 2808 1106 2882 validam,
1123 2810 1187 2884 quie
1200 2810 1233 2867 ab
1253 2810 1299 2867 illo
1314 2809 1414 2882 pendet
1433 2812 1520 2869 omnis
1539 2812 1696 2870 iurisdictio
1711 2814 1778 2872 inie-

138 2906 246 2960 nariam
267 2901 492 2969 iurisdictionem,
513 2910 542 2959 et
562 2903 599 2958 lta
613 2899 740 2958 eumdem
756 2899 838 2956 babet
859 2915 940 2956 usum
975 2899 1091 2956 riorum.
1107 2900 1135 2956 si
1155 2908 1248 2956 eutem
1268 2900 1304 2956 sit
1317 2900 1351 2957 eb
1371 2901 1490 2957 interiori
1508 2902 1645 2974 praelate,
1668 2904 1776 2962 ridetur

137 2992 231 3067 quoad
242 2992 313 3048 banc
324 2991 538 3063 dependendam,
550 2998 578 3046 et
592 2990 657 3047 licet
669 2989 807 3046 interdum
820 2990 855 3046 sit
869 2987 941 3046 dele·
975 2989 1125 3063 probabile,
1137 3005 1198 3046 esse
1209 2989 1366 3062 invalidam,
1377 2993 1442 3064 quia
1453 2991 1515 3048 talis
1526 2993 1651 3064 superior
1662 3011 1715 3052 non
1730 3012 1778 3068 po·

136 3088 214 3155 gata,
227 3080 326 3152 pendet
336 3080 362 3134 in
377 3096 429 3136 usu
441 3085 469 3135 et
481 3079 509 3134 in
520 3077 601 3137 modo
611 3078 686 3135 iltius
696 3093 730 3134 ex
743 3078 826 3134 libera
843 3079 942 3135 rotun·
976 3087 1030 3138 test
1048 3082 1156 3153 prirere
1175 3081 1331 3138 interiorem
1352 3096 1402 3138 sua
1424 3079 1560 3139 ordinerie
1582 3084 1779 3157 iurisdictione,

138 3177 195 3228 tete
211 3170 334 3226 habente.
348 3169 384 3226 ut
396 3168 456 3225 ideo
469 3168 603 3225 liostiens.
617 3169 644 3223 in
660 3169 738 3224 Sum.
748 3167 794 3224 lib.
807 3171 835 3236 3,
851 3169 894 3224 tit.
906 3167 939 3224 de
975 3171 1032 3226 sine
1045 3185 1131 3227 cause
1143 3171 1228 3241 iuste,
1240 3174 1269 3226 et
1281 3185 1331 3241 pro
1346 3185 1397 3226 sue
1411 3169 1562 3228 voluntate.
1573 3173 1650 3230 Unde
1663 3176 1686 3230 si
1700 3175 1728 3232 id
1741 3176 1780 3232 ta·

136 3260 295 3318 elerie.non
304 3257 467 3315 resideirec
478 3255 712 3330 linem,ettingens
722 3256 777 3313 boc
790 3262 936 3328 punctum,
974 3274 1038 3316 cere
1051 3265 1146 3330 tentet,
1162 3275 1215 3315 con
1231 3258 1340 3316 habebit
1352 3259 1492 3332 ellectum,
1503 3262 1567 3333 quie
1579 3261 1688 3319 excedit
1701 3279 1780 3320 suam

137 3351 229 3409 solum
242 3349 317 3406 dixit:
330 3353 398 3406 Nou
410 3346 493 3404 debet
505 3349 654 3414 caecasse
665 3345 741 3419 quod
756 3346 869 3402 verbum
885 3362 939 3402 non
973 3355 1146 3421 potestatem,
1162 3363 1227 3420 ergo
1242 3347 1312 3404 idem
1326 3350 1409 3404 estin
1423 3348 1577 3429 preposito,
1594 3352 1658 3423 quia
1672 3351 1780 3422 privile·

137 3439 203 3496 dicit
217 3439 419 3510 impotentiam,
434 3436 482 3493 sed
497 3435 696 3502 indecentiam,
711 3441 740 3491 et
757 3435 848 3507 petius
867 3434 939 3492 side·
973 3440 1047 3513 glum
1058 3437 1220 3496 conceditur
1230 3438 1263 3495 ab
1274 3437 1393 3494 interiori
1404 3438 1526 3510 praelato
1537 3453 1571 3497 ex
1582 3439 1719 3497 ordinaria
1730 3457 1781 3513 po·

137 3535 185 3585 tur
200 3541 354 3599 supponere
368 3532 544 3598 polestatcm.
557 3526 592 3582 lit
601 3517 671 3582 lort'e
684 3524 780 3582 Glosse
789 3532 817 3582 et
830 3525 873 3582 alii
890 3525 940 3582 do·
976 3534 1084 3586 testate.
1099 3528 1136 3584 Et
1148 3528 1187 3582 ite
1202 3525 1228 3582 in
1242 3526 1323 3583 simili
1339 3527 1453 3600 censui,
1467 3527 1578 3600 quando
1596 3529 1727 3587 iniustitia
1739 3538 1782 3588 est

137 3623 232 3674 stores
247 3633 301 3673 non
314 3616 430 3687 amplius
444 3616 601 3686 voluerunt,
618 3631 671 3671 non
685 3616 757 3671 enirn
770 3614 877 3687 dieunt,
896 3629 940 3672 re·
975 3618 1128 3689 manifesta,
1143 3619 1171 3673 in
1186 3620 1213 3674 t.
1227 3622 1296 3673 tom.
1307 3615 1412 3686 disput.
1426 3620 1474 3689 26,
1491 3624 1559 3674 sect.
1570 3623 1598 3688 3,
1610 3634 1639 3674 n.
1651 3624 1678 3688 3,
1695 3625 1725 3675 et
1737 3636 1780 3676 se·

139 3708 310 3765 vocationem
331 3721 386 3762 non
405 3706 464 3761 iore
485 3703 617 3774 validam,
638 3703 752 3761 sednon
774 3719 854 3776 pesse
871 3704 938 3776 lieri,
975 3708 1069 3781 quitur
1090 3708 1206 3764 sancius
1226 3705 1300 3762 dicte
1319 3704 1392 3776 disp.
1406 3709 1457 3776 33,
1480 3721 1508 3761 n.
1525 3709 1551 3765 l.
1571 3706 1781 3781 intelligendum

138 3797 235 3869 utique
246 3795 317 3853 iuste
328 3801 357 3850 et
366 3795 443 3850 bene.
453 3794 503 3862 Qui
517 3810 615 3866 sensus
627 3793 718 3866 colligi
730 3801 821 3865 potest
832 3809 866 3851 ex
886 3794 938 3861 bis,
977 3804 1068 3854 eutem
1085 3803 1137 3866 est,
1151 3795 1203 3851 nisi
1216 3794 1264 3852 ubi
1273 3810 1307 3852 ea
1320 3794 1451 3866 peculiari
1466 3795 1590 3853 instituto
1600 3796 1682 3853 luerit
1694 3797 1780 3854 maior

137 3901 209 3960 quse
221 3885 318 3942 Glossa
331 3884 440 3956 allegat,
447 3884 553 3941 scilicet
566 3884 690 3962 regulam
702 3889 801 3952 Decet,
814 3890 842 3941 et
856 3892 942 3958 eaput
976 3885 1156 3959 dependentia
1171 3883 1307 3941 interioris
1320 3900 1336 3941 a
1349 3884 1485 3957 superiori
1500 3886 1636 3961 praelato,
1652 3887 1727 3946 iuxta
1741 3887 1780 3944 di-

137 3979 189 4032 Ee·
202 3980 268 4040 tua,
286 3973 320 4030 de
337 3973 374 4029 til.
387 3973 507 4049 presbyt.
522 3973 567 4030 ubi
586 3979 678 4030 textum
693 3972 785 4030 solum
799 3973 868 4030 dicit
888 3990 941 4030 oc·
974 3984 1021 4035 cta
1035 3990 1120 4048 supra
1134 3974 1168 4032 de
1183 3973 1393 4047 tegimenti,
1408 3989 1436 4029 ο.
1447 3974 1503 4031 xv.
1568 4021 1571 4028 .

136 4063 239 4121 lomus
248 4065 378 4129 irritari,
392 4069 421 4119 et
430 4061 524 4119 Glossn
535 4062 614 4134 dicit,
626 4078 680 4119 non
694 4078 756 4120 esse
767 4061 937 4135 irritandam,

137 4159 166 4210 et
179 4153 266 4225 magis
279 4151 434 4226 loquuntur
448 4151 482 4209 de
497 4154 556 4224 ipsc
571 4154 655 4225 Papa.
1205 4121 1346 4192 CAPUT
1368 4121 1569 4193 XXXVffl·‘

180 4247 224 4301 15.
240 4242 288 4299 Vel
308 4248 383 4298 certe
396 4240 451 4299 dici
471 4247 577 4314 potest,
599 4240 828 4314 dispensetionem
848 4241 939 4300 oletum
1031 4257 1146 4335 Quibus
1159 4253 1255 4315 modes
1269 4254 1364 4314 soleat
1374 4257 1564 4331 mosaycam
1577 4264 1723 4318 revocare,

138 4333 173 4388 eb
183 4331 308 4388 interiore
318 4331 346 4386 in
357 4329 416 4404 lege
427 4331 575 4402 superioris
583 4347 648 4388 cum
660 4337 752 4388 tractu
768 4332 937 4403 successivo,
1205 4337 1214 4352 ’

137 4427 167 4478 et
180 4420 237 4477 sine
251 4411 381 4493 temporis
394 4419 630 4489 determinatione,
642 4435 723 4492 posse
738 4421 862 4478 revocari
880 4423 939 4478 sine
1256 4406 1489 4471 sommarium

137 4524 234 4582 cause,
247 4511 312 4582 quia
326 4515 392 4567 tunc
406 4510 523 4566 maxime
537 4509 659 4581 procedit
672 4509 815 4568 discursus
831 4511 935 4584 lactus,
975 4539 999 4588 1·
1010 4535 1076 4588 Mod,
1089 4531 1225 4586 „wude
1237 4533 1455 4597 pp„„,gm„,„
1464 4533 1604 4586 Remu,
1616 4540 1656 4586 e„
1672 4535 1778 4600 duplex,

137 4615 199 4656 nem
211 4600 325 4671 ipsamet
335 4597 691 4672 indeterminatiotsmporis
701 4615 780 4656 suam
794 4598 880 4657 trahit
893 4598 941 4656 de-.
1008 4607 1088 4659 tacita
1099 4613 1126 4656 ec
1138 4615 1267 4668 expressa.
1280 4629 1315 4639 -
1328 4603 1454 4666 Expressa
1467 4605 1529 4654 item
1542 4605 1647 4668 duplex.
1660 4632 1695 4642 —
1705 4605 1781 4657 clen-

138 4688 336 4762 pendentiama
350 4687 491 4744 voluntate
505 4687 690 4745 concedentis.
699 4692 734 4746 st
748 4703 812 4745 rere
827 4687 937 4761 quando
1007 4678 1064 4730 1111
1076 4675 1205 4738 generetis
1222 4673 1379 4735 regulariter
1391 4673 1484 4723 sufficia
1498 4673 1530 4723 11
1542 4673 1687 4738 1111811111
1700 4675 1781 4738 31111·

138 4779 202 4835 deta
216 4783 259 4835 est
279 4793 327 4849 pro
347 4782 470 4848 tempore
490 4776 615 4848 delinito,
638 4775 778 4849 probabile
798 4784 855 4849 est,
884 4793 940 4833 non
1008 4742 1780 4880 118551,ξῇἓὲῑῖζξζέἳέᾶζᾚ,ὀοῖᾳῇᾞῗξῑξξῑὲω-’Ῐ

139 4883 220 4941 posse
233 4866 319 4924 valide
336 4867 460 4924 revocari
474 4869 532 4922 sine
553 4882 638 4924 cause
652 4872 714 4923 ante
729 4867 798 4926 illud
815 4873 936 4940 tempus3
1007 4888 1034 4938 p,
1049 4887 1177 4948 Quaenam
1189 4887 1229 4932 est
1242 4882 1372 4932 revocatio
1385 4883 1474 4933 saorra,
1485 4882 1723 4934 -sconuuones
1735 4895 1780 4932 ne.

138 4959 165 5014 in
176 4973 232 5030 quo
242 4971 310 5014 casu
321 4953 474 5028 loquuntur
488 4955 552 5014 dicti
567 4962 706 5025 auctores,
721 4964 750 5014 et
762 4957 837 5014 ieret
855 4963 940 5030 caput
1008 4956 1148 5016 sessaniae,
1167 4959 1195 5002 uc
1207 4952 1373 5016 priuilegium
1383 4953 1463 5003 tacite
1477 4958 1625 5003 1111111111·
1638 4977 1672 4989 -
1690 4952 1716 5007 θ·
1731 4953 1781 5003 111·

139 5044 261 5103 unic.de
281 5045 473 5117 commodato,
496 5045 674 5119 ubidicitur,
693 5062 750 5104 rem
772 5046 805 5104 ad
828 5053 940 5105 certum
1007 5029 1078 5079 bium
1090 5025 1160 5076 ⁰¹¹⁰³
1172 5023 1277 5073 11111111
1289 5020 1488 5072 1110011101111·

138 5151 221 5193 usum
235 5133 279 5191 vel
293 5141 402 5208 tempus
415 5133 618 5194 commodatam
633 5151 688 5193 non
708 5153 789 5209 posse
803 5143 884 5196 antee
896 5153 939 5196 re·
1016 5137 1039 5194 l.
1057 5135 1131 5190 llaec
1148 5131 1273 5205 quaestio
1288 5128 1366 5186 valde
1385 5127 1474 5194 ested
1489 5131 1596 5202 praxim
1614 5131 1780 5202 necessaria,

139 5225 204 5298 peti,
219 5231 249 5282 et
261 5239 313 5298 pro
327 5225 432 5283 ratione
445 5223 577 5283 redditur:
596 5227 674 5284 Com
687 5223 875 5292 condeceat,
893 5225 939 5284 be·
973 5232 1001 5285 et
1013 5223 1047 5283 sd
1066 5221 1240 5296 intelligenda
1254 5222 1407 5295 rescripte,
1429 5220 1472 5278 vel
1486 5219 1577 5297 leges,
1600 5225 1651 5279 aut
1665 5225 1779 5294 statute,
