4294 6238
909 377 1077 430 monnau.
1700 355 1763 424 aia

147 518 205 559 usu
227 505 376 577 consistit,
401 511 432 562 et
450 505 491 562 sio
514 507 618 577 scripta
632 520 686 563 noa
700 511 753 562 est.
768 507 808 562 lta
824 502 962 578 colligitur
997 519 1062 562 vero
1075 504 1166 576 potuit
1179 502 1352 562 consorciudo
1362 501 1677 574 ecclesiastica,etiamsi
1689 502 1797 558 univor-

29 655 32 674 ,
145 605 180 648 ex
194 593 279 650 Paul.
291 598 322 651 2.
340 593 551 651 nottestane.
567 595 688 652 dicentes
704 597 810 652 Tenete
825 591 963 652 traditio·
997 595 1129 651 salissima
1143 596 1193 666 sit,
1209 593 1332 650 inchoari
1346 594 1403 650 sine
1421 593 1477 649 ullo
1495 599 1642 664 praecepto
1656 606 1798 662 expresso,

145 697 212 740 ross.
230 697 308 753 qnos
326 681 485 748 didicistis,
503 687 562 740 sice
573 699 628 756 per
643 699 818 744 sermonem,
837 686 897 739 sice
906 697 962 756 per
997 685 1055 739 sire
1077 685 1198 754 scripto,
1217 683 1276 738 sire
1289 681 1373 738 serbo
1387 682 1459 752 lato,
1475 684 1531 737 sire
1546 680 1652 748 divino,
1668 681 1724 737 sive
1735 695 1801 751 opo-

145 770 329 843 epistotam,
357 771 441 829 idest
459 773 516 828 sire
527 773 612 829 rerbo
634 779 757 843 tautum,
773 773 829 828 sive
845 772 960 843 scripto,
997 770 1103 841 stolico,
1119 777 1150 828 ut
1163 771 1196 826 de
1212 770 1346 843 aliquibus
1359 769 1539 826 caeremoniis
1554 769 1799 826 sacramentalibus

145 865 174 914 et
188 859 229 916 ita
248 862 379 932 supponit
393 867 539 934 utromque
556 862 740 918 traditionem.
754 863 823 918 lium
843 875 910 917 nero
925 863 962 916 ait
997 857 1141 916 uerisimile
1158 866 1212 931 est,
1226 866 1253 915 et
1269 865 1334 915 tunc
1348 859 1487 916 invenitur
1499 858 1610 932 quidem
1626 857 1799 914 consuetudo
1834 877 1838 884 ·

148 951 270 1010 Tenen,
291 966 374 1006 usum
389 956 417 1006 et
430 952 619 1008 executionem
632 950 807 1023 praecipit,ia
822 965 878 1021 qua
893 965 960 1006 con·
997 949 1055 1006 siae
1070 948 1214 1005 traditione
1229 949 1419 1019 praeceptiva,
1440 963 1495 1003 non
1511 954 1602 1004 tamon
1618 947 1727 1002 omnino
1741 947 1798 1002 sine

147 1038 273 1094 suetudo
294 1040 428 1094 consistit.
444 1039 518 1094 idern
533 1039 651 1096 sumitur
665 1053 698 1096 ex
712 1038 758 1094 illo
778 1043 801 1096 t.
818 1036 851 1094 ad
866 1033 965 1094 Corin-⁹
995 1037 1151 1108 traditione,
1175 1051 1238 1094 acm
1256 1039 1405 1108 ipsummet
1420 1037 1528 1092 initirnn
1543 1033 1750 1091 consuetudinis
1764 1035 1797 1091 ab

147 1124 225 1181 tbios
247 1131 291 1184 tl:
306 1131 371 1198 Epo
387 1130 465 1182 enim
478 1131 612 1200 occepta
622 1125 845 1200 Dominoquod
857 1130 885 1182 et
897 1131 960 1184 tra·
996 1127 1126 1197 apostolis
1141 1135 1169 1183 et
1184 1127 1278 1197 primis
1293 1125 1449 1196 pastoribus
1464 1117 1604 1182 Ecclesiae
1618 1125 1799 1196 approbatum

145 1212 217 1269 didi
236 1214 329 1280 cobis,
339 1215 436 1286 utiquc
451 1215 582 1285 verbo,et
596 1222 690 1287 postea
704 1215 808 1286 scripto
823 1229 872 1286 per
886 1215 959 1270 illam
996 1214 1149 1272 traditionis
1164 1215 1217 1270 eim
1233 1214 1336 1270 babuit.
1346 1215 1380 1270 Et
1394 1215 1429 1270 ita
1444 1213 1510 1270 dixit
1523 1217 1641 1285 August.
1659 1213 1705 1269 lib.
1718 1217 1745 1269 ti.
1761 1215 1798 1268 de

146 1303 310 1376 epistolam.
330 1303 417 1359 Usum
438 1310 529 1360 autem
550 1311 578 1360 et
595 1302 822 1362 consuetudinem
846 1303 958 1372 iudicat,
994 1295 1798 1377 coptum.poroui.c.2t:(auodattonsaunetacciei

146 1407 217 1450 cum
232 1391 313 1447 dicits
336 1394 442 1464 Itaque
455 1407 525 1448 mem
539 1395 703 1450 conuertitis
716 1391 758 1450 od
771 1391 959 1450 manducac-
994 1395 1051 1459 sic,
1067 1407 1120 1447 saec
1134 1390 1266 1448 conciliis
1276 1395 1454 1456 institutum,
1464 1391 1515 1448 sed
1525 1407 1638 1464 scntper
1648 1396 1794 1447 retentum

147 1480 234 1546 duna,
245 1481 353 1536 etc.Sic
371 1480 555 1538 Tertullianus
569 1480 617 1538 lib.
631 1481 665 1538 de
678 1497 776 1540 coron.
791 1483 848 1538 mil.
859 1497 921 1552 cap.
931 1485 958 1538 3.
994 1485 1050 1546 est,
1069 1495 1128 1536 nors
1141 1483 1201 1536 nist
1215 1483 1395 1538 auctoritate
1408 1479 1573 1553 apostolica
1586 1479 1734 1537 traditam
1747 1496 1792 1536 re·

147 1569 228 1626 dixit:
244 1574 331 1626 Hauc
347 1569 462 1639 (seilicet
474 1570 654 1641 traditionem)
664 1573 690 1627 si
701 1569 787 1627 nulla
798 1572 959 1644 Scriptura
993 1571 1124 1626 ctissime
1135 1567 1350 1636 crediturum
1362 1568 1410 1625 bae
1426 1559 1632 1624 immemoriaies
1643 1577 1794 1627 consuetu·

145 1658 370 1718 detersuincoit.
378 1662 456 1730 certe
472 1659 652 1716 eonstoetudo
663 1659 871 1726 corroborauit,
881 1675 959 1732 quoe
993 1655 1110 1730 diaes,si
1125 1657 1159 1714 ab
1174 1657 1428 1715 uniuersaEcclesic
1439 1663 1615 1730 cerreniano
1626 1661 1793 1730 temporibus

145 1751 215 1804 sine
236 1747 329 1804 dubio
355 1746 392 1804 de
411 1746 572 1806 traditione
592 1751 747 1814 maucait;
773 1755 801 1804 et
819 1749 958 1819 subiungit
993 1747 1179 1818 apostolorum
1204 1747 1301 1816 luisse,
1326 1752 1353 1803 et
1367 1763 1420 1802 uon
1434 1749 1491 1802 sine
1511 1763 1607 1804 eorum
1625 1746 1752 1804 doctriua
1765 1755 1793 1804 et

145 1853 213 1908 cap.
230 1841 263 1894 i:
284 1835 418 1894 Traditio
445 1837 500 1892 tibi
518 1835 726 1910 praetenditur
740 1839 871 1902 auctrix,
890 1853 957 1892 corr·
992 1834 1272 1906 auctoritate,saltem
1287 1836 1465 1908 approbante,
1481 1836 1615 1907 incepisse
1625 1836 1788 1894 creduntur.

146 1925 277 1983 suetudo
306 1924 535 1998 confirmatrice,
557 1931 584 1981 ct
596 1924 676 1999 fides
695 1925 891 1982 obsmctriu.
915 1924 958 1980 ni·
1033 1927 1109 1982 ccx
1125 1925 1226 1998 quibus
1242 1925 1318 1981 lacile
1333 1931 1376 1980 est
1388 1940 1523 1995 exponere
1539 1925 1692 1980 secundum
1708 1938 1793 1982 mern·

148 2016 267 2088 stinguit
287 2015 378 2088 itaque
393 2014 620 2070 consuetudinem
634 2029 650 2069 a
666 2013 823 2084 traditione,
843 2013 911 2070 cdeo
926 2019 957 2070 ut
991 2013 1071 2070 brom
1086 2013 1118 2070 de
1132 2013 1333 2070 consuetudine
1345 2013 1534 2070 ecclesiastica
1546 2020 1653 2084 praeter
1667 2016 1710 2070 ins
1724 2014 1793 2070 divi·

146 2103 241 2159 dicat:
263 2101 417 2177 Quomodo
435 2101 588 2159 observari
601 2100 674 2174 puid
682 2107 787 2176 potest,
802 2101 879 2174 quod
893 2107 956 2160 tra·
991 2119 1073 2174 num,
1096 2102 1158 2160 talis
1175 2103 1247 2159 enirn
1267 2103 1320 2158 dici
1344 2108 1433 2174 potest
1452 2102 1612 2180 generaliter
1631 2103 1718 2158 omois
1732 2102 1788 2172 illa,

146 2191 251 2248 ditum
265 2209 326 2248 non
339 2191 403 2247 est?
990 2208 1060 2266 qrrae
1080 2207 1130 2248 nec
1149 2208 1184 2249 ex
1204 2191 1295 2248 divino
1316 2199 1465 2263 praecepto
1480 2192 1613 2263 manavit,
1629 2207 1680 2249 noc
1694 2200 1792 2249 cantro

190 2284 221 2340 7.
238 2281 292 2338 Sed
310 2283 337 2336 in
356 2281 409 2337 boc
430 2280 544 2338 ulterius
559 2281 688 2353 adverto,
708 2279 784 2354 quod
805 2281 876 2337 sient
890 2297 956 2338 con·
990 2281 1056 2338 illud
1076 2281 1178 2337 existit.
1197 2281 1258 2336 Non
1280 2287 1371 2336 lamen
1387 2279 1437 2336 boc
1453 2281 1519 2337 satis
1532 2286 1590 2349 est,
1606 2287 1638 2336 ut
1652 2280 1712 2337 talis
1725 2296 1792 2338 cou-

148 2369 280 2427 suetudo
294 2369 432 2426 interdum
452 2376 544 2426 monol
562 2385 595 2427 ex
610 2368 669 2442 lege
682 2371 772 2427 divina
786 2371 904 2444 scripta,
921 2372 956 2425 ita
991 2370 1109 2427 suetudo
1129 2371 1200 2426 inter
1218 2369 1279 2425 illas
1299 2375 1493 2440 computetur,
1514 2385 1585 2442 quae
1600 2371 1642 2425 ius
1656 2386 1709 2425 non
1724 2371 1793 2427 scri·

149 2461 248 2530 potuit
263 2473 390 2531 monere,
409 2464 437 2515 et
450 2459 573 2516 inoboari
587 2475 619 2516 es
634 2462 659 2515 ri
674 2459 741 2533 legis
754 2463 835 2517 etiam
850 2460 954 2518 divinae
991 2466 1069 2532 ptum
1084 2461 1235 2528 continent,
1251 2458 1300 2513 nisi
1314 2457 1395 2513 eiiam
1409 2456 1537 2529 addatur,
1550 2465 1581 2514 ut
1594 2474 1626 2514 ex
1642 2458 1717 2514 nulla
1732 2459 1791 2531 lege

148 2563 207 2602 non
224 2547 352 2619 scriptae,
362 2562 425 2603 nam
443 2549 517 2604 siout
531 2548 672 2618 Scriptura
684 2564 737 2603 non
749 2555 792 2605 est
803 2547 836 2605 de
851 2549 955 2605 ratione
990 2563 1119 2618 expressa
1133 2546 1294 2619 apostolica,
1306 2546 1348 2602 rel
1362 2545 1481 2602 bumana
1496 2547 1656 2616 manaverit,
1664 2553 1692 2602 ul
1707 2546 1791 2618 paulo

150 2637 234 2710 legis,
248 2643 279 2692 ut
295 2637 333 2692 sic
345 2637 393 2718 (ut
407 2651 491 2707 supra
505 2635 644 2708 vidimusl,
657 2639 695 2693 ita
708 2637 796 2694 multo
810 2639 900 2694 minus
914 2643 956 2693 est
990 2645 1070 2695 antea
1084 2637 1238 2702 declaravi,
1259 2643 1287 2692 et
1298 2651 1332 2691 en
1346 2635 1425 2691 dictis
1440 2637 1517 2692 circa
1529 2635 1710 2694 definitionem
1724 2651 1791 2693 con·

147 2725 187 2783 de
202 2727 307 2782 ratione
329 2725 397 2798 legis
415 2724 532 2781 divinae.
549 2727 606 2781 lmo
622 2725 665 2782 lex
676 2742 746 2782 nona
760 2741 808 2798 per
823 2741 851 2782 se
865 2725 956 2784 solum
990 2735 1089 2800 siccet
1102 2727 1183 2798 paulo
1198 2726 1309 2782 interius
1325 2723 1470 2782 tractando
1484 2723 1518 2782 ds
1533 2726 1592 2800 lege
1610 2725 1729 2782 bumana
1742 2726 1791 2782 ite·

151 2814 272 2871 verbum
289 2812 420 2885 postulat,
434 2820 465 2869 ut
475 2812 542 2869 inlra
554 2812 598 2869 lib.
613 2815 646 2870 x.
660 2815 831 2885 dicemus,ot
843 2815 868 2870 in
880 2816 955 2886 prin·
990 2833 1053 2875 rom
1071 2816 1205 2873 dicemus.
1222 2816 1249 2872 si
1269 2822 1361 2872 autern
1381 2814 1555 2874 consuetudo
1568 2821 1612 2871 est
1626 2821 1735 2886 praeter
1748 2815 1791 2870 ius

150 2904 228 2974 cipio
247 2904 285 2958 ita
305 2901 356 2957 init
375 2900 487 2972 tradita,
503 2908 535 2958 ut
547 2919 580 2959 en
595 2903 685 2958 citatis
700 2904 776 2959 Pauli
790 2905 955 2961 testimoniis
991 2905 1131 2975 divinum,
1150 2911 1178 2960 et
1191 2905 1266 2960 nulla
1281 2905 1339 2977 lego
1354 2921 1483 2978 expresso
1497 2905 1590 2976 coepit
1604 2902 1708 2976 induci,
1724 2910 1791 2960 tunc

149 2998 275 3048 constet.
288 2991 442 3063 licitasque
455 3005 516 3047 esse
529 3006 604 3048 nunc
619 2991 777 3049 traditiones
792 2994 818 3048 in
833 2993 956 3050 Ecclesia
991 2994 1025 3052 de
1040 3010 1070 3051 se
1082 2993 1225 3050 suillciens
1237 3000 1279 3051 est
1291 2995 1324 3051 ad
1336 2993 1521 3052 inducendum
1532 2997 1576 3051 ios
1588 2982 1643 3050 noa
1655 2997 1791 3066 scriptum
1846 3063 1849 3076 Ι

150 3095 207 3136 ηοη
228 3079 363 3150 scriptos,
386 3093 456 3150 quse
474 3095 507 3136 en
527 3079 617 3136 dirioo
631 3089 779 3154 praecepto
794 3089 954 3156 manarunt,
990 3084 1268 3143 consuetudinarium
1281 3101 1329 3156 per
1344 3085 1461 3142 tacitum
1473 3098 1639 3141 consensum
1652 3082 1793 3155 populi,et

148 3174 180 3224 et
200 3166 268 3222 illud
291 3167 452 3241 continent,
474 3169 658 3225 certissimum
672 3177 732 3241 est,
747 3181 777 3227 ut
790 3188 824 3227 ex
837 3171 955 3228 concilio
990 3173 1196 3247 praelatorum,
1218 3189 1267 3230 seu
1281 3174 1453 3245 principum:
1474 3179 1502 3228 et
1516 3171 1672 3227 huiusmodi
1687 3179 1752 3229 sunt
1766 3175 1791 3228 in

150 3255 302 3312 tridentino
318 3270 388 3310 sess.
403 3260 430 3313 i.
443 3254 593 3330 colligitur,
606 3265 635 3314 et
647 3260 673 3314 in
688 3261 800 3316 materia
814 3259 846 3316 de
864 3276 956 3318 sacra·
989 3264 1115 3320 Ecclesia
1141 3261 1202 3318 illie
1226 3260 1402 3333 traditiones,
1429 3276 1499 3334 quas
1518 3262 1646 3315 universa
1666 3259 1792 3317 Ecclesia

151 3352 239 3401 ment.
257 3343 332 3400 etde
347 3343 398 3400 lide
407 3383 415 3417 ,
434 3344 514 3401 latins
527 3351 571 3402 esi
583 3347 738 3416 dicendum,
753 3357 781 3405 et
795 3349 878 3407 docet
891 3366 955 3409 ero·
990 3360 1100 3423 serrat,
1119 3351 1153 3409 do
1171 3351 1272 3424 quibus
1287 3365 1338 3406 nec
1355 3351 1481 3406 Christus
1496 3351 1643 3418 Dominus,
1659 3363 1711 3405 nec
1726 3363 1791 3420 apo·

151 3433 207 3489 dite
229 3433 412 3489 Bellarminus
432 3434 479 3490 lib.
496 3438 524 3492 t.
541 3434 577 3491 de
596 3437 683 3492 aerbo
697 3441 761 3493 Dei.
778 3438 841 3495 illae
863 3447 954 3498 autem
990 3440 1052 3497 stoli
1066 3455 1228 3516 expressum
1240 3441 1420 3511 praeceptum
1431 3436 1613 3508 tradiderunt,
1629 3445 1659 3492 ut
1670 3442 1712 3493 est
1724 3453 1750 3493 v.
1760 3453 1787 3510 g.

153 3538 207 3577 non
229 3527 295 3577 sunt
315 3523 442 3592 propriae
461 3525 679 3582 consuetudines
701 3525 785 3599 iuris,
810 3527 859 3584 sed
878 3513 954 3596 iacti,
989 3529 1148 3585 communio
1173 3527 1307 3604 laicorum
1329 3527 1381 3583 sub
1397 3541 1451 3582 una
1464 3526 1567 3597 specie,
1585 3526 1737 3596 baptismus
1753 3525 1791 3581 in-

152 3611 218 3682 quin
237 3609 303 3665 licet
318 3611 478 3668 contineant
498 3613 541 3668 ius
556 3629 608 3668 nou
624 3615 770 3686 scriptum,
786 3633 838 3673 non
853 3626 896 3675 est
910 3621 954 3676 ius
990 3617 1119 3688 fantium,
1135 3623 1163 3674 et
1177 3615 1286 3672 similes.
1302 3617 1418 3687 Oportet
1430 3622 1521 3671 nutem
1537 3614 1614 3670 circa
1635 3613 1791 3670 huiusmodi

153 3695 353 3754 consuetudine
376 3697 540 3768 inductum,
564 3702 612 3758 scd
629 3703 953 3774 potiusconsuetudoes
990 3706 1158 3762 universales
1173 3705 1388 3762 consuetudines
1402 3703 1541 3760 Ecclesiae
1561 3703 1721 3774 observare,
1738 3719 1792 3760 non
1841 3755 1844 3765 ,
1953 3693 1958 3700 ’

153 3787 212 3842 iure
227 3786 317 3842 dirioo
330 3789 465 3860 manarit,
484 3795 512 3845 et
525 3789 585 3846 ideo
599 3791 652 3846 tale
666 3793 710 3848 lus
722 3809 774 3849 noo
791 3793 953 3868 humanum,
989 3811 1096 3868 semper
1117 3795 1249 3852 inducere
1269 3796 1313 3850 ios
1333 3809 1388 3849 uon
1404 3795 1558 3864 scriptum,
1574 3799 1602 3848 ot
1618 3793 1742 3865 obligans
1757 3793 1792 3848 ad

153 3875 200 3932 sed
215 3876 338 3933 divinum
353 3884 407 3949 est,
424 3865 638 3953 lradriionesque
652 3883 724 3952 ipsae
739 3883 844 3940 divinae
859 3885 956 3942 dicun·
990 3901 1071 3941 usurn
1097 3883 1140 3940 rel
1161 3884 1379 3940 observationem
1399 3882 1623 3954 consuetudinis,
1646 3890 1679 3939 ut
1698 3891 1741 3938 est
1765 3883 1791 3936 in

154 3973 210 4037 tur,
226 3966 296 4022 licet
312 3981 360 4037 per
372 3967 601 4025 consuetudinem
616 3978 795 4028 conservatae
810 3975 873 4047 sint,
884 3991 955 4048 quoe
990 3973 1078 4030 ironic
1095 3988 1181 4030 cruce
1195 3973 1305 4044 signari,
1315 3977 1343 4028 et
1356 3986 1436 4027 orare
1447 3985 1545 4028 versus
1557 3969 1791 4041 orientemqnorl

147 4055 206 4111 illis
225 4072 280 4113 non
305 4055 407 4111 addidit
421 4071 518 4112 novam
534 4059 599 4114 iuris
613 4059 823 4136 obligationem,
845 4063 907 4120 lieet
920 4065 955 4122 ad
988 4063 1120 4121 icterbns
1131 4061 1289 4118 traditiones
1304 4061 1381 4132 ponit
1392 4061 1507 4118 Tertull.
1524 4075 1618 4132 sinuo,
1633 4067 1662 4117 et
1675 4058 1790 4115 Basilius

154 4145 220 4200 illud
243 4142 480 4215 interpretandum
499 4147 732 4218 quamplurimum
741 4147 837 4207 ‘valere
855 4149 953 4222 possiti
990 4152 1036 4208 lib.
1051 4151 1088 4208 de
1107 4153 1189 4224 Spir.
1208 4156 1322 4215 saucio,
1341 4166 1403 4222 cap.
1420 4154 1468 4221 27,
1484 4165 1546 4220 cap.
1563 4149 1794 4206 Ecclesiasticu-

153 4237 217 4307 quin
239 4234 314 4289 sicut
333 4233 454 4290 divinum
477 4243 654 4308 praeceptum
668 4239 802 4313 ostendit,
818 4243 858 4298 ita
872 4245 953 4299 etiam
988 4240 1200 4307 rum,distiuct.
1213 4246 1222 4298 t
1234 4244 1258 4308 l,
1270 4246 1298 4296 et
1312 4239 1369 4311 alii,
1384 4254 1456 4311 quos
1470 4239 1533 4295 alibi
1547 4237 1671 4310 allegari,
1683 4238 1730 4310 qui
1740 4236 1793 4292 clia

155 4323 282 4394 proponit
296 4323 421 4394 modum,
433 4329 466 4378 ut
479 4323 518 4378 sic
533 4323 691 4397 dicam,seu
705 4328 873 4386 conditiones
884 4331 952 4388 eius.
989 4336 1097 4404 ponunt
1110 4326 1234 4399 exempla
1249 4328 1348 4384 barum
1364 4327 1554 4394 traditionum,
1569 4341 1640 4400 quae
1652 4327 1703 4384 sub
1715 4342 1793 4398 prae·

154 4413 231 4469 Addo
247 4427 312 4467 roro
328 4411 434 4480 obiter,
453 4417 561 4482 praeter
575 4412 624 4470 has
639 4430 700 4470 esse
716 4416 780 4472 alias
795 4417 955 4475 traditiones
990 4426 1072 4492 cepto
1091 4434 1146 4474 nan
1166 4416 1298 4488 obligant.
1314 4414 1495 4474 Nihilominus
1515 4421 1606 4472 tamen
1624 4416 1667 4472 ins
1681 4414 1794 4489 aliquod

156 4517 207 4557 oon
223 4501 432 4571 scriptos,quae
443 4514 496 4556 non
508 4515 540 4556 cx
551 4499 955 4576 divinis,sedenapostolorum
989 4507 1144 4578 inducunt,
1164 4505 1206 4562 vel
1226 4506 1317 4577 potius
1332 4503 1499 4575 ostendunt,
1516 4504 1744 4576 approbativum,
1761 4509 1794 4561 ut

155 4589 319 4662 praeceptis,
335 4595 363 4644 et
377 4588 483 4660 legibus
496 4604 622 4646 manasse
637 4592 800 4658 creduntur,
818 4601 848 4650 ut
863 4594 906 4652 lex
920 4595 955 4653 de
990 4597 1030 4654 sic
1050 4596 1157 4666 dicam,
1181 4595 1275 4651 talium
1296 4601 1421 4651 actuum.
1443 4595 1510 4650 Nam
1534 4593 1598 4650 talis
1619 4593 1792 4650 consuetudo

108 4729 112 4738 .
155 4679 253 4748 ieiuoip
268 4676 550 4750 quadragesimali,de
560 4679 713 4736 dominicae
725 4681 777 4738 diei
790 4684 956 4741 observatio·
990 4685 1154 4744 universalia
1169 4684 1389 4752 Ecclesiae,esto
1403 4698 1456 4738 non
1471 4681 1573 4756 obliget
1590 4682 1744 4754 specialiter
1757 4681 1792 4738 ad

155 4783 197 4839 ne,
210 4776 239 4825 ei
253 4766 445 4839 similes,quae
459 4766 628 4838 apostolicae
643 4769 801 4826 traditiones
812 4771 953 4831 dicontur.
991 4775 1108 4848 aliquem
1124 4789 1223 4844 nsum,
1244 4771 1349 4845 obligat
1362 4771 1395 4827 ad
1415 4771 1597 4842 credendum,
1612 4771 1694 4828 talem
1710 4787 1791 4828 usum

155 4859 188 4914 Et
200 4873 298 4913 earum
313 4854 487 4912 consuetudo
499 4855 553 4911 dici
563 4863 654 4928 potest
665 4860 819 4918 secundum
834 4863 876 4918 ius
891 4871 958 4935 apo·
991 4881 1052 4921 osso
1068 4865 1173 4921 licitum
1187 4869 1216 4918 et
1230 4869 1371 4935 sanctum3
1384 4866 1443 4916 tum
1459 4861 1524 4933 quia
1539 4875 1647 4931 semper
1662 4867 1793 4916 censetur

153 4947 300 5017 stolicum,
322 4943 498 5017 quodetiam
528 4947 801 5006 consuetudinarium
825 4968 880 5008 noa
902 4959 955 5024 est,
992 4956 1141 5027 approbata
1161 4953 1195 5009 ab
1217 4951 1288 5024 ipsis
1304 4949 1452 5023 apostolis,
1477 4955 1536 5005 tum
1549 4951 1614 5021 quin
1630 4949 1793 5005 universalis

153 5037 215 5108 quic
229 5050 287 5092 non
302 5032 478 5090 consuetudo
492 5033 598 5091 induxit
611 5035 710 5110 legem,
724 5037 772 5095 sod
787 5039 829 5096 les
840 5055 958 5098 consue·
992 5043 1133 5100 Ecclesiae
1147 5041 1300 5098 anactoritas
1311 5038 1344 5095 ad
1358 5039 1411 5094 boc
1427 5038 1543 5109 scilicit,
1555 5053 1620 5094 curn
1632 5039 1658 5092 ia
1671 5036 1793 5092 moribus

154 5125 295 5194 tudinem,
318 5129 347 5179 et
367 5121 426 5178 ideo
446 5123 529 5180 etiam
550 5123 612 5180 talis
632 5127 808 5184 consuetudo
824 5127 888 5185 lacti
902 5135 954 5199 est,
993 5147 1046 5188 non
1068 5131 1153 5203 possit
1174 5136 1230 5185 tota
1243 5143 1348 5201 errare,
1365 5126 1466 5200 aliquid
1482 5132 1564 5199 turpe
1580 5123 1791 5194 committendo,

156 5227 208 5268 oon
226 5211 313 5284 iuris,
336 5217 422 5282 prout
438 5225 513 5267 nunc
534 5211 568 5268 de
582 5211 625 5270 illo
640 5212 787 5288 loquimur.
805 5216 956 5288 tliqtrando
995 5218 1035 5276 rol
1051 5214 1236 5290 approbando.

233 5317 615 5372 transactionum-aaron.
1238 5331 1240 5340 η
1581 5324 1608 5366 35
