<?xml version="1.0" encoding="UTF-8"?>
<!DOCTYPE html PUBLIC "-//W3C//DTD XHTML 1.0 Transitional//EN"
    "http://www.w3.org/TR/xhtml1/DTD/xhtml1-transitional.dtd">
<html xmlns="http://www.w3.org/1999/xhtml" xml:lang="en" lang="en">
 <head>
  <title>
</title>
<meta http-equiv="Content-Type" content="text/html;charset=utf-8" />
  <meta name='ocr-system' content='tesseract 3.04.00' />
  <meta name='ocr-capabilities' content='ocr_page ocr_carea ocr_par ocr_line ocrx_word'/>
</head>
<body>
  <div class='ocr_page' id='page_1' title='image "./tractatusdelegi00sugoog_0066.png"; bbox 0 0 4190 6234; ppageno 0'>
   <div class='ocr_carea' id='block_1_1' title="bbox 810 374 1686 438">
    <p class='ocr_par' dir='ltr' id='par_1_1' title="bbox 810 374 1686 438">
     <span class='ocr_line' id='line_1_1' title="bbox 810 374 1686 438; baseline -0.002 -1"><span class='ocrx_word' id='word_1_1' title='bbox 810 387 915 438; x_wconf 81' lang='lat' dir='ltr'>aaran</span> <span class='ocrx_word' id='word_1_2' title='bbox 930 389 993 436; x_wconf 80' lang='lat'>111.</span> <span class='ocrx_word' id='word_1_3' title='bbox 1645 374 1686 436; x_wconf 80' lang='lat'>55</span> 
     </span>
    </p>
   </div>
   <div class='ocr_carea' id='block_1_2' title="bbox 92 511 1730 3996">
    <p class='ocr_par' dir='ltr' id='par_1_2' title="bbox 92 511 1730 3996">
     <span class='ocr_line' id='line_1_2' title="bbox 95 511 1726 588; baseline -0.001 -18"><span class='ocrx_word' id='word_1_4' title='bbox 95 511 167 570; x_wconf 78' lang='lat' dir='ltr'>bono</span> <span class='ocrx_word' id='word_1_5' title='bbox 186 528 241 570; x_wconf 89' lang='lat' dir='ltr'>nou</span> <span class='ocrx_word' id='word_1_6' title='bbox 260 519 416 570; x_wconf 75' lang='lat' dir='ltr'>excusatur</span> <span class='ocrx_word' id='word_1_7' title='bbox 438 515 597 588; x_wconf 85' lang='lat' dir='ltr'>simpliciter</span> <span class='ocrx_word' id='word_1_8' title='bbox 617 531 633 574; x_wconf 86' lang='lat' dir='ltr'>a</span> <span class='ocrx_word' id='word_1_9' title='bbox 653 514 749 588; x_wconf 72' lang='lat' dir='ltr'>culpaq</span> <span class='ocrx_word' id='word_1_10' title='bbox 774 513 889 587; x_wconf 87' lang='lat' dir='ltr'>ideoque</span> <span class='ocrx_word' id='word_1_11' title='bbox 927 513 1121 570; x_wconf 82' lang='lat' dir='ltr'>excusatbiai</span> <span class='ocrx_word' id='word_1_12' title='bbox 1136 517 1228 570; x_wconf 85' lang='lat' dir='ltr'>autem</span> <span class='ocrx_word' id='word_1_13' title='bbox 1244 528 1303 570; x_wconf 89' lang='lat' dir='ltr'>esse</span> <span class='ocrx_word' id='word_1_14' title='bbox 1317 513 1515 584; x_wconf 84' lang='lat' dir='ltr'>necessarium,</span> <span class='ocrx_word' id='word_1_15' title='bbox 1531 520 1562 572; x_wconf 90' lang='lat' dir='ltr'>nt</span> <span class='ocrx_word' id='word_1_16' title='bbox 1577 511 1636 570; x_wconf 87' lang='lat' dir='ltr'>talis</span> <span class='ocrx_word' id='word_1_17' title='bbox 1649 515 1726 586; x_wconf 87' lang='lat' dir='ltr'>iguo·</span> 
     </span>
     <span class='ocr_line' id='line_1_3' title="bbox 94 601 1727 680; baseline 0.001 -20"><span class='ocrx_word' id='word_1_18' title='bbox 94 605 156 660; x_wconf 93' lang='lat' dir='ltr'>ineo</span> <span class='ocrx_word' id='word_1_19' title='bbox 170 617 237 660; x_wconf 80' lang='lat' dir='ltr'>casu</span> <span class='ocrx_word' id='word_1_20' title='bbox 248 602 389 676; x_wconf 84' lang='lat' dir='ltr'>probabile</span> <span class='ocrx_word' id='word_1_21' title='bbox 401 609 456 675; x_wconf 88' lang='lat' dir='ltr'>eat,</span> <span class='ocrx_word' id='word_1_22' title='bbox 468 620 523 663; x_wconf 91' lang='lat' dir='ltr'>noo</span> <span class='ocrx_word' id='word_1_23' title='bbox 537 606 664 664; x_wconf 81' lang='lat' dir='ltr'>excusari</span> <span class='ocrx_word' id='word_1_24' title='bbox 674 604 837 680; x_wconf 70' lang='lat' dir='ltr'>regulariter</span> <span class='ocrx_word' id='word_1_25' title='bbox 852 605 892 660; x_wconf 92' lang='lat' dir='ltr'>lo·</span> <span class='ocrx_word' id='word_1_26' title='bbox 927 601 1015 658; x_wconf 88' lang='lat' dir='ltr'>rantia</span> <span class='ocrx_word' id='word_1_27' title='bbox 1031 619 1084 660; x_wconf 91' lang='lat' dir='ltr'>non</span> <span class='ocrx_word' id='word_1_28' title='bbox 1098 601 1227 659; x_wconf 76' lang='lat' dir='ltr'>excludat</span> <span class='ocrx_word' id='word_1_29' title='bbox 1241 602 1362 674; x_wconf 88' lang='lat' dir='ltr'>culpam,</span> <span class='ocrx_word' id='word_1_30' title='bbox 1379 613 1491 675; x_wconf 88' lang='lat' dir='ltr'>propter</span> <span class='ocrx_word' id='word_1_31' title='bbox 1505 619 1588 677; x_wconf 90' lang='lat' dir='ltr'>quam</span> <span class='ocrx_word' id='word_1_32' title='bbox 1601 603 1727 674; x_wconf 87' lang='lat' dir='ltr'>imposita</span> 
     </span>
     <span class='ocr_line' id='line_1_4' title="bbox 94 685 1728 770; baseline 0.001 -20"><span class='ocrx_word' id='word_1_33' title='bbox 94 691 195 767; x_wconf 84' lang='lat' dir='ltr'>quando</span> <span class='ocrx_word' id='word_1_34' title='bbox 209 709 226 750; x_wconf 89' lang='lat' dir='ltr'>a</span> <span class='ocrx_word' id='word_1_35' title='bbox 245 709 336 765; x_wconf 88' lang='lat' dir='ltr'>poena</span> <span class='ocrx_word' id='word_1_36' title='bbox 350 692 421 767; x_wconf 86' lang='lat' dir='ltr'>legia</span> <span class='ocrx_word' id='word_1_37' title='bbox 435 695 583 766; x_wconf 89' lang='lat' dir='ltr'>humanae,</span> <span class='ocrx_word' id='word_1_38' title='bbox 598 697 624 753; x_wconf 90' lang='lat' dir='ltr'>in</span> <span class='ocrx_word' id='word_1_39' title='bbox 644 711 700 770; x_wconf 92' lang='lat' dir='ltr'>quo</span> <span class='ocrx_word' id='word_1_40' title='bbox 715 711 797 752; x_wconf 86' lang='lat' dir='ltr'>sensu</span> <span class='ocrx_word' id='word_1_41' title='bbox 813 696 888 751; x_wconf 86' lang='lat' dir='ltr'>Scot.</span> <span class='ocrx_word' id='word_1_42' title='bbox 926 700 969 750; x_wconf 87' lang='lat' dir='ltr'>est</span> <span class='ocrx_word' id='word_1_43' title='bbox 982 709 1078 765; x_wconf 87' lang='lat' dir='ltr'>poena,</span> <span class='ocrx_word' id='word_1_44' title='bbox 1089 694 1152 766; x_wconf 94' lang='lat' dir='ltr'>quia</span> <span class='ocrx_word' id='word_1_45' title='bbox 1163 693 1302 751; x_wconf 89' lang='lat' dir='ltr'>interdum</span> <span class='ocrx_word' id='word_1_46' title='bbox 1315 685 1405 764; x_wconf 88' lang='lat' dir='ltr'>potest</span> <span class='ocrx_word' id='word_1_47' title='bbox 1416 689 1568 766; x_wconf 82' lang='lat' dir='ltr'>ignorantia</span> <span class='ocrx_word' id='word_1_48' title='bbox 1580 710 1631 750; x_wconf 92' lang='lat' dir='ltr'>non</span> <span class='ocrx_word' id='word_1_49' title='bbox 1643 709 1728 751; x_wconf 84' lang='lat' dir='ltr'>encu-</span> 
     </span>
     <span class='ocr_line' id='line_1_5' title="bbox 92 781 1727 859; baseline -0.002 -16"><span class='ocrx_word' id='word_1_50' title='bbox 92 791 116 843; x_wconf 83' lang='lat' dir='ltr'>st</span> <span class='ocrx_word' id='word_1_51' title='bbox 127 785 300 842; x_wconf 85' lang='lat' dir='ltr'>Turrecrcm.</span> <span class='ocrx_word' id='word_1_52' title='bbox 309 783 397 841; x_wconf 89' lang='lat' dir='ltr'>locuti</span> <span class='ocrx_word' id='word_1_53' title='bbox 412 787 528 843; x_wconf 86' lang='lat' dir='ltr'>eunt.Et</span> <span class='ocrx_word' id='word_1_54' title='bbox 540 787 611 846; x_wconf 90' lang='lat' dir='ltr'>ratio</span> <span class='ocrx_word' id='word_1_55' title='bbox 622 787 746 859; x_wconf 86' lang='lat' dir='ltr'>est,quia</span> <span class='ocrx_word' id='word_1_56' title='bbox 758 792 825 842; x_wconf 90' lang='lat' dir='ltr'>tune</span> <span class='ocrx_word' id='word_1_57' title='bbox 837 798 890 839; x_wconf 90' lang='lat' dir='ltr'>non</span> <span class='ocrx_word' id='word_1_58' title='bbox 927 798 988 839; x_wconf 85' lang='lat' dir='ltr'>aare</span> <span class='ocrx_word' id='word_1_59' title='bbox 1002 782 1038 838; x_wconf 93' lang='lat' dir='ltr'>ab</span> <span class='ocrx_word' id='word_1_60' title='bbox 1050 783 1122 838; x_wconf 88' lang='lat' dir='ltr'>onroi</span> <span class='ocrx_word' id='word_1_61' title='bbox 1134 781 1216 855; x_wconf 91' lang='lat' dir='ltr'>culpa</span> <span class='ocrx_word' id='word_1_62' title='bbox 1231 782 1348 851; x_wconf 83' lang='lat' dir='ltr'>mortali,</span> <span class='ocrx_word' id='word_1_63' title='bbox 1362 789 1389 838; x_wconf 91' lang='lat' dir='ltr'>et</span> <span class='ocrx_word' id='word_1_64' title='bbox 1403 782 1579 839; x_wconf 84' lang='lat' dir='ltr'>nibilominus</span> <span class='ocrx_word' id='word_1_65' title='bbox 1593 798 1727 840; x_wconf 80' lang='lat' dir='ltr'>excusare</span> 
     </span>
     <span class='ocr_line' id='line_1_6' title="bbox 96 872 1728 946; baseline -0.001 -14"><span class='ocrx_word' id='word_1_66' title='bbox 96 880 180 932; x_wconf 83' lang='lat' dir='ltr'>cessat</span> <span class='ocrx_word' id='word_1_67' title='bbox 193 889 283 932; x_wconf 82' lang='lat' dir='ltr'>causa</span> <span class='ocrx_word' id='word_1_68' title='bbox 300 889 424 946; x_wconf 85' lang='lat' dir='ltr'>poenae;</span> <span class='ocrx_word' id='word_1_69' title='bbox 440 874 483 932; x_wconf 83' lang='lat' dir='ltr'>lex</span> <span class='ocrx_word' id='word_1_70' title='bbox 503 877 574 932; x_wconf 91' lang='lat' dir='ltr'>enirn</span> <span class='ocrx_word' id='word_1_71' title='bbox 590 875 710 932; x_wconf 88' lang='lat' dir='ltr'>bumana</span> <span class='ocrx_word' id='word_1_72' title='bbox 723 891 778 932; x_wconf 91' lang='lat' dir='ltr'>non</span> <span class='ocrx_word' id='word_1_73' title='bbox 799 875 889 930; x_wconf 89' lang='lat' dir='ltr'>solum</span> <span class='ocrx_word' id='word_1_74' title='bbox 926 888 942 928; x_wconf 95' lang='lat' dir='ltr'>a</span> <span class='ocrx_word' id='word_1_75' title='bbox 956 887 1053 944; x_wconf 91' lang='lat' dir='ltr'>poena,</span> <span class='ocrx_word' id='word_1_76' title='bbox 1069 873 1132 945; x_wconf 92' lang='lat' dir='ltr'>quia</span> <span class='ocrx_word' id='word_1_77' title='bbox 1150 879 1268 929; x_wconf 79' lang='lat' dir='ltr'>excusat</span> <span class='ocrx_word' id='word_1_78' title='bbox 1282 873 1315 928; x_wconf 91' lang='lat' dir='ltr'>ab</span> <span class='ocrx_word' id='word_1_79' title='bbox 1337 872 1448 944; x_wconf 91' lang='lat' dir='ltr'>speciali</span> <span class='ocrx_word' id='word_1_80' title='bbox 1463 875 1597 946; x_wconf 81' lang='lat' dir='ltr'>gravitate</span> <span class='ocrx_word' id='word_1_81' title='bbox 1612 877 1673 930; x_wconf 90' lang='lat' dir='ltr'>orta</span> <span class='ocrx_word' id='word_1_82' title='bbox 1693 889 1728 930; x_wconf 83' lang='lat' dir='ltr'>er</span> 
     </span>
     <span class='ocr_line' id='line_1_7' title="bbox 92 960 1727 1038; baseline -0.002 -17"><span class='ocrx_word' id='word_1_83' title='bbox 92 964 198 1022; x_wconf 88' lang='lat' dir='ltr'>intendit</span> <span class='ocrx_word' id='word_1_84' title='bbox 216 965 316 1036; x_wconf 90' lang='lat' dir='ltr'>punire</span> <span class='ocrx_word' id='word_1_85' title='bbox 336 968 584 1038; x_wconf 77' lang='lat' dir='ltr'>transgressionem</span> <span class='ocrx_word' id='word_1_86' title='bbox 599 981 678 1023; x_wconf 91' lang='lat' dir='ltr'>suam</span> <span class='ocrx_word' id='word_1_87' title='bbox 698 963 891 1034; x_wconf 83' lang='lat' dir='ltr'>voluntariam,</span> <span class='ocrx_word' id='word_1_88' title='bbox 927 960 1038 1033; x_wconf 84' lang='lat' dir='ltr'>speciali</span> <span class='ocrx_word' id='word_1_89' title='bbox 1054 961 1275 1032; x_wconf 76' lang='lat' dir='ltr'>circumstantia,</span> <span class='ocrx_word' id='word_1_90' title='bbox 1292 977 1376 1034; x_wconf 88' lang='lat' dir='ltr'>quam</span> <span class='ocrx_word' id='word_1_91' title='bbox 1390 962 1496 1033; x_wconf 91' lang='lat' dir='ltr'>peccati</span> <span class='ocrx_word' id='word_1_92' title='bbox 1509 961 1670 1033; x_wconf 85' lang='lat' dir='ltr'>gravitatem</span> <span class='ocrx_word' id='word_1_93' title='bbox 1686 961 1727 1018; x_wconf 82' lang='lat' dir='ltr'>lex</span> 
     </span>
     <span class='ocr_line' id='line_1_8' title="bbox 93 1050 1730 1128; baseline 0 -18"><span class='ocrx_word' id='word_1_94' title='bbox 93 1053 227 1111; x_wconf 84' lang='lat' dir='ltr'>sedetiam</span> <span class='ocrx_word' id='word_1_95' title='bbox 240 1053 354 1126; x_wconf 88' lang='lat' dir='ltr'>culpam</span> <span class='ocrx_word' id='word_1_96' title='bbox 366 1063 466 1113; x_wconf 92' lang='lat' dir='ltr'>contra</span> <span class='ocrx_word' id='word_1_97' title='bbox 477 1055 563 1128; x_wconf 86' lang='lat' dir='ltr'>legem</span> <span class='ocrx_word' id='word_1_98' title='bbox 575 1056 692 1113; x_wconf 84' lang='lat' dir='ltr'>divinam</span> <span class='ocrx_word' id='word_1_99' title='bbox 703 1055 889 1113; x_wconf 81' lang='lat' dir='ltr'>commissam.</span> <span class='ocrx_word' id='word_1_100' title='bbox 926 1051 1108 1124; x_wconf 76' lang='lat' dir='ltr'>principaliter</span> <span class='ocrx_word' id='word_1_101' title='bbox 1123 1053 1218 1124; x_wconf 90' lang='lat' dir='ltr'>punire</span> <span class='ocrx_word' id='word_1_102' title='bbox 1234 1051 1329 1107; x_wconf 82' lang='lat' dir='ltr'>voluit.</span> <span class='ocrx_word' id='word_1_103' title='bbox 1343 1051 1378 1108; x_wconf 90' lang='lat' dir='ltr'>Ut</span> <span class='ocrx_word' id='word_1_104' title='bbox 1393 1068 1418 1106; x_wconf 90' lang='lat' dir='ltr'>v.</span> <span class='ocrx_word' id='word_1_105' title='bbox 1433 1067 1460 1124; x_wconf 89' lang='lat' dir='ltr'>g.</span> <span class='ocrx_word' id='word_1_106' title='bbox 1472 1053 1495 1107; x_wconf 88' lang='lat' dir='ltr'>si</span> <span class='ocrx_word' id='word_1_107' title='bbox 1510 1053 1571 1125; x_wconf 87' lang='lat' dir='ltr'>quis</span> <span class='ocrx_word' id='word_1_108' title='bbox 1591 1050 1730 1110; x_wconf 89' lang='lat' dir='ltr'>adultere·</span> 
     </span>
     <span class='ocr_line' id='line_1_9' title="bbox 92 1141 1725 1218; baseline -0.001 -18"><span class='ocrx_word' id='word_1_109' title='bbox 92 1145 162 1214; x_wconf 84' lang='lat' dir='ltr'>item,</span> <span class='ocrx_word' id='word_1_110' title='bbox 173 1146 243 1217; x_wconf 87' lang='lat' dir='ltr'>quia</span> <span class='ocrx_word' id='word_1_111' title='bbox 258 1146 375 1202; x_wconf 87' lang='lat' dir='ltr'>scicntia</span> <span class='ocrx_word' id='word_1_112' title='bbox 389 1161 506 1218; x_wconf 89' lang='lat' dir='ltr'>poenae,</span> <span class='ocrx_word' id='word_1_113' title='bbox 520 1148 654 1204; x_wconf 91' lang='lat' dir='ltr'>utstatim</span> <span class='ocrx_word' id='word_1_114' title='bbox 669 1145 771 1217; x_wconf 90' lang='lat' dir='ltr'>dicam,</span> <span class='ocrx_word' id='word_1_115' title='bbox 782 1162 836 1202; x_wconf 90' lang='lat' dir='ltr'>non</span> <span class='ocrx_word' id='word_1_116' title='bbox 850 1151 894 1202; x_wconf 87' lang='lat' dir='ltr'>est</span> <span class='ocrx_word' id='word_1_117' title='bbox 929 1149 983 1214; x_wconf 89' lang='lat' dir='ltr'>tur,</span> <span class='ocrx_word' id='word_1_118' title='bbox 999 1141 1189 1199; x_wconf 85' lang='lat' dir='ltr'>invincibiliter</span> <span class='ocrx_word' id='word_1_119' title='bbox 1204 1143 1333 1214; x_wconf 88' lang='lat' dir='ltr'>ignorans</span> <span class='ocrx_word' id='word_1_120' title='bbox 1355 1143 1558 1199; x_wconf 81' lang='lat' dir='ltr'>matrimonium</span> <span class='ocrx_word' id='word_1_121' title='bbox 1572 1142 1725 1216; x_wconf 80' lang='lat' dir='ltr'>complicis,</span> 
     </span>
     <span class='ocr_line' id='line_1_10' title="bbox 92 1231 1728 1309; baseline 0.001 -21"><span class='ocrx_word' id='word_1_122' title='bbox 92 1236 242 1290; x_wconf 85' lang='lat' dir='ltr'>necessaria</span> <span class='ocrx_word' id='word_1_123' title='bbox 253 1233 287 1291; x_wconf 89' lang='lat' dir='ltr'>ad</span> <span class='ocrx_word' id='word_1_124' title='bbox 302 1233 499 1292; x_wconf 90' lang='lat' dir='ltr'>incurrendam</span> <span class='ocrx_word' id='word_1_125' title='bbox 516 1236 707 1309; x_wconf 90' lang='lat' dir='ltr'>illam.sicque</span> <span class='ocrx_word' id='word_1_126' title='bbox 721 1236 892 1308; x_wconf 87' lang='lat' dir='ltr'>rebaptizans</span> <span class='ocrx_word' id='word_1_127' title='bbox 927 1231 1051 1304; x_wconf 83' lang='lat' dir='ltr'>quamvis</span> <span class='ocrx_word' id='word_1_128' title='bbox 1072 1248 1126 1288; x_wconf 89' lang='lat' dir='ltr'>non</span> <span class='ocrx_word' id='word_1_129' title='bbox 1148 1231 1254 1305; x_wconf 82' lang='lat' dir='ltr'>ignoret</span> <span class='ocrx_word' id='word_1_130' title='bbox 1267 1248 1319 1288; x_wconf 89' lang='lat' dir='ltr'>non</span> <span class='ocrx_word' id='word_1_131' title='bbox 1336 1246 1396 1288; x_wconf 90' lang='lat' dir='ltr'>esse</span> <span class='ocrx_word' id='word_1_132' title='bbox 1415 1247 1505 1302; x_wconf 86' lang='lat' dir='ltr'>auum,</span> <span class='ocrx_word' id='word_1_133' title='bbox 1521 1232 1698 1290; x_wconf 79' lang='lat' dir='ltr'>excusabitur</span> <span class='ocrx_word' id='word_1_134' title='bbox 1712 1248 1728 1289; x_wconf 93' lang='lat' dir='ltr'>a</span> 
     </span>
     <span class='ocr_line' id='line_1_11' title="bbox 92 1320 1727 1399; baseline 0.001 -21"><span class='ocrx_word' id='word_1_135' title='bbox 92 1322 118 1378; x_wconf 92' lang='lat' dir='ltr'>lit</span> <span class='ocrx_word' id='word_1_136' title='bbox 130 1323 303 1396; x_wconf 85' lang='lat' dir='ltr'>irregularia,</span> <span class='ocrx_word' id='word_1_137' title='bbox 319 1325 426 1381; x_wconf 88' lang='lat' dir='ltr'>etiamsi</span> <span class='ocrx_word' id='word_1_138' title='bbox 448 1326 556 1397; x_wconf 90' lang='lat' dir='ltr'>ignoret</span> <span class='ocrx_word' id='word_1_139' title='bbox 568 1325 655 1399; x_wconf 89' lang='lat' dir='ltr'>legem</span> <span class='ocrx_word' id='word_1_140' title='bbox 673 1325 890 1382; x_wconf 86' lang='lat' dir='ltr'>ecclesiasticam</span> <span class='ocrx_word' id='word_1_141' title='bbox 928 1337 1014 1392; x_wconf 90' lang='lat' dir='ltr'>poena</span> <span class='ocrx_word' id='word_1_142' title='bbox 1029 1323 1117 1393; x_wconf 89' lang='lat' dir='ltr'>posita</span> <span class='ocrx_word' id='word_1_143' title='bbox 1128 1327 1225 1378; x_wconf 90' lang='lat' dir='ltr'>contra</span> <span class='ocrx_word' id='word_1_144' title='bbox 1240 1320 1390 1390; x_wconf 87' lang='lat' dir='ltr'>adulteros,</span> <span class='ocrx_word' id='word_1_145' title='bbox 1405 1320 1468 1378; x_wconf 90' lang='lat' dir='ltr'>licet</span> <span class='ocrx_word' id='word_1_146' title='bbox 1482 1321 1508 1377; x_wconf 89' lang='lat' dir='ltr'>in</span> <span class='ocrx_word' id='word_1_147' title='bbox 1524 1337 1556 1378; x_wconf 91' lang='lat' dir='ltr'>eo</span> <span class='ocrx_word' id='word_1_148' title='bbox 1571 1323 1644 1379; x_wconf 91' lang='lat' dir='ltr'>iacto</span> <span class='ocrx_word' id='word_1_149' title='bbox 1654 1338 1727 1380; x_wconf 91' lang='lat' dir='ltr'>mor·</span> 
     </span>
     <span class='ocr_line' id='line_1_12' title="bbox 93 1410 1726 1487; baseline -0.001 -19"><span class='ocrx_word' id='word_1_150' title='bbox 93 1410 122 1468; x_wconf 86' lang='lat' dir='ltr'>de</span> <span class='ocrx_word' id='word_1_151' title='bbox 133 1412 184 1468; x_wconf 89' lang='lat' dir='ltr'>hoc</span> <span class='ocrx_word' id='word_1_152' title='bbox 209 1413 303 1484; x_wconf 79' lang='lat' dir='ltr'>utam,</span> <span class='ocrx_word' id='word_1_153' title='bbox 324 1413 346 1469; x_wconf 87' lang='lat' dir='ltr'>si</span> <span class='ocrx_word' id='word_1_154' title='bbox 367 1429 422 1472; x_wconf 90' lang='lat' dir='ltr'>non</span> <span class='ocrx_word' id='word_1_155' title='bbox 437 1415 545 1487; x_wconf 88' lang='lat' dir='ltr'>ignorat</span> <span class='ocrx_word' id='word_1_156' title='bbox 559 1415 747 1473; x_wconf 86' lang='lat' dir='ltr'>invincibiliter</span> <span class='ocrx_word' id='word_1_157' title='bbox 759 1415 892 1484; x_wconf 84' lang='lat' dir='ltr'>divinam,</span> <span class='ocrx_word' id='word_1_158' title='bbox 929 1411 1017 1468; x_wconf 89' lang='lat' dir='ltr'>taliter</span> <span class='ocrx_word' id='word_1_159' title='bbox 1029 1412 1198 1482; x_wconf 77' lang='lat' dir='ltr'>peccaverit,</span> <span class='ocrx_word' id='word_1_160' title='bbox 1210 1413 1274 1482; x_wconf 90' lang='lat' dir='ltr'>quia</span> <span class='ocrx_word' id='word_1_161' title='bbox 1288 1410 1352 1467; x_wconf 92' lang='lat' dir='ltr'>illud</span> <span class='ocrx_word' id='word_1_162' title='bbox 1368 1416 1512 1482; x_wconf 89' lang='lat' dir='ltr'>peccatum</span> <span class='ocrx_word' id='word_1_163' title='bbox 1526 1418 1630 1468; x_wconf 90' lang='lat' dir='ltr'>tautum</span> <span class='ocrx_word' id='word_1_164' title='bbox 1643 1420 1685 1470; x_wconf 92' lang='lat' dir='ltr'>est</span> <span class='ocrx_word' id='word_1_165' title='bbox 1701 1412 1726 1467; x_wconf 93' lang='lat' dir='ltr'>in</span> 
     </span>
     <span class='ocr_line' id='line_1_13' title="bbox 93 1487 1728 1577; baseline 0 -19"><span class='ocrx_word' id='word_1_166' title='bbox 93 1509 121 1558; x_wconf 92' lang='lat' dir='ltr'>ut</span> <span class='ocrx_word' id='word_1_167' title='bbox 132 1502 216 1558; x_wconf 85' lang='lat' dir='ltr'>latius</span> <span class='ocrx_word' id='word_1_168' title='bbox 230 1487 285 1560; x_wconf 85' lang='lat' dir='ltr'>dixi</span> <span class='ocrx_word' id='word_1_169' title='bbox 299 1505 326 1558; x_wconf 89' lang='lat' dir='ltr'>ia</span> <span class='ocrx_word' id='word_1_170' title='bbox 341 1508 407 1560; x_wconf 92' lang='lat' dir='ltr'>tom.</span> <span class='ocrx_word' id='word_1_171' title='bbox 427 1507 454 1577; x_wconf 85' lang='grc'>3,</span> <span class='ocrx_word' id='word_1_172' title='bbox 470 1511 541 1576; x_wconf 84' lang='lat' dir='ltr'>part.</span> <span class='ocrx_word' id='word_1_173' title='bbox 555 1508 583 1576; x_wconf 83' lang='grc'>3,</span> <span class='ocrx_word' id='word_1_174' title='bbox 597 1504 702 1577; x_wconf 89' lang='lat' dir='ltr'>disput.</span> <span class='ocrx_word' id='word_1_175' title='bbox 717 1509 764 1575; x_wconf 87' lang='grc'>31,</span> <span class='ocrx_word' id='word_1_176' title='bbox 781 1509 849 1560; x_wconf 89' lang='lat' dir='ltr'>sect.</span> <span class='ocrx_word' id='word_1_177' title='bbox 865 1507 893 1561; x_wconf 85' lang='grc'>6.</span> <span class='ocrx_word' id='word_1_178' title='bbox 928 1500 971 1557; x_wconf 91' lang='lat' dir='ltr'>illo</span> <span class='ocrx_word' id='word_1_179' title='bbox 986 1500 1093 1558; x_wconf 89' lang='lat' dir='ltr'>bomine</span> <span class='ocrx_word' id='word_1_180' title='bbox 1111 1499 1224 1572; x_wconf 81' lang='lat' dir='ltr'>simplex</span> <span class='ocrx_word' id='word_1_181' title='bbox 1248 1500 1403 1557; x_wconf 76' lang='lat' dir='ltr'>fornicatio.</span> <span class='ocrx_word' id='word_1_182' title='bbox 1420 1501 1464 1556; x_wconf 89' lang='lat' dir='ltr'>Sic</span> <span class='ocrx_word' id='word_1_183' title='bbox 1477 1502 1570 1572; x_wconf 91' lang='lat' dir='ltr'>etiam,</span> <span class='ocrx_word' id='word_1_184' title='bbox 1586 1503 1632 1574; x_wconf 92' lang='lat' dir='ltr'>qni</span> <span class='ocrx_word' id='word_1_185' title='bbox 1647 1502 1728 1558; x_wconf 88' lang='lat' dir='ltr'>inter·</span> 
     </span>
     <span class='ocr_line' id='line_1_14' title="bbox 92 1589 1727 1666; baseline -0.001 -16"><span class='ocrx_word' id='word_1_186' title='bbox 92 1593 135 1650; x_wconf 86' lang='lat' dir='ltr'>lbi</span> <span class='ocrx_word' id='word_1_187' title='bbox 152 1593 240 1650; x_wconf 87' lang='lat' dir='ltr'>aliana</span> <span class='ocrx_word' id='word_1_188' title='bbox 260 1593 367 1664; x_wconf 75' lang='lat' dir='ltr'>notam,</span> <span class='ocrx_word' id='word_1_189' title='bbox 387 1593 560 1666; x_wconf 85' lang='lat' dir='ltr'>excipiendas</span> <span class='ocrx_word' id='word_1_190' title='bbox 582 1610 642 1651; x_wconf 88' lang='lat' dir='ltr'>esse</span> <span class='ocrx_word' id='word_1_191' title='bbox 663 1609 808 1665; x_wconf 88' lang='lat' dir='ltr'>censuras,</span> <span class='ocrx_word' id='word_1_192' title='bbox 824 1608 893 1666; x_wconf 91' lang='lat' dir='ltr'>quae</span> <span class='ocrx_word' id='word_1_193' title='bbox 929 1590 984 1646; x_wconf 90' lang='lat' dir='ltr'>licit</span> <span class='ocrx_word' id='word_1_194' title='bbox 999 1589 1135 1646; x_wconf 91' lang='lat' dir='ltr'>homiuem</span> <span class='ocrx_word' id='word_1_195' title='bbox 1150 1590 1304 1662; x_wconf 90' lang='lat' dir='ltr'>clericum,</span> <span class='ocrx_word' id='word_1_196' title='bbox 1322 1589 1450 1663; x_wconf 86' lang='lat' dir='ltr'>ignoraus</span> <span class='ocrx_word' id='word_1_197' title='bbox 1465 1590 1654 1648; x_wconf 87' lang='lat' dir='ltr'>invincibiliter</span> <span class='ocrx_word' id='word_1_198' title='bbox 1668 1607 1727 1648; x_wconf 87' lang='lat' dir='ltr'>esse</span> 
     </span>
     <span class='ocr_line' id='line_1_15' title="bbox 93 1679 1729 1760; baseline 0 -22"><span class='ocrx_word' id='word_1_199' title='bbox 93 1697 140 1738; x_wconf 91' lang='lat' dir='ltr'>uon</span> <span class='ocrx_word' id='word_1_200' title='bbox 153 1682 372 1756; x_wconf 88' lang='lat' dir='ltr'>contrabuntur,</span> <span class='ocrx_word' id='word_1_201' title='bbox 391 1683 502 1755; x_wconf 92' lang='lat' dir='ltr'>quando</span> <span class='ocrx_word' id='word_1_202' title='bbox 517 1684 559 1741; x_wconf 82' lang='lat' dir='ltr'>lex</span> <span class='ocrx_word' id='word_1_203' title='bbox 578 1684 767 1741; x_wconf 87' lang='lat' dir='ltr'>ecclesiastica</span> <span class='ocrx_word' id='word_1_204' title='bbox 781 1682 895 1760; x_wconf 87' lang='lat' dir='ltr'>invinei-</span> <span class='ocrx_word' id='word_1_205' title='bbox 929 1679 1072 1752; x_wconf 91' lang='lat' dir='ltr'>clericum,</span> <span class='ocrx_word' id='word_1_206' title='bbox 1085 1695 1138 1736; x_wconf 93' lang='lat' dir='ltr'>non</span> <span class='ocrx_word' id='word_1_207' title='bbox 1151 1686 1241 1736; x_wconf 89' lang='lat' dir='ltr'>tamen</span> <span class='ocrx_word' id='word_1_208' title='bbox 1255 1680 1382 1752; x_wconf 88' lang='lat' dir='ltr'>ignorans</span> <span class='ocrx_word' id='word_1_209' title='bbox 1393 1696 1452 1737; x_wconf 89' lang='lat' dir='ltr'>esse</span> <span class='ocrx_word' id='word_1_210' title='bbox 1465 1681 1610 1752; x_wconf 88' lang='lat' dir='ltr'>bominem,</span> <span class='ocrx_word' id='word_1_211' title='bbox 1623 1698 1677 1738; x_wconf 91' lang='lat' dir='ltr'>non</span> <span class='ocrx_word' id='word_1_212' title='bbox 1687 1685 1729 1738; x_wconf 91' lang='lat' dir='ltr'>in·</span> 
     </span>
     <span class='ocr_line' id='line_1_16' title="bbox 93 1767 1727 1845; baseline 0 -18"><span class='ocrx_word' id='word_1_213' title='bbox 93 1769 174 1828; x_wconf 88' lang='lat' dir='ltr'>biliter</span> <span class='ocrx_word' id='word_1_214' title='bbox 194 1773 351 1845; x_wconf 81' lang='lat' dir='ltr'>ignoratur,</span> <span class='ocrx_word' id='word_1_215' title='bbox 367 1773 474 1830; x_wconf 85' lang='lat' dir='ltr'>etiarnsi</span> <span class='ocrx_word' id='word_1_216' title='bbox 494 1773 559 1830; x_wconf 88' lang='lat' dir='ltr'>alias</span> <span class='ocrx_word' id='word_1_217' title='bbox 573 1780 652 1830; x_wconf 88' lang='lat' dir='ltr'>actas</span> <span class='ocrx_word' id='word_1_218' title='bbox 668 1775 706 1830; x_wconf 89' lang='lat' dir='ltr'>sit</span> <span class='ocrx_word' id='word_1_219' title='bbox 726 1770 814 1828; x_wconf 88' lang='lat' dir='ltr'>malus</span> <span class='ocrx_word' id='word_1_220' title='bbox 828 1786 894 1829; x_wconf 91' lang='lat' dir='ltr'>con·</span> <span class='ocrx_word' id='word_1_221' title='bbox 929 1769 1016 1826; x_wconf 88' lang='lat' dir='ltr'>currit</span> <span class='ocrx_word' id='word_1_222' title='bbox 1030 1785 1144 1844; x_wconf 90' lang='lat' dir='ltr'>poenam</span> <span class='ocrx_word' id='word_1_223' title='bbox 1159 1768 1282 1826; x_wconf 87' lang='lat' dir='ltr'>canonis:</span> <span class='ocrx_word' id='word_1_224' title='bbox 1296 1771 1409 1842; x_wconf 83' lang='lat' dir='ltr'>Siquis</span> <span class='ocrx_word' id='word_1_225' title='bbox 1424 1767 1574 1837; x_wconf 82' lang='lat' dir='ltr'>scuderae,</span> <span class='ocrx_word' id='word_1_226' title='bbox 1586 1770 1649 1830; x_wconf 89' lang='lat' dir='ltr'>licet</span> <span class='ocrx_word' id='word_1_227' title='bbox 1661 1771 1727 1830; x_wconf 86' lang='lat' dir='ltr'>alias</span> 
     </span>
     <span class='ocr_line' id='line_1_17' title="bbox 93 1859 1516 1936; baseline -0.003 -20"><span class='ocrx_word' id='word_1_228' title='bbox 93 1867 131 1916; x_wconf 93' lang='lat' dir='ltr'>tra</span> <span class='ocrx_word' id='word_1_229' title='bbox 141 1860 229 1935; x_wconf 78' lang='lat' dir='ltr'>legem</span> <span class='ocrx_word' id='word_1_230' title='bbox 247 1863 306 1936; x_wconf 84' lang='lat' dir='ltr'>bei,</span> <span class='ocrx_word' id='word_1_231' title='bbox 322 1864 387 1936; x_wconf 90' lang='lat' dir='ltr'>quia</span> <span class='ocrx_word' id='word_1_232' title='bbox 403 1863 549 1936; x_wconf 92' lang='lat' dir='ltr'>requirunt</span> <span class='ocrx_word' id='word_1_233' title='bbox 562 1863 778 1935; x_wconf 88' lang='lat' dir='ltr'>contumaciam,</span> <span class='ocrx_word' id='word_1_234' title='bbox 794 1868 826 1919; x_wconf 93' lang='lat' dir='ltr'>ut</span> <span class='ocrx_word' id='word_1_235' title='bbox 846 1877 896 1920; x_wconf 89' lang='lat' dir='ltr'>su·</span> <span class='ocrx_word' id='word_1_236' title='bbox 929 1859 1064 1916; x_wconf 87' lang='lat' dir='ltr'>homicida</span> <span class='ocrx_word' id='word_1_237' title='bbox 1080 1859 1126 1932; x_wconf 88' lang='lat' dir='ltr'>sit,</span> <span class='ocrx_word' id='word_1_238' title='bbox 1140 1867 1169 1916; x_wconf 91' lang='lat' dir='ltr'>et</span> <span class='ocrx_word' id='word_1_239' title='bbox 1182 1873 1315 1916; x_wconf 91' lang='lat' dir='ltr'>canonem</span> <span class='ocrx_word' id='word_1_240' title='bbox 1330 1875 1384 1915; x_wconf 92' lang='lat' dir='ltr'>non</span> <span class='ocrx_word' id='word_1_241' title='bbox 1399 1859 1516 1932; x_wconf 85' lang='lat' dir='ltr'>ignoret.</span> 
     </span>
     <span class='ocr_line' id='line_1_18' title="bbox 95 1947 1728 2024; baseline -0.001 -17"><span class='ocrx_word' id='word_1_242' title='bbox 95 1951 171 2008; x_wconf 86' lang='lat' dir='ltr'>mitur</span> <span class='ocrx_word' id='word_1_243' title='bbox 187 1966 222 2008; x_wconf 83' lang='lat' dir='ltr'>ex</span> <span class='ocrx_word' id='word_1_244' title='bbox 234 1967 299 2024; x_wconf 89' lang='lat' dir='ltr'>cap.</span> <span class='ocrx_word' id='word_1_245' title='bbox 325 1953 364 2014; x_wconf 80' lang='lat' dir='ltr'>ta</span> <span class='ocrx_word' id='word_1_246' title='bbox 376 1955 563 2020; x_wconf 76' lang='lat' dir='ltr'>animorum,</span> <span class='ocrx_word' id='word_1_247' title='bbox 581 1951 615 2009; x_wconf 94' lang='lat' dir='ltr'>de</span> <span class='ocrx_word' id='word_1_248' title='bbox 629 1954 741 2010; x_wconf 91' lang='lat' dir='ltr'>constit.</span> <span class='ocrx_word' id='word_1_249' title='bbox 754 1953 779 2009; x_wconf 91' lang='lat' dir='ltr'>in</span> <span class='ocrx_word' id='word_1_250' title='bbox 796 1955 823 2009; x_wconf 85' lang='grc'>6.</span> <span class='ocrx_word' id='word_1_251' title='bbox 968 1955 995 2006; x_wconf 84' lang='lat'>5.</span> <span class='ocrx_word' id='word_1_252' title='bbox 1012 1947 1063 2005; x_wconf 88' lang='lat' dir='ltr'>Sed</span> <span class='ocrx_word' id='word_1_253' title='bbox 1078 1953 1191 2020; x_wconf 77' lang='lat' dir='ltr'>quaeret</span> <span class='ocrx_word' id='word_1_254' title='bbox 1205 1947 1312 2021; x_wconf 89' lang='lat' dir='ltr'>aliquis,</span> <span class='ocrx_word' id='word_1_255' title='bbox 1328 1963 1363 2005; x_wconf 91' lang='lat' dir='ltr'>an</span> <span class='ocrx_word' id='word_1_256' title='bbox 1384 1947 1450 2006; x_wconf 91' lang='lat' dir='ltr'>baec</span> <span class='ocrx_word' id='word_1_257' title='bbox 1466 1949 1614 2022; x_wconf 86' lang='lat' dir='ltr'>ignorantia</span> <span class='ocrx_word' id='word_1_258' title='bbox 1633 1965 1728 2008; x_wconf 85' lang='lat' dir='ltr'>crassa</span> 
     </span>
     <span class='ocr_line' id='line_1_19' title="bbox 128 2036 1724 2118; baseline -0.001 -20"><span class='ocrx_word' id='word_1_259' title='bbox 128 2041 214 2114; x_wconf 83' lang='lat' dir='ltr'>lgitru</span> <span class='ocrx_word' id='word_1_260' title='bbox 225 2040 271 2098; x_wconf 90' lang='lat' dir='ltr'>illa</span> <span class='ocrx_word' id='word_1_261' title='bbox 282 2041 380 2115; x_wconf 86' lang='lat' dir='ltr'>regula</span> <span class='ocrx_word' id='word_1_262' title='bbox 395 2041 474 2111; x_wconf 85' lang='lat' dir='ltr'>iuria,</span> <span class='ocrx_word' id='word_1_263' title='bbox 486 2044 509 2098; x_wconf 86' lang='lat' dir='ltr'>si</span> <span class='ocrx_word' id='word_1_264' title='bbox 519 2042 689 2114; x_wconf 90' lang='lat' dir='ltr'>intelligatur</span> <span class='ocrx_word' id='word_1_265' title='bbox 698 2041 790 2115; x_wconf 92' lang='lat' dir='ltr'>quoad</span> <span class='ocrx_word' id='word_1_266' title='bbox 801 2042 893 2098; x_wconf 87' lang='lat' dir='ltr'>lorum</span> <span class='ocrx_word' id='word_1_267' title='bbox 929 2036 1170 2094; x_wconf 82' lang='lat' dir='ltr'>diminuatsaltem</span> <span class='ocrx_word' id='word_1_268' title='bbox 1182 2045 1371 2109; x_wconf 88' lang='lat' dir='ltr'>poenam,esto</span> <span class='ocrx_word' id='word_1_269' title='bbox 1383 2054 1437 2095; x_wconf 90' lang='lat' dir='ltr'>oon</span> <span class='ocrx_word' id='word_1_270' title='bbox 1448 2047 1587 2097; x_wconf 82' lang='lat' dir='ltr'>excusata</span> <span class='ocrx_word' id='word_1_271' title='bbox 1599 2046 1657 2118; x_wconf 83' lang='lat' dir='ltr'>tqtn</span> <span class='ocrx_word' id='word_1_272' title='bbox 1667 2040 1724 2098; x_wconf 89' lang='lat' dir='ltr'>illa.</span> 
     </span>
     <span class='ocr_line' id='line_1_20' title="bbox 94 2125 1727 2206; baseline -0.001 -18"><span class='ocrx_word' id='word_1_273' title='bbox 94 2131 379 2202; x_wconf 86' lang='lat' dir='ltr'>conscientiaa,debet</span> <span class='ocrx_word' id='word_1_274' title='bbox 391 2130 504 2205; x_wconf 90' lang='lat' dir='ltr'>intelligi</span> <span class='ocrx_word' id='word_1_275' title='bbox 514 2132 692 2206; x_wconf 85' lang='lat' dir='ltr'>regulariter,</span> <span class='ocrx_word' id='word_1_276' title='bbox 704 2147 754 2188; x_wconf 85' lang='lat' dir='ltr'>seu</span> <span class='ocrx_word' id='word_1_277' title='bbox 766 2132 894 2205; x_wconf 82' lang='lat' dir='ltr'>frequen·</span> <span class='ocrx_word' id='word_1_278' title='bbox 933 2127 962 2183; x_wconf 92' lang='lat' dir='ltr'>ln</span> <span class='ocrx_word' id='word_1_279' title='bbox 978 2126 1031 2184; x_wconf 90' lang='lat' dir='ltr'>boc</span> <span class='ocrx_word' id='word_1_280' title='bbox 1046 2126 1102 2184; x_wconf 93' lang='lat' dir='ltr'>duo</span> <span class='ocrx_word' id='word_1_281' title='bbox 1116 2125 1310 2199; x_wconf 90' lang='lat' dir='ltr'>distinguenda</span> <span class='ocrx_word' id='word_1_282' title='bbox 1325 2133 1400 2199; x_wconf 86' lang='lat' dir='ltr'>suot,</span> <span class='ocrx_word' id='word_1_283' title='bbox 1416 2129 1533 2197; x_wconf 83' lang='lat' dir='ltr'>scilicet,</span> <span class='ocrx_word' id='word_1_284' title='bbox 1548 2128 1677 2186; x_wconf 89' lang='lat' dir='ltr'>damnum</span> <span class='ocrx_word' id='word_1_285' title='bbox 1692 2129 1727 2187; x_wconf 92' lang='lat' dir='ltr'>ob</span> 
     </span>
     <span class='ocr_line' id='line_1_21' title="bbox 95 2215 1730 2300; baseline -0.001 -22"><span class='ocrx_word' id='word_1_286' title='bbox 95 2226 141 2291; x_wconf 81' lang='lat' dir='ltr'>ter,</span> <span class='ocrx_word' id='word_1_287' title='bbox 157 2221 223 2295; x_wconf 90' lang='lat' dir='ltr'>quia</span> <span class='ocrx_word' id='word_1_288' title='bbox 241 2222 397 2295; x_wconf 85' lang='lat' dir='ltr'>ignorantia</span> <span class='ocrx_word' id='word_1_289' title='bbox 416 2222 484 2278; x_wconf 88' lang='lat' dir='ltr'>iuris</span> <span class='ocrx_word' id='word_1_290' title='bbox 502 2237 566 2300; x_wconf 84' lang='lat' dir='ltr'>raro</span> <span class='ocrx_word' id='word_1_291' title='bbox 581 2229 623 2279; x_wconf 87' lang='lat' dir='ltr'>eat</span> <span class='ocrx_word' id='word_1_292' title='bbox 643 2222 816 2293; x_wconf 85' lang='lat' dir='ltr'>invincibilis,</span> <span class='ocrx_word' id='word_1_293' title='bbox 831 2222 895 2295; x_wconf 92' lang='lat' dir='ltr'>quia</span> <span class='ocrx_word' id='word_1_294' title='bbox 930 2232 990 2274; x_wconf 88' lang='lat' dir='ltr'>eam</span> <span class='ocrx_word' id='word_1_295' title='bbox 1005 2231 1117 2274; x_wconf 89' lang='lat' dir='ltr'>oausam</span> <span class='ocrx_word' id='word_1_296' title='bbox 1130 2215 1206 2273; x_wconf 90' lang='lat' dir='ltr'>alteri</span> <span class='ocrx_word' id='word_1_297' title='bbox 1223 2216 1339 2289; x_wconf 92' lang='lat' dir='ltr'>illatum,</span> <span class='ocrx_word' id='word_1_298' title='bbox 1351 2216 1426 2290; x_wconf 94' lang='lat' dir='ltr'>quod</span> <span class='ocrx_word' id='word_1_299' title='bbox 1441 2217 1632 2292; x_wconf 88' lang='lat' dir='ltr'>reparandum,</span> <span class='ocrx_word' id='word_1_300' title='bbox 1643 2227 1673 2277; x_wconf 90' lang='lat' dir='ltr'>at</span> <span class='ocrx_word' id='word_1_301' title='bbox 1688 2235 1730 2276; x_wconf 91' lang='lat' dir='ltr'>re·</span> 
     </span>
     <span class='ocr_line' id='line_1_22' title="bbox 96 2305 1730 2385; baseline 0.007 -29"><span class='ocrx_word' id='word_1_302' title='bbox 96 2313 281 2384; x_wconf 59' lang='lat' dir='ltr'>unuquisque</span> <span class='ocrx_word' id='word_1_303' title='bbox 292 2319 405 2370; x_wconf 59' lang='lat' dir='ltr'>maeque</span> <span class='ocrx_word' id='word_1_304' title='bbox 415 2312 486 2370; x_wconf 64' lang='lat' dir='ltr'>scira</span> <span class='ocrx_word' id='word_1_305' title='bbox 501 2313 573 2384; x_wconf 64' lang='lat' dir='ltr'>tage,</span> <span class='ocrx_word' id='word_1_306' title='bbox 584 2312 617 2369; x_wconf 65' lang='lat' dir='ltr'>ad</span> <span class='ocrx_word' id='word_1_307' title='bbox 629 2329 658 2370; x_wconf 61' lang='grc' dir='ltr'>,θ</span> <span class='ocrx_word' id='word_1_308' title='bbox 672 2314 849 2385; x_wconf 65' lang='lat' dir='ltr'>pertinentes,</span> <span class='ocrx_word' id='word_1_309' title='bbox 862 2319 895 2370; x_wconf 82' lang='lat' dir='ltr'>ut</span> <span class='ocrx_word' id='word_1_310' title='bbox 930 2305 1100 2363; x_wconf 88' lang='lat' dir='ltr'>stitueudum</span> <span class='ocrx_word' id='word_1_311' title='bbox 1114 2312 1168 2378; x_wconf 89' lang='lat' dir='ltr'>eat,</span> <span class='ocrx_word' id='word_1_312' title='bbox 1184 2312 1211 2362; x_wconf 91' lang='lat' dir='ltr'>ct</span> <span class='ocrx_word' id='word_1_313' title='bbox 1225 2306 1334 2379; x_wconf 90' lang='lat' dir='ltr'>propria</span> <span class='ocrx_word' id='word_1_314' title='bbox 1348 2322 1436 2378; x_wconf 91' lang='lat' dir='ltr'>poena</span> <span class='ocrx_word' id='word_1_315' title='bbox 1450 2307 1620 2364; x_wconf 85' lang='lat' dir='ltr'>vindicatira.</span> <span class='ocrx_word' id='word_1_316' title='bbox 1634 2309 1730 2378; x_wconf 84' lang='lat' dir='ltr'>Quoad</span> 
     </span>
     <span class='ocr_line' id='line_1_23' title="bbox 95 2395 1729 2474; baseline 0.004 -23"><span class='ocrx_word' id='word_1_317' title='bbox 95 2399 171 2457; x_wconf 82' lang='lat' dir='ltr'>tradit</span> <span class='ocrx_word' id='word_1_318' title='bbox 188 2401 216 2459; x_wconf 85' lang='lat' dir='ltr'>d.</span> <span class='ocrx_word' id='word_1_319' title='bbox 228 2401 349 2458; x_wconf 75' lang='lat' dir='ltr'>&#39;rhomes</span> <span class='ocrx_word' id='word_1_320' title='bbox 372 2409 396 2460; x_wconf 83' lang='grc' dir='ltr'>ι.</span> <span class='ocrx_word' id='word_1_321' title='bbox 409 2405 439 2474; x_wconf 77' lang='lat'>2,</span> <span class='ocrx_word' id='word_1_322' title='bbox 455 2418 482 2474; x_wconf 81' lang='lat' dir='ltr'>q.</span> <span class='ocrx_word' id='word_1_323' title='bbox 503 2404 548 2472; x_wconf 70' lang='lat' dir='ltr'>aa,</span> <span class='ocrx_word' id='word_1_324' title='bbox 564 2407 616 2459; x_wconf 76' lang='lat' dir='ltr'>art,</span> <span class='ocrx_word' id='word_1_325' title='bbox 629 2407 657 2460; x_wconf 80' lang='grc'>4,</span> <span class='ocrx_word' id='word_1_326' title='bbox 670 2404 705 2460; x_wconf 78' lang='lat' dir='ltr'>Ea</span> <span class='ocrx_word' id='word_1_327' title='bbox 724 2403 844 2460; x_wconf 75' lang='lat' dir='ltr'>sumitur</span> <span class='ocrx_word' id='word_1_328' title='bbox 861 2417 894 2459; x_wconf 73' lang='lat' dir='ltr'>ex</span> <span class='ocrx_word' id='word_1_329' title='bbox 932 2398 1050 2468; x_wconf 91' lang='lat' dir='ltr'>primum</span> <span class='ocrx_word' id='word_1_330' title='bbox 1068 2413 1121 2452; x_wconf 93' lang='lat' dir='ltr'>non</span> <span class='ocrx_word' id='word_1_331' title='bbox 1137 2395 1219 2452; x_wconf 91' lang='lat' dir='ltr'>babet</span> <span class='ocrx_word' id='word_1_332' title='bbox 1233 2395 1324 2454; x_wconf 88' lang='lat' dir='ltr'>locum</span> <span class='ocrx_word' id='word_1_333' title='bbox 1338 2395 1493 2469; x_wconf 89' lang='lat' dir='ltr'>diminutio,</span> <span class='ocrx_word' id='word_1_334' title='bbox 1509 2398 1555 2455; x_wconf 88' lang='lat' dir='ltr'>sed</span> <span class='ocrx_word' id='word_1_335' title='bbox 1571 2399 1671 2470; x_wconf 86' lang='lat' dir='ltr'>integre</span> <span class='ocrx_word' id='word_1_336' title='bbox 1686 2417 1729 2458; x_wconf 91' lang='lat' dir='ltr'>re·</span> 
     </span>
     <span class='ocr_line' id='line_1_24' title="bbox 95 2485 1730 2565; baseline 0.001 -17"><span class='ocrx_word' id='word_1_337' title='bbox 95 2503 150 2562; x_wconf 86' lang='lat' dir='ltr'>cap.</span> <span class='ocrx_word' id='word_1_338' title='bbox 162 2496 186 2550; x_wconf 92' lang='lat' dir='ltr'>l.</span> <span class='ocrx_word' id='word_1_339' title='bbox 203 2491 238 2548; x_wconf 89' lang='lat' dir='ltr'>de</span> <span class='ocrx_word' id='word_1_340' title='bbox 253 2491 447 2550; x_wconf 85' lang='lat' dir='ltr'>constitution.</span> <span class='ocrx_word' id='word_1_341' title='bbox 459 2498 488 2548; x_wconf 91' lang='lat' dir='ltr'>et</span> <span class='ocrx_word' id='word_1_342' title='bbox 499 2507 533 2548; x_wconf 81' lang='lat' dir='ltr'>aa</span> <span class='ocrx_word' id='word_1_343' title='bbox 554 2492 605 2564; x_wconf 88' lang='lat' dir='ltr'>leg.</span> <span class='ocrx_word' id='word_1_344' title='bbox 624 2491 701 2565; x_wconf 78' lang='lat' dir='ltr'>leges</span> <span class='ocrx_word' id='word_1_345' title='bbox 721 2495 895 2550; x_wconf 77' lang='lat' dir='ltr'>sacratiori·</span> <span class='ocrx_word' id='word_1_346' title='bbox 931 2485 1105 2543; x_wconf 79' lang='lat' dir='ltr'>sarciendam</span> <span class='ocrx_word' id='word_1_347' title='bbox 1119 2486 1314 2559; x_wconf 68' lang='lat' dir='ltr'>eademnam,</span> <span class='ocrx_word' id='word_1_348' title='bbox 1329 2493 1359 2543; x_wconf 92' lang='lat' dir='ltr'>ut</span> <span class='ocrx_word' id='word_1_349' title='bbox 1370 2488 1489 2544; x_wconf 89' lang='lat' dir='ltr'>sumitur</span> <span class='ocrx_word' id='word_1_350' title='bbox 1500 2503 1532 2544; x_wconf 83' lang='lat' dir='ltr'>as</span> <span class='ocrx_word' id='word_1_351' title='bbox 1544 2487 1646 2561; x_wconf 76' lang='lat' dir='ltr'>Lquod</span> <span class='ocrx_word' id='word_1_352' title='bbox 1658 2495 1730 2550; x_wconf 84' lang='lat' dir='ltr'>Ner·</span> 
     </span>
     <span class='ocr_line' id='line_1_25' title="bbox 95 2575 1729 2654; baseline 0.001 -16"><span class='ocrx_word' id='word_1_353' title='bbox 95 2595 165 2648; x_wconf 82' lang='lat' dir='ltr'>ame,</span> <span class='ocrx_word' id='word_1_354' title='bbox 179 2581 210 2637; x_wconf 84' lang='lat' dir='ltr'>C.</span> <span class='ocrx_word' id='word_1_355' title='bbox 224 2581 259 2638; x_wconf 87' lang='lat' dir='ltr'>de</span> <span class='ocrx_word' id='word_1_356' title='bbox 274 2581 357 2654; x_wconf 90' lang='lat' dir='ltr'>legib.</span> <span class='ocrx_word' id='word_1_357' title='bbox 366 2587 395 2638; x_wconf 92' lang='lat' dir='ltr'>et</span> <span class='ocrx_word' id='word_1_358' title='bbox 406 2596 440 2638; x_wconf 83' lang='lat' dir='ltr'>es</span> <span class='ocrx_word' id='word_1_359' title='bbox 454 2580 506 2654; x_wconf 89' lang='lat' dir='ltr'>leg.</span> <span class='ocrx_word' id='word_1_360' title='bbox 516 2585 749 2650; x_wconf 78' lang='lat' dir='ltr'>constitutiones,</span> <span class='ocrx_word' id='word_1_361' title='bbox 763 2582 794 2639; x_wconf 85' lang='lat' dir='ltr'>C.</span> <span class='ocrx_word' id='word_1_362' title='bbox 806 2581 839 2638; x_wconf 96' lang='lat' dir='ltr'>de</span> <span class='ocrx_word' id='word_1_363' title='bbox 853 2583 896 2639; x_wconf 90' lang='lat' dir='ltr'>iu·</span> <span class='ocrx_word' id='word_1_364' title='bbox 929 2592 978 2642; x_wconf 83' lang='lat' dir='ltr'>aa,</span> <span class='ocrx_word' id='word_1_365' title='bbox 998 2577 1026 2632; x_wconf 84' lang='lat' dir='ltr'>ff.</span> <span class='ocrx_word' id='word_1_366' title='bbox 1043 2576 1173 2648; x_wconf 88' lang='lat' dir='ltr'>depositi,</span> <span class='ocrx_word' id='word_1_367' title='bbox 1185 2582 1214 2632; x_wconf 91' lang='lat' dir='ltr'>et</span> <span class='ocrx_word' id='word_1_368' title='bbox 1227 2576 1244 2632; x_wconf 94' lang='lat' dir='ltr'>l.</span> <span class='ocrx_word' id='word_1_369' title='bbox 1263 2581 1287 2649; x_wconf 92' lang='lat' dir='ltr'>l,</span> <span class='ocrx_word' id='word_1_370' title='bbox 1301 2575 1328 2632; x_wconf 81' lang='lat' dir='ltr'>a.</span> <span class='ocrx_word' id='word_1_371' title='bbox 1342 2579 1364 2632; x_wconf 89' lang='lat' dir='ltr'>si</span> <span class='ocrx_word' id='word_1_372' title='bbox 1379 2592 1488 2633; x_wconf 88' lang='lat' dir='ltr'>mensor</span> <span class='ocrx_word' id='word_1_373' title='bbox 1502 2577 1600 2636; x_wconf 88' lang='lat' dir='ltr'>laisum</span> <span class='ocrx_word' id='word_1_374' title='bbox 1615 2581 1729 2640; x_wconf 88' lang='lat' dir='ltr'>modurn</span> 
     </span>
     <span class='ocr_line' id='line_1_26' title="bbox 95 2664 1728 2746; baseline 0.003 -22"><span class='ocrx_word' id='word_1_375' title='bbox 95 2669 163 2727; x_wconf 85' lang='lat' dir='ltr'>risat</span> <span class='ocrx_word' id='word_1_376' title='bbox 173 2669 241 2728; x_wconf 87' lang='lat' dir='ltr'>iacti</span> <span class='ocrx_word' id='word_1_377' title='bbox 255 2671 396 2744; x_wconf 89' lang='lat' dir='ltr'>ignorant.</span> <span class='ocrx_word' id='word_1_378' title='bbox 408 2672 436 2728; x_wconf 90' lang='lat' dir='ltr'>Si</span> <span class='ocrx_word' id='word_1_379' title='bbox 451 2679 543 2729; x_wconf 88' lang='lat' dir='ltr'>autem</span> <span class='ocrx_word' id='word_1_380' title='bbox 555 2671 600 2728; x_wconf 92' lang='lat' dir='ltr'>iila</span> <span class='ocrx_word' id='word_1_381' title='bbox 616 2672 713 2745; x_wconf 86' lang='lat' dir='ltr'>regula</span> <span class='ocrx_word' id='word_1_382' title='bbox 728 2671 894 2746; x_wconf 86' lang='lat' dir='ltr'>intelligatur</span> <span class='ocrx_word' id='word_1_383' title='bbox 929 2665 1035 2736; x_wconf 79' lang='lat' dir='ltr'>dixerit,</span> <span class='ocrx_word' id='word_1_384' title='bbox 1051 2672 1079 2722; x_wconf 88' lang='lat' dir='ltr'>et</span> <span class='ocrx_word' id='word_1_385' title='bbox 1096 2667 1164 2723; x_wconf 92' lang='lat' dir='ltr'>bene</span> <span class='ocrx_word' id='word_1_386' title='bbox 1177 2665 1273 2723; x_wconf 87' lang='lat' dir='ltr'>Gloasa</span> <span class='ocrx_word' id='word_1_387' title='bbox 1288 2666 1313 2721; x_wconf 93' lang='lat' dir='ltr'>in</span> <span class='ocrx_word' id='word_1_388' title='bbox 1329 2664 1348 2722; x_wconf 93' lang='lat' dir='ltr'>l.</span> <span class='ocrx_word' id='word_1_389' title='bbox 1362 2668 1393 2722; x_wconf 86' lang='lat' dir='ltr'>ia</span> <span class='ocrx_word' id='word_1_390' title='bbox 1412 2667 1588 2735; x_wconf 81' lang='lat' dir='ltr'>actionibus,</span> <span class='ocrx_word' id='word_1_391' title='bbox 1606 2670 1634 2727; x_wconf 83' lang='lat' dir='ltr'>it.</span> <span class='ocrx_word' id='word_1_392' title='bbox 1646 2670 1680 2728; x_wconf 91' lang='lat' dir='ltr'>da</span> <span class='ocrx_word' id='word_1_393' title='bbox 1701 2674 1728 2728; x_wconf 92' lang='lat' dir='ltr'>in</span> 
     </span>
     <span class='ocr_line' id='line_1_27' title="bbox 98 2755 1729 2834; baseline 0.002 -18"><span class='ocrx_word' id='word_1_394' title='bbox 98 2760 195 2818; x_wconf 88' lang='lat' dir='ltr'>inloro</span> <span class='ocrx_word' id='word_1_395' title='bbox 215 2766 330 2818; x_wconf 82' lang='lat' dir='ltr'>externo</span> <span class='ocrx_word' id='word_1_396' title='bbox 347 2761 396 2832; x_wconf 78' lang='lat' dir='ltr'>(ut</span> <span class='ocrx_word' id='word_1_397' title='bbox 416 2760 523 2817; x_wconf 80' lang='lat' dir='ltr'>facilius</span> <span class='ocrx_word' id='word_1_398' title='bbox 543 2759 716 2834; x_wconf 77' lang='lat' dir='ltr'>exponitur),</span> <span class='ocrx_word' id='word_1_399' title='bbox 732 2760 895 2833; x_wconf 88' lang='lat' dir='ltr'>intelligitur</span> <span class='ocrx_word' id='word_1_400' title='bbox 930 2756 1004 2813; x_wconf 86' lang='lat' dir='ltr'>lilani</span> <span class='ocrx_word' id='word_1_401' title='bbox 1022 2755 1129 2814; x_wconf 89' lang='lat' dir='ltr'>iurand.</span> <span class='ocrx_word' id='word_1_402' title='bbox 1145 2756 1228 2812; x_wconf 84' lang='lat' dir='ltr'>aerbo</span> <span class='ocrx_word' id='word_1_403' title='bbox 1252 2771 1311 2812; x_wconf 80' lang='lat' dir='ltr'>cors</span> <span class='ocrx_word' id='word_1_404' title='bbox 1324 2759 1437 2830; x_wconf 79' lang='lat' dir='ltr'>eiiam,</span> <span class='ocrx_word' id='word_1_405' title='bbox 1458 2763 1487 2814; x_wconf 93' lang='lat' dir='ltr'>et</span> <span class='ocrx_word' id='word_1_406' title='bbox 1509 2757 1588 2829; x_wconf 89' lang='lat' dir='ltr'>plura</span> <span class='ocrx_word' id='word_1_407' title='bbox 1607 2763 1729 2834; x_wconf 88' lang='lat' dir='ltr'>congerit</span> 
     </span>
     <span class='ocr_line' id='line_1_28' title="bbox 97 2845 1727 2923; baseline 0.002 -17"><span class='ocrx_word' id='word_1_408' title='bbox 97 2849 245 2908; x_wconf 85' lang='lat' dir='ltr'>secundum</span> <span class='ocrx_word' id='word_1_409' title='bbox 266 2849 519 2922; x_wconf 86' lang='lat' dir='ltr'>praesumptionem</span> <span class='ocrx_word' id='word_1_410' title='bbox 533 2850 599 2907; x_wconf 87' lang='lat' dir='ltr'>iuris</span> <span class='ocrx_word' id='word_1_411' title='bbox 620 2856 732 2923; x_wconf 91' lang='lat' dir='ltr'>propter</span> <span class='ocrx_word' id='word_1_412' title='bbox 751 2851 811 2907; x_wconf 88' lang='lat' dir='ltr'>iura</span> <span class='ocrx_word' id='word_1_413' title='bbox 831 2864 896 2921; x_wconf 90' lang='lat' dir='ltr'>pro·</span> <span class='ocrx_word' id='word_1_414' title='bbox 928 2845 1065 2919; x_wconf 81' lang='lat' dir='ltr'>Tiraquel.</span> <span class='ocrx_word' id='word_1_415' title='bbox 1082 2852 1204 2903; x_wconf 92' lang='lat' dir='ltr'>tractatu</span> <span class='ocrx_word' id='word_1_416' title='bbox 1219 2845 1252 2902; x_wconf 93' lang='lat' dir='ltr'>de</span> <span class='ocrx_word' id='word_1_417' title='bbox 1269 2861 1349 2914; x_wconf 91' lang='lat' dir='ltr'>poen.</span> <span class='ocrx_word' id='word_1_418' title='bbox 1367 2854 1514 2922; x_wconf 83' lang='lat' dir='ltr'>temperap.</span> <span class='ocrx_word' id='word_1_419' title='bbox 1530 2865 1615 2906; x_wconf 87' lang='lat' dir='ltr'>causa</span> <span class='ocrx_word' id='word_1_420' title='bbox 1633 2854 1675 2910; x_wconf 85' lang='lat' dir='ltr'>rt.</span> <span class='ocrx_word' id='word_1_421' title='bbox 1692 2853 1727 2909; x_wconf 84' lang='lat' dir='ltr'>Et</span> 
     </span>
     <span class='ocr_line' id='line_1_29' title="bbox 95 2934 1729 3018; baseline -0.001 -20"><span class='ocrx_word' id='word_1_422' title='bbox 95 2943 161 2998; x_wconf 85' lang='lat' dir='ltr'>ainre</span> <span class='ocrx_word' id='word_1_423' title='bbox 177 2941 278 3013; x_wconf 74' lang='lat' dir='ltr'>citata3</span> <span class='ocrx_word' id='word_1_424' title='bbox 294 2946 322 2997; x_wconf 93' lang='lat' dir='ltr'>et</span> <span class='ocrx_word' id='word_1_425' title='bbox 336 2940 512 2996; x_wconf 85' lang='lat' dir='ltr'>nibilominus</span> <span class='ocrx_word' id='word_1_426' title='bbox 531 2941 554 2996; x_wconf 89' lang='lat' dir='ltr'>si</span> <span class='ocrx_word' id='word_1_427' title='bbox 573 2940 636 2997; x_wconf 88' lang='lat' dir='ltr'>talis</span> <span class='ocrx_word' id='word_1_428' title='bbox 650 2941 802 3013; x_wconf 88' lang='lat' dir='ltr'>ignorantia</span> <span class='ocrx_word' id='word_1_429' title='bbox 816 2939 894 2996; x_wconf 86' lang='lat' dir='ltr'>sulli-</span> <span class='ocrx_word' id='word_1_430' title='bbox 929 2936 999 2993; x_wconf 87' lang='lat' dir='ltr'>ratio</span> <span class='ocrx_word' id='word_1_431' title='bbox 1013 2944 1068 3010; x_wconf 89' lang='lat' dir='ltr'>est,</span> <span class='ocrx_word' id='word_1_432' title='bbox 1080 2938 1144 3010; x_wconf 89' lang='lat' dir='ltr'>quia</span> <span class='ocrx_word' id='word_1_433' title='bbox 1155 2934 1200 2992; x_wconf 92' lang='lat' dir='ltr'>illa</span> <span class='ocrx_word' id='word_1_434' title='bbox 1216 2936 1344 3008; x_wconf 84' lang='lat' dir='ltr'>obligatio</span> <span class='ocrx_word' id='word_1_435' title='bbox 1359 2939 1481 2994; x_wconf 89' lang='lat' dir='ltr'>nascitur</span> <span class='ocrx_word' id='word_1_436' title='bbox 1490 2955 1525 2995; x_wconf 82' lang='lat' dir='ltr'>er</span> <span class='ocrx_word' id='word_1_437' title='bbox 1538 2939 1639 2996; x_wconf 88' lang='lat' dir='ltr'>iustitia</span> <span class='ocrx_word' id='word_1_438' title='bbox 1653 2956 1729 3018; x_wconf 88' lang='lat' dir='ltr'>com·</span> 
     </span>
     <span class='ocr_line' id='line_1_30' title="bbox 95 3025 1727 3104; baseline 0.002 -18"><span class='ocrx_word' id='word_1_439' title='bbox 95 3030 193 3086; x_wconf 78' lang='lat' dir='ltr'>cientm</span> <span class='ocrx_word' id='word_1_440' title='bbox 217 3030 355 3100; x_wconf 88' lang='lat' dir='ltr'>probetur</span> <span class='ocrx_word' id='word_1_441' title='bbox 378 3027 550 3100; x_wconf 88' lang='lat' dir='ltr'>inculpabilis</span> <span class='ocrx_word' id='word_1_442' title='bbox 574 3027 671 3103; x_wconf 77' lang='lat' dir='ltr'>(quod</span> <span class='ocrx_word' id='word_1_443' title='bbox 691 3027 800 3085; x_wconf 83' lang='lat' dir='ltr'>difficile</span> <span class='ocrx_word' id='word_1_444' title='bbox 821 3026 892 3100; x_wconf 89' lang='lat' dir='ltr'>eat),</span> <span class='ocrx_word' id='word_1_445' title='bbox 930 3026 1151 3098; x_wconf 83' lang='lat' dir='ltr'>mutatira,quae</span> <span class='ocrx_word' id='word_1_446' title='bbox 1165 3025 1277 3096; x_wconf 87' lang='lat' dir='ltr'>respicit</span> <span class='ocrx_word' id='word_1_447' title='bbox 1291 3026 1483 3098; x_wconf 90' lang='lat' dir='ltr'>aequalitatem</span> <span class='ocrx_word' id='word_1_448' title='bbox 1496 3028 1535 3084; x_wconf 86' lang='lat' dir='ltr'>rei</span> <span class='ocrx_word' id='word_1_449' title='bbox 1549 3028 1582 3085; x_wconf 90' lang='lat' dir='ltr'>ad</span> <span class='ocrx_word' id='word_1_450' title='bbox 1597 3032 1727 3104; x_wconf 78' lang='lat' dir='ltr'>rembo-</span> 
     </span>
     <span class='ocr_line' id='line_1_31' title="bbox 95 3111 1725 3194; baseline 0.001 -18"><span class='ocrx_word' id='word_1_451' title='bbox 95 3121 168 3176; x_wconf 82' lang='lat' dir='ltr'>etiarn</span> <span class='ocrx_word' id='word_1_452' title='bbox 183 3119 269 3176; x_wconf 88' lang='lat' dir='ltr'>inille</span> <span class='ocrx_word' id='word_1_453' title='bbox 284 3118 345 3175; x_wconf 88' lang='lat' dir='ltr'>iero</span> <span class='ocrx_word' id='word_1_454' title='bbox 358 3117 502 3176; x_wconf 81' lang='lat' dir='ltr'>excusabit</span> <span class='ocrx_word' id='word_1_455' title='bbox 515 3124 756 3190; x_wconf 77' lang='lat' dir='ltr'>apoenapropter</span> <span class='ocrx_word' id='word_1_456' title='bbox 767 3117 819 3175; x_wconf 93' lang='lat' dir='ltr'>alia</span> <span class='ocrx_word' id='word_1_457' title='bbox 834 3119 893 3175; x_wconf 92' lang='lat' dir='ltr'>iura</span> <span class='ocrx_word' id='word_1_458' title='bbox 928 3113 1041 3189; x_wconf 86' lang='lat' dir='ltr'>quando</span> <span class='ocrx_word' id='word_1_459' title='bbox 1069 3120 1160 3171; x_wconf 91' lang='lat' dir='ltr'>autem</span> <span class='ocrx_word' id='word_1_460' title='bbox 1185 3111 1218 3170; x_wconf 91' lang='lat' dir='ltr'>de</span> <span class='ocrx_word' id='word_1_461' title='bbox 1228 3113 1234 3126; x_wconf 83' lang='lat'><strong>&#39;</strong></span> <span class='ocrx_word' id='word_1_462' title='bbox 1246 3115 1356 3187; x_wconf 92' lang='lat' dir='ltr'>propria</span> <span class='ocrx_word' id='word_1_463' title='bbox 1380 3130 1481 3188; x_wconf 89' lang='lat' dir='ltr'>poena,</span> <span class='ocrx_word' id='word_1_464' title='bbox 1506 3117 1725 3194; x_wconf 88' lang='lat' dir='ltr'>subdistinguere</span> 
     </span>
     <span class='ocr_line' id='line_1_32' title="bbox 96 3202 1729 3281; baseline 0.001 -16"><span class='ocrx_word' id='word_1_465' title='bbox 96 3225 140 3280; x_wconf 94' lang='lat' dir='ltr'>pro</span> <span class='ocrx_word' id='word_1_466' title='bbox 159 3210 314 3266; x_wconf 81' lang='lat' dir='ltr'>assertione</span> <span class='ocrx_word' id='word_1_467' title='bbox 333 3207 466 3281; x_wconf 85' lang='lat' dir='ltr'>allegata,</span> <span class='ocrx_word' id='word_1_468' title='bbox 489 3221 559 3281; x_wconf 92' lang='lat' dir='ltr'>quaa</span> <span class='ocrx_word' id='word_1_469' title='bbox 573 3206 756 3264; x_wconf 79' lang='lat' dir='ltr'>indifferenter</span> <span class='ocrx_word' id='word_1_470' title='bbox 770 3207 890 3280; x_wconf 91' lang='lat' dir='ltr'>loquun-</span> <span class='ocrx_word' id='word_1_471' title='bbox 929 3210 1047 3276; x_wconf 90' lang='lat' dir='ltr'>oportet,</span> <span class='ocrx_word' id='word_1_472' title='bbox 1061 3219 1094 3260; x_wconf 90' lang='lat' dir='ltr'>an</span> <span class='ocrx_word' id='word_1_473' title='bbox 1108 3202 1289 3260; x_wconf 87' lang='lat' dir='ltr'>contrabatur</span> <span class='ocrx_word' id='word_1_474' title='bbox 1304 3219 1351 3276; x_wconf 90' lang='lat' dir='ltr'>par</span> <span class='ocrx_word' id='word_1_475' title='bbox 1364 3203 1452 3277; x_wconf 90' lang='lat' dir='ltr'>legem</span> <span class='ocrx_word' id='word_1_476' title='bbox 1467 3213 1529 3263; x_wconf 90' lang='lat' dir='ltr'>ante</span> <span class='ocrx_word' id='word_1_477' title='bbox 1544 3222 1651 3265; x_wconf 89' lang='lat' dir='ltr'>omnem</span> <span class='ocrx_word' id='word_1_478' title='bbox 1665 3225 1729 3266; x_wconf 89' lang='lat' dir='ltr'>aen·</span> 
     </span>
     <span class='ocr_line' id='line_1_33' title="bbox 97 3292 1728 3371; baseline 0.001 -17"><span class='ocrx_word' id='word_1_479' title='bbox 97 3305 146 3355; x_wconf 91' lang='lat' dir='ltr'>tur.</span> <span class='ocrx_word' id='word_1_480' title='bbox 161 3297 240 3357; x_wconf 86' lang='lat' dir='ltr'>Unde</span> <span class='ocrx_word' id='word_1_481' title='bbox 254 3297 363 3353; x_wconf 82' lang='lat' dir='ltr'>etiarnsi</span> <span class='ocrx_word' id='word_1_482' title='bbox 379 3296 421 3353; x_wconf 84' lang='lat' dir='ltr'>lax</span> <span class='ocrx_word' id='word_1_483' title='bbox 435 3301 519 3368; x_wconf 88' lang='lat' dir='ltr'>ponat</span> <span class='ocrx_word' id='word_1_484' title='bbox 533 3308 650 3368; x_wconf 86' lang='lat' dir='ltr'>poenam</span> <span class='ocrx_word' id='word_1_485' title='bbox 664 3297 723 3368; x_wconf 88' lang='lat' dir='ltr'>ipso</span> <span class='ocrx_word' id='word_1_486' title='bbox 737 3295 810 3353; x_wconf 87' lang='lat' dir='ltr'>lacto</span> <span class='ocrx_word' id='word_1_487' title='bbox 825 3302 887 3353; x_wconf 89' lang='lat' dir='ltr'>ante</span> <span class='ocrx_word' id='word_1_488' title='bbox 929 3294 1102 3365; x_wconf 88' lang='lat' dir='ltr'>tentiam‚vel</span> <span class='ocrx_word' id='word_1_489' title='bbox 1113 3292 1276 3365; x_wconf 87' lang='lat' dir='ltr'>imponenda</span> <span class='ocrx_word' id='word_1_490' title='bbox 1286 3296 1322 3350; x_wconf 85' lang='lat' dir='ltr'>eit</span> <span class='ocrx_word' id='word_1_491' title='bbox 1332 3309 1379 3366; x_wconf 91' lang='lat' dir='ltr'>per</span> <span class='ocrx_word' id='word_1_492' title='bbox 1390 3295 1518 3353; x_wconf 86' lang='lat' dir='ltr'>iudicem.</span> <span class='ocrx_word' id='word_1_493' title='bbox 1529 3298 1595 3354; x_wconf 88' lang='lat' dir='ltr'>Nam</span> <span class='ocrx_word' id='word_1_494' title='bbox 1606 3298 1631 3353; x_wconf 94' lang='lat' dir='ltr'>in</span> <span class='ocrx_word' id='word_1_495' title='bbox 1644 3300 1728 3371; x_wconf 90' lang='lat' dir='ltr'>priori</span> 
     </span>
     <span class='ocr_line' id='line_1_34' title="bbox 97 3382 1730 3459; baseline 0.001 -17"><span class='ocrx_word' id='word_1_496' title='bbox 97 3401 198 3443; x_wconf 85' lang='lat' dir='ltr'>emnem</span> <span class='ocrx_word' id='word_1_497' title='bbox 211 3385 502 3455; x_wconf 89' lang='lat' dir='ltr'>declarationem,non</span> <span class='ocrx_word' id='word_1_498' title='bbox 516 3390 624 3446; x_wconf 89' lang='lat' dir='ltr'>tenetur</span> <span class='ocrx_word' id='word_1_499' title='bbox 635 3387 697 3457; x_wconf 90' lang='lat' dir='ltr'>quia</span> <span class='ocrx_word' id='word_1_500' title='bbox 710 3387 735 3442; x_wconf 93' lang='lat' dir='ltr'>in</span> <span class='ocrx_word' id='word_1_501' title='bbox 747 3387 892 3443; x_wconf 82' lang='lat' dir='ltr'>conscieo·</span> <span class='ocrx_word' id='word_1_502' title='bbox 927 3399 995 3441; x_wconf 87' lang='lat' dir='ltr'>casu</span> <span class='ocrx_word' id='word_1_503' title='bbox 1013 3397 1065 3442; x_wconf 91' lang='lat' dir='ltr'>uon</span> <span class='ocrx_word' id='word_1_504' title='bbox 1080 3382 1163 3439; x_wconf 89' lang='lat' dir='ltr'>babet</span> <span class='ocrx_word' id='word_1_505' title='bbox 1174 3382 1267 3439; x_wconf 92' lang='lat' dir='ltr'>locum</span> <span class='ocrx_word' id='word_1_506' title='bbox 1283 3383 1434 3456; x_wconf 91' lang='lat' dir='ltr'>diminutio,</span> <span class='ocrx_word' id='word_1_507' title='bbox 1450 3385 1515 3458; x_wconf 91' lang='lat' dir='ltr'>quia</span> <span class='ocrx_word' id='word_1_508' title='bbox 1530 3385 1572 3444; x_wconf 84' lang='lat' dir='ltr'>lex</span> <span class='ocrx_word' id='word_1_509' title='bbox 1588 3390 1646 3459; x_wconf 88' lang='lat' dir='ltr'>ipsa</span> <span class='ocrx_word' id='word_1_510' title='bbox 1659 3387 1730 3444; x_wconf 89' lang='lat' dir='ltr'>inlli-</span> 
     </span>
     <span class='ocr_line' id='line_1_35' title="bbox 97 3470 1727 3550; baseline 0.001 -18"><span class='ocrx_word' id='word_1_511' title='bbox 97 3476 129 3532; x_wconf 84' lang='lat' dir='ltr'>tia</span> <span class='ocrx_word' id='word_1_512' title='bbox 147 3476 220 3534; x_wconf 83' lang='lat' dir='ltr'>illam</span> <span class='ocrx_word' id='word_1_513' title='bbox 239 3473 355 3547; x_wconf 89' lang='lat' dir='ltr'>implere</span> <span class='ocrx_word' id='word_1_514' title='bbox 376 3475 402 3530; x_wconf 93' lang='lat' dir='ltr'>in</span> <span class='ocrx_word' id='word_1_515' title='bbox 421 3490 455 3532; x_wconf 90' lang='lat' dir='ltr'>eo</span> <span class='ocrx_word' id='word_1_516' title='bbox 469 3489 549 3531; x_wconf 88' lang='lat' dir='ltr'>casu.</span> <span class='ocrx_word' id='word_1_517' title='bbox 563 3474 642 3543; x_wconf 82' lang='lat' dir='ltr'>Quod</span> <span class='ocrx_word' id='word_1_518' title='bbox 662 3476 684 3532; x_wconf 89' lang='lat' dir='ltr'>si</span> <span class='ocrx_word' id='word_1_519' title='bbox 703 3490 751 3548; x_wconf 89' lang='lat' dir='ltr'>per</span> <span class='ocrx_word' id='word_1_520' title='bbox 771 3474 890 3532; x_wconf 88' lang='lat' dir='ltr'>iudicem</span> <span class='ocrx_word' id='word_1_521' title='bbox 928 3475 965 3546; x_wconf 90' lang='lat' dir='ltr'>git</span> <span class='ocrx_word' id='word_1_522' title='bbox 977 3487 1090 3545; x_wconf 87' lang='lat' dir='ltr'>poenam</span> <span class='ocrx_word' id='word_1_523' title='bbox 1107 3470 1277 3545; x_wconf 87' lang='lat' dir='ltr'>simpliciter,</span> <span class='ocrx_word' id='word_1_524' title='bbox 1291 3480 1319 3528; x_wconf 90' lang='lat' dir='ltr'>et</span> <span class='ocrx_word' id='word_1_525' title='bbox 1333 3475 1391 3529; x_wconf 86' lang='lat' dir='ltr'>siue</span> <span class='ocrx_word' id='word_1_526' title='bbox 1406 3473 1603 3550; x_wconf 89' lang='lat' dir='ltr'>moderatione,</span> <span class='ocrx_word' id='word_1_527' title='bbox 1615 3485 1643 3534; x_wconf 91' lang='lat' dir='ltr'>et</span> <span class='ocrx_word' id='word_1_528' title='bbox 1656 3491 1727 3534; x_wconf 88' lang='lat' dir='ltr'>sern-</span> 
     </span>
     <span class='ocr_line' id='line_1_36' title="bbox 96 3561 1729 3638; baseline 0.001 -16"><span class='ocrx_word' id='word_1_529' title='bbox 96 3565 307 3638; x_wconf 87' lang='lat' dir='ltr'>condamnetur,</span> <span class='ocrx_word' id='word_1_530' title='bbox 327 3563 392 3637; x_wconf 93' lang='lat' dir='ltr'>quia</span> <span class='ocrx_word' id='word_1_531' title='bbox 404 3562 495 3620; x_wconf 84' lang='lat' dir='ltr'>deficit</span> <span class='ocrx_word' id='word_1_532' title='bbox 508 3565 534 3621; x_wconf 94' lang='lat' dir='ltr'>in</span> <span class='ocrx_word' id='word_1_533' title='bbox 548 3565 724 3637; x_wconf 85' lang='lat' dir='ltr'>probatione,</span> <span class='ocrx_word' id='word_1_534' title='bbox 739 3570 768 3620; x_wconf 91' lang='lat' dir='ltr'>et</span> <span class='ocrx_word' id='word_1_535' title='bbox 783 3565 845 3636; x_wconf 87' lang='lat' dir='ltr'>ipsa</span> <span class='ocrx_word' id='word_1_536' title='bbox 859 3563 894 3619; x_wconf 86' lang='lat' dir='ltr'>sit</span> <span class='ocrx_word' id='word_1_537' title='bbox 928 3579 977 3636; x_wconf 90' lang='lat' dir='ltr'>per</span> <span class='ocrx_word' id='word_1_538' title='bbox 990 3561 1087 3620; x_wconf 89' lang='lat' dir='ltr'>eodem</span> <span class='ocrx_word' id='word_1_539' title='bbox 1101 3561 1180 3618; x_wconf 88' lang='lat' dir='ltr'>modo</span> <span class='ocrx_word' id='word_1_540' title='bbox 1195 3561 1330 3634; x_wconf 90' lang='lat' dir='ltr'>loquitur,</span> <span class='ocrx_word' id='word_1_541' title='bbox 1344 3568 1373 3618; x_wconf 90' lang='lat' dir='ltr'>at</span> <span class='ocrx_word' id='word_1_542' title='bbox 1392 3564 1429 3620; x_wconf 92' lang='lat' dir='ltr'>ita</span> <span class='ocrx_word' id='word_1_543' title='bbox 1441 3579 1582 3637; x_wconf 88' lang='lat' dir='ltr'>nrrnquam</span> <span class='ocrx_word' id='word_1_544' title='bbox 1600 3565 1729 3625; x_wconf 92' lang='lat' dir='ltr'>diminuit</span> 
     </span>
     <span class='ocr_line' id='line_1_37' title="bbox 96 3651 1727 3727; baseline 0.001 -14"><span class='ocrx_word' id='word_1_545' title='bbox 96 3663 184 3713; x_wconf 87' lang='lat' dir='ltr'>certus</span> <span class='ocrx_word' id='word_1_546' title='bbox 202 3656 230 3712; x_wconf 93' lang='lat' dir='ltr'>in</span> <span class='ocrx_word' id='word_1_547' title='bbox 252 3652 423 3712; x_wconf 86' lang='lat' dir='ltr'>conscientia</span> <span class='ocrx_word' id='word_1_548' title='bbox 440 3651 474 3710; x_wconf 90' lang='lat' dir='ltr'>de</span> <span class='ocrx_word' id='word_1_549' title='bbox 490 3669 540 3710; x_wconf 88' lang='lat' dir='ltr'>sua</span> <span class='ocrx_word' id='word_1_550' title='bbox 555 3652 712 3726; x_wconf 91' lang='lat' dir='ltr'>inculpabili</span> <span class='ocrx_word' id='word_1_551' title='bbox 727 3653 891 3726; x_wconf 89' lang='lat' dir='ltr'>ignorantia,</span> <span class='ocrx_word' id='word_1_552' title='bbox 928 3651 1019 3725; x_wconf 79' lang='lat' dir='ltr'>illam3</span> <span class='ocrx_word' id='word_1_553' title='bbox 1034 3667 1099 3725; x_wconf 89' lang='lat' dir='ltr'>ergo</span> <span class='ocrx_word' id='word_1_554' title='bbox 1110 3667 1161 3708; x_wconf 92' lang='lat' dir='ltr'>nec</span> <span class='ocrx_word' id='word_1_555' title='bbox 1176 3666 1240 3708; x_wconf 89' lang='lat' dir='ltr'>rcus</span> <span class='ocrx_word' id='word_1_556' title='bbox 1255 3653 1418 3709; x_wconf 90' lang='lat' dir='ltr'>auctoritate</span> <span class='ocrx_word' id='word_1_557' title='bbox 1429 3669 1480 3710; x_wconf 88' lang='lat' dir='ltr'>sua</span> <span class='ocrx_word' id='word_1_558' title='bbox 1494 3661 1584 3727; x_wconf 89' lang='lat' dir='ltr'>potest</span> <span class='ocrx_word' id='word_1_559' title='bbox 1594 3656 1727 3714; x_wconf 90' lang='lat' dir='ltr'>diminua-</span> 
     </span>
     <span class='ocr_line' id='line_1_38' title="bbox 97 3740 1726 3820; baseline 0.001 -18"><span class='ocrx_word' id='word_1_560' title='bbox 97 3747 154 3805; x_wconf 87' lang='lat' dir='ltr'>licct</span> <span class='ocrx_word' id='word_1_561' title='bbox 171 3746 297 3804; x_wconf 77' lang='lat' dir='ltr'>exterius</span> <span class='ocrx_word' id='word_1_562' title='bbox 320 3751 446 3802; x_wconf 88' lang='lat' dir='ltr'>teneatur</span> <span class='ocrx_word' id='word_1_563' title='bbox 459 3759 566 3816; x_wconf 90' lang='lat' dir='ltr'>parere,</span> <span class='ocrx_word' id='word_1_564' title='bbox 578 3750 669 3800; x_wconf 73' lang='lat' dir='ltr'>umen</span> <span class='ocrx_word' id='word_1_565' title='bbox 682 3745 709 3800; x_wconf 93' lang='lat' dir='ltr'>in</span> <span class='ocrx_word' id='word_1_566' title='bbox 723 3742 890 3801; x_wconf 87' lang='lat' dir='ltr'>conscientia</span> <span class='ocrx_word' id='word_1_567' title='bbox 928 3758 969 3813; x_wconf 92' lang='lat' dir='ltr'>re,</span> <span class='ocrx_word' id='word_1_568' title='bbox 980 3748 1039 3800; x_wconf 90' lang='lat' dir='ltr'>tum</span> <span class='ocrx_word' id='word_1_569' title='bbox 1053 3744 1117 3816; x_wconf 90' lang='lat' dir='ltr'>qnia</span> <span class='ocrx_word' id='word_1_570' title='bbox 1129 3740 1163 3798; x_wconf 90' lang='lat' dir='ltr'>ad</span> <span class='ocrx_word' id='word_1_571' title='bbox 1173 3740 1225 3798; x_wconf 89' lang='lat' dir='ltr'>boe</span> <span class='ocrx_word' id='word_1_572' title='bbox 1237 3741 1390 3814; x_wconf 88' lang='lat' dir='ltr'>requiritur</span> <span class='ocrx_word' id='word_1_573' title='bbox 1401 3748 1524 3815; x_wconf 86' lang='lat' dir='ltr'>potestas</span> <span class='ocrx_word' id='word_1_574' title='bbox 1535 3744 1656 3820; x_wconf 90' lang='lat' dir='ltr'>publica,</span> <span class='ocrx_word' id='word_1_575' title='bbox 1666 3753 1726 3804; x_wconf 88' lang='lat' dir='ltr'>tum</span> 
     </span>
     <span class='ocr_line' id='line_1_39' title="bbox 97 3830 1726 3908; baseline 0.001 -17"><span class='ocrx_word' id='word_1_576' title='bbox 97 3851 142 3893; x_wconf 87' lang='lat' dir='ltr'>non</span> <span class='ocrx_word' id='word_1_577' title='bbox 157 3843 269 3893; x_wconf 87' lang='lat' dir='ltr'>tenetur</span> <span class='ocrx_word' id='word_1_578' title='bbox 278 3834 376 3907; x_wconf 84' lang='lat' dir='ltr'>exequi</span> <span class='ocrx_word' id='word_1_579' title='bbox 391 3839 668 3908; x_wconf 81' lang='lat' dir='ltr'>poeaarn,potestquc</span> <span class='ocrx_word' id='word_1_580' title='bbox 681 3833 756 3891; x_wconf 90' lang='lat' dir='ltr'>illam</span> <span class='ocrx_word' id='word_1_581' title='bbox 767 3833 894 3894; x_wconf 85' lang='lat' dir='ltr'>omittere</span> <span class='ocrx_word' id='word_1_582' title='bbox 927 3834 1011 3889; x_wconf 92' lang='lat' dir='ltr'>etiam</span> <span class='ocrx_word' id='word_1_583' title='bbox 1029 3832 1094 3905; x_wconf 88' lang='lat' dir='ltr'>quia</span> <span class='ocrx_word' id='word_1_584' title='bbox 1113 3835 1187 3888; x_wconf 86' lang='lat' dir='ltr'>asset</span> <span class='ocrx_word' id='word_1_585' title='bbox 1207 3837 1354 3902; x_wconf 81' lang='lat' dir='ltr'>suspectus</span> <span class='ocrx_word' id='word_1_586' title='bbox 1375 3830 1547 3904; x_wconf 86' lang='lat' dir='ltr'>dispensator</span> <span class='ocrx_word' id='word_1_587' title='bbox 1568 3835 1595 3890; x_wconf 92' lang='lat' dir='ltr'>in</span> <span class='ocrx_word' id='word_1_588' title='bbox 1615 3835 1726 3907; x_wconf 90' lang='lat' dir='ltr'>propria</span> 
     </span>
     <span class='ocr_line' id='line_1_40' title="bbox 97 3918 1728 3996; baseline 0 -14"><span class='ocrx_word' id='word_1_589' title='bbox 97 3924 214 3983; x_wconf 81' lang='lat' dir='ltr'>carendo</span> <span class='ocrx_word' id='word_1_590' title='bbox 226 3923 403 3981; x_wconf 86' lang='lat' dir='ltr'>scandalum.</span> <span class='ocrx_word' id='word_1_591' title='bbox 929 3935 1023 3978; x_wconf 84' lang='lat' dir='ltr'>cansa.</span> <span class='ocrx_word' id='word_1_592' title='bbox 1039 3921 1110 3989; x_wconf 87' lang='lat' dir='ltr'>Quin</span> <span class='ocrx_word' id='word_1_593' title='bbox 1130 3918 1221 3991; x_wconf 91' lang='lat' dir='ltr'>potius</span> <span class='ocrx_word' id='word_1_594' title='bbox 1240 3918 1379 3990; x_wconf 87' lang='lat' dir='ltr'>probabile</span> <span class='ocrx_word' id='word_1_595' title='bbox 1399 3921 1536 3994; x_wconf 81' lang='lat' dir='ltr'>existimo,</span> <span class='ocrx_word' id='word_1_596' title='bbox 1557 3923 1665 3996; x_wconf 87' lang='lat' dir='ltr'>quoties</span> <span class='ocrx_word' id='word_1_597' title='bbox 1681 3924 1728 3983; x_wconf 82' lang='lat' dir='ltr'>lex</span> 
     </span>
    </p>
   </div>
   <div class='ocr_carea' id='block_1_3' title="bbox 127 4007 1846 4086">
    <p class='ocr_par' dir='ltr' id='par_1_3' title="bbox 127 4007 1846 4086">
     <span class='ocr_line' id='line_1_41' title="bbox 127 4007 1846 4086; baseline -0.003 -12"><span class='ocrx_word' id='word_1_598' title='bbox 127 4020 155 4074; x_wconf 82' lang='lat' dir='ltr'>i.</span> <span class='ocrx_word' id='word_1_599' title='bbox 170 4013 304 4073; x_wconf 83' lang='lat' dir='ltr'>Secunda</span> <span class='ocrx_word' id='word_1_600' title='bbox 323 4013 417 4086; x_wconf 88' lang='lat' dir='ltr'>regula</span> <span class='ocrx_word' id='word_1_601' title='bbox 436 4019 495 4070; x_wconf 86' lang='lat' dir='ltr'>est:</span> <span class='ocrx_word' id='word_1_602' title='bbox 517 4011 632 4082; x_wconf 81' lang='lat' dir='ltr'>Quando</span> <span class='ocrx_word' id='word_1_603' title='bbox 658 4011 810 4086; x_wconf 87' lang='lat' dir='ltr'>ignorantia</span> <span class='ocrx_word' id='word_1_604' title='bbox 837 4025 891 4066; x_wconf 93' lang='lat' dir='ltr'>uon</span> <span class='ocrx_word' id='word_1_605' title='bbox 929 4011 1007 4084; x_wconf 92' lang='lat' dir='ltr'>ponit</span> <span class='ocrx_word' id='word_1_606' title='bbox 1019 4024 1134 4082; x_wconf 88' lang='lat' dir='ltr'>poenam</span> <span class='ocrx_word' id='word_1_607' title='bbox 1148 4009 1207 4080; x_wconf 88' lang='lat' dir='ltr'>ipso</span> <span class='ocrx_word' id='word_1_608' title='bbox 1223 4007 1312 4080; x_wconf 87' lang='lat' dir='ltr'>iacto,</span> <span class='ocrx_word' id='word_1_609' title='bbox 1327 4011 1453 4082; x_wconf 84' lang='lat' dir='ltr'>quamvis</span> <span class='ocrx_word' id='word_1_610' title='bbox 1468 4012 1592 4084; x_wconf 89' lang='lat' dir='ltr'>requirat</span> <span class='ocrx_word' id='word_1_611' title='bbox 1605 4012 1729 4071; x_wconf 91' lang='lat' dir='ltr'>declara·</span> <span class='ocrx_word' id='word_1_612' title='bbox 1844 4038 1846 4044; x_wconf 36' lang='lat' dir='ltr'>v</span> 
     </span>
    </p>
   </div>
   <div class='ocr_carea' id='block_1_4' title="bbox 95 4097 1732 5346">
    <p class='ocr_par' dir='ltr' id='par_1_4' title="bbox 95 4097 1732 5346">
     <span class='ocr_line' id='line_1_42' title="bbox 96 4097 1727 4176; baseline 0.001 -16"><span class='ocrx_word' id='word_1_613' title='bbox 96 4111 234 4162; x_wconf 79' lang='lat' dir='ltr'>excusata</span> <span class='ocrx_word' id='word_1_614' title='bbox 245 4102 332 4175; x_wconf 89' lang='lat' dir='ltr'>culpa</span> <span class='ocrx_word' id='word_1_615' title='bbox 344 4104 430 4175; x_wconf 78' lang='lat' dir='ltr'>gravi,</span> <span class='ocrx_word' id='word_1_616' title='bbox 441 4107 552 4175; x_wconf 93' lang='lat' dir='ltr'>propter</span> <span class='ocrx_word' id='word_1_617' title='bbox 563 4117 648 4175; x_wconf 84' lang='lat' dir='ltr'>quana</span> <span class='ocrx_word' id='word_1_618' title='bbox 659 4116 746 4176; x_wconf 89' lang='lat' dir='ltr'>poena</span> <span class='ocrx_word' id='word_1_619' title='bbox 757 4100 825 4174; x_wconf 88' lang='lat' dir='ltr'>legis</span> <span class='ocrx_word' id='word_1_620' title='bbox 840 4099 893 4157; x_wconf 90' lang='lat' dir='ltr'>latu</span> <span class='ocrx_word' id='word_1_621' title='bbox 929 4101 1030 4158; x_wconf 90' lang='lat' dir='ltr'>tionem</span> <span class='ocrx_word' id='word_1_622' title='bbox 1042 4098 1150 4171; x_wconf 87' lang='lat' dir='ltr'>iudicia,</span> <span class='ocrx_word' id='word_1_623' title='bbox 1164 4112 1217 4154; x_wconf 90' lang='lat' dir='ltr'>uon</span> <span class='ocrx_word' id='word_1_624' title='bbox 1233 4113 1293 4154; x_wconf 89' lang='lat' dir='ltr'>esse</span> <span class='ocrx_word' id='word_1_625' title='bbox 1305 4097 1330 4154; x_wconf 94' lang='lat' dir='ltr'>in</span> <span class='ocrx_word' id='word_1_626' title='bbox 1345 4105 1479 4170; x_wconf 84' lang='lat' dir='ltr'>potestate</span> <span class='ocrx_word' id='word_1_627' title='bbox 1490 4100 1563 4158; x_wconf 91' lang='lat' dir='ltr'>illius</span> <span class='ocrx_word' id='word_1_628' title='bbox 1574 4100 1727 4161; x_wconf 86' lang='lat' dir='ltr'>diminuere</span> 
     </span>
     <span class='ocr_line' id='line_1_43' title="bbox 95 4187 1728 4266; baseline 0.001 -16"><span class='ocrx_word' id='word_1_629' title='bbox 95 4200 141 4265; x_wconf 81' lang='lat' dir='ltr'>eat,</span> <span class='ocrx_word' id='word_1_630' title='bbox 153 4209 207 4249; x_wconf 92' lang='lat' dir='ltr'>non</span> <span class='ocrx_word' id='word_1_631' title='bbox 221 4196 341 4248; x_wconf 79' lang='lat' dir='ltr'>excusat</span> <span class='ocrx_word' id='word_1_632' title='bbox 353 4190 511 4262; x_wconf 87' lang='lat' dir='ltr'>simpbciter</span> <span class='ocrx_word' id='word_1_633' title='bbox 525 4207 541 4246; x_wconf 90' lang='lat' dir='ltr'>a</span> <span class='ocrx_word' id='word_1_634' title='bbox 554 4206 656 4263; x_wconf 94' lang='lat' dir='ltr'>poena,</span> <span class='ocrx_word' id='word_1_635' title='bbox 669 4190 720 4246; x_wconf 88' lang='lat' dir='ltr'>nisi</span> <span class='ocrx_word' id='word_1_636' title='bbox 734 4191 760 4246; x_wconf 93' lang='lat' dir='ltr'>in</span> <span class='ocrx_word' id='word_1_637' title='bbox 775 4191 832 4263; x_wconf 88' lang='lat' dir='ltr'>lega</span> <span class='ocrx_word' id='word_1_638' title='bbox 847 4188 895 4246; x_wconf 92' lang='lat' dir='ltr'>ad·</span> <span class='ocrx_word' id='word_1_639' title='bbox 930 4205 1057 4261; x_wconf 90' lang='lat' dir='ltr'>poenam,</span> <span class='ocrx_word' id='word_1_640' title='bbox 1073 4189 1095 4243; x_wconf 87' lang='lat' dir='ltr'>ai</span> <span class='ocrx_word' id='word_1_641' title='bbox 1110 4187 1238 4245; x_wconf 90' lang='lat' dir='ltr'>absolute</span> <span class='ocrx_word' id='word_1_642' title='bbox 1252 4203 1301 4260; x_wconf 92' lang='lat' dir='ltr'>par</span> <span class='ocrx_word' id='word_1_643' title='bbox 1323 4189 1485 4246; x_wconf 75' lang='lat' dir='ltr'>aanmntiam</span> <span class='ocrx_word' id='word_1_644' title='bbox 1499 4189 1633 4266; x_wconf 87' lang='lat' dir='ltr'>declaret,</span> <span class='ocrx_word' id='word_1_645' title='bbox 1648 4209 1728 4252; x_wconf 91' lang='lat' dir='ltr'>reum</span> 
     </span>
     <span class='ocr_line' id='line_1_44' title="bbox 97 4277 1730 4356; baseline 0.002 -18"><span class='ocrx_word' id='word_1_646' title='bbox 97 4281 175 4340; x_wconf 84' lang='lat' dir='ltr'>datur</span> <span class='ocrx_word' id='word_1_647' title='bbox 188 4281 319 4351; x_wconf 77' lang='lat' dir='ltr'>terbum,</span> <span class='ocrx_word' id='word_1_648' title='bbox 334 4278 409 4353; x_wconf 89' lang='lat' dir='ltr'>quod</span> <span class='ocrx_word' id='word_1_649' title='bbox 422 4281 564 4337; x_wconf 88' lang='lat' dir='ltr'>scientiam</span> <span class='ocrx_word' id='word_1_650' title='bbox 577 4287 626 4338; x_wconf 95' lang='lat' dir='ltr'>aut</span> <span class='ocrx_word' id='word_1_651' title='bbox 645 4278 742 4337; x_wconf 92' lang='lat' dir='ltr'>dolum</span> <span class='ocrx_word' id='word_1_652' title='bbox 756 4279 891 4353; x_wconf 88' lang='lat' dir='ltr'>requirat.</span> <span class='ocrx_word' id='word_1_653' title='bbox 929 4280 1101 4336; x_wconf 85' lang='lat' dir='ltr'>commisisse</span> <span class='ocrx_word' id='word_1_654' title='bbox 1121 4277 1270 4348; x_wconf 84' lang='lat' dir='ltr'>delictum,</span> <span class='ocrx_word' id='word_1_655' title='bbox 1290 4279 1356 4350; x_wconf 92' lang='lat' dir='ltr'>quia</span> <span class='ocrx_word' id='word_1_656' title='bbox 1376 4285 1442 4336; x_wconf 91' lang='lat' dir='ltr'>tunc</span> <span class='ocrx_word' id='word_1_657' title='bbox 1463 4294 1516 4336; x_wconf 89' lang='lat' dir='ltr'>non</span> <span class='ocrx_word' id='word_1_658' title='bbox 1538 4282 1596 4352; x_wconf 88' lang='lat' dir='ltr'>ipse</span> <span class='ocrx_word' id='word_1_659' title='bbox 1616 4282 1730 4356; x_wconf 86' lang='lat' dir='ltr'>imponit</span> 
     </span>
     <span class='ocr_line' id='line_1_45' title="bbox 97 4366 1729 4444; baseline 0.001 -14"><span class='ocrx_word' id='word_1_660' title='bbox 97 4373 168 4430; x_wconf 80' lang='lat' dir='ltr'>Prior</span> <span class='ocrx_word' id='word_1_661' title='bbox 181 4386 251 4444; x_wconf 87' lang='lat' dir='ltr'>pars</span> <span class='ocrx_word' id='word_1_662' title='bbox 263 4371 419 4428; x_wconf 86' lang='lat' dir='ltr'>communia</span> <span class='ocrx_word' id='word_1_663' title='bbox 432 4377 485 4444; x_wconf 86' lang='lat' dir='ltr'>eat,</span> <span class='ocrx_word' id='word_1_664' title='bbox 498 4368 581 4427; x_wconf 91' lang='lat' dir='ltr'>tradit</span> <span class='ocrx_word' id='word_1_665' title='bbox 589 4370 663 4426; x_wconf 90' lang='lat' dir='ltr'>illarn</span> <span class='ocrx_word' id='word_1_666' title='bbox 676 4369 860 4427; x_wconf 87' lang='lat' dir='ltr'>Panormitan.</span> <span class='ocrx_word' id='word_1_667' title='bbox 869 4368 896 4425; x_wconf 93' lang='lat' dir='ltr'>in</span> <span class='ocrx_word' id='word_1_668' title='bbox 930 4383 1058 4440; x_wconf 91' lang='lat' dir='ltr'>poenam,</span> <span class='ocrx_word' id='word_1_669' title='bbox 1075 4366 1123 4424; x_wconf 85' lang='lat' dir='ltr'>aad</span> <span class='ocrx_word' id='word_1_670' title='bbox 1139 4366 1297 4440; x_wconf 80' lang='lat' dir='ltr'>legislator3</span> <span class='ocrx_word' id='word_1_671' title='bbox 1313 4372 1341 4423; x_wconf 88' lang='lat' dir='ltr'>ct</span> <span class='ocrx_word' id='word_1_672' title='bbox 1356 4367 1472 4427; x_wconf 81' lang='lat' dir='ltr'>tortasse</span> <span class='ocrx_word' id='word_1_673' title='bbox 1487 4369 1553 4427; x_wconf 91' lang='lat' dir='ltr'>baec</span> <span class='ocrx_word' id='word_1_674' title='bbox 1569 4377 1614 4428; x_wconf 88' lang='lat' dir='ltr'>est</span> <span class='ocrx_word' id='word_1_675' title='bbox 1628 4388 1682 4430; x_wconf 90' lang='lat' dir='ltr'>une</span> <span class='ocrx_word' id='word_1_676' title='bbox 1695 4390 1729 4432; x_wconf 82' lang='lat' dir='ltr'>ex</span> 
     </span>
     <span class='ocr_line' id='line_1_46' title="bbox 98 4454 1729 4534; baseline 0.002 -17"><span class='ocrx_word' id='word_1_677' title='bbox 98 4477 155 4534; x_wconf 86' lang='lat' dir='ltr'>cap.</span> <span class='ocrx_word' id='word_1_678' title='bbox 167 4465 196 4520; x_wconf 82' lang='grc'>2.</span> <span class='ocrx_word' id='word_1_679' title='bbox 211 4460 247 4517; x_wconf 92' lang='lat' dir='ltr'>da</span> <span class='ocrx_word' id='word_1_680' title='bbox 267 4459 456 4517; x_wconf 89' lang='lat' dir='ltr'>constitution.</span> <span class='ocrx_word' id='word_1_681' title='bbox 468 4475 495 4517; x_wconf 92' lang='lat' dir='ltr'>n.</span> <span class='ocrx_word' id='word_1_682' title='bbox 506 4463 534 4532; x_wconf 82' lang='lat'>6,</span> <span class='ocrx_word' id='word_1_683' title='bbox 551 4459 597 4516; x_wconf 92' lang='lat' dir='ltr'>ubi</span> <span class='ocrx_word' id='word_1_684' title='bbox 618 4463 684 4517; x_wconf 88' lang='lat' dir='ltr'>beo.</span> <span class='ocrx_word' id='word_1_685' title='bbox 698 4459 762 4516; x_wconf 90' lang='lat' dir='ltr'>leot.</span> <span class='ocrx_word' id='word_1_686' title='bbox 779 4463 804 4531; x_wconf 85' lang='lat' dir='ltr'>t,</span> <span class='ocrx_word' id='word_1_687' title='bbox 827 4475 854 4516; x_wconf 92' lang='lat' dir='ltr'>u.</span> <span class='ocrx_word' id='word_1_688' title='bbox 865 4465 893 4531; x_wconf 86' lang='lat'>8,</span> <span class='ocrx_word' id='word_1_689' title='bbox 929 4458 1078 4530; x_wconf 88' lang='lat' dir='ltr'>potissimis</span> <span class='ocrx_word' id='word_1_690' title='bbox 1092 4454 1248 4516; x_wconf 78' lang='lat' dir='ltr'>differentiis</span> <span class='ocrx_word' id='word_1_691' title='bbox 1259 4458 1332 4514; x_wconf 89' lang='lat' dir='ltr'>inter</span> <span class='ocrx_word' id='word_1_692' title='bbox 1346 4459 1506 4517; x_wconf 88' lang='lat' dir='ltr'>sententiam</span> <span class='ocrx_word' id='word_1_693' title='bbox 1518 4460 1729 4522; x_wconf 89' lang='lat' dir='ltr'>declaratoriam</span> 
     </span>
     <span class='ocr_line' id='line_1_47' title="bbox 98 4547 1729 4624; baseline 0.002 -18"><span class='ocrx_word' id='word_1_694' title='bbox 98 4551 177 4608; x_wconf 77' lang='lat' dir='ltr'>ialin.</span> <span class='ocrx_word' id='word_1_695' title='bbox 189 4565 268 4606; x_wconf 87' lang='lat' dir='ltr'>num.</span> <span class='ocrx_word' id='word_1_696' title='bbox 282 4553 312 4621; x_wconf 82' lang='lat' dir='ltr'>i,</span> <span class='ocrx_word' id='word_1_697' title='bbox 326 4548 428 4608; x_wconf 89' lang='lat' dir='ltr'>Bartol.</span> <span class='ocrx_word' id='word_1_698' title='bbox 441 4549 467 4605; x_wconf 91' lang='lat' dir='ltr'>in</span> <span class='ocrx_word' id='word_1_699' title='bbox 481 4548 500 4604; x_wconf 94' lang='grc'>1.</span> <span class='ocrx_word' id='word_1_700' title='bbox 510 4547 588 4622; x_wconf 86' lang='lat' dir='ltr'>quod</span> <span class='ocrx_word' id='word_1_701' title='bbox 600 4553 707 4617; x_wconf 81' lang='lat' dir='ltr'>Nerva,</span> <span class='ocrx_word' id='word_1_702' title='bbox 727 4549 754 4606; x_wconf 87' lang='lat' dir='ltr'>it.</span> <span class='ocrx_word' id='word_1_703' title='bbox 770 4548 894 4620; x_wconf 88' lang='lat' dir='ltr'>depositi,</span> <span class='ocrx_word' id='word_1_704' title='bbox 930 4554 959 4605; x_wconf 91' lang='lat' dir='ltr'>et</span> <span class='ocrx_word' id='word_1_705' title='bbox 976 4547 1238 4604; x_wconf 89' lang='lat' dir='ltr'>condemnatoriam.</span> <span class='ocrx_word' id='word_1_706' title='bbox 1252 4549 1342 4624; x_wconf 76' lang='lat' dir='ltr'>Atque</span> <span class='ocrx_word' id='word_1_707' title='bbox 1356 4549 1392 4604; x_wconf 91' lang='lat' dir='ltr'>ita</span> <span class='ocrx_word' id='word_1_708' title='bbox 1413 4547 1536 4606; x_wconf 89' lang='lat' dir='ltr'>ridemus</span> <span class='ocrx_word' id='word_1_709' title='bbox 1551 4567 1604 4608; x_wconf 89' lang='lat' dir='ltr'>usu</span> <span class='ocrx_word' id='word_1_710' title='bbox 1625 4553 1729 4610; x_wconf 87' lang='lat' dir='ltr'>serrari</span> 
     </span>
     <span class='ocr_line' id='line_1_48' title="bbox 100 4631 1731 4712; baseline 0.001 -17"><span class='ocrx_word' id='word_1_711' title='bbox 100 4657 125 4695; x_wconf 92' lang='lat' dir='ltr'>n.</span> <span class='ocrx_word' id='word_1_712' title='bbox 137 4645 184 4712; x_wconf 77' lang='lat' dir='ltr'>tit,</span> <span class='ocrx_word' id='word_1_713' title='bbox 199 4647 229 4697; x_wconf 86' lang='lat' dir='ltr'>et</span> <span class='ocrx_word' id='word_1_714' title='bbox 241 4639 286 4696; x_wconf 90' lang='lat' dir='ltr'>alii</span> <span class='ocrx_word' id='word_1_715' title='bbox 301 4638 424 4695; x_wconf 91' lang='lat' dir='ltr'>moderni</span> <span class='ocrx_word' id='word_1_716' title='bbox 438 4638 515 4696; x_wconf 90' lang='lat' dir='ltr'>relati</span> <span class='ocrx_word' id='word_1_717' title='bbox 529 4646 556 4695; x_wconf 90' lang='lat' dir='ltr'>et</span> <span class='ocrx_word' id='word_1_718' title='bbox 570 4639 715 4696; x_wconf 76' lang='lat' dir='ltr'>referendi.</span> <span class='ocrx_word' id='word_1_719' title='bbox 729 4640 764 4695; x_wconf 88' lang='lat' dir='ltr'>Et</span> <span class='ocrx_word' id='word_1_720' title='bbox 776 4639 896 4695; x_wconf 88' lang='lat' dir='ltr'>sumitur</span> <span class='ocrx_word' id='word_1_721' title='bbox 931 4639 955 4694; x_wconf 93' lang='lat' dir='ltr'>in</span> <span class='ocrx_word' id='word_1_722' title='bbox 971 4652 1060 4710; x_wconf 88' lang='lat' dir='ltr'>poena</span> <span class='ocrx_word' id='word_1_723' title='bbox 1080 4636 1294 4692; x_wconf 84' lang='lat' dir='ltr'>confiscationis.</span> <span class='ocrx_word' id='word_1_724' title='bbox 1311 4631 1347 4693; x_wconf 83' lang='lat' dir='ltr'>iu</span> <span class='ocrx_word' id='word_1_725' title='bbox 1367 4651 1432 4694; x_wconf 84' lang='lat' dir='ltr'>vero</span> <span class='ocrx_word' id='word_1_726' title='bbox 1453 4638 1562 4712; x_wconf 92' lang='lat' dir='ltr'>quando</span> <span class='ocrx_word' id='word_1_727' title='bbox 1583 4656 1671 4712; x_wconf 89' lang='lat' dir='ltr'>poena</span> <span class='ocrx_word' id='word_1_728' title='bbox 1688 4652 1731 4703; x_wconf 82' lang='lat' dir='ltr'>est</span> 
     </span>
     <span class='ocr_line' id='line_1_49' title="bbox 100 4724 1731 4802; baseline 0.003 -17"><span class='ocrx_word' id='word_1_729' title='bbox 100 4745 131 4786; x_wconf 81' lang='lat' dir='ltr'>es</span> <span class='ocrx_word' id='word_1_730' title='bbox 143 4730 161 4786; x_wconf 93' lang='grc'>1.</span> <span class='ocrx_word' id='word_1_731' title='bbox 173 4736 197 4801; x_wconf 87' lang='lat' dir='ltr'>i,</span> <span class='ocrx_word' id='word_1_732' title='bbox 210 4729 237 4787; x_wconf 79' lang='lat' dir='ltr'>d.</span> <span class='ocrx_word' id='word_1_733' title='bbox 250 4728 284 4786; x_wconf 89' lang='lat' dir='ltr'>de</span> <span class='ocrx_word' id='word_1_734' title='bbox 298 4727 419 4802; x_wconf 87' lang='lat' dir='ltr'>legibus,</span> <span class='ocrx_word' id='word_1_735' title='bbox 434 4728 480 4785; x_wconf 92' lang='lat' dir='ltr'>ubi</span> <span class='ocrx_word' id='word_1_736' title='bbox 497 4728 612 4802; x_wconf 82' lang='lat' dir='ltr'>dicitnr,</span> <span class='ocrx_word' id='word_1_737' title='bbox 628 4744 682 4786; x_wconf 92' lang='lat' dir='ltr'>non</span> <span class='ocrx_word' id='word_1_738' title='bbox 701 4728 790 4785; x_wconf 89' lang='lat' dir='ltr'>solum</span> <span class='ocrx_word' id='word_1_739' title='bbox 806 4729 896 4784; x_wconf 89' lang='lat' dir='ltr'>scien·</span> <span class='ocrx_word' id='word_1_740' title='bbox 929 4726 1093 4799; x_wconf 90' lang='lat' dir='ltr'>imponenda</span> <span class='ocrx_word' id='word_1_741' title='bbox 1108 4741 1157 4798; x_wconf 90' lang='lat' dir='ltr'>per</span> <span class='ocrx_word' id='word_1_742' title='bbox 1177 4724 1307 4796; x_wconf 91' lang='lat' dir='ltr'>iudicem,</span> <span class='ocrx_word' id='word_1_743' title='bbox 1324 4733 1391 4784; x_wconf 92' lang='lat' dir='ltr'>tunc</span> <span class='ocrx_word' id='word_1_744' title='bbox 1411 4733 1502 4799; x_wconf 88' lang='lat' dir='ltr'>potest</span> <span class='ocrx_word' id='word_1_745' title='bbox 1519 4730 1547 4785; x_wconf 90' lang='lat' dir='ltr'>in</span> <span class='ocrx_word' id='word_1_746' title='bbox 1567 4745 1600 4787; x_wconf 90' lang='lat' dir='ltr'>eo</span> <span class='ocrx_word' id='word_1_747' title='bbox 1616 4743 1684 4789; x_wconf 87' lang='lat' dir='ltr'>casn</span> <span class='ocrx_word' id='word_1_748' title='bbox 1699 4733 1731 4790; x_wconf 92' lang='lat' dir='ltr'>il·</span> 
     </span>
     <span class='ocr_line' id='line_1_50' title="bbox 100 4814 1730 4892; baseline 0.005 -18"><span class='ocrx_word' id='word_1_749' title='bbox 100 4829 150 4888; x_wconf 86' lang='lat' dir='ltr'>tes,</span> <span class='ocrx_word' id='word_1_750' title='bbox 161 4818 207 4876; x_wconf 86' lang='lat' dir='ltr'>sed</span> <span class='ocrx_word' id='word_1_751' title='bbox 217 4821 300 4875; x_wconf 93' lang='lat' dir='ltr'>etiam</span> <span class='ocrx_word' id='word_1_752' title='bbox 314 4821 473 4890; x_wconf 84' lang='lat' dir='ltr'>ignorantes</span> <span class='ocrx_word' id='word_1_753' title='bbox 483 4832 543 4874; x_wconf 88' lang='lat' dir='ltr'>esse</span> <span class='ocrx_word' id='word_1_754' title='bbox 555 4825 776 4891; x_wconf 85' lang='lat' dir='ltr'>transgressores</span> <span class='ocrx_word' id='word_1_755' title='bbox 789 4817 892 4890; x_wconf 73' lang='lat' dir='ltr'>legumq</span> <span class='ocrx_word' id='word_1_756' title='bbox 931 4817 986 4874; x_wconf 93' lang='lat' dir='ltr'>lam</span> <span class='ocrx_word' id='word_1_757' title='bbox 1001 4814 1146 4884; x_wconf 86' lang='lat' dir='ltr'>moderari,</span> <span class='ocrx_word' id='word_1_758' title='bbox 1162 4817 1225 4889; x_wconf 91' lang='lat' dir='ltr'>quia</span> <span class='ocrx_word' id='word_1_759' title='bbox 1240 4831 1324 4872; x_wconf 88' lang='lat' dir='ltr'>causa</span> <span class='ocrx_word' id='word_1_760' title='bbox 1339 4816 1426 4873; x_wconf 91' lang='lat' dir='ltr'>minor</span> <span class='ocrx_word' id='word_1_761' title='bbox 1439 4823 1491 4887; x_wconf 85' lang='lat' dir='ltr'>est,</span> <span class='ocrx_word' id='word_1_762' title='bbox 1507 4826 1537 4874; x_wconf 91' lang='lat' dir='ltr'>et</span> <span class='ocrx_word' id='word_1_763' title='bbox 1553 4820 1617 4892; x_wconf 91' lang='lat' dir='ltr'>quia</span> <span class='ocrx_word' id='word_1_764' title='bbox 1632 4821 1684 4878; x_wconf 89' lang='lat' dir='ltr'>boc</span> <span class='ocrx_word' id='word_1_765' title='bbox 1705 4827 1730 4882; x_wconf 92' lang='lat' dir='ltr'>ai</span> 
     </span>
     <span class='ocr_line' id='line_1_51' title="bbox 102 4902 1728 4980; baseline 0.004 -16"><span class='ocrx_word' id='word_1_766' title='bbox 102 4907 170 4980; x_wconf 91' lang='lat' dir='ltr'>quod</span> <span class='ocrx_word' id='word_1_767' title='bbox 185 4907 266 4966; x_wconf 88' lang='lat' dir='ltr'>debet</span> <span class='ocrx_word' id='word_1_768' title='bbox 285 4907 410 4980; x_wconf 90' lang='lat' dir='ltr'>intelligi,</span> <span class='ocrx_word' id='word_1_769' title='bbox 426 4906 535 4980; x_wconf 90' lang='lat' dir='ltr'>quando</span> <span class='ocrx_word' id='word_1_770' title='bbox 553 4907 705 4980; x_wconf 88' lang='lat' dir='ltr'>ignorantia</span> <span class='ocrx_word' id='word_1_771' title='bbox 720 4914 764 4964; x_wconf 88' lang='lat' dir='ltr'>est</span> <span class='ocrx_word' id='word_1_772' title='bbox 784 4907 898 4962; x_wconf 88' lang='lat' dir='ltr'>rincibi·</span> <span class='ocrx_word' id='word_1_773' title='bbox 930 4905 990 4964; x_wconf 90' lang='lat' dir='ltr'>iure</span> <span class='ocrx_word' id='word_1_774' title='bbox 1004 4905 1176 4976; x_wconf 91' lang='lat' dir='ltr'>conceditur,</span> <span class='ocrx_word' id='word_1_775' title='bbox 1189 4906 1266 4961; x_wconf 83' lang='lat' dir='ltr'>iusta</span> <span class='ocrx_word' id='word_1_776' title='bbox 1281 4902 1356 4961; x_wconf 90' lang='lat' dir='ltr'>dicta</span> <span class='ocrx_word' id='word_1_777' title='bbox 1368 4906 1394 4960; x_wconf 92' lang='lat' dir='ltr'>in</span> <span class='ocrx_word' id='word_1_778' title='bbox 1409 4905 1530 4977; x_wconf 86' lang='lat' dir='ltr'>capitulo</span> <span class='ocrx_word' id='word_1_779' title='bbox 1545 4909 1728 4979; x_wconf 89' lang='lat' dir='ltr'>praecedenti.</span> 
     </span>
     <span class='ocr_line' id='line_1_52' title="bbox 105 4993 1727 5071; baseline 0.005 -19"><span class='ocrx_word' id='word_1_780' title='bbox 105 4997 143 5066; x_wconf 84' lang='lat' dir='ltr'>lia,</span> <span class='ocrx_word' id='word_1_781' title='bbox 153 5014 218 5071; x_wconf 89' lang='lat' dir='ltr'>quae</span> <span class='ocrx_word' id='word_1_782' title='bbox 231 5015 287 5058; x_wconf 90' lang='lat' dir='ltr'>non</span> <span class='ocrx_word' id='word_1_783' title='bbox 298 5004 443 5056; x_wconf 82' lang='lat' dir='ltr'>excusata</span> <span class='ocrx_word' id='word_1_784' title='bbox 458 4997 551 5070; x_wconf 93' lang='lat' dir='ltr'>culpa,</span> <span class='ocrx_word' id='word_1_785' title='bbox 561 4999 688 5071; x_wconf 84' lang='lat' dir='ltr'>quianon</span> <span class='ocrx_word' id='word_1_786' title='bbox 705 4997 773 5056; x_wconf 92' lang='lat' dir='ltr'>tollit</span> <span class='ocrx_word' id='word_1_787' title='bbox 785 4999 895 5054; x_wconf 90' lang='lat' dir='ltr'>omuino</span> <span class='ocrx_word' id='word_1_788' title='bbox 972 5001 999 5054; x_wconf 80' lang='grc'>6.</span> <span class='ocrx_word' id='word_1_789' title='bbox 1015 4997 1096 5053; x_wconf 76' lang='lat' dir='ltr'>Eteri</span> <span class='ocrx_word' id='word_1_790' title='bbox 1110 4995 1161 5051; x_wconf 92' lang='lat' dir='ltr'>bac</span> <span class='ocrx_word' id='word_1_791' title='bbox 1176 4993 1270 5066; x_wconf 86' lang='lat' dir='ltr'>regula</span> <span class='ocrx_word' id='word_1_792' title='bbox 1284 4993 1436 5066; x_wconf 87' lang='lat' dir='ltr'>colligitur,</span> <span class='ocrx_word' id='word_1_793' title='bbox 1448 4995 1627 5068; x_wconf 88' lang='lat' dir='ltr'>ignorantiam</span> <span class='ocrx_word' id='word_1_794' title='bbox 1642 5001 1727 5060; x_wconf 85' lang='lat' dir='ltr'>solius</span> 
     </span>
     <span class='ocr_line' id='line_1_53' title="bbox 106 5084 1729 5162; baseline 0.006 -22"><span class='ocrx_word' id='word_1_795' title='bbox 106 5087 287 5146; x_wconf 81' lang='lat' dir='ltr'>uoluntarium.</span> <span class='ocrx_word' id='word_1_796' title='bbox 297 5087 377 5146; x_wconf 87' lang='lat' dir='ltr'>Unde</span> <span class='ocrx_word' id='word_1_797' title='bbox 389 5088 508 5148; x_wconf 87' lang='lat' dir='ltr'>sumitur</span> <span class='ocrx_word' id='word_1_798' title='bbox 519 5088 673 5162; x_wconf 90' lang='lat' dir='ltr'>ratio,quia</span> <span class='ocrx_word' id='word_1_799' title='bbox 687 5087 754 5145; x_wconf 87' lang='lat' dir='ltr'>baec</span> <span class='ocrx_word' id='word_1_800' title='bbox 769 5088 896 5160; x_wconf 90' lang='lat' dir='ltr'>ignoran·</span> <span class='ocrx_word' id='word_1_801' title='bbox 932 5101 1035 5159; x_wconf 90' lang='lat' dir='ltr'>poenae</span> <span class='ocrx_word' id='word_1_802' title='bbox 1060 5084 1222 5159; x_wconf 88' lang='lat' dir='ltr'>regulariter</span> <span class='ocrx_word' id='word_1_803' title='bbox 1243 5099 1298 5140; x_wconf 93' lang='lat' dir='ltr'>uon</span> <span class='ocrx_word' id='word_1_804' title='bbox 1322 5099 1455 5141; x_wconf 76' lang='lat' dir='ltr'>excusare</span> <span class='ocrx_word' id='word_1_805' title='bbox 1480 5084 1603 5144; x_wconf 89' lang='lat' dir='ltr'>eiusdem</span> <span class='ocrx_word' id='word_1_806' title='bbox 1626 5103 1729 5161; x_wconf 87' lang='lat' dir='ltr'>poenae</span> 
     </span>
     <span class='ocr_line' id='line_1_54' title="bbox 105 5174 1732 5252; baseline 0.002 -17"><span class='ocrx_word' id='word_1_807' title='bbox 105 5180 195 5239; x_wconf 90' lang='lat' dir='ltr'>tianoa</span> <span class='ocrx_word' id='word_1_808' title='bbox 216 5181 289 5240; x_wconf 92' lang='lat' dir='ltr'>tollit</span> <span class='ocrx_word' id='word_1_809' title='bbox 303 5193 419 5237; x_wconf 90' lang='lat' dir='ltr'>causam</span> <span class='ocrx_word' id='word_1_810' title='bbox 440 5191 556 5250; x_wconf 86' lang='lat' dir='ltr'>poenae,</span> <span class='ocrx_word' id='word_1_811' title='bbox 571 5193 643 5252; x_wconf 88' lang='lat' dir='ltr'>quae</span> <span class='ocrx_word' id='word_1_812' title='bbox 662 5184 704 5235; x_wconf 88' lang='lat' dir='ltr'>est</span> <span class='ocrx_word' id='word_1_813' title='bbox 724 5179 816 5251; x_wconf 90' lang='lat' dir='ltr'>culpa,</span> <span class='ocrx_word' id='word_1_814' title='bbox 833 5179 898 5252; x_wconf 90' lang='lat' dir='ltr'>quia</span> <span class='ocrx_word' id='word_1_815' title='bbox 932 5183 1050 5234; x_wconf 86' lang='lat' dir='ltr'>reatum.</span> <span class='ocrx_word' id='word_1_816' title='bbox 1066 5174 1208 5233; x_wconf 81' lang='lat' dir='ltr'>lta&#39;dacet</span> <span class='ocrx_word' id='word_1_817' title='bbox 1221 5174 1335 5231; x_wconf 85' lang='lat' dir='ltr'>Corarr.</span> <span class='ocrx_word' id='word_1_818' title='bbox 1349 5188 1444 5247; x_wconf 85' lang='lat' dir='ltr'>supra,</span> <span class='ocrx_word' id='word_1_819' title='bbox 1461 5179 1490 5232; x_wconf 89' lang='lat' dir='ltr'>et</span> <span class='ocrx_word' id='word_1_820' title='bbox 1510 5175 1617 5235; x_wconf 87' lang='lat' dir='ltr'>ridetur</span> <span class='ocrx_word' id='word_1_821' title='bbox 1635 5195 1732 5239; x_wconf 84' lang='lat' dir='ltr'>neces·</span> 
     </span>
     <span class='ocr_line' id='line_1_55' title="bbox 106 5264 1731 5346; baseline 0.002 -18"><span class='ocrx_word' id='word_1_822' title='bbox 106 5287 152 5331; x_wconf 90' lang='lat' dir='ltr'>roa</span> <span class='ocrx_word' id='word_1_823' title='bbox 171 5273 240 5332; x_wconf 92' lang='lat' dir='ltr'>tollit</span> <span class='ocrx_word' id='word_1_824' title='bbox 260 5271 376 5330; x_wconf 88' lang='lat' dir='ltr'>omniuo</span> <span class='ocrx_word' id='word_1_825' title='bbox 397 5267 599 5340; x_wconf 70' lang='lat' dir='ltr'>voluntariumq</span> <span class='ocrx_word' id='word_1_826' title='bbox 620 5283 687 5341; x_wconf 88' lang='lat' dir='ltr'>ergo</span> <span class='ocrx_word' id='word_1_827' title='bbox 708 5284 759 5326; x_wconf 88' lang='lat' dir='ltr'>nec</span> <span class='ocrx_word' id='word_1_828' title='bbox 780 5283 896 5341; x_wconf 89' lang='lat' dir='ltr'>poenam</span> <span class='ocrx_word' id='word_1_829' title='bbox 935 5269 1011 5325; x_wconf 82' lang='lat' dir='ltr'>sario</span> <span class='ocrx_word' id='word_1_830' title='bbox 1033 5264 1226 5326; x_wconf 85' lang='lat' dir='ltr'>admittendae</span> <span class='ocrx_word' id='word_1_831' title='bbox 1246 5265 1405 5344; x_wconf 87' lang='lat' dir='ltr'>doctoribus</span> <span class='ocrx_word' id='word_1_832' title='bbox 1424 5280 1473 5338; x_wconf 94' lang='lat' dir='ltr'>pro</span> <span class='ocrx_word' id='word_1_833' title='bbox 1495 5267 1616 5328; x_wconf 87' lang='lat' dir='ltr'>secunda</span> <span class='ocrx_word' id='word_1_834' title='bbox 1636 5275 1731 5346; x_wconf 88' lang='lat' dir='ltr'>regula</span> 
     </span>
    </p>
   </div>
   <div class='ocr_carea' id='block_1_5' title="bbox 0 0 2108 6228">
    <p class='ocr_par' dir='ltr' id='par_1_5' title="bbox 0 0 2108 6228">
     <span class='ocr_line' id='line_1_56' title="bbox 0 0 2108 6228; baseline 0 0"><span class='ocrx_word' id='word_1_835' title='bbox 0 0 2108 6228; x_wconf 95' lang='lat' dir='ltr'> </span> 
     </span>
    </p>
   </div>
  </div>
 </body>
</html>
