4278 6242
820 378 1054 429 caanrxxrrr.
1665 365 1728 429 113

132 500 194 556 bans
208 501 321 572 minori,
333 515 367 556 ne
381 507 581 560 testamentum
593 502 688 572 iaciat,
699 518 752 561 non
768 503 884 563 irritabit
899 511 939 562 te·
972 503 1117 576 prohibere
1131 508 1241 570 actum,
1262 499 1308 558 sed
1323 501 1403 558 etiam
1418 501 1548 574 impedire
1562 503 1704 578 ellectum,
1720 521 1770 563 seu

132 597 311 660 stamentum,
327 591 493 662 quinetiam
509 591 554 648 illa
571 590 614 649 lea
628 609 681 650 non
696 593 725 650 tit
742 594 844 652 intuita
862 593 939 651 iusti·
972 591 1174 665 obligationem,
1187 589 1258 664 qbae
1272 605 1321 663 per
1335 590 1417 647 talem
1432 591 1526 648 aetum
1540 592 1634 650 induci
1648 599 1768 670 poterat,

131 683 190 744 tire,
212 679 261 736 sed
276 681 467 738 conrenientis
481 681 666 755 dispositionis
680 683 775 740 talium
789 684 936 740 bonorum.
972 682 1014 738 vel
1033 681 1125 755 aliquo
1146 681 1228 738 modo
1244 682 1411 751 constituat,
1426 689 1475 737 aut
1489 688 1626 754 supponat
1639 683 1768 740 substan-

131 772 182 827 Cur
196 785 266 843 ergo
280 771 431 841 prohibitio
442 787 515 844 pura
528 775 683 830 testamenti
693 789 827 844 personae
840 773 938 830 minori
971 769 1064 826 tialem
1085 769 1202 826 lormam
1223 775 1318 840 actus,
1340 776 1369 824 et
1387 768 1421 824 ob
1436 769 1506 826 illius
1522 769 1661 828 delectum
1676 779 1770 830 actum

133 861 201 918 lacta
221 861 312 917 irritat
331 866 546 933 testamentum,
562 861 709 934 prohibitio
722 869 816 920 autem
833 863 938 935 proles·
971 860 1124 933 prohibeat.
1141 862 1214 917 llaec
1232 858 1345 916 assertio
1363 858 1454 931 quoad
1473 859 1597 932 regulam
1612 846 1770 933 generatam

135 949 214 1005 sionis
227 948 310 1006 lacta,
319 949 409 1006 eidem
425 965 479 1006 non
494 951 586 1008 irritat
599 951 816 1022 professionem?
971 955 1037 1008 satis
1050 956 1093 1007 est
1107 951 1223 1022 probata
1237 948 1263 1020 ip
1277 949 1363 1020 prima
1377 950 1530 1006 assertione
1544 965 1610 1006 cuna
1625 949 1766 1022 omnibns,

167 1043 193 1096 3.
209 1039 289 1096 Unde
310 1038 439 1096 tlendoza
457 1039 528 1096 inira
547 1039 673 1097 citandus
695 1043 826 1112 sentiens,
847 1040 936 1115 legem
971 1038 1279 1115 quaeinsuperioribus
1291 1037 1365 1093 dicta
1377 1042 1451 1094 sunt.
1459 1036 1555 1104 Quoad
1569 1039 1688 1108 priorem
1699 1054 1767 1095 vero

136 1127 238 1186 cladem
252 1144 326 1200 pure
348 1129 535 1202 prohibentem
555 1129 699 1203 aliquando
713 1131 822 1188 irritare
843 1138 936 1189 actum
971 1132 1161 1203 exceptionem
1174 1127 1359 1185 declarabitur
1373 1129 1464 1183 atatim
1478 1126 1669 1199 respondendo
1680 1126 1715 1184 ad
1726 1143 1770 1185 ra·

133 1221 157 1274 in
171 1221 364 1288 conscientia,
381 1219 462 1276 aliam
480 1219 680 1278 distinctionem
691 1236 723 1278 ac
737 1219 860 1293 regulam
871 1236 937 1278 con·
971 1223 1059 1278 bones
1074 1217 1233 1288 dubitandi,
1257 1214 1349 1290 quoad
1364 1217 1544 1288 posteriorem
1557 1230 1621 1273 vero
1637 1217 1663 1273 ia
1678 1217 1778 1298 capite*

133 1311 228 1365 stituit.
243 1309 449 1382 Distingnitque
468 1315 526 1366 tres
545 1309 654 1367 ordines
674 1309 781 1383 legum:
801 1309 937 1384 quaedam
973 1309 1152 1384 sequenti.Et
1166 1309 1237 1364 ratio
1248 1307 1279 1362 'iu
1293 1321 1400 1362 summa
1415 1306 1541 1380 est,quia
1552 1321 1640 1379 neque
1654 1306 1769 1363 affertur

133 1404 203 1468 stant,
225 1413 301 1470 quae
322 1399 477 1468 respiciunt
497 1399 639 1455 utilitatem
658 1400 732 1470 eius,
754 1401 836 1457 cultis
857 1405 938 1456 actus
971 1392 1107 1472 exceptio,
1120 1413 1192 1471 quae
1206 1395 1240 1452 ed
1255 1395 1300 1451 illa
1315 1394 1370 1452 dua
1385 1397 1475 1468 capita
1488 1411 1542 1452 non
1556 1401 1769 1468 revocetur,ne-

133 1488 304 1559 pmhibetur3
321 1486 402 1559 aliae,
415 1503 486 1561 quae
501 1489 652 1561 respiciunt
666 1489 809 1547 utilitatem
824 1489 937 1547 alterius
971 1505 1025 1564 que
1039 1489 1091 1545 alia
1104 1485 1200 1560 regula
1215 1485 1355 1556 occurrit,
1377 1499 1448 1557 quae
1461 1491 1589 1542 constans
1603 1500 1664 1542 esse
1678 1485 1768 1544 ridea-

133 1577 219 1648 teru'i3
236 1576 377 1650 quaedam
393 1577 469 1648 aliae,
485 1592 557 1651 quae
571 1576 698 1650 publicae
714 1579 822 1635 utilitati
836 1594 938 1635 consu·
970 1586 1017 1637 tur
1031 1577 1066 1636 nd
1079 1573 1293 1633 discernendum
1308 1588 1358 1646 per
1374 1572 1462 1645 legem
1476 1573 1680 1646 prohibentem,
1697 1590 1768 1648 quae

133 1665 198 1722 tant.
214 1669 254 1723 be
266 1669 366 1738 primis
381 1667 511 1737 affirmat,
528 1682 582 1724 nnn
598 1667 704 1724 irritare
719 1672 813 1725 actum
827 1667 854 1723 in
869 1683 937 1725 con·
969 1670 1069 1738 irritet,
1081 1665 1123 1723 vei
1138 1680 1191 1722 non
1204 1665 1293 1722 irritet
1305 1679 1337 1719 ea
1351 1661 1377 1718 ri
1392 1662 1590 1734 prohibitionis.
1605 1665 1641 1720 Et
1659 1663 1714 1721 hoc
1728 1669 1769 1721 et·

133 1756 258 1824 schntia,
280 1771 337 1812 non
359 1756 451 1812 solum
472 1770 540 1828 pure
561 1753 742 1827 prohibendo,
765 1754 813 1812 aad
832 1757 938 1814 etiamsi
970 1758 1024 1814 iam
1037 1753 1258 1813 conlirmatmtin
1273 1750 1413 1809 dubitandi
1426 1753 1454 1808 in
1468 1753 1577 1809 cdlxv.
1591 1754 1770 1827 positn,quae

133 1844 229 1902 addant
238 1845 400 1904 clausulam
410 1846 571 1916 irritantem,
583 1860 666 1918 quam
678 1850 757 1917 putat
768 1844 858 1902 solum
869 1861 934 1918 ope·
970 1861 1079 1920 semper
1093 1843 1175 1902 habet
1187 1843 1252 1914 rim,
1268 1839 1397 1915 quamdiu
1412 1857 1465 1898 non
1479 1840 1560 1900 datur
1574 1842 1625 1899 alia
1638 1843 1719 1913 ratio,
1732 1843 1768 1899 ob

134 1937 184 1991 rari
193 1937 220 1990 in
235 1935 337 1992 ordine
351 1933 387 1990 ad
401 1934 530 2006 dandam,
543 1934 584 1990 ael
598 1934 747 1992 tollendam
758 1936 895 1993 actionem
909 1937 935 1994 in
970 1951 1054 2010 quam
1065 1935 1123 1991 sola
1132 1931 1276 2006 prohibitio
1290 1929 1324 1987 ad
1338 1930 1504 1988 irritandum
1519 1930 1649 2002 sufficiat,
1657 1933 1769 2005 quando

133 2023 188 2080 loro
201 2024 346 2081 exteriori.
360 2027 399 2080 lte
414 2023 621 2081 secundiorero
631 2026 756 2082 ettertiis
768 2025 875 2099 legibus
888 2028 935 2100 ait,
973 2042 1027 2082 non
1049 2023 1132 2082 babet
1153 2022 1246 2080 locum
1267 2018 1465 2078 adminiculum
1479 2020 1544 2094 legis
1561 2037 1624 2078 can
1636 2019 1769 2080 dubium.
1827 2065 1831 2072 .

132 2114 234 2170 britare
257 2119 346 2170 actus
371 2120 472 2170 contra
496 2113 585 2186 legem
609 2114 716 2187 laetos,
736 2116 818 2174 etiam
832 2117 861 2171 in
874 2115 936 2173 loro
971 2116 1091 2188 Denique
1105 2111 1208 2185 patebit
1224 2110 1279 2170 hoc
1295 2109 1378 2183 magis
1391 2109 1580 2182 respondendo
1595 2111 1630 2169 ad
1647 2112 1769 2170 rabones

133 2205 331 2274 conscientiae,
343 2210 375 2260 et
389 2217 439 2274 per
453 2204 589 2276 exempla,
601 2219 673 2276 quae
684 2203 807 2279 adduxit,
820 2205 935 2277 indicat,
971 2202 1111 2262 dubitandi
1125 2199 1248 2258 secundo
1263 2199 1326 2256 laco
1340 2199 1453 2272 positas.

134 2293 205 2367 loqui
221 2293 256 2350 de
276 2292 334 2350 illis
355 2292 481 2366 legibus,
497 2293 602 2350 etiamsi
617 2309 686 2367 pure
701 2295 874 2367 prohibeant.
886 2297 939 2354 Vs·
1010 2294 1051 2352 hd
1065 2291 1298 2364 comparationem
1311 2304 1395 2362 ergo,
1409 2304 1480 2362 quae
1495 2289 1524 2346 tit
1537 2305 1601 2347 oum
1616 2291 1674 2364 lege
1689 2298 1770 2349 natu·
1873 2366 1888 2376 -

133 2389 286 2440 rnmtamen
312 2383 435 2454 primum
459 2384 614 2440 membrum
638 2384 730 2458 quoad
756 2386 937 2456 posteriorem
971 2383 1034 2455 reli,
1050 2387 1168 2456 negatur
1183 2378 1342 2436 similitudo.
1355 2379 1424 2446 Quia
1436 2379 1480 2435 lex
1495 2377 1627 2436 naturalis
1641 2396 1696 2438 non
1711 2387 1771 2439 tan-

134 2481 235 2545 partem
248 2471 355 2544 falsum
370 2479 429 2544 est,
445 2478 478 2528 ut
490 2479 600 2530 canstat
612 2488 646 2530 ex
661 2475 752 2546 capite
768 2474 937 2546 praeceden·
971 2479 1032 2530 tum
1055 2470 1158 2540 dlctat,
1179 2467 1246 2542 'quid
1261 2469 1298 2524 sit
1311 2466 1454 2524 honestum
1469 2467 1510 2524 rel
1530 2474 1611 2541 turpe
1625 2471 1652 2525 in
1665 2472 1773 2529 acdona

136 2563 261 2630 tiouoad
277 2561 439 2620 secundum
455 2576 521 2618 vero
536 2561 616 2619 lacile
630 2568 721 2635 potest
734 2562 938 2636 admittt,iurta
972 2561 1078 2634 aliqua,
1104 2559 1152 2616 sed
1173 2557 1252 2614 edam
1273 2554 1369 2626 dictat,
1388 2555 1454 2628 quid
1470 2558 1523 2614 tale
1541 2559 1577 2616 sit
1589 2559 1616 2615 in
1630 2576 1685 2616 usu
1698 2559 1771 2618 illius

135 2651 288 2723 generalem
305 2650 435 2723 regulam
450 2657 576 2707 nostram
589 2666 615 2708 c.
631 2652 713 2710 xxv.
729 2654 856 2727 positam,
866 2670 952 2732 quae¹
972 2650 1090 2719 vinculi,
1118 2647 1161 2704 rel
1180 2645 1311 2718 effectus,
1332 2661 1415 2720 quem
1436 2645 1497 2703 talis
1516 2654 1596 2705 actus
1609 2657 1672 2721 post
1686 2665 1715 2706 se
1730 2667 1773 2708 re·

135 2740 158 2796 in
172 2740 273 2798 talibus
288 2739 401 2814 legibus
413 2755 469 2797 non
482 2746 527 2798 eat
540 2755 591 2797 cur
602 2740 726 2812 patiatur
736 2744 935 2816 exceptionem,
972 2741 1095 2814 linquere
1119 2741 1225 2810 posset.
1241 2736 1310 2791 llam
1329 2735 1351 2790 si
1370 2734 1431 2791 talia
1444 2751 1513 2793 asaia
1527 2736 1610 2794 habet
1628 2738 1776 2810 turpitudi-

136 2847 194 2887 cum
208 2832 264 2887 sint
278 2831 351 2886 iuris
367 2830 479 2902 privati,
493 2830 544 2886 nist
556 2830 628 2888 torte
639 2830 790 2903 prohibitio
804 2835 939 2906 pertineat
972 2845 1034 2886 nem
1060 2827 1237 2897 intrinsecam
1256 2823 1379 2881 eiusdem
1399 2825 1508 2884 rationis
1523 2841 1589 2884 cum
1605 2829 1773 2900 turpitudine

135 2919 164 2976 ad
178 2921 319 2977 delectum
335 2918 544 2976 substantialem
557 2921 586 2975 in
601 2919 690 2977 torma
704 2928 798 2993 actus,
810 2921 885 2979 iuxta
898 2922 938 2979 di·
972 2919 1071 2993 prioris
1090 2917 1218 2988 actionis,
1232 2921 1299 2972 tunc
1314 2927 1426 2970 necesse
1438 2921 1491 2986 est,
1503 2911 1584 2974 etiarn
1599 2917 1675 2975 illum
1689 2934 1772 2977 usum

135 3009 218 3066 aenda
233 3010 262 3066 in
276 3009 370 3080 capite
383 3010 558 3081 sequentiln
574 3007 697 3067 secundo
710 3016 804 3067 autem
816 3013 937 3070 membro
972 3007 1109 3082 prohiberi
1137 3022 1171 3064 ex
1192 3004 1217 3061 ri
1237 3001 1362 3060 eiusdem
1382 2993 1449 3076 legis
1470 3005 1614 3077 naturalis,
1632 3013 1659 3062 et
1673 3022 1772 3065 conse·

135 3100 165 3156 de
177 3098 287 3173 legibus
301 3097 518 3168 respicientibus
534 3098 682 3156 utilitatem
696 3098 818 3168 alterius,
834 3115 888 3157 aon
900 3104 938 3159 ri·
973 3103 1088 3172 quanter
1102 3094 1227 3168 impediri
1240 3092 1387 3165 ellectum,
1403 3109 1452 3150 seu
1467 3094 1623 3168 vinculum,
1638 3096 1713 3170 qnod
1729 3115 1773 3156 ao·

135 3188 194 3258 deo,
209 3187 353 3262 quomodo
368 3185 480 3244 landari
494 3188 596 3260 possit,
616 3188 692 3261 quod
708 3205 778 3261 pura
793 3190 938 3262 prohibitio
972 3187 1031 3244 lum
1049 3191 1161 3260 propter
1180 3183 1262 3243 talem
1276 3198 1359 3240 nsum
1372 3181 1465 3239 induci
1480 3190 1597 3255 poterat.
1612 3188 1682 3244 liam
1696 3187 1718 3243 si
1733 3187 1773 3244 ia·

136 3277 255 3333 annullet
278 3282 391 3346 actum,
412 3290 476 3333 nam
497 3275 539 3334 lex
558 3276 592 3332 de
612 3293 643 3334 se
661 3275 817 3338 indifferens
830 3285 891 3350 est,
907 3287 940 3338 ut
972 3276 1139 3346 duceretur,
1161 3281 1235 3331 esset
1253 3271 1335 3329 eliam
1356 3277 1438 3344 turpe
1460 3280 1487 3330 et
1506 3280 1605 3331 contra
1624 3278 1771 3348 rationem,

136 3365 295 3438 praetendat
314 3365 462 3422 utilitatem
482 3365 571 3438 tertii,
586 3364 628 3421 rel
645 3372 752 3424 tantum
768 3368 938 3440 prohibenda
972 3366 1036 3438 quia
1059 3371 1133 3421 esset
1150 3362 1303 3436 iniquitatis
1324 3361 1481 3434 vinculum,
1503 3368 1536 3420 ut
1555 3363 1581 3419 in
1602 3366 1725 3438 exemplo
1740 3368 1774 3424 de
1830 3411 1836 3422 .

137 3463 243 3524 ratum,
260 3453 305 3510 rel
325 3454 409 3511 etiam
430 3453 574 3512 irritando.
586 3457 623 3513 Ut
643 3457 665 3512 si
681 3456 823 3529 prohibeat
836 3458 938 3516 clerico
972 3454 1145 3512 matrimonio
1171 3453 1239 3509 inter
1254 3451 1473 3525 consanguineos
1487 3452 1515 3508 in
1530 3452 1617 3524 primo
1632 3455 1719 3528 gradu
1734 3457 1774 3513 vi·

136 3545 222 3602 lacere
235 3545 404 3602 donationes
416 3543 546 3615 profanas
562 3544 597 3602 ub
614 3545 759 3604 utilitatem
771 3563 936 3620 pauperum,
975 3544 1041 3604 dere
1057 3543 1174 3601 licetht
1186 3556 1252 3599 vera
1267 3543 1295 3599 in
1309 3540 1368 3614 lege
1383 3540 1495 3612 positiva
1505 3557 1559 3624 uon
1570 3543 1696 3614 procedit
1706 3543 1773 3603 haec

136 3642 224 3707 potest
242 3633 271 3690 id
291 3634 401 3702 lacere,
417 3632 461 3690 rel
477 3639 583 3690 tantum
598 3631 783 3708 prohibendo,
801 3636 939 3702 ueletiam
975 3636 1045 3692 ratio
1059 3633 1156 3690 eodem
1171 3630 1269 3703 modo,
1291 3630 1340 3686 nisi
1354 3630 1390 3686 ait
1404 3636 1511 3687 tantum
1524 3629 1692 3690 declarativa
1705 3635 1775 3692 iuris

136 3723 281 3794 irritando,
303 3729 373 3796 ergo
392 3738 426 3779 ex
446 3721 491 3780 illo
507 3723 559 3780 hae
572 3740 627 3780 non
643 3725 708 3783 satis
722 3725 864 3800 colligitur
877 3731 939 3786 imis
976 3723 1127 3793 naturalis3
1143 3729 1211 3779 tunc
1223 3721 1296 3776 enim
1310 3725 1453 3792 reputatur
1467 3724 1599 3795 tanquam
1612 3722 1706 3780 eadem
1717 3723 1773 3798 lex,

138 3816 201 3870 ιιιιο
220 3828 276 3887 per
296 3811 388 3870 solam
407 3810 626 3884 prohibitionem,
642 3814 693 3871 nisi
707 3814 823 3888 addatur
835 3819 864 3874 in
881 3818 940 3892 lego
974 3820 1003 3871 et
1021 3812 1083 3869 ideo
1107 3811 1203 3868 eadem
1228 3811 1280 3868 erit
1301 3810 1447 3883 utriusque
1461 3811 1543 3869 ratio.
1556 3812 1593 3869 tlt
1606 3813 1716 3886 quando
1731 3813 1776 3872 lex

138 3902 243 3975 aliquod
258 3899 396 3970 uerbum,
412 3916 469 3973 quo
483 3901 653 3974 significetur
667 3903 769 3977 aliquid
784 3905 857 3964 aliud
876 3925 941 3980 ope·
972 3903 1101 3977 prohihet
1121 3901 1329 3974 promissionem
1343 3905 1452 3971 turpem
1468 3916 1503 3956 er
1517 3906 1594 3972 parte
1608 3903 1725 3973 obiecti,
1740 3917 1774 3960 eo

137 3992 198 4061 rari,
214 3996 249 4047 ut
262 3989 400 4061 contingit
414 3988 441 4044 in
453 3990 581 4063 exemplo
592 3990 626 4047 de
639 3991 698 4065 lege
709 3993 870 4064 probibente
884 4013 940 4056 me.-
974 3993 1036 4065 ipso
1050 3988 1173 4048 annullat
1186 3987 1270 4051 illam,
1287 3988 1329 4044 vel
1343 3990 1435 4060 potius
1447 3987 1573 4064 declarat
1585 4005 1645 4048 csse
1660 3991 1775 4062 nullam,

137 4078 230 4136 liorare
251 4077 340 4135 hlium
361 4077 435 4135 ultra
454 4085 560 4135 certam
580 4081 777 4154 quantitatem,
798 4089 831 4140 ut
850 4086 940 4156 capite
973 4081 1039 4153 quia
1063 4079 1158 4136 eadem
1179 4074 1334 4148 turpitudo,
1348 4091 1419 4149 quae
1434 4084 1477 4133 est
1491 4076 1517 4133 in
1531 4083 1776 4152 actarpramitten·

138 4169 261 4243 maenti
281 4167 387 4224 dicam.
403 4167 487 4224 llulta
509 4183 573 4226 vern
594 4168 684 4226 minna
702 4176 796 4242 potest
813 4173 941 4231 sustineri
973 4167 1011 4241 di,
1028 4169 1143 4226 essetin
1157 4166 1322 4239 obligatione
1337 4164 1372 4225 ad
1386 4180 1444 4222 rem
1458 4172 1582 4239 turpem,
1598 4171 1622 4225 si
1637 4185 1685 4240 per
1698 4168 1774 4228 illam

137 4259 176 4316 illa
190 4257 331 4332 generalis
344 4256 442 4330 regula
454 4258 482 4311 in
496 4256 602 4330 legibus
616 4258 821 4330 prohibentibus
839 4262 941 4335 aliquid
975 4255 1172 4328 induceretur,
1191 4261 1219 4312 et
1231 4252 1292 4310 ideo
1304 4255 1329 4310 in
1340 4255 1475 4326 praesenti
1485 4269 1540 4311 non
1551 4258 1657 4329 agimam
1668 4257 1703 4315 de
1714 4256 1776 4333 lege

137 4357 247 4422 propter
260 4361 413 4405 commune
428 4346 549 4420 bonnm,
561 4347 625 4418 quia
639 4349 719 4406 etiam
732 4356 847 4422 propter
862 4351 940 4408 illum
973 4347 1090 4419 positiva
1106 4343 1273 4403 declarativa
1286 4344 1354 4400 iuris
1369 4343 1515 4418 naturalia,
1530 4345 1628 4406 redde
1642 4347 1777 4404 constitu·

137 4437 212 4496 finem
226 4443 325 4510 potest
333 4435 392 4493 lieri
405 4434 551 4508 prohibitio
566 4437 623 4493 sine
639 4437 805 4511 irritatione,
819 4445 851 4496 ut
865 4446 941 4512 patet
975 4435 1030 4492 tiva
1044 4436 1107 4492 novi
1122 4434 1199 4491 iuris.
1213 4434 1286 4490 llaec
1302 4438 1396 4489 autem
1411 4431 1455 4491 lex
1466 4449 1521 4490 non
1531 4434 1658 4506 prohibet
1670 4443 1778 4510 actum,

137 4528 163 4583 in
175 4526 363 4599 prohibitione
379 4524 451 4596 ludi,
468 4524 509 4581 rel
523 4523 716 4598 donationum,
725 4541 796 4599 quae
807 4527 877 4586 hunt
887 4530 940 4587 mi·
977 4525 1043 4600 quia
1056 4524 1171 4597 malum,
1187 4522 1234 4579 sed
1244 4521 1419 4595 prohibendo
1433 4523 1510 4596 lacit,
1523 4532 1556 4581 ut
1569 4527 1605 4581 sit
1619 4525 1780 4584 malua.Po·

138 4618 226 4673 uistris
248 4616 383 4672 iustitiae.
399 4613 435 4669 Et
453 4614 526 4670 idam
539 4613 676 4671 invenitur
690 4616 717 4671 in
730 4616 868 4689 exemplo,
885 4633 941 4690 quo
976 4621 1035 4696 teat
1049 4619 1140 4672 autem
1156 4612 1302 4685 probibere
1316 4618 1427 4682 actum,
1442 4617 1470 4669 et
1483 4627 1538 4668 non
1552 4613 1713 4688 prohibere,
1729 4614 1778 4674 sed

140 4708 222 4764 utitur
236 4705 283 4762 ille
297 4710 398 4761 auctor
408 4701 442 4758 de
456 4701 514 4774 lege
525 4709 633 4760 taxante
645 4705 685 4760 rei
697 4705 828 4777 pretium,
837 4713 865 4762 et
875 4722 941 4778 pro·
976 4703 1097 4761 tolerare
1111 4703 1240 4759 ellectum
1255 4701 1332 4774 eius3
1349 4701 1392 4758 vel
1403 4702 1467 4774 quia
1482 4716 1567 4759 causa
1577 4703 1777 4780 prohibitionis,

140 4795 246 4853 bibente
265 4797 362 4852 carius
376 4789 511 4864 rendere,
531 4807 593 4848 narn
608 4799 688 4864 actus
702 4802 799 4852 contra
814 4795 888 4854 illam
902 4797 939 4853 le·
977 4808 1049 4867 quae
1062 4792 1114 4850 luit
1128 4793 1153 4848 ιιι
1168 4797 1244 4863 actu,
1256 4799 1349 4849 cessat
1362 4791 1388 4847 in
1399 4791 1511 4864 effectu,
1524 4793 1566 4849 vel
1577 4793 1641 4865 quia
1650 4793 1716 4853 licet
1726 4795 1779 4854 du·

141 4901 198 4956 gam
211 4902 266 4942 nnn
281 4889 325 4942 est
338 4883 452 4956 nullus,
470 4881 544 4938 valet
556 4883 627 4938 enim
642 4881 776 4958 venditio,
792 4883 857 4942 licet
871 4887 941 4943 lniu-
978 4888 1041 4958 ret,
1060 4898 1117 4939 non
1131 4883 1169 4938 ita
1182 4886 1274 4938 moret
1287 4880 1320 4936 ad
1335 4878 1534 4952 prohibendum
1547 4881 1689 4955 ellectum,
1704 4886 1779 4944 sicut

141 4981 181 5030 ata
199 4977 256 5046 sit,
281 4980 311 5031 et
328 4972 471 5045 relinquat
492 4970 682 5044 obligationem
705 4972 869 5032 restituendi
896 4991 943 5033 aa·
978 4979 1084 5046 actum,
1103 4971 1167 5045 quia
1182 4985 1235 5027 non
1251 4977 1363 5042 apparet
1376 4975 1452 5026 tanta
1465 4968 1618 5027 indecentia
1633 4970 1676 5028 rel
1689 4971 1779 5032 delor-

142 5077 257 5121 cessum.
980 5066 1062 5122 mitas
1082 5063 1109 5119 in
1124 5077 1196 5135 uno,
1216 5061 1291 5118 sicut
1303 5060 1330 5116 in
1344 5057 1407 5117 alio.
1423 5060 1482 5117 Hoc
1496 5065 1571 5132 patet
1584 5060 1713 5134 exemplis
1729 5081 1778 5121 su-

177 5157 204 5210 l.
219 5153 281 5210 bico
295 5166 382 5224 ergo,
404 5148 493 5222 legem
507 5163 576 5221 pure
591 5149 780 5221 prohibentem
795 5167 939 5227 nunquam
978 5169 1030 5226 pra
1043 5151 1190 5224 adductis,
1212 5165 1275 5207 nam
1290 5147 1332 5205 lex
1347 5147 1493 5220 prohibens
1507 5147 1671 5206 contrahere
1684 5154 1779 5210 matri·

147 5241 244 5299 irritare
263 5250 380 5312 actum,
403 5238 456 5299 nisi
478 5239 520 5294 rel
541 5254 574 5296 ex
593 5253 625 5298 ea
646 5247 770 5312 constet,
786 5256 839 5299 non
854 5242 944 5301 solum
979 5244 1101 5301 monium
1123 5249 1220 5300 contra
1240 5237 1419 5297 interdictum
1438 5237 1596 5310 Ecclesiae,
1616 5255 1671 5296 non
1690 5242 1781 5301 irritet

221 5350 316 5400 summ
327 5344 468 5400 Batonibus
476 5345 601 5391 -l’arrlh
1532 5345 1558 5388 lt
