4256 6224
915 374 1083 427 macria.
1703 353 1762 419 sat

166 504 358 564 constituebat
379 505 517 565 bominem
531 503 754 578 immaculatum,
770 509 798 563 et
812 503 930 574 iustum,
945 507 973 558 et
1008 502 1123 561 Paulum
1144 509 1287 562 rocautem
1307 501 1393 577 legem
1412 500 1483 560 illam
1502 499 1636 560 infirmam
1649 508 1677 558 et
1690 496 1808 558 imbecil-

163 593 281 667 dignum
299 599 352 655 rita
367 605 494 670 aeterna,
511 598 559 656 sed
574 600 631 655 sine
642 597 749 656 actibus
759 597 872 653 internis
885 593 920 650 ad
930 608 974 648 sa·
1008 592 1062 651 lam
1077 595 1110 651 ad
1125 596 1207 652 Hebr.
1224 611 1286 666 cap.
1305 598 1330 652 l.

163 683 251 741 lutem
271 687 432 744 necessariis
446 703 499 744 non
514 695 607 761 potest
618 687 699 744 homo
711 701 771 742 esse
783 686 874 741 iustus
886 682 973 739 etim·
1050 688 1093 742 13.
1110 685 1150 741 hd
1165 685 1283 758 primum
1298 682 1457 754 responderi
1471 687 1561 756 potest
1575 683 1676 753 primo,
1691 678 1805 736 Paulum

164 775 344 847 maculatus,
366 793 415 834 nec
438 779 493 834 rita
513 783 624 834 aeterna
638 776 751 848 dignus3
768 789 834 847 ergo
850 773 876 830 hi
891 778 971 829 actus
1008 774 1044 831 ibi
1060 775 1136 847 loqui
1151 773 1183 830 de
1197 773 1267 847 lega,
1283 781 1421 846 quatenus
1435 773 1548 845 positiva
1563 775 1633 840 erat,
1646 774 1673 824 ct
1684 783 1806 840 praeser-

163 864 222 920 sub
240 867 355 922 materia
370 866 443 924 illius
458 867 524 940 logis
539 864 849 939 comprehendebantur.
866 864 900 920 Et
916 861 970 918 huc
1006 863 1053 919 tim
1078 869 1215 936 quatenus
1240 863 1397 920 continebat
1419 867 1566 933 praccepta
1587 856 1803 922 caeremonialia,

160 953 243 1010 etiam
262 961 387 1026 spectant
398 956 543 1012 discursus
554 955 606 1012 diri
617 956 735 1013 Thomas
747 954 790 1011 hic
803 956 968 1027 quaestib,
1006 969 1077 1025 quae
1093 961 1123 1011 ut
1136 956 1178 1010 sic
1194 960 1301 1010 tantum
1315 953 1391 1008 circa
1402 958 1483 1007 actus
1492 956 1619 1010 externos
1632 948 1804 1018 versabatur,

162 1051 219 1103 art.
243 1045 268 1112 l,
283 1051 311 1101 et
325 1050 433 1119 quaest.
449 1050 501 1118 99,
516 1053 570 1102 art.
587 1051 621 1104 2:
638 1060 699 1100 nam
714 1046 739 1100 in
759 1043 843 1116 priori
858 1041 968 1113 probat,
1005 1049 1034 1099 et
1051 1042 1111 1100 idco
1132 1042 1283 1114 appellatur
1298 1043 1338 1098 lex
1359 1041 1510 1111 laetorum,
1525 1045 1553 1096 et
1566 1039 1600 1096 ad
1614 1038 1697 1095 liebr.
1715 1039 1740 1093 i.
1757 1054 1805 1092 vo-

161 1133 198 1188 ad
210 1134 357 1204 perlectam
376 1135 508 1192 rationem
526 1135 593 1208 legis
608 1133 712 1190 divinae
724 1131 868 1205 pertinere,
890 1127 969 1185 utdi·
1005 1138 1088 1190 catur
1102 1132 1151 1189 lenc
1170 1131 1310 1190 mandati
1324 1129 1472 1188 curedis:
1487 1145 1551 1187 cum
1568 1135 1660 1186 autem
1675 1127 1803 1196 dicimus,

160 1221 235 1294 rigat
257 1222 392 1280 homiuem
408 1225 441 1281 ad
460 1226 542 1282 ritem
558 1231 712 1294 aeternam,
728 1236 799 1295 quae
818 1235 866 1292 per
880 1217 969 1293 quod·
1004 1221 1089 1293 legem
1111 1222 1184 1279 illam
1200 1222 1301 1278 versari
1321 1222 1395 1278 circa
1409 1226 1490 1278 actus
1504 1223 1637 1288 internos,
1654 1217 1803 1290 intelligen-

160 1327 284 1385 cumque
298 1319 444 1385 peccatum
456 1313 612 1386 impeditur,
622 1320 650 1370 et
660 1329 714 1369 non
727 1311 816 1368 solum
828 1324 877 1381 per
889 1314 968 1365 actus
1003 1309 1068 1367 dum
1083 1318 1126 1369 cst
1140 1311 1173 1367 de
1188 1311 1232 1368 illa
1246 1310 1337 1384 quoad
1352 1317 1498 1383 praecepta
1512 1309 1634 1367 moralia.
1651 1311 1724 1365 Haec
1738 1323 1803 1364 vero

159 1402 331 1474 exteriores,
347 1402 394 1458 sed
408 1404 491 1460 etiam
506 1418 553 1474 per
567 1403 725 1472 interiores,
741 1400 781 1457 les
798 1415 864 1471 ergo
876 1403 966 1466 retus,
1003 1400 1141 1471 responsio
1156 1416 1209 1456 nnn
1225 1400 1324 1472 placet,
1340 1402 1427 1472 primu
1442 1401 1507 1473 quia
1521 1398 1622 1456 Paulus
1645 1414 1710 1454 cum
1725 1398 1802 1468 dicit,

160 1505 237 1561 quae
257 1490 346 1547 divina
366 1498 426 1563 est,
442 1494 520 1548 circa
535 1498 684 1565 utrumque
698 1491 802 1548 versari
816 1489 920 1546 debuit.
938 1487 967 1543 ln
1001 1487 1090 1562 legem
1110 1506 1163 1547 non
1183 1491 1345 1560 iustificare,
1367 1506 1419 1546 oon
1439 1495 1547 1546 tantum
1566 1489 1800 1558 caeremonialem‚

160 1579 249 1636 altero
270 1595 335 1637 vcro
351 1581 469 1638 orbiculo
488 1583 584 1654 docet,
601 1584 674 1638 sicut
687 1581 728 1638 lea
745 1579 864 1637 humana
879 1581 967 1634 inten-
1001 1580 1050 1636 sed
1068 1583 1150 1637 etiam
1170 1581 1302 1639 moralem
1317 1581 1524 1654 complectitur:
1546 1597 1607 1637 narn
1627 1586 1801 1652 praeceptum

160 1668 204 1724 dit
225 1670 371 1727 amicitiam
390 1671 530 1728 hominum
549 1674 619 1731 inter
634 1686 679 1741 sc,
693 1672 731 1726 ita
746 1670 833 1742 legem
847 1667 965 1723 divinam
1000 1669 1066 1726 illud
1080 1687 1138 1727 non
1153 1674 1340 1748 concupisces
1355 1672 1457 1728 morale
1472 1676 1523 1742 est,
1538 1677 1566 1727 et
1580 1677 1669 1728 tamen
1681 1669 1801 1743 loquitur
1876 1666 1882 1672 '

50 1801 75 1827 ,
159 1757 302 1815 intendere
327 1761 473 1817 omicidium
496 1760 634 1818 bornicum
653 1777 718 1817 cum
739 1762 965 1830 beo,ctconse·
1000 1758 1797 1840 delege,utilludcomprehendit,utpatetadlloman.l.

158 1854 278 1918 quanter
296 1849 444 1920 intendere,
459 1851 551 1907 lacere
566 1851 690 1906 homines
701 1849 800 1906 similes
811 1851 878 1920 lico,
890 1848 965 1903 iuxta
1000 1850 1067 1904 ltenr
1079 1850 1147 1906 ratio
1158 1851 1234 1907 Parii.
1249 1849 1282 1907 cd
1293 1850 1380 1906 Galat.
1393 1854 1421 1908 l:
1434 1851 1465 1907 di
1477 1865 1513 1906 ecc
1525 1847 1585 1922 depe
1595 1851 1799 1920 iustitia,·erpo

159 1934 231 1993 illud
246 1937 359 1994 Levitis.
377 1944 425 1996 lli:
441 1941 549 1995 Sancti
561 1943 660 2006 estote,
677 1942 817 2012 wentam
830 1953 881 2010 epo
895 1951 965 1994 sun·
999 1943 1095 2010 pratis
1113 1941 1250 1998 Christus
1264 1944 1400 1999 morinus
1414 1945 1474 2006 est,·
1491 1947 1522 1996 ut
1536 1939 1570 1994 sit
1583 1938 1696 2007 efficax,
1712 1954 1799 2011 aeque

157 2028 227 2082 ctos
250 2043 330 2093 sam,
353 2028 420 2100 quia
436 2028 585 2085 similitudo
606 2035 649 2084 est
663 2043 749 2108 cause
763 2029 880 2096 amoris3
897 2026 964 2082 haec
1000 2029 1151 2100 procedere
1165 2031 1245 2087 debet
1259 2030 1292 2087 de
1308 2031 1366 2104 lege
1381 2029 1486 2095 morali,
1505 2045 1537 2085 ac
1552 2028 1586 2085 de
1599 2027 1797 2092 caeremoniali,

158 2105 251 2171 autern
273 2116 420 2173 similitudo
435 2117 468 2173 ad
483 2121 569 2174 baum
583 2126 611 2175 et
629 2133 691 2174 uera
707 2118 841 2174 sanctitas
859 2116 963 2187 praeci·
1000 2125 1030 2174 ut
1044 2134 1093 2192 per
1107 2135 1135 2176 se
1149 2125 1269 2188 constat,
1279 2125 1308 2176 et
1319 2121 1425 2175 notarit
1437 2119 1608 2191 Augustinus
1620 2117 1652 2173 de
1665 2117 1754 2188 spirit.
1770 2124 1799 2174 et

158 2219 214 2274 pue
230 2219 279 2275 per
294 2213 373 2262 actus
388 2206 508 2264 internos
522 2215 717 2280 comparatum
734 2222 800 2280 ergo
815 2205 865 2263 hos
880 2208 962 2263 etiarn
999 2207 1082 2265 litter.
1106 2224 1168 2279 cap.
1189 2213 1232 2267 ll.
1254 2208 1381 2266 Secundo
1402 2223 1456 2264 non
1478 2207 1569 2279 placet
1583 2206 1627 2262 illa
1643 2207 1797 2277 responsio,

157 2299 240 2348 actus
257 2295 438 2366 praecipiebat
453 2296 493 2352 les
507 2296 563 2366 illa,
578 2313 649 2370 quae
662 2297 753 2354 diuina
768 2302 838 2355 erat.
997 2299 1062 2370 quia
1076 2299 1157 2354 etiam
1171 2297 1213 2354 les
1228 2299 1282 2369 illa,
1295 2304 1326 2355 ut
1336 2303 1396 2354 crat
1410 2298 1536 2369 positiva,
1552 2294 1689 2353 interdum
1705 2311 1796 2352 versa·

202 2387 245 2440 tr.
264 2385 365 2441 Contra
389 2385 458 2443 hanc
480 2401 546 2442 vero
569 2388 749 2444 assertionem
770 2387 850 2444 obiici
872 2391 962 2458 potest
997 2386 1077 2443 botur
1091 2389 1167 2444 circa
1180 2389 1301 2444 internos
1316 2393 1408 2456 actus,
1425 2392 1457 2444 ut
1469 2385 1502 2442 de
1517 2391 1663 2458 praecepto
1679 2385 1738 2441 lesti
1749 2401 1796 2442 ex·

156 2473 264 2542 primo,
285 2475 350 2546 quis
368 2475 472 2532 Paulus
491 2477 524 2534 ad
539 2478 618 2534 Rom.
635 2482 661 2534 3.
680 2477 766 2550 legem
781 2484 899 2534 veterem
915 2493 963 2534 ro·
997 2476 1128 2547 piationis'
1144 2492 1229 2548 supra
1250 2477 1431 2534 ostendimus.
1455 2476 1532 2533 Licet
1552 2477 1623 2532 enim
1638 2490 1733 2531 rerum
1749 2475 1794 2547 sit,

156 2568 205 2618 cat
218 2563 305 2636 legem
316 2563 464 2637 sactorum3
479 2582 550 2639 (puae
562 2583 613 2622 vox
624 2568 748 2623 actiones
758 2575 884 2623 cateruas
896 2581 959 2637 pro·
996 2571 1174 2638 praeceptum
1186 2565 1252 2622 illud
1263 2566 1352 2623 solum
1363 2564 1454 2639 quoad
1463 2565 1716 2622 determinationem
1725 2572 1792 2622 tem·

158 2652 215 2720 prie
229 2653 373 2725 significat,
386 2655 491 2712 indicat
501 2671 579 2728 ergo,
593 2657 678 2728 legem
690 2656 762 2712 illam
775 2656 863 2712 solum
875 2655 959 2712 luisse
995 2656 1161 2727 porisluisse
1170 2657 1327 2728 positivum,
1339 2660 1367 2711 et
1378 2654 1448 2711 illam
1460 2653 1712 2712 determinationem
1728 2669 1794 2711 con·

156 2740 191 2796 de
208 2745 327 2799 externis
341 2745 431 2810 lactis,
448 2744 480 2801 ad
494 2745 606 2802 modum
618 2745 685 2819 legis
697 2745 841 2804 hunraoae.
856 2747 959 2802 Secun—
995 2744 1118 2801 iunctam
1138 2746 1222 2802 luisse
1243 2760 1307 2802 cunr
1329 2745 1458 2801 exteriori
1479 2743 1657 2800 celebratione
1681 2742 1733 2799 diei
1755 2742 1793 2798 le·

156 2829 194 2884 do
210 2831 289 2887 obiici
304 2839 396 2903 potest
409 2834 490 2891 dirus
504 2834 621 2892 Thomas
635 2853 664 2908 q.
681 2840 728 2901 91,
745 2842 797 2892 art.
808 2841 836 2905 b,
851 2835 957 2905 dicens,
994 2833 1043 2903 sti3
1065 2833 1240 2890 nihilominus
1261 2840 1341 2890 actus
1363 2833 1406 2890 ille
1421 2835 1545 2889 internus
1561 2848 1613 2888 nou
1628 2839 1687 2888 erat
1701 2847 1749 2904 par
1763 2846 1792 2887 se

155 2918 244 2991 legem
262 2938 359 2979 noram
376 2923 600 2995 superabundare
614 2925 711 2994 veteri,
723 2925 866 2981 interiores
878 2931 959 2980 actus
993 2923 1159 2980 coniunctus
1173 2939 1239 2980 curn
1255 2923 1299 2979 tali
1316 2922 1489 2993 celebritate,
1504 2921 1551 2978 sed
1570 2921 1659 2979 solum
1675 2923 1738 2995 quio
1753 2920 1794 2977 di·

155 3009 240 3064 animi
255 3010 423 3080 ordinando,
439 3013 592 3070 secundum
614 3013 679 3070 illud
701 3014 826 3070 hlatthaei
843 3019 872 3070 5:
895 3017 960 3070 llbst
993 3021 1069 3069 recte
1081 3014 1312 3084 praecipiebatur.
1329 3015 1396 3070 Dico
1410 3027 1493 3086 ergo,
1510 3011 1595 3084 legem
1612 3012 1684 3068 illam
1699 3012 1793 3068 vocari

153 3097 356 3156 abundaverit
377 3103 494 3158 iustitia
507 3109 621 3168 nestra,
640 3109 695 3158 etc.
712 3108 751 3160 Et
763 3101 839 3168 ideo,
857 3105 956 3176 inquit,
993 3103 1147 3174 tactorum,
1164 3111 1274 3174 sumpta
1288 3101 1507 3160 denominatione
1522 3118 1536 3156 a
1550 3101 1644 3158 maiori
1661 3107 1748 3174 parte,
1764 3109 1792 3158 et

152 3185 276 3256 dicitur,
296 3188 374 3263 qaod
386 3189 436 3246 len
449 3195 530 3247 aetas
545 3191 660 3248 cohibet
670 3208 800 3254 manans,
818 3191 868 3248 len
878 3209 958 3249 noca
992 3194 1138 3263 praecipue
1152 3191 1242 3250 addita
1257 3207 1305 3264 per
1320 3191 1391 3247 illam
1406 3191 1504 3263 legem.
1519 3189 1596 3247 Unde
1611 3191 1675 3247 nihil
1688 3190 1789 3260 obstat,

153 3279 307 3343 animane,
324 3295 390 3351 ergo
406 3296 459 3335 non
473 3281 633 3338 versabatur
643 3283 719 3337 circa
730 3282 852 3337 internos
864 3288 954 3338 actus.
991 3281 1065 3352 quod
1080 3280 1181 3352 aliquid
1191 3281 1273 3338 ctiam
1284 3282 1421 3337 internum
1434 3280 1610 3351 praeciperet.
1628 3279 1697 3336 hddi
1708 3282 1788 3336 etiem

152 3367 247 3422 Tertio
268 3366 328 3423 addi
350 3373 440 3440 potest
453 3371 560 3426 huctor
581 3369 734 3441 imperfecti
751 3373 778 3425 in
792 3369 957 3427 hlatthaeum
991 3378 1092 3443 potest,
1105 3387 1185 3427 omne
1197 3387 1267 3442 opus
1279 3370 1395 3426 hominis
1409 3371 1491 3426 etiam
1502 3370 1641 3426 internum
1652 3375 1789 3441 quatenus

153 3455 252 3511 homil.
270 3461 325 3524 28,
348 3458 393 3514 ubi
414 3458 454 3514 sic
474 3461 581 3531 inquit:
603 3464 643 3516 Et
662 3463 689 3516 si
708 3456 872 3533 irnplccerit
891 3462 956 3532 peris
991 3461 1025 3516 ab
1043 3461 1103 3533 ipso
1124 3461 1169 3532 tit,
1189 3460 1241 3516 suh
1259 3459 1396 3516 sactorum
1409 3461 1518 3515 nomios
1532 3457 1741 3530 comprehendi,
1760 3464 1791 3513 ut

154 3561 273 3602 omnem
293 3549 441 3604 iustitiam
460 3546 547 3620 lepis,
565 3551 635 3604 uicit
653 3547 879 3621 euidentiam,
897 3566 957 3604 noa
990 3566 1023 3607 er
1037 3549 1158 3607 dicendis
1172 3549 1318 3607 constabit.

153 3636 450 3707 tanreniustificatas
460 3642 511 3692 est.
523 3637 558 3693 Et
568 3635 956 3710 reddtrroctonen,pnosrinm
1034 3642 1077 3697 tl.
1092 3638 1135 3718 ptd
1149 3637 1297 3695 secundam
1312 3636 1474 3710 respondeo,
1490 3636 1562 3693 illam
1577 3634 1757 3693 differentiam
1772 3653 1788 3692 a

154 3721 206 3778 lea
220 3723 431 3782 abstinentiam
447 3725 577 3784 mandat
589 3727 751 3793 maloram,
765 3733 798 3783 ut
812 3743 870 3784 aon
880 3731 956 3784 ccci-
990 3729 1017 3786 d.
1035 3729 1136 3784 rbomn
1150 3729 1267 3799 positam
1281 3726 1478 3800 intelligendam
1492 3725 1600 3783 esseda
1615 3725 1658 3781 illa
1673 3725 1743 3800 lege,
1757 3733 1789 3782 ut

154 3809 216 3878 des,
236 3829 296 3870 non
309 3817 443 3873 institiae
458 3832 530 3890 opas
544 3819 683 3890 inianpit,
697 3823 731 3874 at
740 3835 798 3874 non
809 3821 955 3876 irascaris
991 3821 1107 3891 positiva
1119 3826 1194 3890 erat;
1211 3824 1242 3874 ut
1255 3820 1295 3874 sic
1310 3820 1382 3874 enim
1393 3824 1571 3889 comparatur
1582 3809 1646 3888 cum
1658 3815 1717 3890 lege
1727 3833 1788 3889 gra·

154 3905 219 3958 sine
232 3918 341 3967 causa,
358 3910 385 3962 et
399 3923 457 3962 non
471 3909 667 3980 cancupisces.
684 3907 734 3964 Ubi
748 3908 900 3980 significat,
918 3906 956 3964 le·
990 3912 1054 3981 tiae,
1070 3925 1123 3966 nou
1139 3914 1169 3965 ut
1180 3915 1241 3987 erat
1256 3908 1376 3979 moralis,
1392 3923 1454 3963 nam
1470 3914 1501 3963 ut
1515 3907 1553 3962 sic
1568 3907 1659 3980 quoad
1673 3921 1731 3962 rem
1746 3909 1786 3977 ip-

153 4007 218 4062 gam
233 3992 304 4049 illam
318 4010 372 4051 non
385 3995 557 4066 prohibuisse
569 3995 618 4051 hos
630 3996 752 4052 internos
763 4001 867 4067 motus,
880 3998 955 4068 quod
990 4013 1048 4055 sanr
1069 4004 1162 4054 manet
1176 3998 1228 4053 suh
1243 3997 1300 4071 lege
1314 3997 1425 4078 gratiae.
1442 3996 1541 4053 Deinde
1555 3995 1584 4052 d.
1601 3996 1717 4053 Thomas
1734 4013 1787 4052 non

155 4081 210 4138 lote
222 4086 408 4155 prosequitur.
416 4085 519 4152 Quarto
528 4087 712 4156 argumentari
719 4102 879 4158 possumus,
890 4087 955 4158 quia
989 4095 1086 4161 negat,
1108 4088 1194 4160 legem
1210 4093 1329 4144 veterem
1343 4087 1475 4144 direxisse
1490 4095 1571 4143 actus
1586 4087 1723 4160 internos,
1740 4087 1788 4143 sed

155 4169 223 4226 olias
244 4171 385 4243 seqrritur,
405 4171 491 4245 legem
512 4174 582 4230 illam
602 4176 764 4247 praecipisse
782 4181 861 4232 actus
882 4174 953 4245 lidei,
990 4176 1067 4250 dicit,
1082 4179 1109 4232 in
1124 4178 1175 4234 hoc
1191 4176 1415 4248 superabundare
1427 4176 1512 4249 legem
1523 4177 1638 4249 gratiae,
1651 4178 1715 4248 quia
1728 4191 1788 4246 per-

156 4260 230 4329 spei,
246 4266 274 4314 et
291 4261 424 4317 caritatis:
441 4277 612 4335 consequens
629 4270 670 4319 est
684 4264 799 4335 salsum3
814 4280 892 4338 ergo.
908 4265 956 4320 Se·
990 4265 1096 4323 lectiori
1116 4266 1197 4323 modo
1219 4266 1281 4323 illos
1295 4265 1397 4339 dirigit.
1412 4267 1448 4322 Et
1462 4265 1495 4322 ud
1510 4266 1563 4322 hoc
1578 4265 1691 4322 adducit
1705 4265 1788 4322 verba

157 4348 238 4420 quela
257 4356 330 4421 patet
347 4365 379 4406 cx
392 4349 490 4422 dictis3
507 4368 567 4408 nam
581 4352 617 4409 illi
632 4360 696 4410 sunt
710 4362 790 4410 nctus
804 4356 913 4426 interni,
928 4360 955 4410 et
989 4355 1089 4413 Christi
1107 4355 1201 4413 llatth.
1218 4361 1249 4412 5:
1266 4358 1331 4412 Nisi
1345 4354 1543 4412 obccndaverit
1557 4357 1674 4411 iustitia
1688 4361 1789 4412 vestra

151 4441 274 4495 maxime
291 4440 439 4496 necessarii
459 4440 493 4497 ad
512 4444 592 4498 tinem
604 4442 707 4499 divinae
721 4444 803 4516 legis,
819 4446 884 4517 quia
897 4445 954 4499 sine
985 4444 1055 4521 plns
1072 4462 1165 4517 qnam
1179 4445 1359 4506 scribarum,
1376 4449 1403 4500 et
1412 4445 1652 4518 pharisaeoram,
1671 4460 1731 4498 non
1744 4448 1789 4500 in·

156 4527 207 4585 b'de
223 4528 282 4584 vira
295 4529 458 4600 impassibile
471 4538 514 4586 est
528 4531 636 4603 placere
647 4535 716 4604 lieo,
729 4547 902 4606 consequens
913 4539 956 4590 est
989 4537 1109 4593 traditis
1123 4539 1155 4592 in
1167 4551 1292 4607 repetam
1306 4533 1466 4591 coeloram.
1483 4537 1512 4590 ln
1523 4550 1579 4607 quo
1590 4540 1680 4590 tamen
1692 4532 1788 4592 adver·

156 4616 266 4687 salsum,
281 4623 339 4674 tum
351 4621 414 4691 quia
426 4619 492 4675 alias
504 4621 545 4676 lea
556 4621 601 4677 illa
612 4622 955 4681 iustificaretcontraPau·
991 4633 1035 4696 to,
1051 4625 1189 4682 Christum
1209 4640 1262 4681 uon
1277 4624 1352 4696 loqui
1366 4622 1399 4680 de
1414 4623 1517 4680 iustitia
1531 4623 1613 4696 legis,
1630 4622 1677 4680 sed
1691 4623 1725 4679 de
1741 4623 1788 4678 ob·

157 4706 213 4763 lum
228 4705 262 4762 ad
277 4708 393 4764 Roman.
408 4713 434 4766 3.
451 4716 479 4766 ει
492 4725 569 4783 seqq.
586 4715 613 4767 et
627 4711 661 4767 ad
672 4711 760 4767 Galat.
773 4717 802 4784 2,
814 4721 842 4769 at
853 4717 881 4786 b,
896 4720 955 4769 tum
990 4715 1125 4770 serrantia
1141 4714 1217 4786 legis,
1229 4730 1313 4786 quam
1327 4713 1362 4770 ibi
1377 4713 1507 4770 iustitiam
1520 4719 1610 4784 vocat,
1624 4719 1655 4768 ut
1666 4720 1740 4770 recte
1753 4711 1788 4769 ibi

156 4797 248 4867 etiam,
264 4798 330 4868 quia
345 4796 390 4853 illa
403 4797 446 4854 len
461 4806 568 4856 tantum
579 4799 696 4858 habehat
706 4810 853 4875 praecepta
865 4819 954 4860 mora·
990 4804 1135 4861 hlaldonat.
1152 4803 1276 4860 advertit.
1291 4803 1366 4862 Unde
1383 4819 1480 4860 sensus
1493 4809 1546 4872 est,
1562 4803 1614 4858 nisi
1629 4801 1716 4874 legem
1731 4818 1789 4858 ser·

156 4886 207 4955 lia,
229 4887 452 4960 caeremonialia,
474 4894 501 4945 et
521 4888 671 4946 iudicialis:
695 4892 747 4949 sub
767 4892 842 4948 nullu
862 4900 953 4951 cirtem
989 4896 1060 4952 vetis
1081 4895 1195 4966 melius,
1211 4910 1293 4967 quam
1308 4892 1414 4950 scribae
1428 4900 1456 4950 et
1470 4893 1618 4965 pharisaei,
1635 4908 1687 4947 non
1702 4893 1795 4970 intrag

156 4975 279 5032 membru
299 4977 418 5032 istorum
432 4978 703 5050 comprehenduntur
718 4989 863 5056 praecepta
878 4983 955 5040 theo·
989 4983 1051 5040 bitis
1065 4983 1091 5040 in
1106 4998 1219 5056 regnum
1234 4983 1390 5053 coelorum3
1407 4998 1469 5037 nam
1486 4981 1619 5053 pharisoei
1631 4983 1659 5036 in
1669 4983 1787 5038 exterio-

157 5064 267 5138 logalia,
283 5072 316 5124 ut
328 5067 367 5122 sic
381 5066 488 5140 dicam,
505 5077 564 5126 tum
580 5068 695 5143 denique
706 5072 770 5144 quia
781 5071 846 5128 alius
858 5072 899 5129 lex
912 5073 955 5131 illu
990 5075 1065 5131 ribus
1080 5074 1165 5146 legem
1181 5073 1338 5143 servabant,
1351 5088 1407 5128 non
1421 5072 1547 5143 interius,
1561 5077 1592 5128 ut
1602 5071 1742 5144 colligitur
1752 5088 1784 5126 err

157 5163 232 5212 esset
254 5156 329 5212 valde
347 5159 486 5232 perlecta,
508 5160 530 5216 si
550 5167 693 5232 praecepta
709 5161 768 5234 illa,
784 5178 854 5236 quae
868 5165 955 5235 perte·
990 5165 1144 5222 Matthia:
1158 5179 1224 5235 ergo
1240 5161 1361 5234 perlecta
1376 5161 1529 5218 observatio
1544 5160 1617 5217 illius
1630 5160 1695 5234 legis
1706 5161 1788 5216 ctiam

156 5245 281 5303 ctissime
304 5253 384 5319 sunt,
410 5248 577 5322 contineret3
604 5265 776 5324 consequens
795 5259 839 5311 est
856 5259 954 5312 contra
990 5253 1145 5313 interiorem
1160 5251 1352 5311 rectitudinem
1368 5249 1533 5323 postulabat.
1550 5251 1585 5310 lit
1597 5252 1625 5307 in
1639 5250 1692 5307 hoc
1703 5265 1785 5308 sensu
