4290 6222
887 403 994 456 oannr
1007 406 1055 456 vr.
1674 395 1733 460 361

182 544 211 600 2.
225 537 260 597 m
272 537 384 613 quidem
398 534 488 613 quoad
504 534 640 609 posterius
654 533 808 591 membrum
818 528 875 589 iere
886 545 940 589 non
975 531 1049 598 Quae
1064 535 1218 590 constater
1233 547 1317 606 supra
1336 533 1461 590 tractatis
1472 533 1505 591 de
1519 533 1570 591 illis
1584 534 1692 594 iuribus
1706 551 1773 610 gen-

138 629 239 701 recipit
257 627 303 684 illa
323 627 419 701 regule
439 626 642 696 limitationem,
663 623 712 680 sed
726 621 938 694 ampliationem,
975 622 1057 691 bum,
1071 628 1101 679 et
1115 622 1250 696 naturali,
1266 627 1294 678 et
1306 620 1366 679 ideo
1380 623 1414 680 de
1428 629 1547 696 utroque
1561 627 1647 697 magis
1665 627 1774 684 videtur

140 723 253 790 propter
273 716 462 774 excellentiam
477 715 540 773 boni
554 713 723 782 communis;
745 709 860 784 ideoque
875 711 941 768 licet
974 709 1114 780 probanda
1128 709 1266 768 distinctio
1278 710 1389 768 Glossao
1402 713 1430 767 io
1442 710 1655 770 dictaiuthent.
1670 721 1701 771 ut
1714 716 1774 772 sine

139 807 194 864 tale
212 803 535 880 privilegiumuedundet
551 805 578 860 io
593 801 769 860 commodum
784 802 936 871 priuatum,
975 797 1083 869 prohib.
1104 804 1171 856 mat.
1187 805 1244 856 etc.
1260 798 1334 872 quod
1354 801 1406 857 iuri
1424 800 1597 872 praecipienti
1617 803 1774 862 renuntiare

141 911 196 953 non
217 901 308 968 potest
325 897 387 968 quis
408 894 443 958 illi
457 892 604 952 commodo
619 891 798 960 renunciare,
814 905 848 947 ne
861 904 941 962 prae·
974 900 1054 942 uerno
1079 895 1185 960 potest,
1212 889 1265 946 iuri
1286 893 1379 946 autem
1399 891 1565 962 permitteoti
1580 893 1772 965 unusquisque

140 978 940 1054 iudicetbonocommuni.Quodprocedii,quaodouuum
974 981 1066 1048 potest
1086 993 1136 1048 per
1157 993 1186 1034 se
1209 977 1345 1052 loquendo
1362 1001 1370 1052 i
1396 985 1425 1035 et
1446 978 1498 1036 sub
1519 980 1578 1037 iure
1598 983 1771 1052 permittente

140 1089 196 1130 non
215 1079 259 1132 est
280 1072 432 1144 separabile
446 1071 480 1128 ab
495 1071 566 1143 alio,
580 1085 643 1128 nam
662 1071 686 1126 si
700 1069 761 1142 quis
775 1073 869 1139 posset
886 1069 940 1139 pri·
974 1066 1191 1139 comprehendo,
1207 1067 1341 1142 quidquid
1368 1083 1416 1140 per
1436 1068 1501 1127 baec
1520 1070 1580 1127 iura
1593 1071 1629 1127 ita
1643 1070 1773 1129 concedi·

141 1177 208 1220 vare
223 1177 253 1219 se
267 1177 319 1220 suo
334 1161 479 1219 commodo
493 1161 550 1216 sinc
566 1157 730 1232 praeiudicio
741 1157 805 1214 boni
816 1171 940 1214 commu·
976 1161 1033 1229 tur,
1051 1163 1081 1212 ut
1096 1156 1216 1227 retineri,
1231 1162 1280 1214 aut
1294 1159 1451 1214 conservari
1466 1173 1519 1214 oon
1533 1159 1728 1230 praecipiatur.

141 1254 199 1324 nis,
220 1258 287 1309 tunc
311 1250 367 1308 lieri
386 1255 496 1323 posset,
516 1251 582 1321 quie
596 1253 689 1306 cessat
701 1245 937 1319 impedimentum·
1013 1251 1040 1306 l.
1050 1248 1133 1304 Sexto
1147 1245 1228 1304 uiridi
1243 1252 1333 1319 potest
1346 1246 1518 1321 privilegium
1533 1249 1560 1304 in
1574 1247 1771 1322 favorabile,et

141 1341 236 1414 colligi
257 1347 346 1413 potest
363 1355 396 1397 ez
410 1338 429 1395 l.
446 1341 474 1396 si
486 1335 587 1406 iudex,
607 1337 634 1394 ll.
650 1336 684 1394 de
700 1335 825 1393 minorib.
841 1336 941 1393 csnse·
974 1334 1111 1394 odiosum.
1129 1336 1204 1404 Quae
1223 1335 1320 1392 divisio
1343 1334 1452 1393 ridetur
1476 1337 1564 1410 prima
1588 1337 1655 1394 lacie
1674 1345 1771 1396 contra

141 1440 189 1491 tur
211 1437 302 1488 autem
324 1429 462 1503 pertinere
483 1428 518 1485 ad
532 1442 679 1486 commune
697 1425 801 1483 bonum
821 1439 876 1482 non
895 1439 940 1480 so·
974 1439 1148 1483 communem
1160 1426 1293 1483 rationem
1305 1424 1531 1499 privilegii3nam,
1543 1426 1659 1484 diximus
1672 1443 1768 1502 supra,

140 1521 199 1578 lum
215 1519 253 1588 id,
266 1518 341 1592 qriod
354 1518 466 1589 respicit
479 1516 657 1589 temporalem
669 1514 827 1584 utilitatem,
840 1513 887 1570 sed
899 1519 940 1572 et·
974 1513 1008 1572 ds
1021 1515 1126 1571 ratione
1141 1513 1274 1586 privilegii
1287 1529 1359 1586 esse,
1373 1521 1404 1571 ut
1415 1514 1532 1587 speciale
1545 1514 1611 1571 illud
1626 1517 1679 1588 ius,
1692 1516 1768 1589 quod

140 1609 195 1666 iam
209 1606 283 1680 qnod
299 1608 416 1680 pertinet
429 1606 462 1664 ad
476 1605 564 1664 bonos
579 1620 682 1678 mores,
691 1610 720 1662 et
729 1603 763 1662 ad
776 1605 940 1661 convenien·
974 1603 1111 1676 concedit,
1128 1603 1160 1660 ad
1177 1603 1296 1660 levorem
1308 1609 1424 1674 spectet,
1433 1609 1460 1660 el
1469 1617 1525 1660 non
1536 1603 1570 1661 ad
1580 1604 1685 1678 odium,
1698 1620 1768 1678 quo·

139 1705 198 1756 tem
211 1697 323 1754 modum
339 1695 479 1768 operandi,
491 1693 581 1768 qualis
594 1702 649 1764 est,
659 1700 690 1751 ut
704 1699 783 1750 actus
798 1708 863 1750 cum
878 1707 941 1766 per·
975 1690 1055 1749 modo
1074 1706 1141 1765 ergo
1162 1697 1254 1764 potest
1267 1690 1437 1764 privilegium
1449 1693 1476 1748 io
1491 1691 1637 1750 lacerabile
1651 1701 1680 1751 et
1693 1694 1769 1751 odio·

139 1787 213 1844 lecta
230 1785 353 1850 libertate
367 1786 441 1841 liant.
451 1786 487 1841 Et
500 1783 560 1841 ideo
575 1782 679 1841 addunt
692 1780 825 1855 praedicti
844 1789 940 1839 aucto·
974 1797 1035 1839 sum
1050 1779 1198 1853 distingui?
1213 1779 1270 1838 Sed
1279 1779 1333 1838 hoc
1346 1780 1506 1853 expedietur
1520 1781 1615 1854 laclle,
1636 1783 1657 1838 si
1671 1783 1768 1841 adrer-

137 1895 197 1951 res,
212 1879 236 1933 si
250 1893 283 1934 ex
302 1875 503 1933 renuntiatione
523 1873 657 1946 privilegii
678 1874 802 1946 sequitur
831 1872 940 1929 occasio
974 1875 1064 1929 tamus
1087 1869 1232 1927 relationes
1256 1871 1348 1942 speeie
1367 1871 1535 1944 contmrias,
1552 1879 1583 1929 ut
1597 1873 1726 1946 aequale,
1740 1880 1770 1932 et

140 1968 233 2041 aliqua
252 1963 424 2038 pervertendi
444 1965 530 2020 bonos
548 1976 655 2034 mores,
675 1976 729 2017 nou
743 1975 825 2033 posse
838 1975 941 2018 renun-
973 1958 1126 2033 inaequale,
1142 1964 1270 2031 respectu
1283 1959 1457 2018 diversorum
1472 1975 1525 2017 non
1540 1976 1600 2018 esse
1613 1964 1765 2034 oppositas.

138 2057 212 2126 tiari.
228 2055 303 2112 idem
317 2060 370 2118 est,
383 2053 406 2108 si
420 2051 591 2124 privilegium
606 2052 642 2106 sit
654 2048 751 2108 datum
762 2055 875 2122 propter
890 2051 940 2106 im·
974 2049 1018 2107 Sic
1032 2045 1099 2122 e'rgo
1113 2048 1301 2122 privilegium,
1314 2048 1335 2104 si
1350 2048 1541 2107 consideretur
1555 2056 1683 2123 respectu
1697 2052 1767 2123 eius,

139 2144 338 2218 perlectionem
353 2140 457 2214 iudicii,
470 2141 512 2198 rel
527 2139 673 2213 libertatis,
686 2147 717 2197 ut
732 2146 775 2196 est
790 2138 823 2195 de
837 2138 940 2212 proles·
973 2138 1020 2196 cui
1035 2137 1337 2213 conceditur,larorem
1346 2139 1480 2212 conticet,
1489 2147 1518 2197 et
1528 2139 1580 2197 hoc
1593 2140 1672 2197 modo
1684 2157 1769 2214 supra

139 2237 217 2292 sione
232 2239 294 2290 ante
308 2231 456 2305 legitimam
471 2235 588 2286 aetatem
603 2228 770 2302 lacta,quod
782 2243 836 2284 uon
849 2227 940 2284 solum
974 2227 1060 2285 locuti
1080 2243 1195 2300 sumus,
1218 2234 1347 2301 respectu
1366 2243 1432 2286 uero
1453 2229 1565 2287 alterius
1586 2231 1659 2287 tertii
1679 2238 1771 2305 potest

138 2323 216 2382 nulla
231 2323 381 2395 slt,verum
396 2318 592 2377 etiamnullum
604 2319 798 2391 obligationem
813 2317 938 2392 iuducet,
974 2318 1027 2375 iuri
1046 2317 1116 2377 illius
1136 2316 1341 2392 praeiudicare,
1360 2325 1389 2376 et
1401 2319 1441 2376 sic
1456 2334 1517 2376 esse
1532 2319 1667 2377 odiosum.
1684 2321 1770 2394 igitur

137 2421 167 2472 et
181 2410 288 2480 similior
303 2409 337 2467 de
352 2410 452 2484 quibus
463 2407 546 2466 rideri
562 2413 680 2481 possunt
691 2407 787 2466 Glosse
799 2413 827 2464 et
841 2405 940 2491 docto·
974 2423 1073 2465 sensus
1086 2408 1226 2466 divisionis
1240 2414 1296 2480 est,
1313 2409 1486 2480 privilegium
1498 2408 1638 2482 quoddam
1655 2426 1716 2468 esse
1730 2411 1770 2468 la·

138 2520 185 2561 res
199 2505 228 2560 in
243 2502 318 2559 dicta
332 2501 385 2574 leg.
400 2495 543 2566 diadem,
561 2503 589 2555 et
602 2513 686 2569 super
699 2495 751 2554 alia
766 2497 826 2553 iura
843 2498 937 2553 citata.
974 2499 1103 2570 sonabile,
1112 2497 1140 2556 ld
1153 2505 1196 2556 est
1210 2512 1279 2570 pure
1293 2497 1523 2572 favorabile,quia
1535 2500 1572 2556 ita
1586 2501 1632 2556 uni
1644 2497 1767 2574 prodest,

181 2592 296 2650 &Circa
310 2587 383 2646 aliud
398 2595 489 2645 autem
505 2585 658 2644 membrum
674 2585 849 2642 limitationes
863 2584 940 2642 adbi-
973 2595 1006 2646 ut
1025 2590 1127 2646 nemini
1148 2592 1263 2644 noceat:
1280 2585 1354 2643 aliud
1369 2602 1433 2644 vero
1446 2586 1502 2644 dici
1516 2588 1658 2660 odiosum,
1673 2594 1771 2662 quate·

137 2683 255 2740 beatur.
271 2681 338 2737 llam
357 2680 379 2734 si
394 2676 562 2750 privilegium
577 2689 743 2734 concessum
757 2677 784 2732 in
801 2675 939 2749 privatum
974 2694 1026 2736 uus
1046 2693 1079 2734 er
1100 2677 1191 2735 lavore
1212 2675 1258 2732 uui
1277 2690 1413 2733 concesso
1432 2676 1511 2733 alteri
1525 2679 1650 2750 sequitur
1662 2679 1770 2736 incom-

139 2769 323 2831 commodum
337 2768 419 2824 unius
433 2779 576 2838 personae,
590 2765 704 2837 respicit
715 2764 800 2822 etiam
815 2779 940 2822 commo·
973 2765 1097 2823 modum.
1113 2766 1148 2822 Et
1168 2765 1203 2822 lta
1222 2764 1368 2836 exponitur
1387 2763 1484 2821 divisio
1499 2780 1514 2822 a
1528 2765 1601 2823 Bald.
1619 2767 1645 2822 in
1659 2764 1678 2822 Ι.
1698 2770 1724 2840 l,
1739 2767 1767 2823 il.

137 2862 208 2917 dum
227 2859 387 2922 alterius‚et
401 2870 485 2912 unum
500 2853 534 2911 ab
547 2852 634 2911 altero
647 2869 702 2910 non
716 2860 761 2911 est
775 2853 936 2927 separabile,
972 2855 1006 2912 de
1019 2860 1109 2912 const.
1123 2853 1210 2926 princ.
1227 2868 1254 2909 n.
1269 2857 1297 2926 8,
1312 2858 1340 2910 et
1353 2854 1473 2910 sumitur
1485 2869 1518 2911 er
1533 2855 1668 2912 Paeonio
1683 2857 1771 2929 capite

138 2965 196 3007 non
210 2954 301 3022 potest
315 2962 387 3004 trous
398 2959 495 3001 eorum
506 2943 662 3000 renuntiare
673 2944 726 3000 iuri
741 2961 792 3001 suo
804 2945 861 3001 sins
872 2959 939 3002 con·
977 2947 1068 3022 Quia,
1077 2943 1110 3000 de
1126 2942 1218 3016 privil.
1230 2949 1285 3000 etc.
1296 2957 1323 2998 c.
1333 2939 1421 3010 otim,
1437 2941 1472 2999 de
1486 2943 1562 3000 verb.
1577 2945 1648 3016 sign.
1660 2951 1688 3002 et
1700 2945 1773 3003 mul-

139 3055 229 3098 seosu
243 3039 372 3098 alterius:
390 3041 420 3091 ut
433 3049 519 3104 uxor,
535 3034 582 3091 cui
594 3031 676 3089 datur
691 3033 864 3106 privilegium
878 3032 940 3090 ilel-
974 3034 1022 3106 tis,
1038 3049 1108 3108 quos
1123 3032 1208 3090 relert
1222 3030 1394 3106 Tirsquellus
1409 3031 1442 3088 de
1457 3037 1575 3106 utroque
1588 3041 1641 3091 ret.
1654 3037 1681 3092 in
1694 3051 1772 3109 pree-

139 3131 315 3201 leianum,ne
329 3125 468 3198 obligetur
481 3122 664 3196 fideiussione,
678 3138 731 3179 non
743 3128 834 3194 potest
846 3121 881 3178 illi
896 3136 939 3179 re·
973 3123 1022 3181 lat.
1039 3138 1116 3180 num.
1133 3125 1179 3180 62.
1195 3122 1308 3179 llaxlme
1323 3135 1388 3196 sero
1403 3120 1545 3196 priuilegia
1557 3123 1591 3180 ad
1605 3122 1667 3182 lites
1682 3126 1772 3184 solent

138 3221 287 3288 nuntiare,
301 3215 396 3273 salum
410 3215 470 3270 sine
483 3227 622 3270 consensu
638 3211 737 3269 mariti.
753 3210 827 3268 ldem
842 3217 900 3285 est,
916 3212 938 3268 si
973 3213 1070 3270 odiosa
1084 3214 1189 3285 vocari,
1202 3211 1266 3286 quia
1279 3210 1356 3267 saror
1371 3225 1523 3268 concessus
1537 3213 1622 3269 actori
1633 3229 1661 3270 r.
1668 3230 1695 3287 g.
1709 3231 1771 3287 pre·

139 3307 315 3381 privilegium
331 3303 432 3362 cedens
453 3303 478 3358 io
499 3300 679 3358 commodum
692 3301 775 3358 unius
790 3300 825 3357 sit
837 3301 940 3373 princi·
973 3304 1131 3374 mitreum,
1148 3300 1189 3358 uel
1204 3300 1332 3358 diminuit
1345 3300 1445 3357 iudicis
1459 3307 1637 3376 potestatem,
1652 3309 1680 3360 et
1693 3320 1773 3376 pree-

96 3411 103 3419 ·
137 3398 240 3472 paliter
255 3393 440 3452 introductum
456 3391 483 3446 in
497 3389 593 3447 odium
607 3389 731 3462 alterius,
746 3404 797 3446 seu
812 3390 838 3445 in
852 3389 939 3446 vindi·
974 3393 1069 3452 sertim
1091 3395 1208 3463 augetur
1221 3387 1331 3458 odium,
1351 3388 1462 3461 quaudo
1475 3389 1584 3448 videtur
1598 3393 1772 3466 privilegium

136 3489 277 3543 cntionem
293 3483 401 3554 delicti,
414 3488 480 3538 tunc
491 3481 564 3537 euim
575 3495 630 3535 non
643 3479 724 3536 babet
734 3478 827 3536 locum
839 3494 940 3537 renun-
973 3486 1116 3537 coarctare
1130 3479 1171 3535 lus
1185 3475 1320 3547 naturale,
1335 3483 1365 3533 ul
1378 3476 1488 3549 quando
1502 3477 1600 3552 datur,
1616 3495 1642 3534 v.
1658 3495 1688 3553 g.
1705 3496 1772 3538 curn

138 3577 233 3647 tiatio,
254 3580 285 3630 ut
298 3571 363 3629 dicti
379 3577 510 3628 auctores
524 3569 620 3640 aiunt,
635 3568 700 3640 quia
714 3582 769 3623 non
783 3572 873 3639 potest
885 3568 940 3640 pri·
973 3568 1099 3627 clausula
1119 3566 1153 3623 de
1173 3563 1372 3640 appellatione
1391 3569 1526 3634 remote,
1550 3563 1592 3624 rel
1611 3569 1664 3626 elia
1681 3571 1770 3628 simili.

137 3671 220 3722 vatus
243 3660 378 3734 impedire
402 3656 581 3731 principalem
602 3657 682 3714 finem
702 3657 779 3730 logio
796 3657 872 3715 Unde
887 3657 939 3715 lroc
973 3659 1041 3714 ltem
1055 3655 1216 3713 beneficium
1231 3652 1418 3724 ambitiosum,
1432 3653 1514 3727 quale
1528 3663 1674 3727 reputatur
1690 3658 1774 3718 bene-

140 3752 250 3810 ridetur
268 3749 365 3807 reduci
380 3747 414 3805 ad
428 3749 506 3820 prius
520 3745 675 3804 membrum
685 3744 718 3802 dc
728 3745 801 3802 bono
813 3760 942 3803 commu·
973 3745 1206 3820 liciale,odiosum
1220 3749 1350 3800 censetur
1364 3759 1379 3798 a
1393 3744 1481 3801 Gloes.
1491 3746 1517 3800 in
1532 3760 1595 3818 cap.
1607 3749 1772 3822 Quoniam,

137 3842 177 3898 ui.
186 3843 281 3898 Cetera
295 3839 330 3897 de
345 3837 397 3894 hac
412 3833 613 3892 renuntiatione
628 3833 713 3890 videri
727 3842 845 3905 possunt
859 3835 885 3892 in
898 3835 940 3892 di·
973 3836 1008 3893 de
1020 3834 1151 3908 praebia
1167 3837 1229 3906 6,et
1242 3847 1258 3888 a
1272 3834 1371 3889 Pauor.
1388 3848 1483 3908 supra,
1500 3833 1554 3890 tale
1567 3837 1652 3892 etiam
1666 3837 1772 3896 iudica·

138 3934 195 3987 ctis
220 3928 391 3988 auctoribus.
408 3927 498 3984 Unum
522 3939 588 3980 uero
613 3922 749 3980 adnotabo
769 3923 904 3982 traditum
924 3941 940 3983 a
974 3932 1020 3984 tur
1033 3923 1208 3997 privilegium
1220 3921 1406 3994 decimarum,
1423 3921 1465 3980 rel
1480 3925 1726 4001 primogeniturae,
1742 3928 1774 3985 li·
1871 3983 1874 3990 ,

136 4023 215 4078 Bari.
231 4021 329 4077 Panor.
347 4023 375 4073 et
391 4014 449 4073 aliis
463 4013 633 4084 dicentibus,
649 4027 730 4086 posse
745 4013 882 4070 bominem
897 4030 940 4072 re·
973 4021 1019 4072 cet
1031 4012 1065 4070 de
1079 4011 1131 4070 hoc
1146 4011 1196 4070 ult.
1213 4026 1259 4069 res
1277 4009 1312 4068 sit
1328 4010 1424 4070 dubia.
1444 4014 1481 4070 lie
1501 4029 1557 4086 quo
1577 4009 1661 4072 sideri
1683 4025 1774 4089 potest

137 4111 270 4166 nuntiare
291 4107 344 4164 iuri
365 4105 504 4177 gentium,
526 4109 558 4159 ut
577 4101 698 4159 dominic
712 4103 752 4158 rei
767 4117 848 4175 suae,
864 4103 940 4176 quod
972 4101 1145 4178 'iiraquellus
1161 4101 1195 4160 de
1210 4102 1361 4175 primogen.
1376 4106 1443 4175 qu,
1458 4110 1487 4160 et
1500 4104 1644 4163 Sarmieot.
1660 4105 1729 4165 libro
1744 4113 1772 4180 l,

137 4200 200 4256 iure
214 4198 336 4272 gentium
352 4193 540 4250 introductum
553 4198 607 4262 est,
620 4205 675 4246 non
688 4197 778 4248 tamen
793 4191 846 4248 iuri
860 4199 940 4250 natu·
974 4194 1070 4252 select.
1086 4209 1114 4250 c.
1133 4195 1178 4252 12.

138 4288 213 4359 reli,
237 4286 302 4360 quia
329 4281 497 4340 immutabile
514 4286 569 4338 est.
584 4281 642 4337 lloc
662 4285 753 4338 autern
772 4297 826 4338 non
840 4282 938 4354 probo,
1013 4284 1107 4341 Dices:
1123 4296 1191 4355 ergo
1204 4279 1256 4337 erit
1267 4278 1773 4359 privilegium,licctodiosum,dispo·

137 4377 206 4450 quia
225 4375 248 4431 si
267 4374 417 4446 loquantur
437 4371 471 4428 de
492 4370 572 4442 iure,
594 4376 678 4441 prout
697 4370 829 4443 significat
852 4371 939 4445 legem
974 4373 1036 4431 sitio
1054 4385 1173 4444 gravans
1187 4367 1313 4442 aliquos,
1334 4369 1443 4441 quando
1458 4368 1525 4426 illud
1539 4385 1685 4442 gravamen
1700 4371 1774 4430 cedit

138 4465 322 4538 obligantem3
346 4463 387 4517 sic
408 4458 501 4518 nullus
522 4463 613 4530 potest
631 4460 789 4516 renuntiare
807 4461 860 4518 iuri
875 4476 940 4534 gen-
974 4462 1000 4518 in
1015 4461 1138 4518 levorem
1153 4457 1289 4529 aliorum,
1306 4463 1338 4514 ut
1350 4462 1486 4515 statutum
1503 4459 1652 4518 excludens
1667 4461 1772 4519 ducen-

138 4557 229 4625 tium,
249 4553 336 4624 magis
355 4565 438 4624 quam
453 4547 587 4619 naturali;
603 4547 666 4620 quia
680 4547 802 4606 licetine
816 4552 939 4622 gentium
973 4555 1015 4609 tes
1035 4549 1167 4620 originem
1180 4561 1214 4606 ex
1228 4544 1358 4602 Hebraeis
1372 4544 1406 4603 ab
1419 4547 1509 4620 aliqua
1523 4549 1655 4623 ecclesia,
1670 4549 1773 4608 dicitur

137 4659 195 4700 non
211 4643 248 4698 sit
262 4643 299 4697 ita
313 4636 499 4708 immutabile,
515 4635 690 4693 nibilominus
705 4642 835 4710 respectu
849 4641 940 4710 prisa-
975 4639 1147 4713 privilegium
1168 4635 1241 4692 illius
1262 4634 1412 4710 ecclesiae,
1434 4637 1499 4709 quia
1513 4636 1587 4694 cedit
1601 4639 1626 4694 in
1641 4637 1774 4698 bonorem

138 4743 235 4791 torum
251 4729 305 4787 dici
318 4734 408 4802 potest
421 4741 507 4799 aeque
521 4725 700 4797 immutabile,
709 4728 774 4800 quia
785 4743 840 4784 noo
852 4731 939 4802 magis
974 4729 1047 4797 eius;
1063 4742 1127 4784 nam
1140 4726 1206 4782 licet
1219 4725 1339 4782 exclusis
1356 4727 1391 4782 sit
1404 4739 1557 4797 onerosus,
1575 4743 1630 4784 non
1643 4727 1705 4786 ideo
1719 4747 1774 4787 non

139 4829 235 4898 polest
248 4821 311 4893 quis
326 4817 433 4890 privata
448 4816 611 4871 auctoritate
626 4822 732 4872 mutare
747 4817 939 4890 iurgantium,
975 4819 1028 4876 erit
1050 4815 1236 4890 priuilegium,
1258 4813 1306 4871 sed
1325 4816 1379 4870 erit
1399 4811 1540 4872 odiosum.
1556 4816 1734 4890 Respondeo,
1748 4821 1777 4874 in

138 4929 226 4988 quam
239 4907 414 4967 naturals.Si
430 4910 523 4961 autem
538 4902 685 4977 loquantur
699 4903 733 4960 de
748 4905 859 4976 inre,ut
872 4904 942 4963 dicit
976 4907 1029 4967 hoc
1050 4921 1132 4979 posse
1152 4921 1212 4962 esse
1232 4905 1422 4978 qrraestionem
1443 4901 1477 4959 de
1499 4905 1617 4962 nomine.
1635 4907 1736 4964 Tamen
1752 4907 1775 4963 si

138 5001 292 5074 dominium
309 5011 358 5052 seu
373 4992 531 5051 lacultalem
547 4991 649 5066 utendi,
663 4994 737 5050 sicut
750 4998 845 5065 potest
857 4993 940 5052 lnomo
975 4995 1249 5070 proprleloquamur,
1261 4992 1326 5050 illud
1341 5008 1375 5051 ex
1386 4993 1409 5049 ri
1426 4996 1555 5051 materiae
1572 5011 1626 5052 non
1637 5001 1680 5052 eet
1694 4998 1777 5069 privi-

139 5089 299 5149 renuntiare
314 5083 395 5141 alicui
408 5083 462 5140 luri
475 5079 612 5154 acquisito
627 5094 677 5152 per
698 5081 740 5138 ius
753 5083 887 5155 gentium,
904 5083 941 5141 ita
975 5087 1086 5160 legium,
1097 5084 1144 5142 sed
1156 5088 1291 5141 statutum
1302 5081 1429 5139 odiosum
1440 5084 1612 5140 constituens
1625 5085 1774 5157 quamdam

140 5185 234 5253 potest
255 5173 414 5232 renuntiare
434 5171 486 5228 luri
506 5185 521 5227 a
541 5177 643 5228 natura
653 5169 736 5241 dato,
752 5173 826 5230 sicut
839 5187 940 5231 renun-
976 5173 1222 5249 irregularitatem,
1239 5171 1280 5228 sel
1295 5165 1505 5244 inhabilitatem,
1520 5173 1586 5245 quia
1599 5174 1667 5230 ratio
1681 5174 1776 5248 dispo·

140 5271 191 5332 tint
210 5267 293 5325 bomo
320 5261 435 5320 libertati
455 5273 537 5331 suae,
552 5273 623 5332 quae
637 5259 671 5319 de
684 5259 742 5322 iure
756 5269 871 5322 naturae
885 5270 938 5324 est.
977 5265 1082 5326 sitionis
1095 5279 1129 5324 er
1143 5264 1192 5321 line
1207 5261 1336 5338 primario
1350 5267 1378 5320 et
1387 5262 1465 5336 quasi
1481 5261 1628 5322 intrinseco
1639 5266 1773 5327 sumenda

223 5368 468 5426 sosantdislsplittt
475 5365 598 5414 -i’arslb
1565 5369 1593 5420 ω
