4294 6238
909 375 1090 428 caaurxx.
1702 363 1765 430 239

205 509 250 568 tl.
265 503 444 564 Nihilominus
462 500 608 564 dicendum
621 499 746 577 videtur,
761 517 809 576 per
825 501 908 561 talem
926 503 964 560 le·
1001 502 1094 561 tudine
1107 504 1161 560 iam
1175 502 1296 580 cognita,
1313 503 1440 576 superior
1454 502 1589 578 voluerit,
1609 500 1696 577 legera
1710 502 1805 562 obser·

162 612 225 670 gem
236 613 291 654 uon
307 596 399 652 statim
410 609 470 652 osse
484 599 640 650 revocatam
655 592 900 664 consuetudinem,
912 592 967 649 nisi
999 595 1073 664 vari,
1089 593 1198 650 interim
1216 609 1350 651 veronen
1369 600 1497 651 teneatur
1510 601 1609 652 contra
1627 594 1806 653 consuetudi·

93 689 101 704 ‘
161 686 310 760 praecedat
322 685 415 758 populi
431 700 595 752 consensus,
608 685 717 757 petitio,
734 689 783 740 ant
799 683 965 755 informatio,
1000 697 1062 738 uem
1077 698 1168 756 agera.
1178 684 1252 753 Quae
1266 684 1383 741 omniaa
1397 683 1476 740 simili
1492 683 1591 756 optime
1605 685 1805 768 confirmantur

160 777 204 834 vel
217 776 271 832 alia
282 777 326 832 via
340 773 549 842 consumatum
563 789 649 831 essen
663 773 785 846 principe
800 789 865 831 oum
877 774 966 830 scien·
999 787 1032 830 ea
1047 788 1108 846 cap.
1123 775 1158 831 Si
1176 771 1312 847 quoodo,
1331 772 1365 831 de
1385 775 1504 847 rescrip.
1520 788 1585 831 cum
1606 773 1663 846 his,
1679 789 1750 848 quae
1769 775 1804 834 ibi

161 868 199 925 tia
212 864 434 925 consuetudinis.
451 865 530 922 ltatio
545 870 602 938 εει,
619 865 684 939 quia
698 879 752 920 non
766 865 855 922 minua
869 878 966 934 proee-
1001 869 1141 921 notantur.

160 957 202 1014 dit
214 958 242 1012 in
265 954 311 1012 tali
325 955 385 1029 legs
405 953 506 1011 decisio
519 953 586 1012 dicti
600 953 712 1026 capituli
728 955 825 1026 primi,
842 969 924 1028 quam
939 953 965 1010 in
1042 955 1085 1010 te.
1095 951 1215 1010 Tandem
1227 952 1363 1025 explicare
1374 958 1492 1025 oportet,
1503 967 1574 1028 quae
1584 951 1672 1010 verba
1682 950 1806 1011 addenda

160 1046 221 1120 lege
235 1045 370 1120 generali3
387 1045 450 1118 quia
464 1060 518 1101 non
532 1045 624 1102 miuus
637 1045 823 1116 praesumitur
837 1043 966 1116 princeps
1000 1043 1090 1098 sintin
1105 1041 1307 1117 legegenerali,
1320 1059 1369 1100 seu
1381 1043 1520 1117 principis,
1536 1050 1569 1100 ει
1578 1048 1725 1101 censeatur
1737 1058 1805 1100 con·

160 1138 289 1210 ignorare
303 1133 534 1193 consuetudinem
549 1135 680 1205 privatam
698 1133 812 1191 terendo
826 1148 910 1190 unam
926 1133 966 1189 le·
1000 1129 1174 1190 suetudinem
1195 1132 1339 1206 abrogare.
1356 1133 1423 1188 Nam
1438 1132 1464 1188 in
1483 1131 1556 1189 dicto
1571 1148 1632 1204 cap.
1651 1135 1676 1190 l.
1688 1130 1801 1189 dicitur:

159 1243 238 1301 gam,
258 1241 342 1300 quam
362 1224 457 1292 aliem3
478 1228 505 1280 et
523 1221 622 1296 alioqui
640 1223 782 1296 supposita
801 1221 964 1296 ignorantia,
999 1224 1070 1278 Nisi
1084 1237 1222 1296 aspirasse
1237 1224 1381 1278 caveatur
1394 1223 1428 1278 irs
1441 1224 1519 1296 ipsu.
1537 1221 1568 1278 ln
1583 1236 1638 1294 quo
1654 1220 1743 1280 solum
1758 1236 1806 1278 oc·

159 1332 214 1376 non
229 1313 441 1373 censeturvelte
455 1313 589 1386 derogare
600 1311 867 1385 consuetudini,nisi
877 1311 905 1380 id
919 1327 966 1368 ea·
1000 1311 1091 1367 currit
1111 1309 1328 1380 advertendum,
1351 1309 1422 1366 banc
1444 1310 1651 1383 derogationem
1671 1309 1807 1368 ordinarie

160 1407 270 1480 primat.
284 1406 319 1462 Et
332 1402 400 1460 leaeo
412 1408 455 1460 εει
468 1401 621 1460 differentia
635 1402 712 1459 clara
728 1403 797 1458 inter
812 1401 965 1474 prinoipem
999 1399 1088 1456 solere
1103 1399 1160 1456 lieri
1179 1415 1228 1472 per
1242 1399 1408 1470 particulam
1423 1416 1482 1456 ooo
1500 1400 1634 1458 obstante
1649 1404 1807 1461 cooororvo

160 1492 405 1566 universalem,vel
417 1491 609 1566 particularem
626 1507 676 1549 seu
686 1493 829 1564 proprium
842 1495 965 1548 statuen·
1000 1487 1221 1554 cousuetudine,
1239 1490 1281 1546 vel
1297 1489 1347 1545 alia
1362 1489 1455 1560 simili,
1472 1505 1522 1546 εεε
1538 1489 1740 1562 aequivalente,
1755 1497 1805 1550 aut

158 1594 227 1656 tem,
239 1586 303 1658 qrria
321 1584 346 1640 in
361 1583 483 1656 principe
498 1583 664 1654 supponitur
674 1581 748 1640 dicta
764 1580 914 1654 ignorantia
927 1580 965 1636 la·
999 1593 1069 1650 quae
1083 1578 1155 1634 illam
1172 1580 1273 1636 virtute
1289 1578 1431 1650 includat,
1447 1578 1480 1636 de
1499 1580 1599 1653 quibus
1614 1580 1750 1638 clausulis
1764 1581 1806 1640 di·

159 1674 210 1745 eti,
223 1687 279 1730 nun
295 1688 360 1729 vero
373 1672 398 1728 in
410 1671 571 1743 particulari
585 1671 793 1744 communitate,
807 1669 967 1743 autguber·
998 1683 1061 1724 carn
1075 1683 1107 1725 ea
1123 1669 1247 1741 professo
1262 1671 1289 1726 in
1304 1669 1425 1726 libllll.
1440 1670 1516 1726 circa
1530 1663 1734 1728 revocationem
1749 1673 1805 1744 pri·

158 1765 367 1836 nutarentque
384 1761 421 1817 ita
435 1760 518 1816 verba
534 1760 607 1817 illias
621 1776 683 1832 cap.
696 1763 720 1819 l.
733 1759 869 1833 generalia
882 1761 965 1816 etiam
1001 1759 1169 1832 vilegiorum.
1183 1757 1295 1826 erando
1310 1764 1403 1816 autem
1416 1775 1467 1830 per
1486 1759 1642 1818 huiusmodi
1657 1763 1742 1819 verba
1760 1777 1805 1819 re·

158 1859 226 1910 sunt
240 1850 274 1908 de
292 1852 365 1908 omni
380 1852 589 1906 constitutione
605 1865 626 1908 a
638 1851 728 1924 Papo
740 1851 856 1905 nouiter
869 1848 962 1906 edito.
1000 1853 1135 1905 tractetur
1149 1854 1256 1906 tantum
1277 1849 1452 1906 consuetudo
1470 1851 1635 1923 praeterita,
1650 1851 1692 1909 vel
1713 1851 1806 1924 protri-

157 1943 209 2000 Est
228 1943 311 1998 etiarn
333 1941 435 2012 optima
454 1940 626 2009 coniectura,
642 1939 706 2012 quia
728 1954 793 1995 crim
814 1951 859 1994 res
879 1938 967 2009 possit
999 1937 1097 1994 beatur
1111 1937 1223 2002 lutura,
1238 1945 1287 1995 aut
1299 1940 1381 1995 etiarn
1396 1939 1576 2012 reprobatur,
1592 1944 1659 1998 antis
1675 1942 1699 1998 in
1722 1957 1807 2017 supe·

158 2048 222 2091 esse
235 2029 329 2102 dubia,
343 2028 384 2086 vel
398 2028 530 2100 obscura,
543 2029 565 2084 si
581 2029 707 2101 princeps
721 2027 864 2096 voluisset,
878 2027 965 2101 legem
999 2027 1120 2085 rioribus
1146 2034 1296 2086 tractatum
1321 2034 1372 2085 εει.
1388 2027 1482 2086 Solum
1505 2044 1574 2103 ergo
1599 2037 1689 2104 potest
1704 2032 1748 2089 hic
1764 2033 1805 2089 in-

159 2135 240 2180 suam
254 2119 450 2194 particularem
466 2117 574 2190 valere,
590 2135 645 2176 non
667 2119 791 2176 obstante
811 2126 965 2176 consuetu·
1000 2119 1083 2191 quiri,
1098 2133 1133 2175 an
1152 2134 1201 2190 per
1218 2117 1263 2174 illa
1285 2119 1368 2176 verba
1383 2119 1507 2177 absolute
1528 2118 1634 2191 prolata
1653 2116 1806 2181 retr'actari

159 2210 391 2286 dineoontraria,
406 2210 601 2284 expressisset:
618 2207 654 2266 ita
673 2209 745 2265 enirn
761 2207 818 2264 lieri
838 2206 908 2265 solet
922 2223 965 2264 re·
999 2208 1360 2265 censeaturimmemorialis
1372 2207 1609 2282 consuetudo,vel
1620 2209 1802 2286 solumaliaa,

159 2301 319 2373 ceptisaimo
338 2316 393 2358 usu
407 2306 437 2357 et
456 2299 509 2356 iuri
523 2302 707 2356 consentaneo
721 2318 729 2372 3
742 2312 810 2369 ergo
830 2298 897 2355 dum
911 2313 964 2354 aon
999 2295 1034 2354 de
1052 2312 1170 2369 quarum
1185 2298 1262 2354 initio
1285 2303 1405 2356 constat.
1420 2299 1451 2354 ln
1470 2314 1526 2373 quo
1541 2303 1597 2356 tres
1617 2307 1681 2357 sunt
1695 2309 1805 2360 senten-

158 2391 250 2463 addit,
264 2387 497 2463 praesumendum
517 2394 574 2458 est,
590 2386 713 2446 noluisse
735 2387 962 2445 cousuetudinem
998 2387 1061 2443 tiae.
1077 2389 1136 2446 Una
1150 2395 1194 2444 εει
1208 2384 1333 2444 absolute
1347 2388 1496 2460 affirmans,
1511 2403 1560 2461 per
1574 2388 1728 2448 clausulam
1743 2407 1803 2450 eoo

158 2496 302 2540 revocare.
315 2481 350 2537 Et
363 2478 415 2537 hoc
428 2480 453 2534 in
468 2479 545 2550 praxi
555 2485 598 2534 est
613 2476 814 2535 observandum
827 2493 878 2549 pro
893 2477 967 2536 mul·
999 2476 1134 2534 obstante
1145 2475 1395 2536 consrvetovdioein
1405 2481 1592 2536 contrarium
1603 2480 1728 2538 revocari
1737 2495 1805 2538 con·

161 2572 197 2628 tis
211 2569 329 2642 legibus,
341 2583 412 2641 quae
426 2572 554 2638 respectu
569 2565 722 2638 potestatis,
734 2581 815 2638 aqua
825 2565 963 2638 teruntur,
999 2567 1186 2642 suetudinem,
1199 2569 1280 2624 etiam
1295 2568 1531 2645 immemorialem,
1547 2568 1613 2632 licet
1625 2571 1652 2626 in
1668 2570 1713 2626 illa
1727 2569 1806 2629 clau·

159 2667 190 2717 et
203 2663 333 2729 respectu
348 2656 563 2726 communitatis,
579 2656 613 2714 ad
627 2671 709 2728 quarn
726 2655 770 2711 illa
784 2661 905 2727 potestas
919 2671 965 2712 ea·
1002 2658 1063 2714 sula
1074 2675 1128 2716 non
1140 2656 1257 2715 addatur
1268 2657 1406 2730 particula
1416 2643 1592 2716 distributiva
1604 2674 1800 2734 quacumque,

160 2748 293 2819 tenditur,
305 2753 372 2804 aaut
387 2745 578 2818 particulares,
590 2751 619 2802 et
633 2744 825 2802 universaliter
838 2745 965 2802 teruntur
1000 2748 1043 2806 vel
1058 2747 1109 2806 alia
1124 2746 1227 2804 similis.
1243 2748 1282 2803 lta
1295 2745 1375 2804 Card.
1389 2747 1469 2805 Ratio
1483 2761 1544 2804 εεεε
1558 2755 1662 2820 potest,
1678 2749 1741 2822 quia
1755 2765 1804 2807 ne·

159 2855 210 2912 pro
225 2837 320 2911 aliqua
334 2835 470 2906 dioecesi,
486 2834 527 2890 vel
548 2836 778 2908 congregatione3
794 2834 876 2892 cuius
897 2851 965 2893 con·
999 2837 1072 2911 gatio
1087 2844 1130 2893 est
1144 2836 1282 2893 sulliciens
1297 2836 1461 2901 distributio,
1478 2851 1544 2893 cum
1559 2839 1652 2894 omnia
1665 2838 1802 2897 destruat.

159 2926 322 2984 suetudines
337 2925 402 2984 licet
415 2924 440 2980 iu
455 2923 500 2982 illa
513 2925 655 2998 generales
670 2925 741 2997 sint,
758 2932 825 2981 sunt
841 2923 963 2997 particu-
998 2928 1059 2987 Alia
1074 2930 1208 2986 sententia
1219 2934 1272 2998 est,
1285 2925 1376 2985 addita
1389 2927 1594 3000 distributione,
1608 2929 1801 3000 comprehendi

156 3018 230 3076 lares
243 3023 372 3088 respecta
387 3013 567 3088 principis‚et
580 3013 640 3072 ideo
652 3029 705 3070 uon
721 3021 871 3071 censentur
884 3014 965 3071 dero·
1000 3018 1229 3077 cousuetudinem
1247 3017 1491 3090 immemorialem,
1506 3033 1561 3074 non
1582 3035 1648 3080 vero
1665 3021 1722 3077 sine
1741 3021 1798 3079 ille.

157 3114 239 3181 gatae
262 3122 312 3179 por
333 3105 400 3162 tales
415 3104 505 3177 leges,
521 3104 573 3160 nisi
586 3105 612 3158 in
627 3104 665 3159 cis
679 3104 877 3175 exprimantur.
893 3104 962 3162 Hinc
996 3111 1035 3168 lta
1047 3108 1140 3181 plures
1154 3110 1328 3178 canonistas,
1344 3113 1372 3164 et
1389 3107 1499 3181 glossae
1513 3105 1676 3184 allegatae‘a
1697 3111 1799 3168 dovar-

157 3200 240 3255 etlam
261 3194 434 3253 consuetudo
448 3208 503 3250 non
522 3200 653 3250 censetur
672 3192 803 3265 derogata
817 3208 866 3265 per
881 3194 964 3264 privi·
997 3200 1086 3257 ruvia.
1096 3201 1176 3257 Ratio
1189 3198 1286 3272 prioris
1301 3196 1383 3269 partis
1397 3210 1459 3253 essa
1473 3203 1566 3269 potest
1581 3197 1737 3271 specialitas
1751 3199 1802 3256 im·

72 3305 75 3312 ·
156 3287 286 3360 legiuma
306 3285 427 3356 principe
449 3298 630 3353 concessum,
648 3283 700 3340 nisi
716 3277 868 3340 clausulam
883 3282 962 3340 dero·
996 3287 1163 3346 memorialis
1177 3286 1397 3346 consuetudinis.
1415 3287 1576 3344 Posterioris
1591 3295 1684 3346 autem
1701 3288 1801 3346 lunda·

162 3382 272 3450 gnatam
288 3375 438 3443 contineat,
456 3379 487 3429 ut
501 3371 569 3428 insit
583 3370 710 3430 suuloco
724 3370 844 3429 dicetur·
996 3385 1120 3437 mentum
1140 3379 1207 3452 erit,
1229 3379 1294 3452 quia
1314 3376 1359 3433 illa
1377 3376 1463 3434 velati
1483 3375 1619 3449 geminata
1640 3377 1801 3437 distributio

199 3470 244 3525 15.
261 3463 312 3521 Sed
332 3463 413 3522 obiici
429 3469 520 3535 potest
533 3463 602 3519 ratio
615 3505 623 3533 ,
638 3478 693 3535 qua
714 3462 802 3520 utitur
816 3464 913 3520 Glossa
933 3463 960 3520 in
996 3468 1080 3525 vincit
1095 3467 1168 3524 illam
1183 3466 1392 3539 specialitatem.

159 3557 234 3613 dicto
248 3569 310 3625 cap.
322 3558 346 3612 t.
360 3552 444 3609 verbo
457 3550 672 3626 singularium,
688 3552 806 3624 scilicet,
821 3553 960 3628 quietalis
1036 3560 1082 3617 ti.
1096 3557 1184 3616 Tertia
1199 3557 1331 3614 sententia
1345 3562 1405 3628 est,
1421 3555 1505 3612 etiam
1520 3553 1611 3613 addita
1630 3555 1799 3614 distributio-

52 3717 54 3720 ·
158 3645 202 3703 lex
216 3643 354 3716 superflua
368 3647 395 3699 et
408 3642 509 3699 inutilis
523 3649 606 3706 estet.
624 3641 729 3698 nullum
744 3643 814 3698 enim
830 3643 959 3702 effectum
994 3664 1039 3715 ne,
1056 3663 1111 3704 non
1126 3647 1251 3704 revocari
1266 3645 1348 3703 talem
1363 3644 1601 3716 consuetudinem,
1615 3647 1666 3701 nisi
1680 3644 1799 3705 addatur

159 3740 252 3807 posset
263 3731 362 3789 alicubi
373 3731 482 3804 habere3
493 3731 539 3804 ,lea
548 3732 620 3788 euim
632 3730 778 3804 generalis,
791 3732 856 3789 licet
865 3735 891 3788 in
904 3748 958 3790 uno
993 3741 1086 3795 atium
1099 3734 1323 3798 tormentoriali.
1333 3734 1376 3792 vel
1392 3733 1498 3807 aliquid
1509 3734 1694 3809 aequivalens.
1705 3737 1744 3793 lto
1759 3744 1801 3795 te.

158 3824 221 3881 loco
233 3839 288 3880 non
300 3820 379 3878 tollat
389 3820 627 3889 consuetudinem,
641 3837 696 3901 non
710 3827 754 3878 est
768 3821 880 3893 inutilis,
893 3824 957 3896 quia
991 3833 1057 3883 nent
1070 3826 1149 3883 multi
1162 3826 1285 3899 iuristae,
1298 3840 1368 3899 quos
1383 3824 1519 3896 reierunt,
1533 3829 1561 3881 ει
1576 3830 1732 3898 sequuntur
1744 3827 1799 3884 Go-

156 3915 183 3972 in
197 3913 303 3987 reliqua
318 3917 375 3968 tota
392 3911 590 3968 communitate
606 3911 722 3984 obligat,
738 3911 887 3968 laxantem
902 3911 958 3970 lata
993 3931 1052 3972 var.
1063 3915 1111 3972 lib.
1123 3919 1150 3974 3.
1166 3917 1264 3972 variar.
1275 3931 1302 3971 c.
1315 3919 1396 3986 ti,n.
1409 3919 1436 3985 5,
1447 3913 1663 3988 etTiraquelde
1677 3922 1799 3989 utreque

156 4020 207 4076 pra
221 4003 302 4072 loon,
318 3999 360 4056 vel
379 4001 593 4072 congregatione
612 4002 738 4073 speciali,
753 4003 777 4057 si
796 4001 831 4058 ibi
847 4002 959 4073 impedi·
990 4012 1107 4064 retract.
1118 4009 1239 4074 traci.2,
1254 4008 1267 4078 i
1282 4008 1306 4077 l,
1317 4004 1407 4062 Gloss.
1420 4004 1636 4078 l,n.25,idque
1649 4007 1801 4066 insinuavit

155 4103 201 4153 tur
211 4099 323 4167 propter
334 4091 561 4149 consuetudinem
570 4091 765 4163 particularem
777 4095 955 4166 contrariam,
990 4097 1086 4155 Glossa
1099 4097 1124 4152 in
1138 4094 1269 4156 authent.
1289 4097 1328 4155 Ut
1348 4093 1385 4150 de
1400 4097 1502 4162 cetero,
1521 4110 1550 4151 c.
1572 4098 1597 4167 l,
1613 4094 1697 4152 verbo
1706 4112 1799 4170 prue-

154 4183 255 4241 inutilis
268 4184 321 4240 tict.
331 4184 397 4240 ltem
411 4180 519 4239 videtur
530 4187 629 4237 contra
643 4182 825 4240 obedientiam
839 4181 957 4240 debitam
992 4189 1162 4264 seriptiope,
1178 4200 1243 4242 oum
1258 4184 1330 4240 enirn
1345 4189 1436 4241 textus
1453 4183 1497 4240 ille
1513 4183 1597 4255 dicat,
1612 4183 1698 4241 nulio
1707 4201 1798 4258 proe-
1826 4181 1829 4186 '

154 4273 290 4344 superiori
311 4272 438 4343 principi,
458 4276 615 4342 conoempla
634 4269 705 4327 illius
725 4271 783 4344 lege
801 4272 826 4327 iu
847 4272 957 4344 propria
994 4277 1154 4352 scriptione
1166 4271 1577 4341 obiiciendo,ctc.Gloss.addit
1590 4261 1799 4332 nossessiones

153 4361 353 4438 consuetudine
373 4358 529 4432 persistere.
550 4355 720 4433 Responderi
741 4367 849 4433 potest,
869 4361 956 4434 legem
991 4369 1058 4434 o·io,·
1080 4381 1143 4422 nam
1162 4363 1229 4420 baec
1248 4363 1452 4420 immemorialis
1470 4368 1633 4436 reputatur,
1649 4362 1702 4418 imo
1721 4361 1797 4420 addit

152 4451 225 4508 illam
241 4450 274 4506 dc
294 4465 323 4506 se
342 4449 439 4506 utilem
456 4465 516 4508 esse
530 4459 559 4508 et
580 4450 740 4524 efficacem
757 4466 807 4522 per
825 4451 955 4508 accidens
989 4454 1035 4512 vel
1049 4453 1309 4530 quadragenaria,
1327 4452 1402 4525 quod
1417 4455 1532 4509 nimium
1546 4457 1599 4528 est,
1615 4453 1699 4508 sentit
1712 4467 1795 4524 vero,

151 4546 295 4610 autem,et
307 4555 339 4596 ex
355 4539 505 4612 ignorantia
519 4540 726 4599 consuetudinis
738 4557 792 4598 non
804 4540 903 4599 babere
917 4541 956 4598 el·
990 4545 1097 4619 quoties
1112 4549 1259 4601 revocatur
1274 4543 1457 4614 consuetudo,
1469 4543 1510 4598 vel
1527 4549 1644 4616 negatur
1658 4541 1796 4615 praescri·

151 4629 268 4701 lectum,
284 4643 372 4702 neque
386 4629 440 4686 lroc
453 4645 514 4686 esse
528 4638 624 4689 contra
638 4630 816 4690 obedientiam
831 4639 860 4688 et
873 4647 952 4688 reve·
989 4636 1061 4710 ptio,
1077 4633 1185 4706 intelligi
1207 4632 1240 4689 de
1256 4631 1390 4690 ordinaria
1404 4632 1626 4705 consuetudine,
1651 4638 1700 4689 aut
1717 4646 1797 4704 prae-

150 4721 268 4776 rentiam
283 4719 419 4789 superiori
436 4719 572 4794 debitam,
587 4720 651 4794 quia
664 4721 786 4780 creditur
799 4737 861 4780 esse
879 4722 955 4778 iuxta
989 4726 1139 4798 scriptione
1160 4722 1232 4795 longi
1253 4724 1400 4795 temporis,
1422 4711 1475 4779 nori
1497 4738 1561 4779 vero
1577 4721 1743 4795 longissimi,
1768 4729 1797 4780 ει

151 4808 225 4866 illius
245 4808 415 4866 voluntatem
438 4810 497 4866 iure
518 4813 657 4868 communi
677 4813 853 4886 explicatam.
874 4811 951 4870 Addo
988 4815 1179 4872 multominus
1194 4810 1794 4886 immemorialis.Sieutiuraciviliadicunr,

150 4915 229 4971 vero,
244 4899 333 4972 legem
348 4899 420 4957 illam
435 4915 488 4958 non
503 4915 564 4957 csse
578 4901 718 4973 inutilem,
734 4919 823 4976 neque
838 4904 949 4960 omnino
988 4905 1135 4962 servitutes
1148 4902 1337 4960 discoatinuas
1352 4919 1405 4959 uon
1425 4901 1585 4976 praescribi,
1601 4901 1619 4958 l.
1632 4903 1788 4960 servitutes

151 5003 248 5046 carere
267 4989 384 5062 ellectu3
400 5005 463 5048 nam
478 4991 582 5066 obligat
601 4993 725 5050 subditos
739 4992 773 5050 ad
794 5000 952 5051 reverenter
982 4993 1191 5070 praediorum,
1210 4994 1237 5052 li.
1255 4992 1290 5049 de
1305 4994 1429 5050 servitui.
1444 4998 1471 5050 el
1485 4992 1661 5050 nibilominus
1676 5007 1729 5048 non
1744 4994 1789 5049 in-

151 5078 226 5136 illam
240 5078 455 5154 suscipiendam,
466 5087 494 5138 ει
507 5082 706 5140 recurrendum
720 5082 755 5141 ad
770 5085 950 5156 superiorem,
989 5086 1116 5160 telligitur
1125 5084 1303 5157 praescriptio
1313 5080 1784 5155 temporisimruemorialls,exclusa

152 5169 381 5230 consuetudinem
401 5188 495 5244 suam,
517 5178 545 5231 et
563 5175 696 5232 rationem
715 5175 776 5232 eius
796 5173 951 5247 allegando,
986 5175 1005 5233 l.
1021 5181 1047 5242 3,
1062 5173 1192 5247 iduatus
1206 5188 1319 5247 εᾳεεε,
1338 5171 1365 5228 u.
1381 5173 1415 5230 de
1429 5187 1502 5245 aqua
1514 5171 1620 5245 quotid.
1632 5177 1660 5229 et
1673 5172 1785 5228 aestiva.

151 5276 218 5319 cum
232 5262 323 5320 aniam
338 5262 463 5322 servandi
476 5263 575 5339 legem,
592 5266 615 5324 si
629 5265 821 5324 nonobstante
835 5271 951 5323 consue·
986 5267 1076 5341 Atque
1088 5265 1141 5323 hoc
1155 5263 1213 5324 lere
1227 5270 1335 5322 tantum
1348 5261 1555 5322 tundamentum
1570 5260 1604 5320 ad
1623 5261 1791 5321 confirman-
