4278 6242
874 293 1111 344 carurxxm.
1702 279 1764 344 tii

163 431 241 474 num.
263 419 392 486 6‚-rerbo
405 422 541 492 quietum
561 421 694 492 sigrium,
718 419 765 476 ubi
786 418 854 476 alios
874 418 968 477 refert.
1007 421 1033 476 in
1056 417 1203 491 ipso'aotu
1223 418 1395 490 postulatur,
1413 425 1442 476 et
1455 426 1557 490 tamen,
1571 419 1635 478 licet
1649 420 1803 493 omittatur,

164 507 199 562 lit
216 514 328 564 constat
340 495 373 565 eri
389 509 472 566 dictis
486 509 520 566 de
534 509 635 567 virtute
651 510 717 583 legis
731 509 891 580 simpliciter
906 525 969 580 pro·
1009 517 1089 566 actus
1110 515 1153 566 est
1173 508 1298 579 validus,
1320 516 1351 565 ut
1370 509 1404 565 ibi
1419 510 1507 568 Gtoss.
1524 509 1613 568 ultim.
1631 516 1715 568 notot.
1731 511 1806 568 ldem

129 597 132 603 '
165 595 284 653 bibentis
298 613 363 654 cum
379 597 504 654 clausula
517 600 643 656 irritante
657 593 762 655 actum:
779 614 840 654 nam
857 597 970 670 perinde
1008 606 1051 655 est
1071 599 1104 656 de
1126 599 1213 656 torma
1235 597 1807 658 servandainserendaseutenttaercom-
1879 631 1883 636 -

164 692 208 741 est
227 686 373 757 probibere
397 699 463 744 carn
488 687 583 744 eadem
606 687 751 759 clausula,
774 703 807 743 ne
821 686 898 743 aliter
913 687 969 744 liat.
1008 688 1216 760 manicationis,
1237 688 1311 745 iuxta
1326 703 1388 758 cap.
1411 691 1435 746 l.
1451 687 1484 746 de
1500 691 1635 746 sententia
1648 703 1807 746 excommu-

166 773 243 833 tlude
269 777 359 832 solum
383 783 495 848 oportet
520 776 674 849 advertere,
697 778 884 835 necessarium
898 791 971 847 ease,
1007 777 1164 848 nicationis,
1185 779 1212 834 in
1230 781 1257 850 6,
1273 785 1301 834 et
1325 779 1363 834 ita
1388 763 1541 852 loquuntur
1564 781 1639 838 citati
1664 786 1804 837 auctores.

167 871 199 922 ut
220 865 304 922 rerba
324 868 482 924 contineant
501 867 679 924 irritationem
699 869 733 926 de
754 866 905 940 praesenti,
921 882 970 923 seu
1006 865 1168 935 Qui.tamen
1189 865 1316 923 ridentur
1332 865 1405 924 aliod
1421 849 1574 926 membrum
1588 869 1725 940 omisisse,
1741 885 1805 928 nam

167 953 227 1027 ipso
249 954 329 1024 iure,
348 957 414 1030 quia
432 955 497 1013 alias
519 973 573 1014 non
586 957 764 1031 explicabunt
777 957 971 1015 necessitatem
1008 954 1146 1014 interdum
1166 955 1322 1013 solemnitas
1343 955 1496 1029 requiritur
1517 963 1580 1014 ante
1600 964 1711 1029 ectum,
1735 964 1765 1016 ut
1778 959 1807 1016 in

168 1045 327 1118 simpliciter
343 1045 378 1103 ad
394 1046 515 1104 valorem
529 1053 621 1118 actus,
638 1048 773 1106 utstatim
789 1047 875 1120 magis
888 1047 974 1120 expli·
1008 1046 1169 1104 alienatione
1192 1061 1285 1104 rerum
1312 1045 1567 1104 ecclesiasticarum
1593 1048 1810 1121 praerequiritur

1 1171 2 1185 .
59 1185 61 1190 ,
167 1135 286 1193 οοωωη.
1008 1143 1157 1212 tractatus,
1168 1137 1195 1194 ln
1210 1136 1344 1194 electione
1356 1151 1421 1193 roro
1433 1136 1572 1209 inquisitio
1588 1136 1630 1194 vel
1641 1136 1806 1194 informatio.

208 1224 362 1282 Adhibetur
381 1226 453 1282 enim
473 1226 655 1283 communiter
668 1225 733 1282 buic
754 1225 867 1300 regulae
881 1223 973 1283 decla·
1007 1227 1140 1284 Existimo
1165 1231 1280 1296 autem,
1301 1225 1375 1282 iuxta
1398 1212 1519 1282 mentem
1542 1224 1640 1284 horum
1659 1231 1809 1285 auctorum

168 1315 256 1384 ratio',
283 1315 424 1385 videlicet,
451 1322 482 1372 ut
505 1315 655 1387 procedat,
679 1314 791 1390 quando
811 1315 973 1374 solemnitas
1008 1314 1079 1373 banc
1107 1313 1308 1372 solemnitatem
1332 1313 1540 1373 antecedentem
1566 1313 1760 1388 comprehendi
1781 1314 1809 1370 in

169 1406 386 1481 praescribitur,
410 1412 441 1462 ut
460 1406 630 1464 observanda
651 1407 676 1463 in
698 1409 814 1480 ipsomet
829 1407 974 1464 affectione
1009 1406 1098 1477 primo
1119 1403 1242 1460 membre
1263 1409 1395 1476 tanquam
1416 1405 1597 1474 pertinentem
1621 1403 1655 1462 ad
1679 1405 1809 1461 substan·

169 1504 269 1568 actus3
287 1503 356 1552 ωηο
369 1497 444 1554 enim
458 1495 646 1554 substantialis
659 1503 718 1578 est,
734 1512 817 1554 secus
830 1511 896 1554 vero
910 1497 972 1568 erit,
1007 1495 1074 1550 tiam
1095 1499 1187 1550 actus.
1201 1492 1280 1560 Quod
1301 1493 1385 1550 sensit
1402 1493 1505 1564 Bartol,
1520 1509 1620 1566 supra,
1640 1500 1668 1550 et
1685 1495 1712 1550 in
1726 1493 1745 1552 l.
1761 1495 1810 1551 iic

171 1590 194 1643 si
211 1585 370 1643 solemnitas
387 1593 525 1658 supponat
536 1593 631 1644 sctum
641 1586 694 1644 iam
705 1586 821 1658 lactum,
833 1589 974 1661 quiatunc
1008 1587 1091 1656 puts.
1111 1578 1125 1650 l
1145 1597 1185 1640 es
1198 1580 1267 1656 ispe,
1285 1581 1313 1638 ti.
1328 1581 1363 1640 de
1377 1582 1526 1641 verborum
1535 1582 1766 1656 obligationibus,
1780 1587 1810 1640 et

171 1678 281 1749 signum
295 1681 354 1747 est,
368 1689 429 1732 esse
444 1683 553 1734 tantum
567 1675 776 1734 accidentalem.
792 1677 869 1733 lianc
882 1675 975 1732 decla·
1009 1687 1139 1745 expresse
1152 1672 1239 1730 liclia.
1255 1672 1284 1728 in
1299 1671 1373 1730 dicto
1389 1687 1451 1745 cap.
1465 1675 1542 1731 Cam
1554 1671 1673 1740 dilecte,
1692 1687 1769 1730 num.
1779 1675 1809 1746 s,

171 1767 306 1824 rationem
321 1765 413 1838 posuit
422 1765 496 1823 Bart.
516 1767 541 1822 in
557 1765 576 1822 l.
588 1768 736 1834 onicenses,
755 1766 786 1823 C·
799 1765 833 1822 de
846 1766 975 1837 precibus
1009 1762 1094 1821 verbo
1108 1767 1137 1820 et
1148 1763 1219 1820 binc
1233 1766 1286 1820 est.
1298 1762 1334 1819 lit
1345 1762 1416 1820 ratio
1428 1767 1482 1837 est,
1492 1761 1559 1835 quis
1571 1768 1638 1820 tunc
1650 1768 1731 1820 setus
1745 1776 1810 1820 oen·

171 1855 329 1928 imperatori
342 1853 506 1926 offerendis,
522 1861 551 1912 et
564 1857 592 1912 in
606 1854 626 1912 l.
641 1858 667 1912 si
679 1858 812 1929 itaquis,
835 1859 898 1929 135,
913 1853 926 1922 i
939 1869 977 1912 ec
1011 1858 1089 1910 setur
1110 1851 1248 1909 moraliter
1268 1851 1385 1924 incipero
1405 1865 1421 1908 a
1441 1849 1489 1908 toli
1508 1851 1682 1910 solemnitate
1701 1858 1812 1911 οηοοοο-

166 1943 243 2018 depe,
261 1959 329 2001 num
345 1950 373 2016 5,
389 1944 416 2001 n.
433 1945 467 2002 de
481 1945 632 2002 verborum
645 1945 871 2018 obligationibus,
887 1944 934 2003 ubi
948 1947 976 2002 in
1010 1939 1109 2015 dente,
1124 1948 1154 1999 et
1165 1941 1225 2015 ,iam
1240 1947 1307 1998 tunc
1320 1940 1364 1998 lex
1377 1942 1483 1999 resistit
1494 1943 1606 2015 actioni,
1622 1942 1644 1998 si
1658 1942 1737 2000 aliter
1750 1942 1808 2000 liat.

174 2033 286 2092 scholiis
299 2034 380 2091 multi
394 2033 438 2091 alii
451 2035 621 2092 referuntur.
638 2035 769 2108 Sequitur
783 2033 933 2093 Panormit.
950 2034 977 2090 in
1012 2031 1057 2090 Sic
1078 2047 1144 2105 ergo
1165 2030 1304 2090 declarata
1322 2031 1391 2090 ωοο
1406 2030 1546 2106 limitatio,
1560 2031 1593 2106 fet
1606 2031 1734 2090 doctrina
1747 2046 1812 2105 pro·

172 2121 246 2180 dieto
266 2138 331 2196 cap.
349 2121 689 2200 Qomeicmfrsqoserster,
708 2130 741 2182 ut
754 2124 799 2183 lite
813 2140 867 2182 non
883 2129 978 2182 conte·
1011 2122 1100 2180 banda
1120 2120 1244 2192 videtur,
1270 2128 1299 2179 ct
1323 2120 1416 2195 quoad
1441 2121 1596 2188 secundum
1609 2122 1766 2180 membrum
1778 2119 1813 2178 de

174 2219 255 2285 stata,
274 2229 352 2270 num.
365 2214 498 2284 1⁰,etibi
511 2214 685 2272 ieiunum.
699 2219 728 2286 l,
740 2215 788 2288 qui
802 2214 868 2272 alios
882 2213 977 2271 relert.
1012 2212 1168 2271 conditione
1182 2212 1377 2285 subsequente,
1392 2218 1436 2271 est
1449 2213 1615 2286 favorabilis,
1629 2220 1659 2272 et
1672 2228 1726 2270 non
1738 2210 1811 2269 indi·

174 2302 249 2360 Alios
267 2305 348 2360 etiam
370 2303 455 2360 reiert
472 2303 643 2377 Tiraquellus
662 2319 747 2376 supra
761 2321 788 2361 n.
805 2309 836 2378 l,
855 2319 994 2377 praeser-⁴
1012 2307 1060 2375 get
1073 2316 1144 2359 nova
1156 2302 1337 2382 expositionp.

175 2393 226 2450 tim
241 2391 693 2452 Baldrrminrubr.c.dcresoiud.
708 2393 981 2452 uenditionedixem·
1051 2396 1080 2451 2.
1096 2391 1175 2450 Circa
1193 2391 1311 2450 alterum
1332 2397 1424 2450 autam
1443 2393 1599 2452 membrum
1616 2389 1650 2449 de
1668 2392 1756 2451 iorma
1770 2407 1815 2451 rc·
1872 2395 1876 2404 “

173 2480 219 2554 pla
239 2483 340 2554 prioris
360 2484 445 2555 partis
465 2489 547 2552 sunt,
569 2481 603 2540 de
621 2482 792 2540 solemnitate
807 2483 939 2556 requisita
952 2484 980 2540 in
1013 2482 1114 2556 quisita
1133 2483 1160 2539 in
1184 2483 1301 2555 ipsomet
1314 2489 1380 2540 actu
1394 2497 1460 2539 cum
1473 2481 1599 2541 clausula
1615 2482 1750 2558 irritante,
1766 2499 1815 2542 oe·

175 2578 337 2630 testamento
362 2572 528 2644 efficiendo,
553 2587 616 2645 cap.
636 2575 715 2632 Cum
734 2588 825 2641 esses,
848 2573 882 2630 de
898 2579 981 2631 testa·
1014 2587 1127 2630 currere
1151 2577 1268 2645 possunt
1291 2570 1477 2644 quaestiones.
1493 2573 1552 2630 Una
1568 2576 1629 2645 est,
1650 2587 1684 2630 an
1699 2573 1815 2631 irritatio

175 2662 285 2733 mentis,
302 2662 321 2718 l.
336 2663 395 2720 too
409 2660 641 2729 consultissima,
655 2663 686 2720 C.
699 2664 746 2735 qui
760 2669 925 2720 neumenia
941 2661 982 2720 ia·
1014 2661 1062 2720 ills
1070 2663 1238 2736 intelligatur
1249 2663 1309 2735 ipso
1321 2662 1380 2720 iure
1391 2661 1484 2719 induci
1495 2661 1588 2719 statim
1598 2668 1697 2720 stante
1707 2677 1816 2721 omnem

175 2767 241 2810 cere
258 2758 385 2824 possunt.
395 2752 448 2810 Ubi
460 2760 556 2810 certus
567 2751 666 2809 modus
679 2758 708 2810 ct
721 2767 856 2810 numerus
868 2752 981 2810 testium
1015 2753 1188 2825 sententiam,
1204 2751 1248 2810 vel
1262 2752 1420 2826 requiratur
1434 2754 1568 2810 sententia
1583 2752 1679 2810 saltem
1693 2754 1817 2812 declara·

177 2842 212 2898 ad
232 2849 427 2898 tastamentum
451 2841 608 2914 postulatur
631 2843 656 2898 in
680 2843 795 2914 ipsomet
810 2839 887 2899 actu.
902 2841 978 2899 Idem
1016 2845 1086 2902 toria
1107 2843 1166 2902 talis
1187 2843 1371 2902 delectasio
1390 2857 1445 2916 qua
1463 2842 1811 2914 breviterdiesmlumsst,

178 2929 272 2989 estde
285 2929 456 2988 solemnitate
467 2929 502 2988 ad
515 2929 675 2989 electionem
686 2932 822 3005 requisita
832 2931 906 2990 dicto
917 2946 990 3004 cap..
1015 2935 1193 2994 irritationem
1209 2935 1281 2993 banc
1294 2933 1458 3010 regulariter
1472 2949 1526 2990 non
1540 2949 1602 2992 esse
1617 2934 1770 3006 poenalem,
1783 2937 1815 2990 ut

183 3023 243 3098 Qasr·
259 3025 389 3097 propter.
404 3021 525 3078 Alterius
543 3036 609 3079 rere
627 3023 712 3095 partis
730 3020 886 3094 exemplum
899 3029 943 3079 est
957 3021 983 3079 in
1016 3041 1065 3098 por
1078 3042 1107 3085 se
1121 3032 1241 3099 constat,
1254 3025 1318 3100 quia
1332 3040 1380 3099 per
1395 3039 1424 3082 se
1439 3023 1599 3098 imponitur,
1610 3024 1651 3082 rel
1666 3027 1759 3098 potius
1773 3031 1817 3081 set

179 3111 239 3184 lege
260 3112 435 3183 postulante,
460 3117 494 3168 ut
517 3111 629 3168 donatio
652 3111 728 3169 locta
746 3113 919 3184 insinuetur,
939 3111 982 3168 vel
1016 3117 1113 3190 quitur
1131 3131 1164 3174 ex
1178 3115 1290 3174 delectu
1304 3115 1425 3186 iormae,
1438 3115 1544 3173 etiamsi
1560 3115 1643 3188 culpa
1662 3130 1716 3172 non
1735 3117 1820 3174 inter·

180 3199 256 3275 quod
277 3217 310 3258 er
330 3216 360 3258 re
380 3200 488 3258 vendita
501 3200 563 3258 talis
578 3200 683 3274 gabello
697 3201 832 3260 solvatur:
849 3202 914 3260 alias
929 3217 983 3260 non
1018 3204 1112 3278 cedat,
1126 3205 1304 3264 nibilominus
1318 3203 1465 3278 aliquando
1475 3219 1557 3277 posse
1571 3220 1633 3262 esse
1647 3206 1675 3261 in
1688 3220 1816 3277 poenam.

179 3293 217 3349 sit
238 3287 367 3348 venditio.
383 3291 462 3348 Ratio
487 3296 579 3348 autem
602 3292 702 3365 prioris
725 3294 809 3366 partis
832 3300 891 3363 est,
918 3293 984 3366 quia
1017 3295 1182 3368 Exemplum
1203 3296 1275 3354 sumi
1297 3300 1436 3368 potestex
1454 3297 1626 3368 capNsoit.
1640 3294 1674 3352 de
1689 3295 1732 3367 iis,
1747 3308 1821 3369 quaa

181 3382 293 3456 quando
315 3381 403 3440 iorma
422 3383 451 3438 in
471 3383 590 3453 ipsomet
604 3389 668 3440 actu
682 3384 851 3456 postulatur,
865 3388 894 3441 et
907 3379 983 3439 addi·
1017 3385 1088 3442 dunt
1101 3401 1116 3440 a
1130 3383 1252 3457 praelato
1266 3385 1325 3441 sinc
1338 3399 1479 3442 consensu
1489 3383 1671 3455 capituli.Ubi
1684 3384 1820 3457 praecipi·

182 3479 246 3545 tur,
269 3467 400 3529 ut'aotus
423 3470 490 3528 alias
509 3470 601 3530 iactus
613 3488 673 3530 coe
685 3470 802 3540 select,
819 3473 877 3546 ipsa
890 3473 984 3529 imme·
1019 3482 1066 3533 tur
1082 3474 1237 3547 episcopis,
1262 3489 1296 3532 ne
1310 3474 1470 3546 instituant,
1486 3473 1528 3531 rel
1543 3474 1692 3532 destituant
1704 3473 1819 3532 abbates

181 3561 254 3620 diate
277 3561 381 3620 resistit
399 3559 486 3619 valeri
507 3567 604 3633 actm,
623 3568 652 3618 et
665 3559 726 3619 ideo
740 3561 802 3620 talis
817 3563 906 3620 torma
919 3561 985 3617 sub·
1019 3566 1077 3622 sine
1098 3579 1215 3622 suorum
1233 3563 1349 3622 iratrum
1363 3563 1477 3621 coasilio
1491 3572 1519 3621 at
1533 3578 1667 3638 assensu,
1683 3569 1713 3622 at
1725 3571 1823 3636 postea

182 3651 317 3709 smndslis
337 3657 489 3723 censetur,
508 3658 593 3723 prout
611 3665 685 3708 nunc
700 3651 849 3726 loquimur.
865 3651 985 3709 Alterius
1017 3656 1259 3736 irritanturpctns
1273 3653 1324 3726 illi,
1336 3654 1359 3711 si
1374 3654 1453 3712 aliter
1466 3654 1541 3723 bant,
1559 3653 1605 3712 ubi
1618 3655 1707 3713 Gloss.
1723 3653 1823 3712 ultima

183 3757 250 3798 rere
265 3740 351 3814 partis
365 3741 433 3798 ratio
446 3739 690 3814 est,quiaqusndo
705 3741 827 3799 conditio
840 3747 884 3798 est
895 3747 987 3811 poste·
1022 3751 1118 3816 notat,
1138 3743 1199 3801 illas
1216 3743 1385 3802 irritationes
1401 3757 1463 3801 esse
1477 3743 1537 3816 ipso
1551 3742 1628 3815 lure,
1643 3743 1712 3801 male
1727 3749 1823 3801 autem

183 3834 259 3906 rior,
276 3831 408 3904 supponit
420 3837 516 3888 actum
531 3829 634 3887 iactum
654 3830 712 3888 sine
732 3830 887 3888 resistentia
901 3829 982 3903 legis,
1022 3833 1083 3893 illas
1097 3834 1196 3898 tundat
1209 3835 1236 3892 in
1252 3834 1271 3891 l.
1293 3849 1353 3891 son
1367 3831 1499 3902 dabiram,
1518 3833 1594 3906 quia,
1610 3840 1643 3891 ut
1656 3847 1740 3905 supra
1753 3831 1822 3904 dixi,

184 3929 214 3980 et
229 3926 433 3994 consequenter
446 3918 620 3992 validumque
634 3918 748 3994 proinde
762 3920 826 3978 licet
839 3929 934 3993 postea
945 3921 986 3976 vi·
1023 3939 1121 3997 parum
1135 3924 1183 3983 illa
1201 3923 1309 3982 coniert
1321 3921 1355 3981 ad
1368 3938 1488 3980 canones
1501 3922 1738 3996 interpretandam
1758 3924 1825 3978 sunt

184 4013 284 4071 deatur
303 4011 379 4069 illum
393 4011 500 4067 irritare
514 4015 628 4082 proptor
640 4008 854 4083 subsequentem
864 4008 989 4067 omissio·
1020 4027 1088 4086 argo
1102 4014 1162 4086 ipso
1175 4014 1318 4088 iure,quia
1331 4012 1365 4069 ibi
1379 4013 1445 4070 satis
1456 4009 1715 4084 exprimitur.Quod
1730 4015 1824 4068 autam

187 4117 263 4174 nem,
273 4098 340 4158 illud
350 4105 394 4158 est
402 4114 452 4172 per
464 4099 578 4157 modum
592 4098 738 4157 cuiusdam
753 4113 866 4172 poenae.
880 4099 915 4156 Et
928 4097 988 4156 ideo
1023 4101 1068 4159 illa
1081 4102 1199 4160 irritatio
1213 4102 1296 4159 luerit
1310 4101 1447 4173 poenalis,
1461 4101 1564 4159 clarius
1578 4101 1717 4176 colligitur
1732 4115 1764 4158 ex
1783 4103 1825 4156 in-

186 4208 242 4250 non
271 4190 362 4248 subm
385 4190 467 4247 babet
479 4188 627 4262 ellectum3
648 4188 736 4247 donec
757 4188 911 4261 applicatur
925 4203 989 4260 poa·
1024 4197 1099 4266 legra
1114 4192 1140 4248 in
1155 4191 1266 4250 collect.
1289 4196 1313 4263 l,
1331 4190 1379 4248 lib.
1395 4195 1423 4264 3,
1439 4193 1482 4250 tit.
1498 4195 1527 4263 9,
1542 4207 1604 4265 cap.
1621 4197 1650 4260 4,
1666 4191 1711 4247 ubi
1725 4191 1766 4247 sio
1783 4189 1825 4248 di·

186 4296 238 4353 na,
266 4268 319 4338 nisi
343 4279 386 4338 lex
409 4278 546 4352 expressis
560 4278 648 4335 serbis
669 4278 796 4350 maiorem
809 4279 930 4351 rigorem
943 4277 990 4335 de·
1024 4282 1114 4339 citur:
1141 4279 1227 4358 Quod
1250 4283 1277 4338 si
1291 4277 1376 4353 forte
1399 4286 1505 4340 contre
1520 4279 1750 4356 prohibitionem
1774 4295 1828 4336 rso·

186 4371 287 4443 oleret,
314 4369 390 4426 iusta
404 4368 514 4442 regulas
528 4382 614 4440 supra
627 4369 731 4441 positas
745 4366 779 4425 de
794 4367 852 4442 lege
867 4366 984 4440 poenali.
1024 4365 1123 4430 itrom
1142 4375 1291 4430 ottemme
1305 4373 1564 4446 praesumpseris,
1582 4367 1725 4428 postules
1740 4370 1826 4426 isati

228 4462 265 4520 lit
277 4465 423 4532 propterea
436 4457 507 4531 dixi,
523 4457 595 4518 banc
609 4455 820 4516 declarationem
835 4457 990 4532 intelligen·
1025 4463 1160 4530 rationes,
1231 4464 1415 4520 anctoritate
1434 4459 1601 4537 apostotus
1612 4475 1780 4523 cessamus.
1797 4461 1827 4515 et

189 4551 252 4608 dam
268 4565 346 4620 esse,
360 4546 472 4623 quando
485 4548 529 4607 lex
542 4546 618 4605 addit
630 4548 755 4606 olssolute
769 4548 890 4607 verbum.
900 4547 991 4606 attur
1027 4556 1110 4611 omni
1132 4551 1238 4610 robore
1261 4557 1290 4609 et
1314 4548 1479 4610 stabilitate
1504 4565 1608 4608 cerere
1625 4547 1824 4607 decernimus.

188 4658 250 4700 soc
264 4639 379 4709 caleat,
396 4647 445 4698 aut
459 4639 533 4697 aliud
546 4637 646 4708 simile,
659 4640 725 4712 quia
738 4641 760 4695 si
775 4654 828 4696 non
841 4636 924 4704 addat
939 4637 990 4694 bu·
1027 4641 1153 4701 Pondere
1168 4643 1239 4698 enim
1254 4641 1370 4699 verbum
1383 4641 1635 4714 praesumpseris·
1647 4652 1680 4696 ex
1695 4637 1742 4696 illo
1754 4639 1828 4695 enim

188 4729 309 4789 iusmodi
324 4729 449 4803 verbum,
463 4730 569 4788 etiamst
583 4730 610 4786 in
624 4731 744 4802 ipsomet
756 4737 821 4787 actu
836 4729 993 4787 solemnita-
1028 4732 1094 4790 satis
1109 4737 1234 4801 constat,
1250 4730 1430 4788 irritationem
1444 4728 1510 4787 terri
1524 4729 1551 4786 in
1564 4728 1658 4788 odium
1673 4727 1828 4786 inobedien-

190 4829 248 4882 tem
266 4827 396 4894 apponat,
411 4836 464 4877 non
478 4821 603 4894 sequitur
616 4835 678 4877 esse
693 4819 912 4892 substantialem,
929 4834 993 4878 nom
1027 4823 1080 4881 tiae
1093 4829 1123 4880 st
1136 4821 1373 4895 transgressionis.

190 4912 274 4970 etiam
293 4912 381 4969 lorma
400 4908 575 4968 accidentalis
588 4914 681 4982 potest
696 4907 833 4966 interdum
847 4912 951 4983 requiri
964 4912 993 4967 in
1070 4917 1098 4971 t.
1111 4909 1225 4979 Quando
1239 4925 1306 4984 ergo
1319 4907 1436 4967 irritatio
1450 4923 1505 4966 non
1518 4913 1562 4966 est
1573 4907 1709 4980 poenalis,
1721 4907 1830 4965 clarum

190 5002 308 5076 ipsamet
325 5001 364 5058 rei
382 4999 536 5072 olisipone.
548 4998 711 5072 Exemplum
725 5015 787 5058 asse
800 5005 891 5071 potest
903 4999 936 5056 de
953 4999 994 5056 iu·
1027 5007 1087 5072 est,
1108 5015 1164 5056 non
1187 5015 1248 5057 ease
1273 4997 1456 5056 neeessariam
1480 5001 1652 5056 sententiam
1677 4997 1778 5071 ullam,
1797 5001 1832 5055 ut

192 5097 317 5150 ramento
342 5107 358 5149 a
381 5089 516 5147 iudicibus
540 5088 704 5161 praestando
722 5091 750 5146 in
769 5090 903 5162 principio
924 5089 992 5162 litis,
1029 5098 1109 5148 actus
1129 5092 1165 5146 sit
1183 5088 1276 5146 nullus
1296 5103 1329 5144 eo
1343 5085 1437 5158 modo,
1452 5103 1509 5160 quo
1524 5104 1573 5160 per
1589 5089 1675 5162 legam
1689 5087 1827 5148 irritatur.

193 5183 269 5242 iusta
284 5181 371 5255 legem
388 5194 453 5237 rem
471 5195 530 5235 reon
548 5193 671 5246 ervom,
689 5180 721 5237 G.
737 5179 770 5238 de
784 5179 901 5238 iudiciis.
916 5179 994 5248 Quod
1029 5179 1096 5249 Quia
1110 5177 1143 5235 art
1159 5177 1232 5236 illam
1244 5175 1394 5234 uirilitatem
1406 5191 1454 5249 per
1465 5192 1494 5234 se
1504 5193 1559 5235 noo
1571 5177 1719 5252 requiritur
1734 5176 1828 5252 culpa,

156 5297 162 5306 ·
274 5285 653 5342 sosasa.nessettm-rsrstt.
684 5337 688 5344 ,
990 5293 993 5298 ’
1617 5285 1644 5332 lt
