4190 6234
543 723 830 848 LIBER
879 724 1303 876 QUINTUS

256 1465 307 1548 bl
332 1465 567 1550 tramutata
591 1463 726 1550 ababli
747 1462 1001 1562 nonaullam
1022 1461 1586 1548 1111111111111110110111

146 2213 260 2269 biximus
274 2211 414 2271 hactenus
427 2211 460 2270 de
475 2213 533 2287 lege
548 2211 669 2272 humana
682 2214 709 2270 ln
726 2229 837 2290 genere,
854 2221 911 2271 tam
945 2229 1006 2287 res,
1021 2219 1049 2272 et
1061 2215 1247 2289 expositores,
1264 2221 1294 2273 ut
1311 2215 1337 2272 in
1351 2216 1411 2274 iure
1426 2217 1561 2274 canonico
1575 2213 1693 2273 Gratiou.
1709 2212 1738 2272 d·

118 2303 189 2376 cirili,
206 2319 293 2376 quam
307 2306 457 2379 canonica,
478 2306 543 2378 quia
556 2321 623 2362 roro
637 2306 663 2362 in
677 2312 794 2378 utroque
808 2304 903 2362 ordine
950 2309 1046 2380 l,2,et
1059 2313 1144 2378 3,pcr
1157 2313 1239 2381 totas,
1252 2323 1285 2365 ex
1298 2305 1402 2365 Isidoro
1416 2307 1463 2365 lib.
1474 2312 1500 2365 5.
1509 2305 1630 2367 Ettmol.
1639 2321 1699 2378 cap.
1712 2311 1737 2363 l.

118 2395 206 2468 aliquae
218 2403 301 2464 sont,
315 2411 387 2469 quae
401 2395 556 2453 secundum
570 2411 635 2454 suas
649 2396 802 2468 peculiares
816 2396 902 2454 ratio·
944 2403 972 2453 et
985 2404 1110 2471 sequent.
1127 2404 1155 2455 et
1168 2399 1205 2455 ibi
1218 2397 1406 2472 expositores,
1420 2405 1448 2456 et
1461 2399 1487 2454 in
1500 2399 1580 2456 rubr.
1598 2398 1631 2455 de
1644 2403 1735 2454 const.

116 2501 163 2560 nes,
175 2486 214 2544 rel
228 2489 428 2560 proprietates,
444 2485 554 2560 speciali
568 2487 648 2543 etiam
662 2486 847 2546 declaratione
861 2489 903 2546 in·
942 2490 973 2547 ln
987 2489 1046 2546 iure
1060 2496 1153 2546 autem
1166 2489 1236 2546 cirili
1253 2488 1392 2562 Papinian.
1415 2490 1443 2546 in
1457 2489 1476 2545 l.
1492 2491 1540 2546 toa
1554 2487 1648 2556 etoile,
1662 2487 1689 2546 ll.
1705 2486 1739 2544 de

116 2574 205 2648 digent,
219 2577 285 2650 quia
306 2579 435 2650 proprias
456 2577 558 2634 babent
577 2576 772 2650 difficultates,
793 2578 900 2637 idcirco
944 2581 1034 2637 iustit.
1047 2586 1075 2637 et
1090 2579 1143 2636 iur.
1157 2585 1184 2636 et
1199 2582 1330 2651 Pompon.
1346 2582 1374 2636 in
1388 2579 1406 2636 Ι.
1423 2584 1454 2652 2,
1470 2579 1499 2636 lt.
1514 2579 1548 2637 de
1562 2581 1631 2654 orig.
1643 2580 1697 2637 iur.
1713 2584 1742 2636 ct

116 2681 201 2739 operae
213 2669 340 2739 pretium
352 2665 417 2724 duxi
432 2669 460 2723 in
473 2667 526 2724 boc
541 2667 609 2731 libro
622 2673 650 2726 et
663 2669 773 2726 duobus
787 2685 903 2743 sequen·
940 2671 1038 2730 lulion.
1055 2671 1082 2728 in
1097 2672 1116 2728 l.
1132 2687 1225 2744 neque
1239 2669 1330 2745 tapes,
1348 2671 1374 2726 lt.
1392 2671 1425 2728 de
1445 2670 1567 2744 legibus,
1583 2677 1611 2728 et
1628 2669 1736 2743 Ulpion.

115 2758 176 2812 tibus
188 2755 220 2814 de
239 2757 293 2814 illis
314 2757 343 2813 in
364 2757 524 2830 particulari
542 2756 644 2815 dicere.
660 2759 789 2816 lloctrina
809 2767 901 2817 tamen
938 2763 966 2818 in
977 2761 995 2817 l.
1009 2758 1271 2828 diuturno,eod.ct
1284 2760 1426 2818 lustinian.
1442 2761 1590 2834 imperator
1602 2760 1691 2818 instit.
1702 2758 1736 2816 de

114 2847 209 2904 illorum
219 2848 443 2905 communicarit
454 2847 581 2905 civilibus
591 2856 620 2906 et
632 2850 770 2906 canonicis
782 2848 898 2924 legibus,
938 2850 1029 2910 iustit.
1037 2859 1065 2910 el
1078 2853 1132 2909 iur.
1142 2857 1233 2909 natur.
1244 2858 1320 2926 gent.
1332 2858 1361 2909 et
1374 2851 1458 2925 cirili,
1468 2868 1517 2926 per
1527 2852 1620 2925 plures
1632 2858 1737 2923 textus,

115 2939 167 3010 quia
178 2941 204 2994 in
223 2939 265 2996 bis
278 2938 436 2996 rationibus
454 2939 510 3018 lere
530 2939 702 2997 uniformiter
722 2942 898 3014 conueniunt,
940 2951 969 3001 et
982 2945 1144 3015 interpretes
1164 2941 1269 3000 eisdem
1282 2941 1361 3000 locis.
1377 2945 1413 3000 Et
1432 2958 1465 3000 ex
1479 2942 1615 3018 theologis
1636 2948 1737 3000 tractat

115 3028 207 3102 quodsi
217 3029 324 3104 aliquid
336 3031 475 3102 peculiare
485 3029 624 3087 interdurn
635 3033 761 3088 occrrrrit
770 3033 797 3086 in
808 3031 900 3104 aliquo
934 3037 995 3094 late
1006 3036 1106 3090 boton.
1118 3038 1178 3106 lep.
1188 3033 1229 3090 tit.
1240 3035 1285 3104 lt,
1296 3033 1582 3107 18,et19,etbrerins
1592 3034 1739 3091 dlbomos

115 3119 195 3176 ordine
204 3123 358 3194 utriusque
367 3120 446 3194 legis,
458 3120 537 3178 lacile
551 3123 655 3195 poterit
664 3135 713 3194 per
727 3121 901 3178 occasionem
949 3128 973 3183 1.
990 3130 1018 3198 2,
1034 3139 1061 3197 q.
1079 3127 1127 3194 95,
1141 3129 1194 3179 art.
1213 3127 1242 3195 l,
1257 3124 1337 3180 cuius
1351 3122 1510 3180 methodum
1524 3123 1663 3196 sequendo
1681 3122 1739 3180 cla·

115 3210 235 3270 adnotari.
248 3213 387 3280 Quoniam
401 3227 467 3269 rero
481 3219 536 3269 tarn
551 3212 625 3286 leges
639 3212 744 3283 civiles,
759 3228 842 3285 quam
857 3227 904 3268 ca·
944 3218 1004 3274 rius
1013 3221 1040 3272 ct
1049 3211 1199 3287 expeditius
1210 3213 1346 3270 nonnullis
1358 3215 1551 3286 partitionibus
1561 3215 1652 3272 omnia
1661 3229 1738 3273 com·

117 3305 217 3361 nonicae
230 3305 255 3360 in
270 3305 359 3375 plura
371 3303 495 3360 membra
509 3301 599 3360 solent
612 3301 708 3377 diuidi,
723 3318 794 3378 quas
808 3301 903 3360 maiori
945 3303 1159 3380 prebendemus,
1177 3310 1205 3360 et
1220 3303 1430 3362 elucidabimus.

113 3407 139 3450 cs
152 3401 223 3466 parte
233 3393 295 3451 solo
311 3393 432 3468 nomine,
443 3393 485 3450 rel
501 3393 535 3450 ad
548 3387 687 3451 summum
698 3391 858 3451 accidentali
873 3398 902 3448 et
982 3403 1010 3456 2.
1027 3398 1120 3454 Primo
1130 3379 1238 3469 ergo‘d.
1250 3394 1367 3452 Thomas
1380 3394 1479 3453 dividit
1491 3395 1579 3470 legem
1592 3396 1739 3455 humanam

113 3485 229 3542 0001011011
242 3484 407 3556 differentia,
420 3499 490 3557 quae
504 3482 538 3539 ad
551 3481 704 3540 doctrinam
717 3481 847 3539 moralem
861 3481 902 3538 ni·
942 3487 968 3544 in
979 3488 1022 3545 ius
1033 3487 1168 3560 gentium,
1177 3490 1205 3541 et
1217 3484 1297 3542 civile
1309 3500 1359 3542 scu
1371 3485 1522 3544 humanum
1534 3487 1655 3544 strictius
1666 3503 1742 3544 sum·

114 3573 142 3630 bil
154 3575 268 3648 conlerl,
279 3571 614 3646 distinguuntur,idcirco
626 3573 651 3628 in
663 3572 716 3629 boc
731 3573 805 3629 initio
819 3572 904 3644 porti-
943 3582 1035 3651 ptum.
1049 3579 1105 3636 llos
1126 3579 1217 3632 aomos
1232 3577 1260 3632 in
1280 3574 1469 3648 superioribus
1487 3575 1521 3634 de
1541 3577 1600 3634 iure
1618 3577 1740 3649 gentiunt

114 3666 186 3720 110101
202 3664 264 3721 illas
278 3673 311 3721 et
333 3665 423 3720 varias
436 3663 628 3736 appellationes
643 3662 735 3736 lesum
755 3663 904 3733 utriusque
944 3669 1081 3740 diximus,
1097 3673 1125 3724 ct
1144 3668 1182 3723 ita
1196 3665 1268 3722 illam
1283 3665 1443 3725 divisionem
1458 3667 1624 3739 omittimus,
1640 3683 1742 3741 suppo-

112 3754 201 3811 ordinis
210 3771 277 3829 prus
292 3753 387 3812 oculis
398 3769 500 3826 ponere
514 3752 629 3826 institui,
642 3761 670 3809 el
683 3769 717 3810 cx
727 3754 765 3810 eis
780 3752 841 3810 illas
854 3752 904 3810 eli·
943 3761 1108 3832 nimusque,
1123 3771 1278 3814 sermonem
1292 3773 1353 3813 esse
1366 3757 1399 3814 de
1419 3756 1478 3830 lege
1492 3758 1608 3830 positlra
1622 3758 1741 3816 humana

111 3859 174 3914 gere,
187 3844 340 3919 dequibus
354 3845 381 3901 in
395 3843 448 3901 boc
462 3852 491 3903 et
503 3843 613 3902 duobus
628 3843 808 3918 sequentibus
823 3844 900 3904 libris
945 3851 1057 3924 proprie
1071 3853 1193 3921 sumptu,
1209 3853 1240 3904 ut
1253 3861 1313 3904 esse
1329 3845 1400 3905 solet
1413 3846 1554 3920 distincta,
1569 3854 1596 3907 ct
1609 3851 1636 3907 in
1650 3849 1739 3907 direr-

114 3933 245 3993 diceodum
259 3943 319 3993 est.
942 3941 979 3996 sis
998 3937 1138 4012 gentibus,
1160 3937 1320 4012 provinciis,
1342 3953 1391 3995 sou
1412 3939 1581 4015 civitatibus,
1603 3946 1652 3997 aut
1670 3955 1738 3997 con·

943 4027 1147 4104 gregaliouibus
1171 4028 1323 4102 unicuique
1350 4032 1472 4103 propria.
1495 4031 1567 4088 llaec
1591 4031 1675 4105 igitur
1697 4031 1741 4088 lox

405 4113 545 4186 CAPUT
567 4115 594 4182 l.
943 4117 1126 4192 primodiridi
1146 4124 1238 4190 potest
1256 4118 1284 4175 in
1304 4120 1447 4194 scriptam,
1468 4125 1497 4177 et
1516 4136 1571 4177 uon
1591 4123 1733 4195 scriptam.

942 4210 1021 4267 Prior
1036 4208 1150 4282 intelligi
1164 4208 1235 4266 solet
1247 4209 1355 4266 nomine
1370 4209 1447 4284 legis,
1461 4212 1527 4284 quia
1540 4211 1608 4269 licet
1620 4218 1739 4285 utraque

234 4317 281 4374 De
295 4315 502 4375 bumanorum
516 4310 613 4386 tepum
625 4313 781 4370 cenatote,
945 4299 980 4357 sit
993 4315 1059 4358 vera
1072 4299 1130 4373 lex,
1146 4299 1322 4360 nibilominus
1336 4317 1435 4359 nomen
1449 4302 1517 4376 legis
1532 4302 1665 4360 humanae
1679 4302 1744 4360 sirn-

496 4433 506 4450 ,
943 4389 1053 4464 pliciter
1066 4389 1204 4464 prolatum
1216 4407 1267 4464 pro
1282 4390 1342 4464 lege
1356 4395 1460 4466 scripta
1473 4392 1561 4466 accipi
1574 4393 1655 4451 solet.
1667 4393 1744 4450 Unde

390 4492 624 4558 summarium
942 4480 1067 4540 Isidorus
1078 4483 1196 4541 aitzbee
1205 4487 1249 4539 est
1262 4485 1430 4541 constitutio
1443 4483 1667 4560 scriptoribus
1677 4499 1743 4542 roro

946 4570 1119 4629 consuetudo
1139 4571 1308 4646 appellatur,
1323 4589 1395 4647 quae
1408 4574 1501 4648 quoad
1521 4575 1701 4634 substantiam
1715 4581 1745 4633 et

115 4683 137 4737 p·
147 4685 232 4738 pm,
256 4686 442 4738 ,mmmm
463 4697 509 4735 ,eu
530 4683 749 4736 denominationes
768 4683 865 4748 legum.
876 4711 912 4722 -
947 4661 1140 4736 obligationem
1154 4676 1246 4719 ueram
1262 4661 1329 4737 legis
1344 4664 1478 4722 rationem
1492 4664 1584 4736 baben
1600 4665 1666 4739 quia
1678 4679 1745 4722 vero

142 4755 164 4807 1.
178 4757 229 4809 lex
237 4759 326 4824 primo
337 4754 465 4806 metuitur
474 4756 501 4804 io
514 4756 636 4819 scriptam
645 4761 673 4806 st
682 4769 733 4806 nou
742 4756 912 4820 scriptam-
947 4751 1030 4810 babet
1039 4753 1207 4825 peculiarem
1219 4752 1330 4810 modum
1342 4755 1535 4827 generationis,
1548 4762 1580 4812 ut
1591 4755 1630 4813 sic
1642 4755 1743 4829 dicam,

142 4829 165 4878 3-
179 4829 296 4880 secundo
308 4825 439 4878 dividitur
448 4825 529 4888 (111111111
539 4824 570 4875 ³⁶
583 4825 720 4890 principia,
731 4832 758 4876 et
770 4827 912 4878 materiali·
948 4857 999 4898 seu
1018 4840 1242 4916 introductionis,
1258 4849 1287 4898 et
1307 4841 1464 4912 efficaciae,
1479 4843 1582 4903 idcirco
1603 4844 1636 4902 de
1656 4845 1700 4902 illa
1718 4845 1746 4902 in

142 4895 914 5032 fflgfgfflffiogffflfflffgdgflssflffifflff
951 4932 1109 5007 particulari
1129 4932 1252 4991 dicemus
1269 4935 1297 4989 in
1318 4932 1365 4991 lib.
1381 4935 1439 5008 Vll,
1456 4950 1530 4992 nunc
1550 4952 1616 4993 vero
1633 4934 1668 4993 de
1687 4936 1747 5009 lege

142 5041 175 5089 tia
188 5041 257 5091 inter
272 5041 360 5104 legem
372 5045 401 5088 et
412 5041 548 5090 statutum.
952 5023 1057 5096 scripta
1071 5029 1234 5081 tractamus.
1250 5025 1323 5092 Quae
1338 5025 1475 5082 interdum
1489 5025 1660 5083 denominari
1677 5026 1748 5084 solet

928 5135 929 5138 ¹
950 5131 965 5171 0
979 5115 1107 5189 materia,
1123 5115 1165 5172 rel
1179 5113 1278 5187 modo,
1294 5131 1349 5188 quo
1363 5118 1465 5190 scripta
1479 5122 1537 5190 est,
1554 5119 1592 5174 sic
1613 5118 1686 5175 enim
1700 5134 1745 5175 so·

154 5205 175 5258 l.
189 5199 315 5258 lraduut
337 5198 426 5255 rarius
441 5197 532 5271 legum
553 5198 735 5256 humanarum
754 5197 906 5258 distinctio·
949 5204 1052 5262 lemnes
1067 5203 1178 5262 luerunt
1189 5205 1259 5276 apud
1273 5207 1411 5264 Romanoa
1422 5207 1494 5280 leges
1508 5207 1652 5265 duodecim
1665 5209 1745 5266 tabu·

115 5305 219 5363 nassau
231 5291 329 5364 potius
339 5288 569 5346 denominationes
579 5290 723 5364 utriusque
734 5289 905 5350 iurisoucto·
941 5297 1042 5371 larum,
1064 5311 1169 5370 quasa
1189 5295 1297 5368 decem,
1314 5311 1383 5369 quac
1398 5297 1507 5355 lucrant
1527 5298 1600 5372 apud
1615 5300 1734 5358 Graecos

181 5395 558 5452 §eumdumius-Parati.
1495 5407 1505 5448 l
