4290 6222
415 339 479 401 dib
1101 349 1204 400 arnna
1220 348 1294 398 vru.

374 477 503 536 Ordinem
523 483 657 547 transeat,
678 491 731 533 non
757 481 800 532 est
818 474 851 532 ad
866 472 1052 547 recipiendum
1066 473 1174 547 religio·
1212 489 1325 530 necesse
1345 479 1404 544 εει,
1427 480 1458 531 ιιι
1471 489 1566 532 ιιιειιιιι
1582 474 1753 548 privilegium
1767 471 1892 546 speciale
1909 471 2010 544 deroget

375 584 437 624 sum
459 567 571 625 alterius
592 565 703 623 Ordinis
724 565 863 639 aequalis,
885 565 964 622 etsie
977 563 1010 620 de
1024 564 1092 620 aliis.
1106 565 1175 619 Tum
1213 572 1260 621 tuo
1275 563 1414 638 generali,
1431 580 1498 638 ergo
1513 566 1677 638 respective,
1692 572 1721 621 et
1735 562 1895 622 sectandum
1916 563 2010 633 opposi-

375 655 509 730 denique,
524 655 587 728 quia
606 654 650 710 bic
665 670 732 710 ustts
747 653 878 729 privilegii
891 669 946 710 non
961 660 1004 710 est
1016 659 1115 710 contra
1128 667 1176 724 pa·
1214 655 1313 710 tionem
1333 668 1385 728 ego
1400 671 1463 711 sum
1477 656 1564 728 magis
1579 653 1781 728 privilegiatus,
1796 659 1829 710 et
1842 667 1900 708 oon
1916 657 2012 706 tantum

375 745 443 802 riter
462 745 661 817 privilegiatum
678 743 838 816 formaliter,
851 743 897 799 sed
914 749 1019 801 tantum
1034 741 1180 799 materiali·
1216 743 1374 816 acqualiter.
1389 744 1424 800 Et
1438 749 1516 816 patet
1528 759 1544 800 a
1558 744 1712 814 contrario,
1725 744 1787 816 quio
1802 748 1875 798 tnnc
1889 753 1941 810 ego
1957 745 2013 794 utor

375 840 429 903 ter,
439 835 465 890 id
481 842 524 890 est
537 840 635 890 contra
649 848 793 904 personam
808 832 953 890 habentem
969 831 1055 889 simile
1071 830 1179 904 privile·
1214 848 1274 889 meo
1289 831 1429 904 privilegio
1444 840 1540 888 contro
1558 839 1594 894 te,
1611 831 1793 904 impediendo,
1811 843 1847 886 ne
1863 836 1960 884 contra
1977 843 2012 882 rae

375 924 470 996 giurn,
493 938 545 979 non
571 929 660 978 tamen
679 928 816 995 quatenus
831 921 877 979 illo
898 921 936 978 uti
951 926 1056 994 potest3
1077 925 1105 976 et
1120 919 1179 976 ideo
1216 928 1265 978 tuo
1285 919 1426 994 privilegio
1446 921 1549 993 utaris,
1571 936 1639 994 ergo
1660 919 1700 976 vel
1726 927 1793 977 tnnc
1816 917 1916 974 delicit
1930 916 2014 988 regula

376 1011 430 1067 tale
449 1011 620 1086 privilegium
641 1011 703 1067 nibil
724 1010 832 1068 conlert
850 1009 885 1068 ad
900 1027 982 1068 usum
996 1009 1109 1067 alterius
1124 1010 1178 1083 pri·
1218 1009 1309 1085 quoad
1330 1011 1401 1067 banc
1421 1017 1541 1082 partem,
1562 1012 1625 1084 quia
1644 1009 1697 1066 iam
1717 1007 1911 1080 privilegiatus
1925 1004 2014 1078 gaudet

377 1101 466 1174 vilegii
481 1099 691 1173 impediendum.
1219 1100 1360 1174 privilegio
1381 1115 1433 1157 suo
1447 1109 1544 1157 contra
1560 1100 1661 1172 pariter
1676 1096 1899 1172 privilegiatum,
1914 1101 1941 1150 et
1956 1095 2015 1148 sica

418 1190 605 1262 &ampliatur
620 1188 685 1245 baec
701 1188 867 1260 assertio,ut
881 1189 974 1247 locum
986 1187 1085 1246 babeat
1097 1187 1179 1244 etiam
1216 1191 1393 1262 proportione
1409 1189 1581 1262 aequalitatis
1597 1194 1730 1262 sequetur
1740 1187 1827 1257 actio,
1838 1184 1883 1240 rel
1895 1189 1968 1240 certe
1980 1183 2016 1238 bie

377 1281 405 1336 in
419 1279 479 1350 bis,
496 1279 543 1352 qui
558 1277 680 1351 gaudent
692 1277 838 1350 privilegiis
852 1295 948 1337 eorum
963 1294 1011 1352 per
1024 1279 1181 1336 communi·
1217 1294 1272 1336 non
1286 1286 1330 1335 est
1344 1284 1450 1336 tantum
1465 1277 1603 1352 aequalis,
1620 1275 1668 1333 sed
1682 1277 1809 1347 superior
1827 1276 1856 1330 in
1873 1273 2016 1345 privilegio,

378 1369 515 1424 sationem
530 1368 666 1439 propriam
679 1381 728 1424 seu
738 1381 787 1438 per
801 1367 1005 1426 concessionem
1016 1365 1058 1424 od
1068 1369 1180 1423 luatur.
1218 1375 1246 1424 et
1259 1376 1461 1439 consequenter
1475 1367 1543 1424 alter
1554 1383 1609 1424 non
1622 1375 1665 1425 est
1677 1366 1792 1440 pariter,
1802 1363 1858 1421 sed
1869 1363 1959 1420 minus
1970 1364 2015 1434 pri·

380 1459 451 1516 llam
466 1458 557 1530 is,qui
572 1471 618 1528 per
628 1457 906 1513 communicationem
917 1456 1057 1529 privilegio
1068 1455 1180 1522 lruitur,
1220 1457 1375 1530 vilegiatus.

382 1548 483 1622 poterit
502 1547 546 1603 illo
573 1547 612 1602 uti
636 1547 717 1603 etiam
736 1553 836 1602 contra
850 1546 945 1617 illum,
960 1545 1007 1618 qui
1021 1545 1097 1616 prius
1112 1543 1182 1600 idern
1259 1553 1285 1604 5.
1297 1551 1328 1603 At
1343 1547 1427 1617 enim,
1437 1545 1546 1620 quando
1557 1543 1591 1602 de
1604 1559 1633 1601 re
1644 1551 1831 1614 constat,non
1843 1548 1890 1598 est
1900 1540 1934 1598 de
1948 1539 2018 1596 modo

382 1635 558 1711 privilegium
578 1635 688 1707 babuit,
703 1641 731 1692 et
744 1635 796 1690 luit
814 1641 944 1708 tanquam
960 1637 1080 1707 primum
1092 1648 1183 1690 exem·
1219 1635 1348 1709 loquendi
1366 1634 1606 1707 contendendum,
1627 1633 1675 1690 sed
1693 1649 1777 1691 verus
1791 1649 1896 1690 sensus
1913 1632 2018 1688 locutio·

383 1728 444 1800 plar
462 1727 533 1783 eius.
548 1727 589 1782 lta
603 1725 731 1781 observat
743 1724 863 1781 Cordub.
880 1725 905 1781 in
920 1722 1065 1796 compend.
1085 1724 1182 1780 minor.
1220 1727 1262 1782 nis
1277 1723 1568 1798 explicandusltaque
1583 1739 1680 1780 serum
1692 1723 1804 1795 quidem
1819 1729 1876 1795 est,
1894 1722 1920 1777 in
1935 1720 2018 1776 buius·

383 1815 468 1872 verbo
484 1813 724 1880 communicatio,
745 1812 771 1868 in
786 1815 848 1880 line,
866 1819 972 1870 etcum
988 1810 1184 1869 eoaodertcos
1220 1813 1293 1870 modi
1314 1819 1414 1870 eventu
1433 1827 1603 1870 concurrere
1623 1811 1680 1869 duo
1700 1811 1845 1886 privilegia
1866 1813 1947 1884 quasi
1960 1825 2017 1864 con·

383 1909 405 1960 t.
421 1908 446 1977 ι,
462 1920 491 1976 q.
506 1908 552 1974 55,
565 1909 618 1959 art.
631 1905 679 1960 21.
692 1901 726 1957 lit
739 1902 809 1958 ratio
822 1908 865 1958 εει
879 1903 964 1971 claro,
977 1902 1041 1974 quia
1054 1899 1098 1957 illa
1109 1916 1186 1956 conv¹
1220 1901 1315 1973 traria,
1328 1901 1371 1958 vel
1386 1903 1414 1958 in
1428 1901 1485 1957 suis
1500 1901 1619 1973 actibus,
1631 1900 1673 1957 vel
1687 1901 1766 1974 quasi
1780 1901 1905 1958 obiectis
1918 1905 2018 1956 contra·

385 1992 536 2051 municatio
557 1997 601 2047 est
622 2005 693 2046 nova
706 1990 851 2046 concessio
866 1989 1008 2057 eiusdem,
1026 2005 1076 2046 seu
1091 1987 1185 2046 similis
1219 1991 1366 2048 dictionem
1387 1989 1573 2060 includentis,
1600 1995 1630 2047 ut
1648 2005 1683 2047 ea
1706 1989 1784 2046 dictis
1810 1990 1882 2045 sads
1907 1993 2015 2043 constat.
2096 2039 2097 2050 ,

384 2081 516 2156 privilegii
531 2095 595 2137 cum
607 2078 771 2152 aequalitate
783 2077 1046 2153 (triaupponimusl3
1060 2079 1186 2135 baccau-
1220 2081 1296 2139 Unde
1317 2095 1430 2137 necesse
1450 2087 1511 2146 est,
1536 2085 1567 2136 ut
1589 2095 1672 2135 unum
1692 2077 1853 2150 praevaleat
1872 2082 1968 2134 contra
1987 2074 2018 2130 al·

385 2179 442 2230 tem
462 2168 612 2241 aequalitas
631 2183 686 2224 non
709 2166 823 2240 impedit
841 2184 924 2227 usum
943 2169 1075 2242 privilegii
1089 2174 1186 2224 contra
1220 2176 1327 2243 terum,
1349 2175 1381 2227 ut
1402 2169 1489 2242 possit
1512 2169 1572 2225 eius
1596 2170 1732 2225 actionem
1750 2167 1904 2239 impedire,
1930 2164 2017 2220 siveil·

386 2259 469 2316 alium
483 2257 636 2330 aequalem,
646 2266 679 2313 ιιι
693 2263 834 2314 ostensum
849 2259 965 2316 estNec
980 2261 1061 2314 etiam
1077 2257 1186 2314 obstare
1221 2259 1288 2332 lud,
1308 2257 1384 2334 quod
1399 2257 1553 2331 praevalet,
1569 2257 1676 2315 dicatur
1691 2257 1743 2314 sub
1756 2273 1789 2314 ea
1803 2258 1915 2314 ratione
1930 2256 2016 2321 maius,

386 2351 478 2420 potest
491 2346 537 2403 illa
550 2345 748 2418 praerogativa,
764 2352 794 2402 ut
809 2349 848 2402 sic
862 2345 965 2418 dicam,
980 2349 1006 2402 io
1021 2347 1183 2420 antiquitate
1223 2357 1361 2424 quatenus
1376 2347 1454 2405 alteri
1467 2347 1596 2420 derogat,
1619 2347 1674 2403 sive
1688 2346 1796 2403 dicatur
1810 2361 1879 2418 par,
1893 2346 1957 2416 quia
1972 2358 2016 2398 non
2096 2399 2097 2418 ,

387 2435 535 2509 privilegii,
552 2450 601 2490 seu
615 2435 641 2489 in
656 2435 843 2518 antecessione
858 2435 947 2508 quoad
961 2437 1076 2510 primam
1092 2437 1187 2493 obten·
1221 2439 1295 2496 salet
1309 2439 1342 2494 ad
1362 2436 1497 2511 agendum
1510 2437 1538 2492 in
1552 2436 1643 2508 aliud,
1660 2434 1708 2491 sed
1724 2442 1834 2492 tantum
1850 2432 1885 2490 ad
1902 2433 2017 2488 resisten·
2096 2469 2097 2476 ι

388 2526 491 2583 tionem
506 2523 650 2580 eiusllam
664 2538 712 2595 per
724 2523 776 2578 boc
790 2523 896 2581 nullum
908 2527 1024 2598 speciale
1036 2527 1080 2582 ius
1092 2524 1188 2599 acqui·
1223 2528 1299 2585 dum.
1317 2527 1426 2599 anue
1440 2525 1520 2581 etiarn
1536 2527 1671 2598 sequitur,
1684 2523 1719 2580 ad
1735 2539 1819 2579 usum
1832 2523 1909 2579 illius
1920 2519 2015 2592 regulae

389 2616 462 2674 ritur
486 2613 630 2685 antiquiori
650 2612 843 2687 privilegiario,
867 2627 917 2671 nec
936 2614 1018 2672 datur
1037 2615 1186 2687 exemptio,
1221 2618 1407 2674 necessarium
1420 2631 1493 2689 esse,
1509 2613 1680 2670 conditiones
1695 2613 1907 2686 privilegiorum
1925 2616 2017 2682 specta·

391 2720 448 2778 qua
463 2703 549 2775 possit
559 2719 611 2759 non
623 2716 732 2758 servare
743 2702 817 2758 alteri
829 2702 1003 2775 privilegium
1015 2703 1051 2760 illi
1061 2718 1188 2760 commu·
1222 2722 1267 2778 re,
1288 2713 1319 2762 ut
1331 2711 1457 2774 constet,
1477 2703 1550 2776 quod
1565 2703 1739 2777 privilegium
1754 2702 1917 2775 praevaleat
1931 2706 2016 2756 contra

390 2795 531 2866 nicatum3
551 2807 617 2864 ergo
637 2807 690 2848 non
706 2791 796 2848 minus
811 2791 867 2864 ipse
882 2791 982 2850 adhoc
998 2794 1137 2868 obligatur
1150 2793 1190 2851 al·
1222 2796 1356 2866 alterum,
1383 2793 1424 2850 vel
1450 2794 1539 2864 possit
1562 2792 1598 2848 illi
1612 2793 1762 2864 resistere,
1777 2791 1855 2863 quod
1870 2791 1940 2846 inlra
1953 2789 2016 2842 circa

392 2883 462 2956 teri,
477 2896 561 2954 quam
574 2896 589 2936 e
604 2895 738 2937 converso
754 2879 820 2937 alter
835 2882 884 2954 ipsi
899 2881 1045 2956 obligatur.
1223 2884 1402 2941 mutationem
1416 2881 1624 2953 privilegiorum
1638 2881 1818 2938 tractandum
1835 2888 1890 2938 eei.
1909 2881 1943 2938 Ut
1958 2895 1980 2932 v.
1991 2893 2014 2949 g.

432 2977 459 3030 ι.
477 2972 543 3028 llico
564 2968 700 3028 secvmdo:
716 2969 830 3036 Quando
844 2969 1002 3044 privilegiati
1016 2978 1190 3029 concurrunt
1223 2974 1245 3029 si
1261 2988 1347 3028 unvrm
1361 2973 1397 3028 sit
1410 2969 1550 3043 generale,
1566 2976 1592 3026 ct
1608 2968 1682 3026 aliud
1697 2971 1829 3041 speciale,
1844 2969 1899 3026 boc
1916 2981 2016 3040 praeva-

394 3064 422 3120 in
442 3059 586 3133 privilegiis
608 3057 761 3115 secundum
780 3059 977 3131 oppositionem
991 3053 1187 3135 respectivar'n,
1224 3063 1276 3135 let,
1296 3063 1346 3118 nbi
1367 3062 1391 3117 ei
1405 3063 1442 3116 sit
1456 3074 1504 3133 per
1519 3058 1664 3131 specialem
1678 3060 1838 3116 clausulam
1852 3058 2014 3129 derogatum,

394 3161 462 3210 tunc
483 3149 666 3222 privilegiatus
685 3163 738 3202 non
755 3147 858 3221 gaudet
870 3163 921 3205 suo
936 3148 1077 3223 privilegio
1090 3156 1189 3206 contra
1223 3157 1292 3209 tunc
1312 3151 1384 3207 enirn
1409 3149 1460 3205 erit
1478 3149 1558 3220 quasi
1577 3147 1698 3204 ablatam
1720 3147 1906 3221 privilegium.
1924 3147 2016 3201 sivero
2096 3213 2097 3228 χ

393 3243 499 3316 pariter
514 3237 760 3312 privilegiatum,et
773 3243 974 3310 consequenter
990 3238 1035 3295 bic
1048 3255 1101 3296 uon
1116 3245 1189 3295 tene·
1213 3232 1374 3312 'utrumque
1389 3238 1562 3311 privilegium
1578 3235 1793 3309 sitgenerale,et
1804 3245 1939 3294 neutrum
1949 3231 2015 3290 alteri
2096 3287 2097 3290 ,

394 3339 442 3388 tur
464 3327 540 3385 alteri
560 3325 730 3398 privilegium
751 3341 834 3382 suunt
853 3341 974 3384 servare.
990 3328 1020 3382 ln
1039 3327 1090 3384 boc
1105 3343 1189 3383 sensu
1224 3344 1352 3402 expresse
1367 3327 1492 3400 deroget,
1507 3327 1645 3398 oportebit
1657 3327 1804 3399 inspicere,
1816 3325 1896 3400 quod
1911 3325 1945 3381 sit
1956 3323 2014 3379 anti·

393 3421 465 3478 solet
477 3415 530 3474 boc
544 3416 757 3488 pronunciatum
772 3414 879 3487 exponi,
892 3422 925 3472 ut
938 3421 1013 3487 patet
1026 3430 1060 3472 ea
1074 3417 1187 3472 Covarr.
1225 3421 1308 3493 quiue
1328 3424 1357 3474 et
1370 3416 1496 3489 dignius,
1513 3415 1555 3472 vel
1570 3431 1586 3471 a
1599 3416 1695 3473 maiori
1709 3422 1847 3487 potestate
1861 3411 2011 3488 procedens,

394 3524 491 3582 supra,
510 3506 556 3580 qui
571 3505 648 3577 dicit,
661 3519 722 3561 esse
735 3519 882 3560 commune
896 3505 1014 3576 axioma,
1029 3513 1058 3561 ct
1072 3505 1191 3561 sumitur
1224 3515 1253 3565 et
1272 3507 1343 3564 idem
1362 3521 1428 3563 cura
1448 3505 1626 3577 proportione
1639 3513 1697 3574 est,
1714 3505 1736 3560 ει
1753 3510 1907 3577 utrumque
1922 3502 1954 3556 sit
1966 3513 2013 3570 spe

389 3601 426 3656 'err
445 3594 575 3654 buibent.
595 3591 629 3649 de
650 3595 752 3649 sanctis
771 3593 893 3665 episcop.
915 3591 992 3659 laed
1010 3594 1085 3652 baec
1101 3607 1193 3668 prue—
1225 3597 1295 3654 cinle
1319 3597 1394 3653 iuxta
1415 3595 1548 3666 principia
1568 3599 1595 3650 et
1615 3592 1726 3666 regulos
1745 3593 1817 3649 inira
1833 3591 1975 3648 tradendas
1988 3587 2014 3642 de

394 3688 479 3752 senti,
497 3691 526 3740 et
538 3698 571 3740 ex
585 3682 603 3738 l.
619 3696 730 3748 uuum,
746 3677 759 3748 i
772 3681 824 3738 ult.
840 3697 873 3756 ea
888 3682 908 3738 l.
925 3697 983 3755 seq.
997 3683 1025 3740 tl.
1041 3681 1074 3739 de
1089 3686 1188 3762 minor.
1226 3687 1372 3762 privilegiis
1387 3685 1545 3756 contrariis,
1557 3681 1696 3756 quomodo
1710 3684 1841 3754 componi
1859 3681 2014 3754 possint,aut
2096 3697 2097 3744 ;

393 3778 430 3834 Ει
448 3773 604 3831 declaratur
622 3771 755 3842 exemplis
777 3772 987 3842 suprapositis,
1003 3778 1031 3827 et
1045 3773 1188 3831 similibus.
1226 3775 1301 3851 quod
1319 3774 1416 3832 debeat
1432 3779 1530 3830 contra
1551 3772 1669 3830 alterum
1683 3771 1853 3844 praevalere.
1870 3771 1944 3829 Unde
1960 3763 2013 3824 illud
2096 3783 2097 3840 3

395 3869 464 3924 Nam
479 3863 501 3916 si
515 3861 577 3934 quis
591 3858 672 3915 babet
682 3857 854 3932 privilegium
866 3859 983 3932 cogendi
995 3860 1193 3936 debitorem,et
1226 3867 1346 3923 axioma:
1362 3862 1551 3936 privilegiatus
1563 3877 1616 3919 non
1631 3860 1734 3935 gaudet
1744 3861 1887 3934 privilegio
1899 3875 1947 3916 ειιε
1960 3871 2013 3913 con·

397 3953 503 4012 debitor
517 3949 600 4006 babet
614 3945 801 4021 privilegium,
825 3962 858 4004 ne
874 3948 945 4004 intra
960 3955 1068 4005 tontum
1083 3957 1192 4024 tempus
1226 3956 1384 4027 impariter
1400 3951 1619 4026 privilegiatum,
1635 3951 1709 4008 bunc
1731 3966 1848 4008 sensum
1862 3949 1956 4006 babet:
1972 3945 2013 4016 pri·

396 4043 458 4115 cogi
473 4041 572 4112 possit,
588 4053 641 4093 non
656 4037 757 4109 poterit
771 4035 892 4093 creditor
908 4043 1006 4095 contra
1020 4039 1102 4096 talem
1117 4039 1193 4097 debi·
1225 4044 1354 4118 vilegium
1377 4059 1431 4100 non
1455 4040 1538 4098 babet
1559 4040 1688 4098 effectum
1707 4048 1806 4098 contra
1824 4039 1902 4097 aliud
1922 4036 2014 4110 privile·

396 4139 486 4188 torem
505 4143 556 4184 suo
576 4125 715 4199 privilegio
735 4125 790 4198 uti,
806 4132 862 4181 etc.
878 4127 958 4184 Ratio
972 4143 1039 4185 vero
1053 4135 1113 4202 εει,
1128 4131 1193 4202 quia
1226 4135 1317 4207 giam,
1339 4147 1388 4204 per
1404 4130 1658 4204 quodderogatu13
1679 4145 1727 4202 per
1741 4145 1813 4203 quae
1826 4129 1914 4188 verba
1927 4126 2013 4184 clarius

398 4229 475 4278 tunc.
487 4221 663 4274 concurrunt
675 4212 732 4271 duo
748 4214 903 4288 privilegia,
919 4231 1039 4289 quorum
1054 4235 1140 4278 unum
1155 4220 1194 4277 ol·
1226 4231 1255 4280 et
1267 4223 1394 4294 proprius
1409 4220 1481 4294 idern
1494 4219 1663 4290 explicatur,
1678 4225 1706 4276 et
1719 4235 1784 4276 cunr
1798 4219 1895 4276 eadem
1915 4227 2013 4291 propur-

396 4311 447 4368 teri
461 4305 572 4376 resistit,
581 4311 610 4361 et
623 4303 683 4360 ideo
696 4319 750 4360 non
761 4311 853 4376 potest
862 4308 941 4378 sequi
954 4323 1022 4364 usus
1035 4308 1115 4366 nnius
1127 4325 1194 4370 con·
1227 4313 1299 4369 tione
1314 4326 1410 4367 verum
1424 4317 1483 4384 εει,
1499 4308 1683 4381 privilegium,
1700 4316 1730 4365 ut
1744 4308 1828 4365 babet
1845 4308 1972 4365 rationem
1984 4302 2013 4356 ll·

397 4408 441 4457 tra
455 4397 551 4467 alium,
567 4395 640 4450 sicut
652 4391 806 4465 pbilosopbi
820 4392 972 4468 dicunt,ad
988 4399 1194 4470 proportionem
1226 4401 1288 4475 gis,
1313 4417 1366 4457 non
1391 4397 1509 4471 obligare
1533 4413 1615 4464 eum,
1640 4397 1687 4471 qui
1702 4413 1750 4470 per
1764 4398 1840 4456 aliud
1858 4393 2011 4470 privilegium

398 4484 572 4560 aequalitatis
586 4498 642 4538 non
658 4481 736 4555 sequi
750 4483 894 4539 actionem.
905 4485 1034 4562 Quamvis
1046 4496 1138 4545 autern
1149 4504 1193 4546 res
1227 4489 1385 4564 praevalens
1400 4493 1545 4560 exemptus
1554 4494 1608 4562 est,
1619 4503 1670 4544 seu
1680 4503 1696 4544 a
1707 4488 1752 4544 tali
1763 4488 1926 4562 obligatione
1938 4495 2014 4540 uem·

397 4579 500 4636 intenta
515 4587 564 4644 per
575 4571 645 4628 banc
660 4569 784 4642 regulam
799 4572 839 4627 ειε
854 4576 1007 4658 expositum
1020 4591 1086 4651 qera
1098 4578 1143 4648 sit,
1156 4578 1195 4633 ni·
1228 4586 1310 4653 ptus,
1326 4594 1397 4653 quae
1413 4577 1555 4651 limitatio,
1575 4563 1626 4634 se'u
1639 4579 1764 4650 exceptio
1779 4593 1834 4634 non
1850 4584 1895 4636 εει
1907 4577 1930 4631 in
1949 4585 2012 4644 prae-

396 4667 543 4728 bilominus
555 4664 581 4717 in
593 4662 673 4719 modo
684 4661 812 4732 loquendi
823 4669 916 4734 potest
926 4665 1050 4736 quisnou
1061 4667 1194 4723 immerito
1228 4670 1297 4727 senti
1315 4667 1460 4742 specialis,
1482 4665 1529 4724 sed
1549 4667 1576 4722 in
1589 4667 1662 4723 omni
1677 4667 1736 4740 lege
1753 4667 1874 4724 bumana
1888 4681 1948 4724 curn
1962 4675 2013 4733 prt-

399 4755 611 4823 dubitare.Quia
626 4759 693 4809 tuno
707 4765 737 4807 re
752 4767 817 4814 vera
832 4768 886 4807 non
902 4753 1064 4824 prohibetur
1078 4755 1141 4829 quis
1156 4756 1194 4812 uti
1228 4758 1351 4832 portione
1369 4757 1461 4814 locum
1476 4755 1568 4827 babet,
1585 4760 1616 4812 ut
1633 4771 1680 4828 per
1694 4771 1723 4811 se
1737 4763 1858 4814 constat.

400 4864 452 4903 suo
467 4845 606 4918 privilegio
621 4848 719 4898 contra
733 4841 834 4912 pariter
848 4840 1055 4916 privilegiatum,
1067 4843 1115 4901 sed
1128 4859 1195 4900 con·
1269 4853 1295 4906 6.
1311 4847 1391 4905 Aliud
1405 4845 1520 4903 dubium
1535 4846 1611 4902 circa
1625 4845 1696 4902 benc
1711 4851 1818 4918 partem
1833 4854 1887 4918 est,
1900 4861 1930 4902 an
1944 4838 2012 4915 privi-

399 4944 443 4993 trn
463 4936 548 5008 nangis
573 4930 789 5005 privilegiatum,
817 4932 881 5002 qnia
900 4931 936 4987 ibi
951 4941 1125 4990 concurrunt
1139 4934 1194 4991 duo
1230 4937 1344 5010 legium,
1357 4946 1389 4994 ut
1399 4943 1441 4992 cat
1455 4935 1508 5007 lex,
1522 4935 1658 4992 interdum
1669 4934 1771 5009 obliget
1783 4939 1864 4992 etiam
1877 4939 1960 5008 ipsum
1968 4927 2012 5000 pri·

400 5024 541 5098 privilegio
560 5019 637 5094 quasi
659 5021 812 5089 contraria,
835 5021 901 5090 quia
922 5027 1002 5077 tuum
1017 5039 1042 5077 v.
1058 5037 1086 5094 g.
1104 5029 1148 5080 εει
1162 5024 1196 5080 ad
1231 5027 1413 5099 vilegiarium.
1428 5026 1496 5082 llam
1510 5025 1585 5097 quod
1602 5039 1681 5081 nemo
1695 5025 1837 5098 cogendus
1852 5028 1887 5083 sit
1899 5025 1934 5081 uti
1946 5018 2011 5093 prist·

400 5112 594 5184 imponendum
611 5108 674 5166 mibi
689 5124 772 5178 onus,
782 5115 810 5164 et
825 5123 916 5165 meum
931 5125 963 5165 ne
978 5111 1080 5182 imponi
1096 5112 1193 5188 possit,
1231 5112 1299 5188 legio
1313 5129 1383 5186 suo,
1400 5114 1426 5169 in
1444 5115 1506 5170 iure
1520 5119 1634 5170 cautum
1650 5113 1775 5187 videtur,
1792 5130 1819 5171 c.
1832 5116 1868 5174 Si
1881 5113 1914 5170 de
1932 5115 2007 5170 erra.

399 5218 470 5282 'ergo
491 5208 523 5259 ut
543 5207 574 5258 tu
589 5215 642 5256 noo
658 5197 746 5271 possis
762 5199 800 5254 uti
815 5197 954 5270 privilegio
969 5203 1017 5256 tuo
1031 5209 1126 5258 contra
1140 5217 1194 5276 me,
1231 5203 1265 5259 de
1280 5203 1405 5277 privileg.
1417 5203 1453 5260 Et
1471 5203 1538 5262 ratio
1554 5202 1629 5262 reddi
1643 5208 1749 5275 potest,
1764 5205 1844 5276 quie,
1860 5200 1929 5277 quod
1946 5193 2010 5255 alicui
