4260 6222
274 477 278 486 Ι
390 389 453 455 teo
1076 407 1178 458 ιιιιιι
1192 409 1267 458 vm.

349 529 580 603 comparationem
596 528 628 586 ad
644 528 845 593 conditionem.
861 529 984 603 scilicet,
1000 538 1031 589 ut
1045 532 1150 590 tamdiu
1186 533 1289 592 iortiori
1304 528 1327 589 sl
1340 533 1425 606 possit
1439 532 1554 589 transire
1566 547 1581 588 ι
1592 536 1664 589 statu
1680 531 1809 607 religiose
1824 529 1859 587 ad
1875 545 1929 586 non
1944 545 1989 586 re·

348 619 444 692 duret,
468 619 598 693 quamdiu
620 619 739 676 conditio
761 620 916 679 duraverit:
942 622 1001 678 talis
1021 622 1149 680 voluntas
1184 623 1331 698 ligiosum,
1350 624 1391 681 vel
1414 638 1462 695 per
1482 621 1728 695 dispensationem,
1750 621 1792 678 vel
1814 619 1867 677 alie
1893 619 1988 690 ruodo,

348 709 521 766 concedentis
533 725 581 781 per
593 707 749 766 adiunctam
764 709 948 768 conditionem
963 712 1146 784 significatur,
1184 715 1283 772 amittit
1300 713 1439 787 privilegia
1453 713 1542 770 omnia
1557 711 1683 785 religiosi,
1695 711 1758 784 quia
1771 709 1867 781 statui,
1881 723 1932 765 seu
1945 725 1990 764 ra-

346 805 375 856 et
388 798 448 857 ideo
468 799 559 857 solum
574 799 680 856 cuniert
693 799 834 875 privilegio
849 799 1021 858 durationem
1033 816 1149 874 propor·
1184 805 1257 862 tione
1276 810 1365 862 status
1380 804 1521 876 potissime
1538 800 1742 874 conceduntur,
1760 808 1843 873 atque
1856 797 1926 856 adeo
1940 797 1990 854 de·

346 891 491 962 donatam,
506 889 558 946 tale
572 904 636 962 ergo
650 889 820 963 privilegium
834 889 894 948 ideo
910 891 1045 963 perditur,
1058 889 1147 947 ablata
1182 893 1372 966 pendenterab
1384 893 1430 950 illa
1438 892 1601 950 conditione.
1610 892 1645 949 lit
1654 889 1746 948 eadem
1757 891 1864 947 rollone
1872 888 1990 946 iamilie-

346 979 520 1051 conditione,
543 979 608 1053 quia
627 979 732 1036 finitum
753 987 795 1037 ιιι
815 985 941 1052 tempus,
956 996 1006 1051 pro
1026 996 1082 1054 quo
1096 979 1148 1037 iuit
1181 984 1219 1039 ris
1230 983 1373 1056 Religionis
1384 984 1455 1041 intra
1464 982 1536 1038 illam
1549 982 1682 1052 babitans,
1698 979 1831 1038 mutando
1843 979 1987 1035 habitatio·

346 1083 526 1140 concessum,
539 1074 569 1125 ιι
582 1068 619 1126 ιιι
633 1067 676 1124 ιιι
692 1068 792 1126 modus
807 1069 958 1126 amissionis
973 1067 1026 1124 sub
1041 1067 1147 1141 praedi·
1183 1088 1261 1148 nem,
1277 1075 1376 1131 amitiit
1397 1071 1554 1146 privilegia,
1569 1086 1640 1144 quae
1658 1085 1706 1142 per
1724 1068 1894 1143 Religionem
1909 1081 1989 1124 eom·

346 1165 390 1216 cto
404 1159 526 1216 membro
541 1157 708 1216 continetur.
722 1158 762 1214 Ει
774 1159 878 1217 ιιιιιιι
890 1165 982 1216 autem
994 1157 1067 1236 iacta
1079 1174 1145 1215 con·
1180 1149 1540 1236 municabsuturquasisub
1551 1159 1706 1218 conditione
1718 1158 1789 1216 illius
1798 1158 1908 1216 unionis
1918 1171 1987 1213 cum

345 1255 415 1321 ιιιι,
431 1249 618 1306 necessarium
632 1263 708 1320 esse,
725 1254 756 1305 ut
769 1245 889 1306 conditio
904 1251 939 1306 sit
952 1249 1077 1322 apposita
1091 1263 1145 1305 non
1181 1251 1243 1324 illa,
1265 1253 1339 1310 iuxta
1360 1253 1482 1326 reguiam
1503 1251 1629 1308 traditam
1649 1266 1664 1307 ι
1678 1248 1754 1308 Bald.
1771 1251 1796 1306 in
1817 1248 1835 1304 l.
1856 1252 1887 1322 t,
1902 1248 1987 1306 (λιιι

344 1338 434 1395 selum
448 1337 480 1394 ad
495 1338 566 1410 lieri,
581 1337 628 1394 sed
641 1337 723 1395 etiarn
736 1338 770 1395 ad
785 1339 1019 1396 conservationem
1037 1337 1146 1409 privile·
1180 1343 1268 1414 episc.
1285 1349 1315 1400 et
1328 1341 1396 1399 cler.
1409 1359 1437 1398 n.
1456 1347 1482 1400 5.
1495 1342 1739 1413 Quotiescumque,
1755 1338 1896 1409 videlicet,
1911 1351 1987 1394 unus

343 1427 389 1500 gii.
403 1429 514 1484 Certum
528 1433 570 1485 est
583 1427 671 1500 enim,
687 1433 808 1502 utroque
822 1429 902 1486 modo
922 1427 1033 1502 adiungi
1049 1444 1140 1502 posse,
1179 1432 1282 1506 gnudet
1293 1432 1432 1506 privilegio
1443 1437 1557 1504 propter
1567 1429 1694 1487 unionem
1705 1427 1844 1500 eumalio,
1853 1429 1901 1484 cui
1912 1429 1987 1499 prin·

343 1523 372 1574 et
387 1518 501 1589 positam
518 1523 624 1574 tantum
639 1532 688 1589 pre
700 1517 766 1588 lieri,
778 1533 832 1574 nou
844 1517 983 1588 sufficere,
996 1525 1028 1575 ut
1038 1516 1071 1574 ad
1084 1533 1146 1574 mu·
1179 1521 1302 1595 cipuliter
1318 1537 1482 1579 concessum
1497 1525 1554 1594 est,
1569 1528 1598 1578 ιι
1611 1521 1637 1578 ιι
1648 1535 1704 1594 quo
1715 1518 1774 1576 solo
1785 1519 1856 1575 ratio
1868 1533 1987 1574 conces·

344 1607 476 1664 tationem
490 1607 560 1676 eius,
573 1614 695 1664 mutetur
709 1605 890 1680 privilegium3
903 1609 967 1681 quia
981 1614 1048 1665 tunc
1062 1607 1146 1681 privi·
1179 1611 1262 1668 sionis
1281 1611 1430 1684 invenitur,
1448 1616 1514 1668 tunc
1529 1609 1663 1667 dissoluta
1676 1610 1793 1681 unione,
1805 1615 1834 1664 et
1845 1623 1861 1663 ι
1872 1605 1988 1664 ιιιιιιιι

342 1696 443 1769 legium
465 1713 518 1754 nen
540 1697 638 1769 pendet
650 1699 678 1753 in
691 1697 848 1753 conservari
869 1713 884 1755 a
903 1697 1077 1770 conditione,
1093 1697 1143 1755 sed
1177 1700 1374 1758 interveniente
1387 1709 1474 1758 morte
1485 1700 1669 1772 privilegiarii,
1687 1704 1894 1772 consequenter
1906 1699 1989 1752 amit·

344 1792 451 1843 tantum
472 1787 498 1843 in
519 1787 591 1858 lieri,
608 1801 657 1843 seu
677 1802 733 1842 non
753 1793 797 1844 ιιι
815 1786 1032 1844 conditionatum
1050 1785 1142 1860 quoad
1177 1798 1236 1848 tere
1254 1791 1424 1864 privilegium
1439 1790 1568 1863 alterum,
1582 1788 1623 1846 vei
1640 1787 1717 1862 alios,
1730 1787 1831 1861 quibus
1841 1801 1891 1858 per
1904 1784 1987 1843 talem

343 1878 585 1950 perseverantiam,
602 1874 649 1932 sed
664 1873 755 1933 solum
770 1875 861 1948 quoad
875 1876 1099 1951 productionem,
1114 1885 1142 1936 et
1177 1880 1454 1938 communicationem
1481 1879 1654 1952 privilegium
1675 1877 1850 1934 conceditur.
1874 1873 1987 1933 Funda-

342 1964 401 2022 idou
422 1965 531 2038 implete
551 1964 755 2022 conditione'in
776 1967 835 2038 ipso
850 1967 925 2039 lieri,
940 1973 1035 2039 postea
1051 1974 1143 2025 manet
1178 1975 1301 2027 mentum
1322 1970 1404 2028 buius
1425 1969 1537 2042 regulae
1557 1975 1618 2036 est,
1633 1967 1698 2041 quia
1716 1974 1848 2039 respectu
1864 1965 1986 2022 aliorum

341 2055 513 2128 privilegium
526 2055 635 2112 omnino
648 2054 815 2126 absolutum,
826 2063 854 2113 et
865 2054 927 2113 ideo
939 2073 992 2114 non
1004 2056 1140 2130 perditur,
1176 2059 1319 2116 concessio
1339 2059 1384 2115 ille
1398 2066 1441 2116 est
1455 2056 1606 2116 virtualiter
1619 2057 1818 2124 conditionata,
1830 2062 1862 2112 et
1878 2062 1989 2126 tempo-

340 2151 447 2204 mutata
466 2145 631 2204 conditione.
646 2145 776 2230 Exemplo
792 2161 837 2204 res
849 2145 1019 2204 declaratur.
1035 2148 1104 2204 Nam
1119 2148 1141 2204 si
1176 2146 1252 2218 ralis,
1271 2147 1384 2219 scilicet,
1400 2145 1532 2221 quamdiu
1545 2146 1590 2205 ille
1603 2146 1710 2217 vixerit,
1723 2144 1767 2202 vel
1779 2143 1915 2218 quamdiu
1930 2143 1985 2201 du·

339 2237 411 2308 Papa
422 2236 557 2293 concedat
567 2234 648 2292 alicui
660 2236 827 2292 monasterio
838 2236 1008 2310 privilegium
1020 2252 1075 2292 oon
1086 2236 1142 2294 sol·
1175 2239 1275 2294 raverit
1289 2237 1386 2294 umbra
1400 2237 1486 2310 illius,
1502 2237 1544 2294 ιιΙ
1558 2237 1717 2295 coniunctio
1733 2251 1798 2292 curn
1813 2233 1880 2307 illo,
1899 2240 1930 2290 ut
1943 2235 1986 2290 sic

341 2324 421 2381 vendi
438 2324 577 2396 decimas,
594 2325 617 2380 ιι
632 2325 778 2397 episcopus
791 2327 979 2397 consenserit,
993 2333 1022 2384 et
1036 2327 1141 2398 episco·
1175 2326 1275 2385 dicam.
1291 2329 1326 2385 Et
1346 2326 1398 2384 hoc
1420 2327 1502 2385 modo
1524 2327 1640 2384 diximus
1655 2341 1756 2397 supra,
1772 2325 1912 2399 aliquibus
1927 2325 1985 2396 pri·

341 2429 395 2485 pus
416 2413 497 2470 semel
520 2414 688 2480 consentiat,
709 2415 862 2486 acquiritur
882 2414 1072 2488 privilegium3
1088 2431 1138 2474 nee
1177 2417 1280 2490 vilegiis
1295 2416 1415 2491 gaudere
1430 2433 1543 2475 uxorem
1560 2417 1664 2474 ratione
1675 2417 1765 2474 mariti
1776 2457 1784 2486 ,
1797 2417 1907 2472 vivente
1923 2414 1984 2482 iilo,

341 2503 392 2558 erit
412 2503 438 2558 in
460 2509 594 2575 potestate
611 2502 732 2575 episcopi
752 2509 883 2561 revocare
895 2503 978 2576 illud,
994 2504 1139 2578 quiaillud
1175 2512 1203 2564 et
1217 2506 1286 2564 tilios
1301 2506 1407 2564 vivente
1421 2513 1509 2579 patre,
1524 2506 1626 2581 qulbus
1640 2522 1694 2563 non
1708 2503 1849 2578 gaudent,
1866 2511 1980 2560 mortuo

340 2609 394 2650 non
405 2593 536 2666 donavit,
552 2585 599 2650 sed
611 2594 698 2666 Papa,
712 2599 739 2650 ιι
749 2593 811 2650 Ιιιιι
822 2595 968 2666 episcopus
979 2601 1074 2667 postea
1084 2594 1141 2652 dis·
1175 2602 1269 2669 patre,
1287 2597 1423 2655 ueletiam
1438 2598 1563 2666 virente,
1577 2597 1599 2652 si
1614 2595 1704 2652 emisit
1716 2593 1902 2667 privilegium.
1920 2595 1986 2650 lloc

340 2682 452 2753 sentiat,
469 2698 523 2739 nou
542 2682 690 2752 amittitur,
702 2683 766 2757 quia
781 2699 833 2740 non
848 2683 897 2740 init
912 2684 971 2741 elus
986 2699 1138 2742 consensus
1174 2693 1266 2744 autern
1283 2703 1337 2744 non
1351 2693 1394 2744 est
1408 2686 1572 2756 universale,
1587 2691 1620 2743 ut
1633 2685 1669 2742 ibi
1682 2683 1753 2752 dixi,
1766 2692 1794 2742 et
1805 2685 1870 2741 ideo
1883 2682 1984 2757 regula

338 2773 488 2846 requisitus
506 2779 538 2829 ut
551 2771 671 2829 conditio
686 2778 833 2845 perpetue,
850 2771 899 2830 sed
913 2775 1002 2831 solum
1017 2775 1051 2831 ad
1066 2775 1139 2831 valo·
1172 2776 1247 2834 Baldi
1261 2774 1431 2850 intelligenda
1444 2783 1488 2834 est
1507 2775 1686 2850 regulariter,
1703 2789 1754 2831 seu
1776 2773 1822 2832 ubi
1840 2789 1932 2846 neque
1945 2789 1983 2830 ιιι

339 2878 397 2920 ιιιι
417 2863 617 2946 concessionis.
633 2863 720 2919 Secus
734 2876 799 2918 rere
808 2870 903 2937 esset,
920 2863 941 2918 si
955 2864 981 2918 in
997 2862 1137 2937 privilegio
1173 2867 1263 2924 verbis
1277 2865 1419 2938 privilegii,
1432 2880 1520 2938 neque
1534 2882 1565 2922 ιι
1579 2865 1632 2923 aiio
1644 2865 1704 2922 iure
1715 2871 1838 2936 constet,
1853 2865 1984 2920 maiorem

337 2951 497 3026 diceretur,
518 2950 649 3028 quamdiu
670 2952 817 3024 episcopus
838 2953 1025 3026 consenserit,
1047 2953 1089 3011 vel
1114 2955 1138 3010 ιι
1172 2955 1229 3012 deri
1243 2956 1539 3022 communicationem,
1555 2961 1585 3011 ut
1599 2953 1698 3011 ibidem
1713 2955 1913 3027 explicuimus.

338 3041 459 3102 conditio
478 3049 627 3115 poneretur
648 3057 701 3097 non
721 3057 754 3099 ex
774 3049 850 3114 parte
872 3042 1020 3117 privilegii,
1040 3044 1088 3122 sed
1103 3060 1138 3102 ιιι
1213 3047 1239 3103 7.
1252 3042 1371 3101 Tandem
1382 3042 1416 3100 ad
1427 3044 1501 3100 bunc
1513 3043 1632 3115 primum
1644 3040 1760 3100 modum
1772 3042 1914 3100 amittendi
1924 3044 1985 3115 pri·

337 3137 416 3202 parte
437 3139 530 3203 actus,
547 3145 596 3187 seu
612 3147 680 3187 usus
693 3130 763 3188 eius.
778 3134 812 3189 Ut
825 3132 846 3187 ιι
861 3131 1017 3190 diceretur:
1033 3135 1138 3191 Conce-
1173 3133 1303 3206 vilegium
1332 3135 1452 3205 pertinet
1471 3132 1638 3190 ordinarium
1656 3131 1791 3204 dubium,
1811 3146 1846 3188 an
1872 3131 1986 3204 privile·

337 3220 427 3278 dimus
443 3220 502 3290 tibi,
518 3227 549 3278 ut
565 3221 652 3292 possis
667 3236 720 3277 non
736 3220 842 3278 solvere
855 3220 988 3292 decimas,
1002 3239 1056 3280 non
1070 3225 1138 3280 resi·
1173 3223 1249 3295 gium
1269 3223 1412 3280 amittatur
1431 3238 1481 3294 per
1501 3239 1587 3279 uuum
1607 3229 1700 3279 actum
1715 3220 1811 3279 ιιιιιιιι
1826 3221 1887 3278 ιιιι.
1903 3219 1983 3290 Quod

337 3317 423 3368 stente
437 3311 583 3383 episcopo,
596 3310 636 3367 rel
651 3317 683 3368 ut
693 3311 780 3383 possis
792 3313 951 3370 concionari
963 3315 1138 3372 consentien·
1174 3313 1282 3384 attingit
1295 3311 1395 3368 Nabar.
1412 3313 1439 3368 in
1459 3327 1521 3384 cap.
1538 3310 1674 3379 Placuit,
1690 3309 1725 3367 de
1739 3312 1847 3383 poenit.
1864 3310 1932 3368 dist.
1950 3315 1982 3382 6,

337 3405 363 3457 ιι
377 3402 525 3475 episcopo,
544 3407 610 3457 tunc
631 3401 703 3456 enim
723 3407 846 3458 cessaret
866 3401 1055 3475 privilegium,
1076 3419 1138 3460 ces·
1174 3417 1201 3457 n.
1222 3404 1287 3474 teo,
1302 3408 1330 3459 et
1343 3403 1471 3459 Panorm.
1488 3402 1514 3458 in
1528 3417 1555 3458 c.
1569 3405 1597 3460 ι.
1610 3399 1645 3457 de
1659 3407 1751 3474 tregu.
1763 3407 1792 3458 et
1802 3415 1889 3473 pace,
1905 3407 1933 3457 ιι
1944 3399 1982 3456 ibi

337 3496 413 3547 sante
429 3489 600 3548 conditione:
616 3497 682 3548 tunc
698 3498 790 3547 autem
806 3506 860 3547 non
875 3493 985 3548 omnino
999 3493 1137 3550 amittere·
1173 3489 1258 3548 Felln.
1275 3490 1345 3563 late,
1360 3497 1388 3548 ιι
1406 3507 1441 3548 ιι
1460 3490 1514 3547 illis
1535 3489 1627 3564 colligi
1647 3489 1756 3547 videtur
1777 3488 1848 3546 baec
1868 3488 1979 3562 regula:

336 3585 382 3637 tur
396 3579 588 3652 privilegium'
582 3594 607 3635 un
618 3594 659 3652 ιι,
672 3577 720 3636 sed
731 3579 821 3636 solum
832 3578 924 3653 quoad
936 3595 1017 3638 usum
1029 3597 1079 3654 pro
1091 3581 1137 3638 illo
1173 3577 1274 3636 Odiosa
1294 3579 1449 3652 privilegia,
1470 3594 1540 3652 quae
1561 3578 1595 3636 ad
1616 3577 1677 3636 lites
1699 3579 1816 3650 dantur,
1838 3579 1910 3635 finiri
1931 3593 1982 3650 per

336 3676 419 3742 actor,
434 3685 497 3726 nam
509 3676 603 3742 postea
613 3669 713 3726 iterum
724 3671 909 3728 consentiente
920 3671 1062 3752 episcopo,
1075 3687 1138 3744 pos·
1175 3681 1264 3725 unum
1278 3673 1372 3724 actum
1387 3675 1623 3754 consummatum,
1637 3667 1798 3724 favorabilia
1811 3675 1908 3726 autern
1926 3683 1982 3724 non

336 3766 379 3817 set
391 3759 453 3832 quis
469 3759 509 3816 uti
525 3757 570 3814 tali
584 3757 732 3833 privilegio,
749 3761 815 3832 quia
828 3759 949 3817 conditio
963 3775 1018 3817 non
1030 3759 1082 3817 iurt
1091 3775 1139 3833 ap
1171 3757 1276 3828 amitti,
1292 3758 1376 3813 etiam
1389 3757 1465 3814 finito
1479 3753 1523 3814 tali
1538 3749 1614 3830 actu,
1632 3756 1675 3815 rel
1690 3773 1755 3814 usu
1768 3759 1856 3814 Feret
1866 3758 1961 3814 Bart'
1952 3773 1982 3812 ιιι

335 3849 422 3921 posita
437 3865 487 3920 pro
501 3850 560 3920 rpso
575 3847 733 3922 privilegio
727 3864 754 3904 vn
764 3864 810 3923 se
825 3848 874 3906 sed
889 3855 995 3907 tuntum
1007 3865 1057 3922 pre
1070 3865 1135 3906 usu
1173 3844 1195 3900 l.
1212 3845 1263 3902 ult.
1280 3845 1308 3902 d.
1323 3846 1358 3903 de
1373 3853 1465 3903 const
1481 3847 1572 3919 princ.
1588 3863 1616 3903 ι.
1635 3850 1651 3905 b
1656 3845 1785 3919 ,dicens,
1803 3846 1980 3920 privilegium

334 3938 371 3996 Et
389 3937 448 3994 ideo
469 3936 566 3994 modus
587 3936 747 3995 conditionis
766 3953 800 3996 ιι
821 3944 915 3996 ιιιιιι
929 3939 1062 4015 privilegii
1076 3937 1137 3996 dili·
1173 3934 1207 3992 ad
1228 3935 1364 4009 agendum
1384 3937 1411 3992 ιι
1430 3935 1532 4002 iud'uio
1547 3935 1664 4010 durare,
1680 3935 1801 3994 durante
1817 3935 1937 4007 iudicio,
1952 3943 1980 3992 et

336 4033 432 4103 genter
447 4017 641 4099 ponderandus
655 4033 708 4084 ιιι
1035 4021 1041 4032 '
1173 4025 1325 4098 illelinito,
1341 4027 1424 4083 finiri·
1418 4025 1675 4101 ,aliiqueaddunt,
1691 4026 1979 4101 privilegiumadex·

375 4121 402 4176 6.
418 4119 562 4174 Praeterea
581 4116 615 4174 sd
632 4116 683 4174 boc
698 4117 851 4175 membrum
865 4082 1036 4176 reducentur
1052 4119 1134 4174 amis·
1173 4115 1330 4188 cipiendum
1345 4132 1398 4174 nou
1413 4118 1451 4173 ιιι
1465 4118 1549 4187 liniri,
1562 4116 1609 4174 sed
1624 4131 1685 4174 esse
1699 4123 1880 4190 perpetuum,
1893 4123 1922 4174 ιι
1932 4133 1982 4172 su·

336 4207 425 4264 siones
442 4205 662 4280 privilegiorum,
677 4222 748 4281 quae
762 4209 927 4280 contingunt
940 4223 989 4280 per
1005 4208 1135 4267 mutstio·
1171 4205 1257 4264 mitur
1277 4223 1310 4265 ιιι
1324 4206 1413 4264 Gloss
1435 4207 1462 4263 in
1483 4207 1502 4264 Ι.
1509 4204 1615 4279 salso,
1632 4208 1663 4263 C.
1677 4205 1712 4263 de
1725 4205 1829 4265 divers
1847 4211 1979 4278 rescript

336 4314 396 4355 nem
411 4303 516 4370 status,
531 4297 574 4354 vel
587 4297 704 4355 alicuius
718 4297 838 4368 vinculi,
850 4313 935 4371 aquo
950 4298 1014 4355 ιιιιι
1028 4297 1135 4371 privile·
1172 4296 1256 4354 rerbo
1262 4271 1416 4372 marmio,
1431 4295 1477 4354 ubi
1491 4296 1539 4366 ait,
1553 4295 1725 4369 privilegium
1736 4295 1770 4352 ad
1783 4294 1980 4368 excipiendum

334 4389 379 4461 gia
392 4385 547 4460 pendebunt
560 4392 690 4461 tanquam
704 4403 719 4443 ι
734 4387 888 4444 conditione
899 4388 1066 4459 necessaria,
1079 4387 1135 4444 sal·
1173 4402 1235 4444 esse
1255 4393 1433 4461 perpetuum
1449 4385 1544 4444 Latius
1557 4385 1641 4443 tradit
1654 4387 1783 4444 Pauorm.
1804 4385 1831 4441 in
1851 4402 1880 4443 c.
1898 4388 1980 4444 Cum

336 4485 391 4536 tem
405 4475 532 4549 virtuali,
548 4492 596 4533 seu
610 4476 747 4550 generali,
759 4483 789 4533 et
800 4475 861 4534 ideo
874 4474 1004 4534 desinunt
1015 4490 1077 4535 esse
1087 4474 1135 4534 de·
1171 4480 1379 4544 accessissent,
1398 4477 1431 4534 de
1445 4476 1558 4533 constit.
1574 4493 1602 4532 n.
1619 4479 1648 4535 6.
1660 4477 1740 4533 Ratio
1752 4481 1849 4534 autem
1863 4491 1925 4532 esse
1939 4476 1981 4532 vi·

315 4567 439 4626 'sinente
460 4565 634 4640 conditione,
650 4573 678 4624 et
697 4567 734 4624 ita
751 4567 841 4624 omnia
856 4565 899 4623 illa
913 4566 1014 4624 babent
1028 4573 1136 4626 certum
1170 4567 1269 4639 detur,
1290 4568 1356 4641 quia
1374 4565 1544 4640 privilegium
1565 4564 1599 4623 ad
1615 4565 1753 4639 agendum
1772 4566 1903 4624 odiosum
1923 4572 1981 4638 est,

335 4661 485 4717 terminum
497 4656 647 4713 durationis
662 4657 688 4712 ιι
702 4656 880 4713 concessione
896 4655 1063 4731 praefixum,
1079 4672 1135 4714 uon
1173 4659 1240 4731 quia
1253 4662 1296 4714 est
1310 4662 1405 4713 coutre
1418 4655 1515 4728 alium,
1538 4654 1573 4713 ed
1587 4653 1784 4728 excipiendum
1798 4671 1866 4713 vero
1880 4662 1926 4713 est
1938 4657 1982 4712 ia·

335 4749 360 4806 in
375 4746 535 4821 particulari
552 4745 711 4816 definitum,
727 4746 775 4804 sed
789 4761 836 4818 per
852 4747 1086 4817 comparationem
1101 4745 1136 4804 ad
1173 4746 1305 4819 sonabile,
1320 4747 1385 4818 quia
1398 4751 1442 4802 est
1456 4743 1490 4802 ed
1505 4746 1644 4817 propriam
1663 4743 1861 4803 defensionem.
1880 4793 1883 4802 .

335 4839 419 4896 alium
440 4837 610 4906 terminum,
626 4851 676 4892 seu
691 4834 885 4893 conditionem.
901 4836 946 4892 Sic
960 4836 1079 4894 novitius
1093 4852 1136 4892 re·
1210 4843 1237 4896 8.
1253 4833 1305 4894 Sed
1323 4834 1470 4892 dicendum
1483 4849 1600 4907 censeo,
1621 4833 1820 4893 resolutionem
1843 4835 1979 4907 propositi

334 4927 458 5002 ligionis,
474 4924 583 4982 dimisso
597 4924 691 4981 babitu
704 4923 855 4997 religionis,
871 4925 972 4983 omittit
982 4924 1134 5001 privilegia,
1170 4924 1248 4982 dubii
1267 4941 1320 4982 non
1341 4924 1476 4998 pendere,
1498 4939 1548 4997 per
1568 4941 1598 4983 se
1612 4921 1769 4998 loquendo,
1784 4939 1818 4981 ιι
1833 4939 1885 4998 eo,
1900 4924 1979 4998 quod

336 5016 436 5092 quibus
450 5018 477 5072 in
495 5014 653 5088 probatione
671 5013 824 5088 gaudebat,
840 5014 906 5088 quia
921 5014 1010 5073 solum
1023 5014 1137 5074 luerunt
1173 5015 1344 5089 privilegium
1359 5015 1394 5072 ιιι
1408 5014 1572 5087 favorabile,
1588 5015 1630 5072 vel
1644 5013 1790 5085 odiosum,
1805 5013 1857 5070 sed
1870 5029 1905 5072 ex
1920 5013 1980 5072 ior·

335 5121 470 5165 concessa
481 5104 589 5162 subilla
599 5102 764 5176 conditione,
778 5121 828 5162 seu
841 5103 960 5162 durante
973 5104 1018 5162 illo
1029 5104 1135 5163 vivendi
1172 5120 1216 5164 mn
1232 5105 1436 5178 concessionis,
1452 5111 1480 5161 et
1497 5105 1524 5161 vi
1538 5104 1687 5162 verborum
1704 5105 1776 5162 eius.
1792 5105 1863 5161 Nam
1882 5103 1907 5159 si
1921 5103 1979 5176 pri·

337 5195 482 5268 modosic
494 5195 575 5252 etiam
587 5193 741 5266 religiosus,
752 5199 857 5252 mutata
866 5194 1046 5268 proiessione,
1056 5195 1135 5253 amit·
1170 5193 1302 5268 vilegium
1314 5193 1401 5252 ‘detur
1418 5199 1525 5251 tanturn
1539 5193 1574 5250 ad
1593 5209 1679 5251 unrrm
1693 5201 1809 5262 actum,
1825 5193 1979 5268 ilio‘finite,

338 5289 372 5348 tit
391 5285 529 5359 privilegia
549 5284 646 5359 prioris
667 5283 818 5360 religionis,
835 5291 865 5343 ut
883 5285 957 5343 illius
977 5291 1058 5360 sunt,
1072 5292 1131 5345 eta
1169 5285 1262 5344 linitur
1277 5283 1463 5359 privilegium,
1479 5283 1535 5342 sive
1555 5285 1591 5343 ιιι
1610 5283 1637 5341 ιι
1652 5283 1766 5342 ιιιιιιιι
1785 5281 1903 5358 odiosa,
1919 5285 1979 5342 sive
