4294 6238
364 313 426 376 284
601 343 607 358 ·
1069 325 1245 374 ursnavn.

325 454 463 511 caesariae
477 453 510 510 ad
527 451 614 524 legem
628 452 730 508 iustam
741 494 747 522 ,
760 450 802 508 vel
814 449 847 506 ad
863 451 963 506 iustam
975 451 1127 504 revocatio·
1161 463 1222 522 gem
1235 447 1420 520 prohibeatur.
1434 449 1484 512 atii
1497 465 1561 508 vcro
1572 451 1738 522 existimant,
1750 452 1830 508 etiam
1842 450 1906 508 boc
1918 465 1977 506 aon

326 560 388 601 nem
404 543 479 615 legis.
492 545 559 600 Nam
574 543 597 596 si
612 542 639 596 in
654 539 854 597 consuetudine
869 555 935 595 cum
949 540 1126 610 proportione
1163 538 1302 610 subicere,
1315 538 1362 595 sed
1378 546 1517 612 oportere,
1529 545 1561 596 ut
1572 538 1746 596 consuetudo
1758 555 1806 612 per
1822 542 1918 614 legens
1929 539 1980 596 de·

325 635 451 690 inuentae
465 629 657 700 tristiacensi
673 628 767 684 eadem
779 629 832 684 erit
846 626 1027 698 rationabilis,
1040 629 1063 682 si
1078 639 1127 682 au-
1161 629 1284 685 claretur
1310 627 1516 699 irrationabilis,
1538 628 1580 684 rel
1607 628 1783 700 probibentur
1812 629 1980 701 specialiter

326 729 382 778 tem
396 718 548 784 defuerint,
560 719 611 773 erit
625 716 819 773 irrationabilis
832 731 881 788 per
893 717 1126 786 comparationem
1162 717 1214 772 sub
1232 715 1284 772 boe
1299 716 1398 787 titulo,
1416 733 1465 773 seu
1480 723 1592 789 propter
1609 717 1824 789 hanccausam,
1843 717 1927 790 quod
1943 717 1981 772 ir·

327 810 363 868 ad
382 809 463 866 talem
483 807 623 863 ellectum.
639 807 674 862 Et
695 805 765 862 banc
784 805 905 878 regulam
919 805 1029 874 invenio
1044 802 1128 860 tradi·
1162 805 1328 862 rationabilis
1345 806 1388 862 sit.
1402 806 1436 862 iit
1452 806 1519 862 bace
1535 804 1631 862 ultima
1644 807 1778 862 sententia
1791 821 1856 863 vcra
1878 812 1927 862 est
1949 810 1981 860 et

327 907 384 956 um
398 914 413 954 a
427 897 531 954 Gamla.
546 896 574 950 in
589 909 616 950 c.
637 899 660 952 l.
677 893 711 951 de
725 895 836 950 constit.
853 895 881 949 in
897 896 925 965 6,
938 895 1038 950 anton.
1055 893 1083 948 in
1098 907 1125 949 c.
1156 895 1248 966 ‘magis
1271 901 1401 966 recepta,
1422 909 1539 968 eamque
1559 899 1654 951 tenent
1672 900 1766 966 aperte
1789 897 1895 956 Novar.
1913 894 1981 951 locu

326 987 378 1044 ult.
400 985 434 1042 de
453 989 580 1041 consuet.
596 999 667 1056 quos
680 982 802 1039 imitatur
816 979 890 1056 Sylu.
907 981 991 1038 verbo
1006 995 1128 1037 consue·
1163 999 1247 1054 supra
1264 985 1369 1054 citato,
1386 989 1413 1040 ct
1427 985 1525 1041 Covar.
1540 991 1570 1041 et
1584 983 1629 1040 alii
1643 987 1738 1040 statim
1757 984 1862 1041 citandi
1872 1003 1880 1055 ς
1900 983 1980 1040 iilam

329 1075 415 1137 tado,
432 1091 461 1148 q.
481 1079 510 1143 l,
526 1075 590 1131 Sota
605 1072 651 1130 lib.
671 1077 694 1131 l.
711 1071 745 1128 de
759 1074 827 1129 inst.
842 1087 871 1143 q.
889 1073 917 1142 i,
929 1076 983 1127 art.
998 1074 1027 1139 2,
1042 1071 1125 1125 Sacc.
1163 1079 1255 1130 autem
1270 1087 1422 1145 exponere,
1438 1079 1467 1129 et
1480 1071 1595 1143 probare
1610 1088 1723 1130 necesse
1737 1078 1788 1130 est.

329 1166 377 1222 lib.
393 1169 419 1223 l.
431 1164 465 1222 de
476 1163 594 1220 matrim.
610 1160 681 1233 disp.
695 1165 723 1232 l,
737 1177 814 1217 auru.
828 1163 873 1218 ll.
889 1159 1064 1230 bisiautem,
1073 1173 1129 1232 per
1202 1167 1229 1220 2.
1247 1163 1314 1222 bico
1324 1177 1392 1234 crgo
1402 1201 1410 1233 ,
1422 1161 1510 1234 legem
1523 1160 1671 1219 humanam
1681 1161 1821 1218 interdum
1838 1162 1983 1236 abrogare

326 1256 592 1324 comparationem,
604 1251 731 1323 sicquid
741 1250 764 1306 si
775 1247 948 1305 consuetudo
960 1246 1050 1303 solum
1061 1261 1128 1304 coa·
1164 1249 1412 1321 consuetudinem,
1425 1250 1564 1308 interdum
1576 1253 1661 1308 etiam
1672 1250 1827 1324 probibere,
1845 1251 1982 1328 aliquan·

327 1333 465 1402 alderetus
487 1341 613 1398 absolute
636 1338 728 1412 quoad
753 1354 851 1410 usum,
873 1329 924 1393 seu
946 1335 1127 1393 voluntariam
1162 1338 1198 1396 do
1220 1355 1286 1396 vero
1305 1339 1472 1411 reprobare,
1487 1347 1517 1397 et
1537 1340 1606 1396 haec
1626 1341 1679 1398 tria
1695 1357 1757 1398 esse
1770 1340 1891 1398 diversa.
1913 1341 1981 1398 Hoc

329 1435 518 1502 imitationem,
534 1431 574 1486 sic
594 1423 758 1487 rationabilis
778 1431 846 1499 erit,
862 1427 883 1484 si
897 1428 940 1506 sit
953 1426 1077 1483 honesta.
1094 1427 1129 1484 Et
1164 1443 1218 1484 non
1240 1426 1349 1485 invenio
1367 1430 1405 1485 ita
1419 1444 1548 1500 expresse
1562 1429 1732 1487 deciaratum
1745 1431 1772 1486 in
1794 1430 1981 1500 auctoribus,

330 1526 405 1582 iusto
419 1523 488 1578 banc
503 1520 625 1594 regulam
636 1520 689 1575 crit
698 1517 775 1574 iacile
788 1517 860 1574 lcrre
871 1515 1004 1573 iudicium
1016 1514 1051 1571 de
1061 1531 1128 1572 cun·
1164 1516 1218 1574 imo
1239 1519 1347 1588 reperio
1367 1533 1448 1589 saepo
1468 1517 1638 1576 coniuadare
1659 1519 1804 1577 terminos:
1829 1535 1860 1576 re
1879 1527 1980 1576 tamen

330 1611 476 1670 suetudine
491 1611 516 1666 iu
531 1607 625 1666 ordine
639 1608 672 1664 ad
686 1621 892 1680 quemcumque
904 1604 1125 1662 alinmeileotum
1163 1621 1229 1662 vera
1247 1605 1293 1662 illa
1312 1608 1364 1662 tria
1382 1605 1513 1664 distincta
1527 1615 1607 1679 suat,
1621 1614 1650 1664 et
1663 1607 1699 1664 ita
1712 1623 1746 1664 ex
1763 1611 1913 1666 communi
1927 1610 1982 1666 du·

330 1706 406 1773 eius,
421 1707 453 1758 ut
472 1696 638 1759 declarando
659 1699 733 1768 ipsos
751 1696 885 1765 allectus,
905 1693 1129 1766 insequentibus
1163 1696 1253 1752 ctrina
1272 1694 1433 1768 colligitur3
1455 1695 1509 1752 ima
1530 1701 1624 1767 posset
1644 1695 1706 1752 eddi
1732 1705 1866 1770 quartum
1886 1713 1980 1754 mem·

330 1793 418 1866 magis
432 1788 638 1862 explicabimus.
651 1786 685 1841 Et
698 1787 725 1840 iu
740 1785 864 1856 sequenti
876 1788 982 1854 puncto
994 1782 1046 1839 alia
1061 1781 1127 1839 sub·
1163 1786 1255 1852 bruna,
1272 1785 1393 1856 scilicet,
1409 1788 1543 1843 resistere
1556 1783 1729 1860 simpliciter
1749 1785 1975 1850 consuetudini,

330 1883 427 1938 divisio
441 1874 648 1936 consuetudinis
662 1873 855 1931 irrationabilis
869 1870 1066 1929 declarabitur.
1164 1873 1213 1931 sed
1234 1874 1286 1931 boc
1305 1873 1372 1954 licet
1383 1875 1475 1947 aliquo
1488 1875 1570 1932 mado
1584 1876 1619 1932 sit
1632 1875 1788 1946 diuersum,
1808 1891 1875 1932 cum
1890 1875 1979 1933 tertio

1165 1962 1321 2020 coincidere
1332 1962 1449 2020 videtur.
1462 1964 1551 2021 Probo
1562 1965 1647 2037 igitur
1657 1964 1774 2037 singula.
1786 1966 1822 2021 Et
1835 1965 1928 2036 primo
1941 1965 1979 2022 de

613 2063 753 2134 CAPUT
776 2063 867 2130 vflu·
1163 2051 1356 2124 abrogatione,
1378 2067 1426 2109 seu
1447 2053 1621 2110 revocatione
1640 2052 1721 2124 dico,
1742 2053 1835 2110 solum
1860 2053 1977 2111 auferre

1163 2141 1379 2212 praeexistentem
1399 2141 1638 2198 consuetudinem.
1659 2142 1727 2197 Nam
1748 2141 1863 2199 verbum
1888 2141 1977 2200 dero-

1164 2227 1262 2300 gandi,
1277 2234 1326 2285 aut
1345 2228 1510 2298 revocandi,
1525 2228 1584 2300 rel,
1599 2229 1675 2302 quod
1689 2229 1799 2300 perinde
1811 2237 1869 2302 est,
1890 2232 1975 2288 clau-

1164 2317 1225 2374 sula
1242 2317 1416 2390 revocareris
1439 2317 1565 2375 absolute
1588 2320 1727 2390 proposita
1751 2319 1777 2374 in
1802 2320 1975 2391 proprietate

1165 2405 1299 2463 sermonis
1320 2405 1409 2462 solum
1430 2405 1504 2463 cadit
1524 2406 1549 2461 in
1569 2407 1746 2476 praeteritum
1765 2408 1885 2479 iactam;
1902 2424 1975 2482 ergo

781 2553 789 2568 ‚
1165 2495 1209 2552 lex
1224 2495 1361 2568 abrogans
1374 2496 1605 2552 consuetudinem
1620 2497 1710 2553 solum
1724 2495 1798 2552 cadit
1809 2497 1835 2552 in
1851 2512 1975 2554 consue-

610 2557 854 2620 summfflum
1156 2584 1287 2652 ,tudinem
1307 2586 1536 2656 praesidentem.
1560 2585 1638 2642 Sicut
1657 2585 1698 2643 lex
1722 2601 1856 2642 revocans
1878 2585 1973 2658 legem

899 2689 902 2694 ·
1165 2673 1330 2729 contrariam
1342 2673 1368 2728 in
1376 2673 1592 2744 praesistentem
1604 2673 1691 2747 legem
1702 2672 1785 2745 cadit3
1796 2690 1859 2730 nam
1872 2675 1894 2731 si
1906 2674 1972 2732 nul-

334 2770 355 2818 t.
370 2761 532 2819 consuetudo
550 2757 600 2810 alia
618 2763 657 2807 oet
677 2756 702 2804 in
721 2753 778 2803 iure
796 2749 932 2814 beimffssffls
946 2747 997 2799 ³¹¹³
1009 2749 1131 2830 lembi·
1167 2762 1191 2819 la
1207 2764 1411 2834 praexisteret,
1425 2778 1479 2819 non
1498 2768 1572 2820 esset
1586 2763 1755 2834 necessaria,
1770 2765 1825 2820 imo
1841 2775 1911 2822 rana
1925 2782 1972 2822 es·

365 2815 1132 2968 ῗὲῃῖιᾎἳεᾞὲῑειιὲἓεὲἓῑῑριιιιεῗιριιῗι3ξὲιὲζῖἕὲῗεεῑμῖἓέιἒῖιοιῖζ,
1166 2857 1209 2906 set
1229 2852 1386 2922 revocatio,
1407 2867 1457 2908 neo
1479 2851 1535 2908 lieri
1554 2859 1663 2924 posset,
1678 2853 1729 2909 nisi
1742 2869 1777 2909 eu
1793 2854 1970 2925 deceptione,

366 2972 534 3025 rationabilis.
543 2967 606 3017 -2.
618 2966 702 3015 Prima
714 2959 893 3014 conclusio—
906 2957 1035 3019 Quomodo
1047 2957 1081 3006 ou
1095 2956 1133 3004 in·
1166 2939 1208 2996 vel
1221 2931 1276 2997 sub
1289 2941 1462 3012 conditione,
1478 2942 1501 2997 si
1515 2941 1578 2998 talis
1591 2941 1633 2998 les
1649 2943 1698 3012 sit,
1711 2950 1739 3001 et
1749 2943 1787 3000 ita
1800 2945 1882 3001 etism
1895 2947 1970 3002 sem·

367 3041 533 3107 colligendum
546 3037 643 3086 axioma
662 3030 740 3082 iilud:
760 3023 824 3080 Noa
838 3025 956 3078 obstante
967 3033 1132 3087 commitit
1167 3045 1215 3101 per
1229 3028 1348 3086 relertur
1363 3029 1396 3086 ad
1411 3031 1627 3101 praesistentem
1643 3030 1746 3106 legem3
1760 3032 1910 3106 idemergo
1921 3041 1968 3090 est

469 2283 554 2354 Quae
568 2271 750 2332 consoletudo
763 2275 815 2337 sit,
834 2269 879 2328 cel
893 2287 950 2327 nou
964 2273 1003 2328 sit

582 2367 615 2419 ta
628 2365 695 2417 ture
707 2359 878 2432 reprobatu.
980 2369 983 2376 ’

365 3104 637 3193 emancipatae—35
652 3104 719 3153 Puro
731 3097 865 3161 ultrogatic
876 3095 1069 3176 consuetudinis
1082 3109 1130 3145 non
1165 3117 1199 3174 de
1213 3119 1271 3192 lege
1285 3127 1435 3178 revocante
1445 3119 1684 3177 consuetudinem.
1697 3119 1774 3178 Unde
1784 3121 1824 3192 fit,
1837 3130 1867 3178 m
1879 3138 1967 3196 qum·

365 3190 405 3234 cst
418 3182 490 3232 ribus
502 3175 701 3239 reprobatio-
710 3171 737 3218 4.
751 3167 803 3216 Lex
814 3165 953 3229 prolabens
965 3166 1015 3214 srbr
1028 3171 1132 3214 contra·

366 3253 431 3302 rium
447 3243 658 3300 consuetudinem
677 3237 858 3300 conrplcctitur
876 3241 903 3284 ut
922 3234 1088 3297 praeteritam
1105 3239 1132 3283 ot
1159 3208 1201 3266 ¹d⁰
1222 3211 1250 3265 5¹¹
1269 3210 1328 3282 ¹⁰80
1346 3215 1451 3266 “mum
1467 3208 1576 3266 flddlffli
1594 3207 1734 3266 θῙΰῦθῑΙΙᾶτ
1750 3214 1818 3267 Nou
1832 3211 1967 3270 stercore

367 3315 563 3372 interram—ii.
575 3313 640 3372 Lex,
653 3321 719 3373 quac
730 3303 1063 3355 iuturamconsuetudincm
1073 3313 1131 3366 pro·
1165 3305 1352 3372 quaeautque
1365 3296 1591 3364 conseretudiae,
1608 3307 1648 3356 utv
1662 3299 1688 3355 in
1708 3299 1841 3357 crement.
1860 3303 1966 3359 Staiu-

367 3392 456 3449 bibet,
467 3399 519 3437 uon
532 3383 589 3433 ideo
602 3381 672 3430 illam
683 3373 886 3442 probibet-b.
896 3370 1059 3423 Consuetudo
1068 3377 1133 3452 tunc
1165 3369 1240 3454 mm,
1258 3387 1292 3444 de
1304 3387 1385 3445 elect.
1400 3393 1427 3443 et
1442 3386 1586 3457 similibus'
1598 3403 1646 3459 W
1658 3387 1730 3444 mam
1745 3388 1834 3444 solum
1851 3390 1967 3464 abroge-

367 3459 535 3524 reprobatur,
549 3463 666 3512 cumpca
680 3448 757 3496 verba
770 3453 888 3506 expressa
905 3441 1054 3491 declaratur
1067 3452 1132 3489 irra-

368 3526 508 3582 tionabilis.
519 3549 554 3560 -
566 3521 593 3569 7.
613 3514 775 3570 ibnsuctudo
792 3510 888 3576 duplici
906 3511 980 3562 analo
998 3510 1130 3573 reprobari

1166 3485 1212 3535 tur
1225 3479 1400 3549 praesisteas
1414 3478 1603 3548 consuetudo,
1616 3492 1670 3533 nou
1684 3483 1773 3533 tamen
1788 3479 1964 3549 prohibeatur

1129 3575 1131 3580 '
1165 3566 1339 3624 consuetudo
1351 3569 1377 3622 in
1389 3567 1529 3636 luterum,
1541 3568 1605 3638 quia
1615 3557 1741 3622 clausula
1751 3567 1795 3622 illa
1810 3584 1865 3624 non
1879 3569 1965 3640 respi-

1167 3658 1207 3713 cit
1222 3657 1349 3714 iuturum
1364 3649 1487 3728 tempus,
1503 3643 1551 3710 sed
1571 3662 1675 3712 tantum
1691 3657 1879 3727 praeteritum.
1895 3659 1964 3726 eria

374 3778 398 3830 1.
414 3762 582 3839 Explicanda
602 3759 727 3832 sequitur
747 3755 800 3812 alia
814 3753 909 3811 divisio
924 3750 1131 3822 consuetudinis
1165 3744 1354 3817 consuetudo,
1369 3761 1441 3818 quse
1455 3746 1482 3799 io
1496 3742 1593 3800 lutura
1608 3750 1729 3814 tempore
1742 3759 1804 3801 esse
1819 3753 1920 3817 potest,
1936 3755 1964 3804 et

332 3866 358 3919 in
375 3857 545 3932 reprobatam
560 3853 585 3906 ln
600 3851 658 3906 iure
669 3889 676 3914 ,
688 3845 730 3901 rel
745 3844 920 3915 permissam,
933 3856 1004 3913 quae
1019 3839 1130 3896 licetai-
1164 3834 1288 3891 nondum
1307 3842 1364 3906 est,
1387 3849 1439 3888 non
1461 3839 1549 3903 potest
1570 3832 1698 3888 resistcre
1717 3833 1786 3907 legi,
1803 3849 1874 3907 quae
1888 3852 1962 3893 nunc

331 3952 390 4007 bnis
404 3950 440 4004 sit
453 3938 691 4017 praecedentibus,
706 3933 833 3988 distincta
846 3937 902 4000 est,
912 3936 948 3985 ut
963 3927 1126 3985 videbimus.
1164 3925 1206 3981 iit:
1223 3923 1268 3980 illa
1281 3929 1373 3980 autem
1388 3920 1515 3978 clausule
1534 3921 1623 3978 solum
1639 3921 1709 3978 tollit
1722 3924 1961 3998 consuetudinem,

331 4039 437 4098 Titulus
451 4039 541 4090 autem
553 4025 718 4102 quaestionis
729 4010 886 4093 intelligitur
897 4017 931 4075 de
942 4019 1001 4074 iuro
1014 4019 1129 4089 pusitiru
1163 4030 1234 4086 quae
1249 4012 1294 4069 tali
1309 4012 1360 4084 logi
1375 4011 1504 4067 resistere
1518 4012 1621 4082 possit;
1637 4010 1711 4068 cadit
1724 4028 1792 4086 ergo
1806 4015 1833 4068 in
1849 4017 1963 4085 praeexi-

331 4135 469 4195 humooo3
486 4137 548 4178 nam
567 4117 601 4175 de
622 4116 683 4172 iure
702 4110 820 4168 naturali
840 4107 995 4177 sufficiunt,
1011 4121 1081 4179 quae
1101 4108 1128 4196 in
1164 4110 1296 4172 stentem,
1311 4108 1339 4156 et
1352 4115 1405 4155 noa
1419 4099 1573 4157 extenditur
1587 4099 1621 4155 ad
1635 4098 1768 4166 futuram.
1784 4101 1905 4164 Elidem
1919 4111 1961 4160 est

331 4215 468 4292 superiori
478 4207 646 4281 capitedicta
655 4199 803 4266 santonia
814 4197 855 4253 illa
868 4195 1128 4267 consuetudo,quac
1165 4192 1198 4248 tle
1218 4191 1443 4263 quibuscumque
1464 4189 1552 4246 verbis
1573 4190 1764 4246 revocantibus
1785 4193 1962 4252 consuetudi·

330 4306 458 4385 prudenti
479 4299 588 4358 arbitrio
610 4290 763 4350 secundum
782 4294 886 4342 rectam
901 4286 1033 4340 rationem
1048 4292 1129 4341 natu·
1162 4296 1239 4349 aem,
1256 4280 1306 4336 uisi
1321 4279 1346 4333 in
1360 4281 1400 4333 eis
1414 4276 1515 4352 aliquid
1530 4277 1656 4334 addatur.
1670 4279 1705 4334 Et
1716 4279 1786 4334 ratio
1803 4279 1887 4346 iuvat,
1899 4285 1962 4353 quia

330 4400 415 4456 salem
433 4392 551 4451 indicata
565 4383 646 4442 luerit
659 4375 865 4441 irrationabilis,
876 4374 928 4429 erit
940 4375 1020 4428 etiam
1033 4388 1128 4443 repro·
1163 4369 1224 4426 talis
1238 4368 1353 4424 ollactus
1368 4364 1480 4422 odiosus
1493 4374 1553 4434 est,
1568 4373 1597 4423 et
1611 4365 1670 4422 ideo
1686 4367 1893 4425 rerba'exteadi
1906 4385 1962 4426 non

250 4471 252 4476 ¹
328 4491 392 4546 bata
406 4485 431 4540 iu
450 4483 508 4537 iure
523 4471 656 4540 naturali,
670 4472 698 4524 et
711 4480 782 4538 quae
796 4463 949 4519 secuudum
964 4468 1068 4517 rectum
1084 4477 1127 4518 ra·
1161 4457 1261 4515 debent
1281 4456 1353 4514 ultra
1375 4455 1436 4516 rim,
1448 4461 1477 4510 et
1497 4456 1615 4526 rigorem
1637 4470 1729 4512 suum.
1745 4457 1894 4514 Gontirmat
1908 4459 1961 4516 boc

329 4579 430 4634 tionem
446 4586 499 4626 non
515 4560 674 4637 apparuerit
686 4551 892 4620 irrationabilis,
904 4567 956 4607 nou
971 4551 1023 4606 erit
1034 4565 1127 4621 repro·
1161 4547 1242 4603 etiam
1257 4561 1343 4616 usus3
1360 4559 1422 4601 nam
1437 4543 1547 4617 quando
1562 4543 1703 4617 legislator
1720 4545 1836 4617 amplius
1851 4548 1911 4605 vult
1923 4548 1961 4604 ei·

327 4669 392 4724 bata
407 4665 433 4718 in
449 4656 546 4716 eadem
560 4653 630 4708 iure.
645 4645 691 4704 itis
705 4652 795 4702 autem
809 4641 929 4697 divinum
948 4639 982 4696 de
996 4641 1048 4696 buc
1062 4640 1126 4696 nibil
1162 4638 1261 4706 licere,
1276 4634 1302 4692 id
1317 4633 1456 4702 declarat,
1474 4640 1505 4690 ut
1519 4633 1609 4690 statim
1622 4633 1756 4690 dicemus.

328 4750 446 4825 disponit
458 4791 465 4820 ,
477 4751 509 4802 ut
521 4743 640 4798 constat.
655 4728 785 4807 igiturde
798 4727 982 4800 iurepositivo
995 4728 1126 4798 inprimis
1200 4731 1227 4782 3.
1243 4725 1279 4782 iit
1293 4724 1329 4781 ob
1344 4722 1453 4780 easdem
1468 4720 1523 4779 iere
1539 4723 1657 4778 rationes
1671 4737 1741 4793 pura
1752 4723 1961 4782 consuetudinis

328 4839 477 4902 videndum
494 4839 551 4904 est,
567 4842 637 4902 quae
651 4819 823 4880 cousuetudo
835 4815 971 4874 censenda
983 4817 1017 4872 sit
1030 4831 1123 4886 repro·
1161 4813 1300 4885 abrogatio
1314 4828 1369 4869 non
1382 4819 1425 4868 cst
1435 4809 1507 4868 illius
1519 4809 1692 4882 reprobatio,
1705 4812 1769 4883 quia
1779 4819 1871 4883 potest
1881 4814 1960 4870 abro-

327 4936 390 4992 bata
409 4933 435 4986 in
456 4927 525 4982 iure.
542 4917 629 4990 illiqui
649 4915 722 4971 enirn
740 4914 866 4978 censent,
881 4920 991 4963 omnem
1006 4919 1123 4961 consue·
1159 4905 1218 4975 gari
1233 4900 1488 4971 consuetudo,nan
1503 4900 1568 4972 quia
1581 4899 1788 4969 irrationabilia,
1805 4900 1853 4956 sed
1869 4901 1958 4958 solum

312 4985 447 5082 *tudinem
461 5024 589 5085 expresse
603 5019 635 5061 nc
647 5004 672 5059 in
691 4999 781 5072 specie
792 4997 951 5072 abrogatam
963 4991 1123 5066 perlegam,
1159 4993 1224 5065 quia
1234 4989 1371 5061 itaplacet
1384 4987 1528 5061 legislatori
1540 5029 1548 5060 ,
1558 4986 1623 5059 quia
1633 4986 1739 5044 iudicat
1750 5031 1757 5058 ,
1769 4991 1807 5045 ita
1819 5004 1892 5045 nunc
1904 5005 1959 5046 ma·

324 5128 385 5170 esse
408 5111 433 5164 in
454 5108 514 5162 iure
528 5093 713 5170 reprobatam.
729 5088 779 5146 atii
792 5085 913 5156 addunt,
929 5085 982 5141 boc
998 5099 1051 5154 non
1067 5083 1124 5139 sui·
1159 5083 1202 5153 gis
1222 5078 1360 5152 expedire.
1376 5079 1470 5134 Potest
1483 5082 1574 5133 auteur
1589 5076 1764 5134 cousuetudo
1779 5077 1871 5152 aliqua
1885 5095 1957 5136 nunc

326 5203 405 5258 licere
418 5239 424 5272 ,
443 5193 490 5252 sed
506 5183 692 5249 necessarium
705 5193 782 5252 csse,
795 5181 826 5233 ut
839 5172 1010 5232 consuetudo
1026 5186 1074 5245 per
1087 5171 1125 5228 le·
1160 5171 1250 5228 minus
1263 5167 1405 5242 expedire,
1417 5166 1522 5226 etiarnsi
1536 5164 1570 5225 de
1585 5180 1614 5224 se
1628 5182 1682 5226 non
1697 5168 1732 5226 sit
1744 5167 1815 5226 mala
1827 5184 1879 5226 uec
1890 5170 1958 5226 irra-

365 3604 458 3665 potest.
