4284 6246
879 393 1072 444 maurnai.
1399 359 1403 366 ’
1668 375 1747 458 ,907

147 524 299 582 mutatione
313 539 366 582 noa
386 521 532 604 intercedit
548 521 691 578 iniustitia.
707 521 773 578 Nam
789 518 852 577 licet
870 517 951 576 detur
986 519 1072 589 varri,
1084 517 1226 586 Tabienaa,
1239 527 1268 576 ct
1280 518 1404 578 aliorum.
1414 520 1444 576 ln
1459 520 1680 592 compensatione
1697 525 1790 576 autem

146 632 233 674 causa
247 615 320 673 iusta
334 613 475 672 retexendi
490 613 589 685 legem,
613 617 701 683 potest
716 609 753 666 illi
768 609 891 666 satisfieri
905 609 954 664 mi·
986 608 1030 666 vel
1049 610 1277 682 commutatione,
1290 611 1324 666 dc
1340 625 1395 683 qua
1410 609 1559 682 loquimur,
1572 624 1625 666 noo
1642 609 1790 680 imponitur

146 705 252 762 scendo
267 689 388 778 aliqua'nr
402 704 954 776 compensatiouem,quaeexparteaup·
988 713 1073 754 unum
1097 714 1167 771 opus
1188 699 1249 755 loco
1270 699 1381 756 alterius
1401 715 1433 756 oo
1455 698 1544 771 titulo,
1568 700 1593 756 id
1614 707 1657 755 est
1678 707 1792 772 propter

146 796 220 866 pleat
235 795 411 852 intentionem
425 792 601 866 legislatoris,
613 791 676 864 quia
691 807 744 846 noa
760 788 905 860 impeditur
918 803 951 844 en
987 787 1228 859 dispensationem,
1248 787 1294 846 sed
1309 804 1377 861 pure
1394 797 1504 861 propter
1518 807 1587 862 opus
1606 792 1733 862 pictatis,
1749 787 1791 844 rel

147 885 171 950 vj
186 885 249 942 talis
265 900 378 942 causae.
395 884 454 941 lma
471 882 609 939 interdum
625 881 785 952 contingere
800 883 906 949 potest,
922 883 953 934 ut
987 877 1106 934 divinum
1121 877 1239 950 cultum,
1256 883 1286 933 ut
1300 879 1489 952 supponimus,
1502 895 1569 953 ergo
1590 879 1733 951 probibitio
1748 876 1794 933 ilia

147 989 232 1030 causa
245 975 367 1032 eitiuata
379 979 407 1030 ct
417 970 599 1029 sufficiensad
609 967 846 1027 relaxandumbuo
860 965 952 1037 modo,
987 967 1098 1024 concilii
1113 967 1177 1023 nibil
1192 966 1226 1023 ad
1246 982 1304 1022 rem
1319 975 1489 1038 praesentem
1508 977 1628 1042 spectat,
1644 976 1672 1026 et
1685 970 1794 1040 praeter

146 1068 174 1120 at
186 1079 242 1120 non
257 1063 290 1120 ad
309 1078 408 1135 puram
422 1062 629 1130 remissionem,
645 1061 719 1118 siout
732 1061 760 1116 in
778 1059 846 1114 votis
859 1057 952 1114 dicere
988 1055 1060 1113 illam
1079 1055 1154 1113 nulla
1169 1057 1220 1112 alia
1233 1057 1362 1128 alienior,
1378 1072 1429 1114 nec
1445 1074 1496 1132 ego
1511 1059 1582 1116 illam
1601 1059 1739 1115 hactenus
1753 1058 1794 1114 in·

147 1153 288 1225 solemus3
305 1150 400 1224 quoad
415 1151 467 1208 boc
487 1153 559 1208 enim
574 1149 630 1206 lere
650 1147 745 1208 cadem
758 1155 801 1205 est
820 1146 906 1224 ratio,
923 1153 955 1203 ut
988 1147 1064 1216 aeni,
1081 1161 1134 1203 non
1149 1153 1194 1202 est
1210 1161 1277 1219 ergo
1294 1145 1346 1202 boo
1361 1147 1473 1220 malum,
1488 1149 1553 1220 quia
1566 1147 1746 1221 prohibitum.

147 1241 302 1300 ostendam.
318 1245 356 1298 bc
375 1241 495 1313 denique
510 1240 579 1298 lieet
597 1254 683 1296 cauea
698 1240 735 1296 ait
751 1237 830 1307 talis,
847 1243 878 1292 ut
892 1251 954 1308 pro·
1025 1238 1115 1294 Tertia
1132 1236 1251 1308 denique
1279 1251 1344 1307 pars
1364 1237 1564 1310 antecedentis,
1585 1237 1704 1311 scilicet,
1720 1235 1795 1310 quod

148 1339 210 1404 pter
223 1331 300 1387 illam
322 1333 409 1401 possit
423 1331 494 1386 iuste
512 1328 662 1401 dispensari
678 1343 762 1401 pure3
778 1326 953 1382 nibilominus
987 1331 1108 1399 potestas
1122 1341 1177 1382 non
1192 1323 1274 1395 desit,
1287 1327 1440 1399 patet,quia
1453 1335 1554 1383 auctor
1572 1326 1638 1400 legia
1649 1327 1734 1384 babet
1749 1342 1796 1397 po-

148 1409 240 1494 potesl
256 1437 309 1477 non
325 1419 448 1494 obligare
463 1419 550 1477 adsis
565 1416 791 1489 dispensandum,
805 1421 831 1472 et
846 1417 883 1472 ita
896 1417 953 1472 sine
987 1421 1113 1478 testatem
1128 1416 1181 1472 boc
1201 1413 1282 1471 modo
1297 1415 1469 1486 dispensandi
1483 1417 1508 1471 ia
1527 1417 1597 1489 lege,
1614 1422 1644 1472 ut
1667 1415 1795 1488 supponi·

149 1510 282 1567 iniustitia
296 1513 399 1582 poterit
414 1509 505 1581 aliqua
519 1507 737 1579 recompensatio
751 1505 864 1578 imponi,
876 1506 956 1562 dum·
989 1510 1120 1578 tur-,ergo
1130 1509 1218 1576 potest
1230 1507 1403 1563 committere
1414 1507 1584 1578 interiori,ut
1601 1506 1696 1563 eodem
1712 1505 1795 1562 modo

149 1600 230 1656 modo
252 1602 325 1656 iusto
344 1598 426 1656 titulo
447 1599 613 1671 imponatur,
631 1605 663 1654 ut
682 1596 839 1654 declarabo.
856 1595 955 1653 Deinde
989 1594 1142 1666 dispenset,
1160 1594 1270 1667 qtraudo
1285 1594 1321 1650 illi
1337 1594 1473 1653 ridebitur
1486 1596 1622 1668 expedire.
1639 1598 1708 1664 Quid
1723 1599 1795 1654 enim

148 1694 239 1760 potest
255 1689 281 1744 in
302 1687 348 1745 tali
367 1687 524 1746 remissione
542 1686 619 1744 nulla
640 1687 767 1758 simonia,
784 1701 836 1743 nec
855 1687 956 1750 ¹umbra
990 1687 1090 1755 obstat,
1107 1687 1258 1758 quominus
1272 1684 1298 1741 id
1319 1685 1427 1757 possit?
1441 1688 1468 1742 st
1495 1693 1585 1744 autem
1604 1692 1711 1762 potest3
1730 1703 1797 1760 ergo

148 1780 206 1836 cius
220 1778 369 1848 committi,
385 1777 455 1834 utin
469 1777 544 1834 dicto
559 1792 620 1849 cap.
634 1781 682 1836 no.
701 1776 751 1833 late
765 1775 914 1846 declarari,
929 1781 956 1832 et
990 1777 1097 1849 quoties
1116 1773 1241 1832 absolute
1255 1781 1281 1832 et
1302 1777 1460 1846 simpliciter
1481 1777 1664 1833 committitur
1688 1775 1797 1848 dispen-

149 1875 190 1926 est
209 1867 386 1924 manifestum
400 1867 426 1921 iu
448 1866 713 1923 commutationibus
735 1872 873 1923 votorum.
889 1865 955 1922 ltsm
991 1866 1062 1922 satio
1076 1867 1135 1921 sins
1150 1864 1205 1921 ulla
1220 1863 1415 1938 declaratione,
1430 1865 1472 1921 vel
1487 1864 1655 1937 limitatione,
1675 1866 1797 1939 intelligi-

148 1967 193 2016 est
206 1958 334 2030 ciarum,
350 1955 463 2029 quando
477 1971 531 2013 non
550 1954 698 2013 intercedit
710 1955 845 2028 pecunia,
861 1970 912 2011 nec
927 1955 957 2011 fit
989 1962 1047 2028 tur,
1062 1963 1095 2012 ut
1108 1971 1140 2012 eo
1156 1954 1237 2012 modo
1252 1955 1337 2026 possit
1350 1955 1422 2027 deri,
1438 1971 1494 2028 quo
1508 1957 1715 2013 commissarius
1731 1972 1797 2028 pru-

149 2049 339 2120 compensatio
349 2062 398 2119 per
409 2047 523 2104 modum
532 2045 733 2118 redemptionis,
742 2045 789 2102 sed
801 2060 870 2116 pure
881 2061 956 2102 corn·
990 2044 1085 2102 denter
1098 2043 1258 2102 iudicaverit
1281 2045 1425 2118 expedirep
1441 2061 1509 2119 ergo
1522 2062 1577 2103 non
1597 2047 1729 2104 limitatur
1750 2062 1798 2118 po-

149 2138 327 2208 matationis,
342 2135 504 2209 imponendo
524 2152 594 2207 opus
620 2137 770 2206 orationis,
790 2141 840 2192 aut
859 2135 953 2192 simile.
991 2140 1076 2191 testas
1097 2134 1132 2191 ad
1150 2135 1345 2192 retentationem
1366 2151 1415 2209 per
1435 2152 1531 2208 parram
1546 2136 1733 2210 ablationem,
1748 2136 1796 2194 sed

149 2232 273 2302 maique
298 2227 407 2285 etiamsi
427 2243 497 2283 onus
521 2227 711 2298 pecuniarium
731 2227 908 2297 imponatur,
932 2227 955 2290 si
991 2224 1147 2284 extenditur
1163 2224 1196 2282 ad
1214 2225 1325 2282 mixtam
1341 2241 1405 2282 oum
1422 2225 1512 2299 aliqua
1534 2229 1796 2300 recompensatione,

151 2321 227 2378 nulio
240 2319 321 2376 modo
335 2320 362 2374 io
377 2318 520 2376 utilitatem
532 2315 806 2390 imponentis,sedad
819 2317 955 2386 piacpera
991 2313 1053 2370 baur
1075 2314 1143 2371 baec
1163 2329 1244 2386 saepe
1264 2331 1324 2373 csse
1346 2322 1435 2387 potest
1456 2333 1509 2372 non
1534 2317 1623 2374 solum
1643 2319 1728 2389 iusta,
1750 2317 1798 2375 sed

150 2427 219 2484 pure
241 2416 270 2467 et
291 2410 397 2466 sincere
418 2406 589 2480 applicetur,
612 2412 704 2464 cessat
723 2407 812 2462 omnis
832 2406 955 2476 suspicio
990 2393 1072 2461 etiam
1087 2397 1180 2462 melior
1194 2411 1223 2461 et
1238 2405 1332 2461 utilior
1346 2407 1460 2480 animae,
1473 2422 1507 2463 ac
1527 2408 1642 2465 subinde
1656 2409 1742 2482 magis
1757 2424 1800 2468 se·

151 2498 295 2570 simoniam
307 2515 374 2572 ergo
387 2498 447 2554 talis
459 2497 557 2554 modus
568 2497 833 2567 recompensationis
846 2511 899 2550 non
913 2499 956 2550 eat
990 2494 1096 2552 cudunt
1110 2497 1286 2552 intentionem
1303 2495 1473 2569 legislatoris,
1563 2489 1565 2496 '

152 2605 200 2662 per
216 2605 248 2644 se
262 2603 311 2645 seu
326 2589 473 2645 intrinsece
488 2585 593 2659 malus,
609 2585 684 2643 arilia
698 2587 770 2642 enim
784 2583 956 2642 deordinatio
985 2586 996 2607 ⁶
1030 2589 1057 2642 t.
1073 2583 1150 2642 Unde
1162 2586 1266 2656 optima
1276 2589 1318 2640 est
1331 2586 1413 2643 etiam
1423 2585 1468 2642 illa
1480 2587 1561 2659 ratio,
1573 2603 1629 2660 qua
1640 2590 1683 2644 usi
1699 2603 1797 2645 sumus

152 2681 303 2736 intrinseca
320 2677 435 2749 cogitari
451 2682 551 2748 potest.
991 2676 1018 2731 in
1033 2675 1079 2732 lib.
1097 2679 1124 2732 ti.
1139 2673 1173 2730 de
1194 2681 1273 2746 voto,
1289 2689 1350 2747 cap.
1372 2680 1419 2742 tt,
1443 2682 1605 2746 potestatem
1625 2675 1797 2749 dispensandi

190 2766 320 2827 Secunda
342 2781 408 2823 aero
428 2783 491 2838 pars
511 2766 714 2839 antecedentis,
737 2766 882 2837 nimirum,
905 2765 958 2821 boc
993 2781 1054 2822 esse
1075 2765 1220 2836 maiorem,
1236 2779 1319 2837 quam
1339 2766 1541 2839 commutanda
1557 2773 1585 2822 et
1610 2768 1711 2824 virtute
1724 2766 1798 2824 iliam

124 2869 140 2886 ²
153 2875 207 2915 nou
218 2871 282 2915 esse
297 2856 414 2926 malum,
428 2857 493 2929 quia
508 2855 676 2927 prohibitum
688 2857 730 2914 bis
745 2855 883 2929 praelatis,
896 2870 960 2927 pro·
993 2853 1150 2924 includere,
1164 2862 1193 2910 et
1206 2855 1241 2911 ita
1254 2869 1389 2911 concessa
1404 2861 1540 2926 potestate
1555 2855 1743 2928 dispensandi,
1757 2857 1798 2912 io·

151 2947 247 3018 batur,
259 2946 325 3019 quia
339 2944 413 3003 nulla
425 2952 514 3017 potest
527 2944 632 3002 ostendi
643 2946 687 3004 len
701 2946 891 3003 ecclesiastiea
906 2945 959 3001 boc
994 2945 1078 3017 telligi
1089 2959 1250 3001 concessam
1263 2950 1424 3016 potestatem
1440 2943 1637 3016 commutanda
1657 2945 1730 3017 quod
1745 2944 1798 3001 sal-

155 3037 315 3109 probiboas,
328 3035 427 3092 etenim
440 3036 462 3090 si
477 3050 530 3108 qua
545 3042 629 3104 esset,
642 3039 758 3094 manime
772 3034 916 3092 decretum
929 3033 961 3090 il·
995 3040 1049 3091 tem
1065 3034 1091 3091 iu
1106 3039 1238 3105 potestate
1251 3033 1387 3118 ordinaria
1403 3049 1495 3108 omnes
1509 3033 1668 3105 admittunt,
1681 3049 1747 3106 ergo
1760 3035 1799 3092 ita

155 3126 201 3184 iud
215 3125 327 3183 concilii
341 3124 485 3182 tridsess.
498 3130 545 3198 25,
561 3141 623 3198 cap.
641 3130 683 3184 iti.
697 3130 732 3183 bt
746 3125 851 3184 illudio
867 3125 959 3198 primis
996 3129 1039 3180 est
1053 3111 1078 3179 iu
1101 3123 1236 3194 praesenti
1251 3121 1408 3182 dicendum.
1428 3124 1613 3197 Respondent,
1631 3123 1695 3181 licet
1708 3125 1744 3181 ita
1765 3126 1801 3181 sit

154 3235 209 3276 non
231 3218 355 3291 loquitur
374 3215 409 3272 de
429 3215 673 3289 dispensationibus
692 3223 798 3275 tantum
818 3216 961 3287 episcopo·
996 3213 1023 3268 ia
1045 3217 1122 3283 acto,
1143 3227 1225 3270 secus
1245 3227 1305 3270 esse
1319 3213 1346 3268 in
1368 3213 1437 3286 tege.
1457 3214 1526 3270 Nam
1547 3215 1573 3269 in
1593 3219 1670 3286 uoto,
1690 3213 1800 3287 quando

155 3326 231 3377 rum,
247 3323 297 3364 seu
312 3306 471 3364 interiorum
483 3305 679 3379 praelatorum,
692 3307 740 3364 sed
755 3306 914 3377 simpliciter
928 3303 962 3361 de
996 3308 1205 3377 commutatur,
1226 3319 1281 3359 non
1302 3303 1427 3362 aalertur
1441 3303 1569 3377 obligatio
1591 3304 1662 3372 uoti,
1683 3321 1734 3362 neo
1753 3305 1800 3363 ali-

155 3391 361 3471 dispensatione
373 3395 558 3468 legum.Unda
569 3401 629 3452 tota
642 3395 687 3452 illa
701 3394 826 3453 docmina
838 3396 896 3450 sine
909 3393 961 3450 du·
997 3407 1052 3465 qus
1062 3391 1096 3450 de
1108 3409 1179 3450 novo
1190 3393 1406 3464 imponitur,sed
1417 3393 1446 3449 tit
1457 3399 1561 3456 tantuna
1580 3397 1695 3452 mutatio
1706 3396 1731 3451 in
1744 3411 1801 3452 ma·

155 3487 198 3544 bio
216 3486 354 3560 generalis
376 3493 435 3557 est,
452 3485 532 3542 etiam
546 3485 580 3540 de
600 3485 850 3557 dispensationibus
861 3487 960 3554 Papae,
999 3483 1083 3554 teria,
1108 3488 1137 3540 et
1160 3481 1221 3539 ideo
1243 3481 1332 3539 minus
1347 3483 1392 3548 tit,
1416 3497 1499 3554 quam
1513 3499 1577 3540 cum
1594 3499 1642 3555 per
1661 3483 1801 3556 dispenm·

156 3581 318 3650 atpateterr
337 3576 473 3648 principio
487 3573 595 3646 capitis,
608 3581 635 3632 et
647 3591 681 3633 cx
695 3574 820 3632 absoluto
834 3571 962 3647 loquendi
1000 3574 1101 3629 donam
1120 3571 1245 3628 aufertur
1266 3579 1324 3629 tota
1345 3571 1494 3644 obligatio,
1518 3572 1634 3646 ideoque
1655 3575 1739 3640 maior
1758 3579 1801 3630 est
1883 3645 1891 3660 .

157 3666 300 3738 modo,et
321 3680 354 3720 er
369 3665 414 3720 illa
432 3663 625 3722 distributione
643 3667 731 3738 posita
746 3666 772 3721 ia
791 3665 843 3721 dac
856 3665 962 3736 capitis,
999 3667 1120 3734 potestas
1147 3661 1330 3732 dispensandi.
1352 3663 1387 3718 tt
1413 3677 1477 3718 aero
1502 3662 1529 3718 in
1558 3665 1694 3734 praesenti
1715 3665 1801 3720 maior

156 3764 184 3814 A
196 3756 441 3830 quibuscumque,
462 3752 505 3811 ud
517 3771 589 3827 quos
602 3753 782 3830 dispensatio
792 3754 962 3830 pertinebit
999 3757 1041 3807 eet
1055 3756 1178 3822 potestas
1195 3749 1400 3821 commutandi,
1420 3767 1504 3824 qrram
1528 3757 1648 3824 potestas
1662 3753 1801 3810 auferendi

158 3853 187 3904 at
204 3846 351 3903 Pontifices
372 3843 483 3918 quando
502 3843 662 3916 dispensant
686 3843 847 3916 imponendo
868 3843 966 3901 similia
999 3855 1083 3896 unam
1103 3840 1298 3913 obligationem
1321 3839 1400 3913 legis,
1415 3846 1443 3896 et
1466 3842 1619 3913 imponendi
1638 3842 1718 3900 aliam
1736 3843 1801 3902 alte·

158 3952 261 4007 onera,
278 3950 330 3992 non
348 3934 482 4008 derogant
495 3933 531 3990 illi
543 3933 670 4005 decreto,
687 3933 753 3990 alias
767 3951 820 3990 non
835 3939 910 3992 recte
925 3933 966 3990 la·
1001 3931 1060 3986 rius
1080 3931 1207 3987 rationis:
1231 3935 1351 4002 potestas
1371 3937 1463 3988 autem
1479 3946 1548 4003 pure
1573 3931 1802 4004 dispensandiso-

156 4031 269 4095 cenent,
288 4024 387 4096 passim
407 4030 435 4079 et
448 4025 505 4080 sine
521 4023 630 4096 speciali
644 4038 729 4080 causa
742 4023 809 4080 illud
824 4029 962 4096 transgrc·
1002 4019 1058 4076 lum
1079 4025 1122 4076 cst
1142 4017 1177 4076 ad
1198 4019 1373 4076 auferendam
1395 4019 1598 4093 obligationem.
1617 4023 1671 4080 Sed
1685 4022 1736 4080 boc
1748 4039 1802 4080 non

159 4099 272 4171 diendo}
290 4112 390 4170 Deinde
410 4112 451 4168 len
472 4111 518 4168 illa
531 4113 613 4169 ctiam
627 4111 836 4188 comprehendit
854 4111 964 4184 diapea·
1002 4117 1078 4166 recte
1098 4108 1210 4182 (Ποίων,
1230 4111 1294 4182 quia
1316 4111 1397 4167 etiarn
1414 4113 1440 4166 ia
1454 4111 1649 4169 uotoaulertur
1665 4128 1713 4184 per
1727 4128 1802 4171 com-

160 4205 280 4260 sationes
296 4202 490 4274 episcoporum
505 4203 531 4256 in
551 4203 666 4273 propriis
683 4202 805 4274 iegibus,
822 4209 854 4258 ut
869 4217 903 4257 en
916 4214 963 4256 ca·
1002 4202 1182 4257 mutationem
1194 4217 1247 4256 una
1261 4199 1401 4272 obligatio.
1413 4207 1442 4258 et
1457 4203 1567 4273 ponitur
1578 4201 1641 4276 alia,
1661 4195 1718 4259 nori
1730 4203 1802 4261 enim

159 4293 225 4350 dem
242 4292 391 4348 verborum
410 4289 627 4349 consideratione
641 4297 669 4347 et
688 4291 884 4364 ponderatione
899 4305 966 4347 uon·
1003 4297 1119 4362 possunt
1131 4305 1192 4347 ease
1208 4307 1264 4347 una
1283 4306 1418 4364 numero,
1436 4297 1541 4348 mutata
1555 4293 1670 4349 materia
1692 4298 1720 4348 et
1740 4307 1803 4364 pro·

161 4389 229 4451 stat,
245 4387 275 4438 et
297 4387 389 4437 tamen
404 4381 430 4436 ia
450 4378 503 4436 illis
523 4395 577 4436 non
596 4367 727 4438 consetur
747 4381 901 4454 prohibitus
923 4379 966 4435 bic
1002 4383 1141 4452 missione,
1162 4379 1226 4438 licet
1246 4381 1363 4438 tortasse
1382 4381 1417 4436 ibi
1439 4381 1493 4437 sint
1508 4381 1632 4438 eiusdem
1649 4383 1759 4453 speciei,
1775 4387 1804 4439 et

162 4471 264 4529 modus
286 4470 535 4544 compensationis;
555 4485 621 4544 ergo
643 4487 694 4528 nec
715 4472 741 4528 in
761 4469 828 4528 aliis.
844 4473 965 4544 lienique
1002 4471 1029 4528 in
1043 4473 1257 4528 commutatione
1268 4469 1335 4544 logis
1347 4477 1471 4528 mutetur
1482 4471 1587 4543 species
1602 4471 1803 4544 virtutis,quod

161 4561 207 4635 qui
221 4565 378 4617 commutat
396 4565 502 4632 votum,
516 4562 603 4633 gratis
617 4567 789 4632 commutat,
806 4561 863 4618 eive
881 4562 969 4632 impo-
1003 4577 1100 4636 parum
1125 4560 1207 4618 reicrt
1231 4560 1265 4617 ad
1290 4563 1420 4619 intentam
1441 4561 1630 4619 differentiam.
1654 4563 1691 4619 lit
1708 4559 1803 4619 deiude

162 4657 211 4707 nat
224 4665 297 4707 onus
320 4648 478 4720 personale,
494 4651 550 4706 site
565 4649 652 4723 reale,
668 4649 817 4708 dummodo
831 4667 885 4707 nou
906 4665 969 4723 pro-
1002 4651 1125 4724 potestas
1139 4650 1311 4724 dispensandi
1323 4643 1489 4708 non'dioitur
1502 4653 1589 4709 maior
1604 4659 1732 4726 respectu
1744 4652 1804 4724 plu·

162 4747 223 4812 pter
239 4738 418 4811 temporalem
441 4739 604 4811 utilitatem,
618 4741 667 4798 sed
682 4749 795 4813 propter
809 4743 900 4813 operis
914 4742 969 4813 pic·
1003 4744 1076 4800 rium
1096 4741 1257 4813 effectarum,
1273 4741 1320 4798 sed
1331 4748 1459 4814 respectu
1474 4743 1647 4800 relaxationis
1662 4743 1804 4816 obligatio·

164 4837 249 4888 tatem
269 4829 522 4900 compensationem
544 4829 634 4888 iaciat.
656 4830 733 4889 Unde
749 4831 775 4887 in
795 4831 841 4888 illo
856 4831 968 4888 decreto
1003 4831 1054 4902 nis3
1070 4836 1097 4889 et
1117 4833 1156 4889 sio
1177 4831 1269 4905 negari
1289 4848 1342 4890 non
1357 4839 1458 4906 potest,
1473 4835 1540 4906 quin
1555 4833 1588 4890 sit
1604 4835 1690 4891 maim
1704 4833 1803 4890 oblatio

164 4919 216 4976 boc
238 4919 329 4976 solum
353 4918 518 4989 intenditur,
539 4926 571 4977 ut
591 4920 653 4976 nibil
674 4921 824 4993 temporale
844 4923 969 4998 erigatur
1004 4921 1176 4995 obligationis
1194 4921 1354 4994 simpliciter
1374 4923 1437 4994 illa,
1461 4924 1572 4996 quasit
1586 4939 1633 4996 per
1648 4939 1745 4996 puram
1761 4939 1804 4980 re-

165 5017 280 5082 propter
294 5008 536 5083 dispensationem,
548 5027 604 5068 non
617 5010 706 5070 solum
719 5027 768 5083 per
782 5011 894 5069 modum
908 5027 971 5085 pre·
1004 5013 1176 5086 laxationem,
1198 5028 1282 5085 quam
1305 5028 1375 5086 quae
1397 5013 1426 5071 ir
1446 5028 1494 5085 per
1512 5014 1803 5086 recompensationem.

165 5101 206 5171 tii,
222 5095 319 5156 uenum
336 5100 420 5156 etiam
434 5113 485 5157 neo
499 5115 548 5171 per
562 5100 675 5158 modum
690 5101 825 5175 stipendii,
841 5109 890 5160 aut
904 5117 971 5160 coa·
1005 5105 1041 5160 Et
1054 5104 1107 5162 boc
1122 5102 1202 5160 modo
1217 5101 1350 5174 diciums,
1375 5102 1576 5177 legislatorem,
1597 5107 1646 5178 qpi
1660 5104 1807 5161 committit

165 5204 253 5262 gruae
265 5187 483 5261 sustentationis,
493 5195 525 5246 ut
536 5191 560 5246 in
575 5189 649 5249 dicto
661 5196 778 5264 capiti,
788 5209 815 5248 a.
828 5197 872 5262 tt,
884 5198 912 5250 et
927 5196 971 5264 15,
1006 5193 1159 5250 absolutam
1187 5193 1414 5264 dispensationem
1429 5234 1437 5266 ,
1466 5209 1481 5250 a
1501 5193 1607 5251 lortiori
1634 5195 1806 5253 committere

166 5279 220 5338 late
234 5280 382 5354 explicati,
399 5279 445 5338 ubi
458 5281 539 5340 etiam
557 5283 597 5340 sic
611 5282 728 5356 exposui
743 5271 905 5343 sententiam
919 5285 972 5342 Na·
1008 5281 1266 5358 commutationem,
1280 5290 1310 5341 ot
1321 5282 1392 5341 buno
1406 5283 1433 5342 in
1446 5282 1492 5342 illa
1505 5282 1622 5363 includip
1638 5285 1702 5360 quia
1712 5299 1804 5362 respo·
