4294 6238
398 400 460 464 336
1092 409 1270 462 nrsnnvrr.

356 539 501 611 principis,
517 539 582 596 satis
596 544 639 596 est
652 537 685 595 ed
700 539 771 596 illius
786 539 1037 608 conservationem,
1053 513 1159 612 quoda
1194 537 1268 611 quod
1286 537 1328 595 len
1345 554 1399 596 non
1416 537 1551 612 obligans,
1567 547 1596 596 et
1609 545 1736 598 extranea
1756 556 1810 598 non
1824 540 1916 598 rincat
1930 555 2000 596 con·

356 631 477 702 principe
491 646 547 686 non
562 637 716 694 revocetur,
731 635 757 684 et
772 628 841 686 idem
857 637 900 689 est
914 628 948 686 de
963 628 1075 703 populo,
1091 643 1159 701 qua·
1195 626 1368 684 suetudinem
1384 629 1549 701 obligantem
1567 637 1596 686 et
1610 631 1767 702 propriem‘l
1780 639 1809 688 et
1821 647 1874 688 non
1891 631 1999 688 satista-

355 725 437 776 teuns
453 719 486 775 ab
500 718 544 775 illo
560 717 678 790 pendere
695 724 793 789 potest.
1193 719 1248 788 cit,
1270 721 1334 791 quia
1354 719 1452 775 ibidem
1471 721 1508 774 alt
1526 719 1658 776 Obertus:
1676 719 1827 778 Iudicium
1847 719 1999 792 defendis

395 813 421 866 2.
440 810 546 866 Omisso
560 823 626 879 ergo
648 807 694 862 illo
712 823 812 880 genere
828 809 1003 878 mutationis,
1020 807 1110 864 solum
1125 805 1158 862 de
1193 810 1285 864 etiam
1300 806 1411 880 legibus
1426 811 1534 865 nostris
1549 813 1736 868 contrarium
1746 809 1806 866 dict
1819 809 1902 868 solet.
1918 809 1998 868 Unde

317 931 322 940 ·
354 901 529 958 revocatione
543 897 748 954 consuetudinis
757 896 1047 970 dicendum'est,qnae
1059 913 1074 954 a
1087 897 1158 968 prin·
1193 896 1294 954 Baldns
1311 898 1346 954 ibi
1360 899 1417 968 ait,
1432 914 1542 956 sensum
1563 913 1642 972 esse,
1657 915 1757 957 causas
1773 900 1894 957 leudales
1908 899 1998 958 decidi

355 989 416 1058 cipe
435 1001 485 1057 per
503 987 606 1059 legem,
626 999 675 1041 ssu
696 1002 853 1058 expressam
874 986 1066 1050 volrrntatem,
1087 986 1159 1041 vela
1191 988 1408 1056 consuetudine,
1431 1004 1485 1060 non
1506 988 1612 1061 iegibus
1633 990 1762 1060 scriptis,
1784 993 1841 1048 sive
1860 992 1998 1046 [tonnano-

354 1075 457 1151 populo
472 1078 700 1147 percontrarium
715 1076 885 1134 voluntatem
904 1077 959 1132 lieri
972 1082 1071 1147 potest.
1084 1077 1158 1142 Quos
1193 1090 1274 1147 rum,
1287 1077 1342 1132 sive
1353 1076 1606 1150 Longobnrdorum.
1618 1076 1695 1145 Quod
1713 1077 1919 1151 intelligendum
1930 1084 1997 1148 puto

355 1167 425 1226 dnos
436 1167 532 1222 modos
546 1165 727 1223 revocationis
739 1167 827 1237 posuit
841 1167 881 1223 lex
898 1170 925 1236 s,
936 1166 976 1222 tit.
988 1171 1015 1235 2,
1029 1166 1119 1236 partit.
1134 1169 1158 1236 l,
1192 1163 1226 1226 de
1242 1165 1347 1238 legibus
1363 1166 1581 1240 universalibus,
1599 1183 1660 1224 nam
1675 1169 1696 1222 si
1713 1175 1806 1225 essent
1820 1169 1946 1239 propriae
1961 1166 1998 1224 le-

354 1264 382 1315 et
395 1262 461 1314 sunt
477 1255 634 1328 irequentas
648 1259 675 1311 ln
691 1256 760 1312 iure.
776 1257 811 1313 Et
825 1255 877 1311 snb
892 1256 1068 1317 revocatione
1083 1269 1160 1310 com·
1193 1271 1241 1327 ges
1256 1258 1373 1328 scriptae
1388 1257 1421 1314 de
1436 1256 1538 1328 leudis,
1554 1256 1588 1312 ab
1603 1256 1763 1314 habentibus
1782 1262 1944 1327 potestatem
1959 1257 1998 1314 le·

355 1345 548 1421 prehendimus
566 1361 620 1402 non
633 1345 722 1402 solnm
734 1347 866 1419 integram
875 1345 1077 1417 abrogationem
1091 1345 1158 1400 luris
1194 1353 1255 1418 tae,
1271 1345 1331 1401 illae
1353 1348 1496 1402 vincerent
1516 1345 1742 1415 consuetudinem
1763 1345 1897 1402 servando
1915 1361 1997 1418 regn·

354 1435 606 1506 consuetudinarii,
623 1434 766 1492 sedetiam
782 1433 924 1507 partialem
940 1433 1157 1506 derogationem,
1194 1431 1246 1490 lam
1268 1434 1370 1492 datam.
1394 1437 1497 1492 Sensus
1517 1451 1584 1508 ergo
1603 1437 1655 1492 erit
1675 1437 1699 1492 in
1721 1436 1833 1493 materia
1850 1436 1997 1493 lendorum

354 1526 419 1600 quia
432 1526 554 1583 eamdem
569 1526 773 1596 proportionem
789 1530 909 1580 servant.
927 1526 963 1580 lie
977 1521 1158 1594 dispensatio·
1192 1525 1315 1595 proprios
1333 1524 1545 1583 consuetudines
1558 1541 1618 1582 esse
1633 1525 1797 1594 servandas,
1814 1542 1868 1582 oon
1885 1527 1996 1582 obstan·

353 1632 387 1672 ne
402 1622 492 1673 autem
511 1614 536 1670 in
557 1614 615 1672 iure
633 1615 844 1671 consuetudinis
858 1613 921 1669 nibil
937 1613 1029 1670 dicere
1044 1627 1158 1668 necesse
1193 1615 1265 1670 tibus
1286 1614 1459 1688 generalibus
1480 1614 1585 1686 legibus
1601 1614 1686 1686 ,aliter
1706 1615 1926 1686 disponentibus.
1949 1613 1997 1670 Vel

354 1711 410 1778 est,
425 1708 490 1778 quia
511 1704 551 1760 vel
574 1704 625 1760 sub
641 1705 810 1760 revocatione
825 1703 929 1775 partiali
949 1701 1157 1774 comprehendi·
1193 1711 1269 1760 certe
1293 1703 1404 1776 intelligi
1427 1711 1543 1782 possunt
1564 1704 1606 1760 illa
1631 1704 1714 1762 verba
1739 1705 1771 1761 de
1798 1702 1998 1761 consuetudine

355 1802 417 1864 tur,
438 1795 481 1852 vel
500 1795 521 1850 si
539 1793 629 1867 aliquo
644 1793 726 1851 modo
741 1793 847 1864 diliert,
862 1783 904 1849 vel
919 1795 1041 1864 pertinet
1055 1791 1087 1848 ad
1104 1793 1158 1863 pri·
1192 1794 1421 1864 praescriptionis,
1440 1794 1466 1850 in
1480 1811 1535 1867 qun
1550 1795 1665 1852 maxime
1680 1793 1768 1851 solent
1782 1794 1864 1851 leuda
1876 1792 1998 1865 lundnri,

352 1886 499 1958 vilegium,
516 1883 550 1940 de
564 1898 619 1955 qno
633 1883 756 1954 sequenti
771 1882 839 1939 libro
854 1882 996 1952 dicemus,
1008 1880 1050 1938 rel
1062 1880 1156 1938 eadem
1192 1883 1256 1954 quia
1278 1881 1352 1954 leges
1372 1885 1559 1939 Romanorum
1580 1899 1634 1940 non
1651 1883 1838 1956 praeiudicant
1852 1884 1917 1941 huic
1932 1899 2000 1942 con·

353 1983 396 2032 est
415 1974 484 2032 ratio
506 1973 540 2030 de
561 1973 621 2043 illa,
638 1987 708 2045 qnae
727 1971 760 2027 de
775 1971 977 2044 dispensatione
992 1972 1018 2027 in
1034 1971 1091 2044 lege
1107 1971 1158 2026 lrn·
1192 1973 1345 2040 suetudini,
1359 1973 1422 2044 quia
1434 1989 1487 2029 noo
1501 1972 1599 2028 tollunt
1609 1973 1677 2045 iura,
1689 1981 1717 2030 et
1726 1973 1856 2044 dominia,
1871 1989 1920 2046 per
1930 1987 1999 2032 con·

353 2081 449 2134 mana,
469 2063 502 2119 de
516 2078 571 2136 qua
586 2063 651 2118 satis
666 2061 798 2132 superiori
811 2061 878 2118 libro
894 2061 1000 2118 dictum
1015 2068 1068 2117 cst.
1191 2062 1362 2118 suetudinem
1378 2062 1574 2132 praescriptam
1588 2070 1757 2134 comparata.

393 2159 420 2212 3.
436 2155 503 2210 Dico
516 2168 582 2226 ergo
595 2153 695 2224 primo:
710 2151 886 2209 Consuetudo
898 2160 1047 2209 revocatur
1058 2168 1106 2223 per
1116 2151 1155 2208 le·
1228 2153 1339 2208 llaaime
1354 2158 1445 2208 autem
1459 2150 1553 2206 locum
1569 2150 1650 2208 habet
1662 2153 1777 2208 assertio
1793 2152 1891 2223 postu,
1908 2168 1999 2224 quan·

353 2260 414 2318 gem
436 2244 615 2316 posteriorem
633 2243 799 2299 contrariam
814 2242 977 2314 praecipue,
993 2241 1103 2314 quando
1119 2241 1157 2298 le·
1192 2239 1227 2295 do
1240 2239 1264 2294 in
1280 2239 1338 2311 lege
1352 2239 1462 2297 additur
1476 2239 1602 2296 clnrrsoln
1615 2257 1673 2298 ooo
1687 2241 1820 2298 obstante
1841 2248 1998 2298 consueto·

353 2334 466 2408 gislator
481 2332 555 2389 illam
566 2347 618 2387 non
629 2333 746 2403 ignorat.
760 2331 891 2402 supponit
902 2331 967 2386 baec
981 2331 1097 2387 assertio
1109 2346 1158 2401 po-
1191 2329 1271 2396 dtoe,
1290 2330 1355 2402 quin
1374 2346 1428 2385 non
1449 2336 1539 2401 potest
1552 2328 1692 2402 legislator
1707 2337 1825 2387 mentem
1844 2346 1924 2388 snam
1940 2331 1998 2386 cla·

354 2429 479 2480 testatem
500 2421 525 2477 io
540 2420 677 2492 principe,
689 2421 736 2493 qni
751 2427 841 2491 potest
854 2420 928 2492 leges
943 2420 1014 2476 lerre
1030 2417 1063 2474 ad
1079 2435 1157 2476 revo-
1191 2418 1248 2474 rius
1262 2418 1407 2490 explicere.
1424 2424 1531 2475 atvero
1547 2419 1656 2493 quando
1671 2436 1723 2476 nou
1735 2420 1846 2478 additur
1859 2421 1902 2478 illa
1919 2419 1998 2479 clau·

354 2511 470 2569 eandam
484 2508 1154 2576 consuetudinemtinodestmanifestuminiure,
1191 2505 1265 2578 sula,
1286 2508 1312 2562 in
1333 2509 1426 2578 primis
1446 2508 1596 2582 requiritur
1617 2512 1799 2582 repugnantia
1818 2511 1888 2566 inter
1907 2510 1997 2582 legem

354 2603 443 2673 capite
458 2602 534 2657 Coos
544 2596 773 2662 consuetudinis,
788 2597 822 2654 de
836 2596 1002 2654 consuetud.
1013 2613 1075 2668 cap.
1094 2597 1156 2654 t.de
1190 2603 1218 2655 et
1231 2593 1475 2670 consuetudinem,
1489 2599 1525 2653 ita
1540 2603 1570 2654 ut
1584 2614 1636 2655 non
1648 2599 1736 2669 possit
1748 2599 1790 2656 les
1809 2599 1960 2666 observari,
1973 2600 1996 2654 si

353 2690 466 2747 constit.
486 2690 512 2744 ln
533 2690 568 2756 e,
586 2686 605 2742 l.
621 2691 657 2757 2,
674 2687 705 2743 C.
721 2703 791 2760 qnae
807 2687 840 2743 sit
854 2685 927 2759 long.
944 2694 1072 2743 consuet.
1088 2689 1155 2743 llam
1191 2686 1365 2743 consuetudo
1378 2691 1515 2742 servetur.
1533 2687 1601 2742 Nam
1616 2688 1638 2742 si
1653 2689 1758 2758 possint
1776 2687 1802 2743 in
1818 2687 1995 2744 concordiem

353 2780 428 2855 quod
448 2777 484 2834 ibi
504 2776 623 2848 dicitur,
644 2791 697 2832 non
712 2757 772 2832 esse
789 2783 891 2833 tantam
906 2779 961 2833 vim
977 2777 1156 2834 consuetudi·
1191 2773 1291 2848 redigi,
1306 2781 1334 2832 et
1354 2775 1396 2832 len
1418 2776 1503 2846 possit
1525 2792 1606 2834 suum
1627 2776 1756 2834 eliectum
1772 2777 1872 2834 babere
1889 2778 1996 2849 absque

353 2871 411 2940 nis,
428 2876 460 2925 ut
474 2867 559 2940 legem
574 2867 680 2936 vincat,
696 2867 722 2920 in
739 2859 912 2936 nno‘seosn,
930 2867 1045 2922 maxime
1060 2881 1155 2924 verum
1191 2865 1363 2936 derogatione
1378 2865 1599 2935 consuetudinis,
1611 2867 1692 2922 etiarn
1704 2867 1893 2939 restringendo
1911 2869 1996 2924 rerba

354 2959 434 3015 babet
447 2957 481 3014 de
490 2957 547 3028 lege
558 2955 744 3028 subsequente
752 2955 1080 3013 consuetudinemltetio
1091 2959 1155 3011 vero
1190 2953 1281 3025 quoad
1302 2954 1359 3010 lieri
1379 2955 1485 3026 possit,
1501 2955 1576 3010 salva
1588 2969 1684 3011 eorum
1700 2955 1885 3027 proprietate3
1902 2958 1939 3012 ita
1954 2957 1996 3013 in-

354 3057 398 3106 est
411 3046 570 3122 manifesta,
583 3045 647 3117 quia
661 3042 834 3100 consuetudo
847 3060 901 3101 non
915 3043 997 3101 habet
1010 3043 1093 3114 vires,
1104 3044 1155 3099 nisi
1190 3043 1367 3115 terpretande
1387 3050 1444 3115 est,
1459 3045 1523 3116 quia
1538 3045 1605 3100 iuris
1619 3045 1755 3100 correctio
1771 3045 1879 3100 vitanda
1892 3053 1950 3116 est,
1966 3053 1996 3102 et

352 3155 387 3195 ex
400 3136 540 3195 voluntate
553 3133 647 3190 saltem
661 3134 743 3189 tacita
753 3133 823 3204 eius,
836 3135 883 3204 qui
896 3139 986 3204 potest
1004 3133 1092 3207 legem
1103 3134 1156 3190 lar·
1190 3131 1376 3204 multomagis
1397 3132 1604 3189 consuetudinis
1624 3133 1715 3206 quoad
1734 3134 1788 3189 lieri
1804 3135 1907 3206 possit3
1932 3141 1994 3192 turn

354 3241 479 3298 re3ergo
493 3221 675 3296 pereamdem
690 3221 860 3278 voluntatem
871 3223 972 3294 poterit
983 3222 1155 3279 consuetudo
1190 3223 1319 3294 quiaest
1339 3221 1423 3278 veluti
1443 3223 1470 3278 in
1490 3230 1616 3280 naturam
1637 3237 1732 3293 versa,
1748 3221 1865 3295 ideoque
1878 3222 1993 3280 difficile

352 3316 494 3388 revocari,
507 3321 536 3371 et
545 3313 616 3370 vires
627 3312 763 3382 amittere,
776 3312 867 3368 imoet
880 3311 1030 3382 prohiberi,
1045 3328 1077 3368 ac
1089 3328 1155 3370 con·
1190 3316 1328 3392 mutatur,
1342 3317 1401 3367 tum
1415 3312 1479 3386 quiq
1495 3310 1568 3384 leges
1583 3310 1683 3368 debent
1695 3327 1755 3368 esse
1772 3311 1895 3368 moribus
1914 3320 1996 3370 uten-

353 3405 468 3462 trarium
482 3404 612 3475 praecipi.
624 3403 655 3458 Si
669 3403 739 3458 enim
755 3402 887 3473 princeps
902 3401 993 3472 potest
1004 3417 1052 3472 per
1064 3408 1156 3473 poste-
1194 3399 1262 3457 dum
1277 3399 1514 3458 accommodatae.

351 3497 452 3552 riorem
468 3494 555 3566 legem
571 3505 702 3549 revocare
716 3492 851 3563 priorem,
869 3506 917 3563 per
931 3507 1091 3562 expressam
1106 3508 1154 3549 vo·
1229 3495 1257 3546 5.
1272 3491 1307 3548 Ut
1326 3504 1393 3561 ergo
1415 3490 1455 3547 lex
1470 3496 1583 3564 revocet
1596 3490 1824 3548 consuetudinem
1838 3493 1864 3547 ri
1879 3506 1949 3562 sna,
1967 3499 1997 3549 et

352 3585 485 3642 lrrotntem
499 3599 513 3638 a
530 3599 559 3638 se
573 3583 689 3654 iactam,
705 3579 843 3653 quomodo
858 3595 911 3638 non
925 3581 1027 3652 poterit
1040 3595 1154 3637 revoca·
1188 3580 1246 3636 sine
1263 3593 1392 3651 expressa
1406 3579 1546 3648 clausula,
1558 3581 1713 3636 necessaria
1726 3579 1933 3637 estomnimoda
1950 3596 1997 3638 re-

352 3687 382 3729 re
395 3672 623 3730 consuetudinem
642 3670 725 3727 tacita
742 3670 882 3726 *volontate
897 3683 949 3725 sna
967 3668 1152 3727 introductam
1188 3668 1339 3742 pugnantia
1352 3677 1380 3726 et
1393 3669 1583 3726 contrarietas.
1605 3669 1702 3726 Deinde
1716 3672 1872 3728 necessaris
1887 3677 1931 3726 est
1946 3687 1995 3726 vo-

351 3777 401 3836 per
414 3761 592 3836 posteriorem
608 3759 695 3833 legem
711 3764 740 3814 et
753 3757 922 3814 voluntatem
935 3757 1113 3828 expressam?
1124 3759 1154 3814 ln
1188 3757 1278 3814 luntas
1290 3758 1436 3830 principis,
1448 3759 1513 3830 quia
1528 3773 1577 3828 per
1588 3756 1660 3814 illem
1674 3758 1705 3814 dt
1714 3759 1864 3816 revocatio.
1879 3760 1917 3816 Et
1927 3761 1996 3832 quia

351 3851 404 3909 boc
421 3867 487 3925 ergo
500 3851 574 3909 nulls
587 3855 629 3906 est
643 3848 846 3916 controversia,
862 3861 912 3903 nec
928 3845 1069 3903 dubitandi
1084 3847 1152 3904 ratio
1176 3847 1313 3904 ,voluntas
1330 3846 1445 3919 requirit
1460 3847 1619 3916 scientiam,
1633 3845 1693 3904 ideo
1708 3848 1791 3904 etiarn
1806 3863 1920 3903 neccsse
1935 3855 1993 3915 est,

351 3942 373 3998 si
396 3941 504 3998 additur
524 3955 582 3995 oms
601 3937 734 3993 obstante
754 3938 910 3992 contrario
929 3933 1149 4004 consuetudins,
1189 3943 1219 3994 ut
1241 3937 1354 3994 scientie
1378 3933 1586 3993 consuetudinis
1611 3935 1636 3990 in
1658 3935 1783 4008 principe
1804 3943 1990 4008 supponatur.

352 4037 421 4087 tunc
437 4029 552 4086 manime
568 4025 692 4083 revocari
706 4023 948 4092 consuetudinem,
961 4023 1024 4096 quia
1041 4041 1094 4082 non
1104 4041 1154 4098 po-
1187 4028 1275 4097 atque
1291 4028 1328 4082 ita
1341 4026 1412 4083 hanc
1429 4024 1553 4082 ultimam
1565 4024 1760 4094 conditionem,
1773 4025 1798 4080 in
1810 4041 1865 4098 qna
1878 4033 1923 4084 est
1934 4033 1995 4084 tota

352 4126 405 4176 test
419 4119 521 4176 clarius
536 4115 675 4187 legislator
688 4129 766 4169 snam
781 4121 898 4170 mentem
913 4112 1060 4184 explicare.
1187 4113 1347 4184 dillicultas,
1358 4115 1448 4186 posuit
1462 4114 1582 4196 Pontilex
1594 4114 1619 4169 io
1631 4129 1692 4185 cap.
1710 4117 1734 4170 l.
1747 4113 1781 4170 de
1792 4117 1902 4170 constit.
1921 4117 1949 4170 io
1961 4119 1989 4174 6.

390 4213 416 4266 l.
434 4211 527 4265 Potest
536 4220 602 4261 vero
613 4205 639 4260 in
653 4205 788 4274 praesenti
804 4202 882 4259 obiici
890 4202 934 4259 lex
947 4203 1020 4259 unic.
1035 4203 1152 4261 delendi
1206 4199 1253 4260 ’6.
1270 4205 1309 4260 Ex
1324 4219 1380 4275 quo
1394 4209 1471 4258 textu
1485 4209 1555 4259 etex
1570 4203 1621 4258 boc
1636 4201 1789 4278 conditione
1800 4203 1917 4262 inlertur
1936 4208 1992 4277 pri·

350 4299 451 4372 cognit.
467 4295 515 4352 ubi
529 4295 567 4350 sic
579 4293 697 4350 dicitur:
710 4295 820 4366 Legum
833 4307 1031 4350 romanorum
1042 4299 1153 4352 nonest
1187 4308 1251 4365 mo,
1267 4292 1378 4365 quando
1397 4290 1569 4349 consuetudo
1588 4301 1648 4350 erat
1662 4293 1839 4364 universalis,
1855 4310 1884 4351 v.
1902 4313 1931 4368 g.
1949 4302 1992 4352 to·

349 4389 421 4448 ollis
435 4386 613 4450 auctoritas,
636 4379 689 4438 sed
706 4397 765 4439 oon
783 4381 859 4440 odeo
876 4385 938 4438 otm
950 4397 1039 4438 suom
1053 4387 1152 4440 eonten-
1188 4382 1243 4438 tius
1257 4381 1416 4452 Ecclesiae,
1432 4386 1460 4437 et
1474 4380 1515 4437 lex
1534 4383 1673 4438 contraria
1692 4381 1779 4438 lertur
1798 4398 1846 4454 pro
1862 4390 1921 4440 tota
1935 4385 1994 4440 Ec·

350 4479 440 4544 dunt,
457 4481 492 4533 ut
508 4489 597 4532 osum
616 4475 739 4528 marcant
758 4477 812 4530 ont
826 4488 933 4529 mores.
949 4471 1110 4544 Respondeo
1124 4475 1151 4529 in
1187 4471 1286 4542 clesia,
1308 4469 1536 4528 consuetudinem
1556 4471 1666 4526 omnino
1686 4473 1812 4544 abrogari
1834 4489 1884 4544 per
1905 4473 1988 4530 talem

350 4569 459 4642 primis,
476 4564 501 4621 id
518 4561 628 4635 intelligi
643 4579 658 4618 a
672 4561 767 4620 Glossa
779 4563 829 4634 ibi,
844 4577 905 4618 esse
922 4561 1039 4633 speciale
1052 4564 1079 4617 in
1093 4563 1152 4620 leu-
1188 4559 1291 4634 legem,
1306 4559 1412 4618 etiamsi
1425 4559 1577 4616 clausulam
1590 4558 1790 4633 derogatorlam
1805 4577 1858 4618 uoo
1879 4562 1989 4620 lrabeat.

351 4659 410 4730 dis,
426 4654 472 4711 sed
496 4669 549 4710 non
563 4651 653 4709 reddit
666 4653 810 4711 rationem.
826 4653 921 4710 Cuiac.
939 4652 974 4708 ibi
988 4652 1016 4709 id
1030 4652 1152 4724 intelligit
1186 4653 1226 4708 lta
1240 4651 1335 4707 docuit
1347 4648 1422 4707 Bald.
1442 4667 1507 4706 curn
1522 4649 1618 4706 allisio
1634 4650 1652 4707 l.
1669 4655 1702 4721 2,
1718 4649 1748 4707 C.
1770 4667 1840 4724 qnae
1860 4652 1894 4707 sit
1909 4653 1991 4724 longa

351 4748 386 4805 de
401 4742 601 4803 consuetudine
623 4742 648 4798 io
664 4741 879 4800 contradictorio
895 4741 993 4798 iudicio
1009 4743 1151 4799 conlirma·
1186 4739 1374 4812 consuetudo,
1388 4739 1494 4796 Felions
1510 4739 1636 4811 incapite
1652 4743 1748 4816 Super
1761 4739 1875 4808 litteris,
1895 4740 1930 4797 de
1946 4756 1990 4798 re·

351 4846 391 4896 ta.
407 4837 441 4892 at
454 4833 522 4890 baec
536 4832 617 4890 etiam
631 4831 737 4888 tollitur
752 4846 800 4902 per
815 4832 913 4906 legem.
926 4829 976 4886 Alii
989 4829 1149 4904 intelligunt,
1186 4830 1281 4901 script.
1299 4844 1326 4884 n.
1345 4834 1376 4899 8,
1393 4828 1476 4884 verbo
1494 4830 1586 4884 tertio
1604 4826 1728 4901 reputes,
1745 4835 1772 4884 et
1787 4829 1812 4884 iu
1828 4845 1892 4900 cap.
1913 4835 1937 4888 t.
1955 4827 1991 4888 de

349 4925 425 4986 illem
445 4922 532 4996 legem
552 4920 627 4993 loqui
641 4923 668 4977 in
682 4919 751 4986 locis
765 4927 842 4978 extra
856 4918 984 4976 ditionem
998 4935 1148 4990 romanam,
1185 4935 1214 4976 re
1229 4919 1343 4976 indicat.
1359 4934 1386 4973 o.
1404 4922 1438 4987 t,
1454 4918 1577 4988 ampliat.
1595 4921 1623 4987 3,
1635 4919 1743 4974 etltota
1753 4917 1839 4974 decis.
1853 4924 1882 4976 2.
1895 4918 1930 4976 de
1946 4937 1990 4978 re-

351 5015 397 5073 nbi
418 5013 491 5085 leges
511 5013 699 5068 Romanorum
721 5023 775 5066 non
790 5009 890 5066 habent
904 5010 956 5064 vim
971 5008 1082 5081 legum,
1099 5007 1150 5065 nisi
1186 5010 1281 5080 script.
1304 5006 1330 5062 in
1351 5008 1447 5071 novis,
1470 5022 1498 5062 n.
1515 5011 1595 5074 2,et
1614 5007 1732 5064 sumitur
1753 5015 1847 5078 operte
1866 5023 1900 5065 en
1914 5009 1990 5068 dicto

350 5111 517 5178 qnatenusa
535 5099 702 5172 principibus
719 5104 916 5171 acceptentur,
931 5103 960 5156 et
973 5099 1000 5156 ln
1016 5097 1067 5154 illis
1081 5097 1150 5154 locis
1185 5113 1247 5169 cap.
1266 5101 1292 5156 t.
1308 5095 1341 5152 de
1353 5095 1543 5152 constitution.
1558 5095 1584 5150 in
1600 5097 1627 5165 6,
1645 5095 1689 5167 lbi,
1701 5094 1905 5170 sufflatorium
1920 5113 1991 5154 cort·

350 5194 467 5267 dicitur,
483 5189 686 5265 praelerendam
705 5189 756 5246 illis
769 5205 829 5246 esse
843 5185 1081 5246 consuetudinem.
1097 5184 1150 5243 Sed
1184 5185 1365 5246 srretodtoes.
1381 5185 1450 5242 llam
1464 5200 1512 5256 per
1526 5183 1577 5242 boc
1596 5183 1718 5242 excludit
1731 5186 1887 5260 generales,
1905 5194 1938 5244 ut
1951 5189 1989 5248 ilri

351 5284 405 5348 boo
415 5290 444 5344 et
454 5280 544 5342 reddit
554 5280 714 5340 seutembm
726 5278 864 5350 libatam,
877 5275 1027 5354 quidenins
1038 5277 1148 5351 mirum,
1183 5279 1266 5336 etiarn
1280 5276 1376 5336 Glossa
1389 5275 1501 5334 notavit.
1518 5275 1598 5334 Ratio
1613 5291 1678 5334 vero
1692 5282 1746 5349 est,
1757 5278 1822 5351 quia
1834 5277 1876 5335 lex
1894 5285 1989 5354 poste·
