<?xml version="1.0" encoding="UTF-8"?>
<!DOCTYPE html PUBLIC "-//W3C//DTD XHTML 1.0 Transitional//EN"
    "http://www.w3.org/TR/xhtml1/DTD/xhtml1-transitional.dtd">
<html xmlns="http://www.w3.org/1999/xhtml" xml:lang="en" lang="en">
 <head>
  <title>
</title>
<meta http-equiv="Content-Type" content="text/html;charset=utf-8" />
  <meta name='ocr-system' content='tesseract 3.04.00' />
  <meta name='ocr-capabilities' content='ocr_page ocr_carea ocr_par ocr_line ocrx_word'/>
</head>
<body>
  <div class='ocr_page' id='page_1' title='image "./tractatusdelegi00sugoog/tractatusdelegi00sugoog_0377.png"; bbox 0 0 4290 6222; ppageno 0'>
   <div class='ocr_carea' id='block_1_1' title="bbox 415 353 1298 422">
    <p class='ocr_par' dir='ltr' id='par_1_1' title="bbox 415 353 1298 422">
     <span class='ocr_line' id='line_1_1' title="bbox 415 353 1298 422; baseline 0.002 -4"><span class='ocrx_word' id='word_1_1' title='bbox 415 353 478 418; x_wconf 76' lang='grc'><strong>364</strong></span> <span class='ocrx_word' id='word_1_2' title='bbox 1107 369 1209 422; x_wconf 82' lang='lat' dir='ltr'><strong>amaa</strong></span> <span class='ocrx_word' id='word_1_3' title='bbox 1222 370 1298 422; x_wconf 83' lang='lat' dir='ltr'><strong>vrrs.</strong></span> 
     </span>
    </p>
   </div>
   <div class='ocr_carea' id='block_1_2' title="bbox 376 495 2097 580">
    <p class='ocr_par' dir='ltr' id='par_1_2' title="bbox 376 495 2097 580">
     <span class='ocr_line' id='line_1_2' title="bbox 376 495 2097 580; baseline -0.003 -21"><span class='ocrx_word' id='word_1_4' title='bbox 376 514 427 559; x_wconf 89' lang='lat' dir='ltr'><strong>rus</strong></span> <span class='ocrx_word' id='word_1_5' title='bbox 441 501 524 572; x_wconf 74' lang='lat' dir='ltr'><strong>eti,</strong></span> <span class='ocrx_word' id='word_1_6' title='bbox 535 515 563 558; x_wconf 93' lang='lat' dir='ltr'><strong>n.</strong></span> <span class='ocrx_word' id='word_1_7' title='bbox 578 503 625 574; x_wconf 85' lang='lat' dir='ltr'><strong>tt,</strong></span> <span class='ocrx_word' id='word_1_8' title='bbox 640 500 685 560; x_wconf 92' lang='lat' dir='ltr'><strong>ubi</strong></span> <span class='ocrx_word' id='word_1_9' title='bbox 699 499 813 570; x_wconf 86' lang='lat' dir='ltr'><strong>citatur,</strong></span> <span class='ocrx_word' id='word_1_10' title='bbox 827 497 917 558; x_wconf 87' lang='lat' dir='ltr'><strong>solum</strong></span> <span class='ocrx_word' id='word_1_11' title='bbox 930 495 1069 572; x_wconf 75' lang='lat' dir='ltr'><strong>distinguit</strong></span> <span class='ocrx_word' id='word_1_12' title='bbox 1083 495 1173 554; x_wconf 91' lang='lat' dir='ltr'><strong>lorum</strong></span> <span class='ocrx_word' id='word_1_13' title='bbox 1210 498 1275 570; x_wconf 90' lang='lat' dir='ltr'><strong>quia</strong></span> <span class='ocrx_word' id='word_1_14' title='bbox 1291 497 1455 572; x_wconf 89' lang='lat' dir='ltr'><strong>poenitentia</strong></span> <span class='ocrx_word' id='word_1_15' title='bbox 1468 499 1551 560; x_wconf 90' lang='lat' dir='ltr'><strong>etiam</strong></span> <span class='ocrx_word' id='word_1_16' title='bbox 1565 498 1751 561; x_wconf 87' lang='lat' dir='ltr'><strong>aeclesiastica</strong></span> <span class='ocrx_word' id='word_1_17' title='bbox 1770 511 1822 558; x_wconf 90' lang='lat' dir='ltr'><strong>non</strong></span> <span class='ocrx_word' id='word_1_18' title='bbox 1837 501 1882 556; x_wconf 88' lang='lat' dir='ltr'><strong>est</strong></span> <span class='ocrx_word' id='word_1_19' title='bbox 1899 501 1998 556; x_wconf 90' lang='lat' dir='ltr'><strong>taetun</strong></span> <span class='ocrx_word' id='word_1_20' title='bbox 2096 555 2097 580; x_wconf 53' lang='lat'><strong>,</strong></span> 
     </span>
    </p>
   </div>
   <div class='ocr_carea' id='block_1_3' title="bbox 374 585 2006 3083">
    <p class='ocr_par' dir='ltr' id='par_1_3' title="bbox 374 585 2006 3083">
     <span class='ocr_line' id='line_1_3' title="bbox 377 585 1999 662; baseline -0.003 -16"><span class='ocrx_word' id='word_1_21' title='bbox 377 590 580 662; x_wconf 90' lang='lat' dir='ltr'><strong>conscientiae,</strong></span> <span class='ocrx_word' id='word_1_22' title='bbox 594 597 623 648; x_wconf 92' lang='lat' dir='ltr'><strong>et</strong></span> <span class='ocrx_word' id='word_1_23' title='bbox 635 591 853 660; x_wconf 86' lang='lat' dir='ltr'><strong>contentiosum,</strong></span> <span class='ocrx_word' id='word_1_24' title='bbox 869 589 1006 662; x_wconf 80' lang='lat' dir='ltr'><strong>refertque</strong></span> <span class='ocrx_word' id='word_1_25' title='bbox 1020 587 1174 660; x_wconf 76' lang='lat' dir='ltr'><strong>opinionem</strong></span> <span class='ocrx_word' id='word_1_26' title='bbox 1209 588 1423 662; x_wconf 89' lang='lat' dir='ltr'><strong>sacramentalis,</strong></span> <span class='ocrx_word' id='word_1_27' title='bbox 1437 590 1485 648; x_wconf 91' lang='lat' dir='ltr'><strong>sed</strong></span> <span class='ocrx_word' id='word_1_28' title='bbox 1494 597 1572 649; x_wconf 84' lang='lat' dir='ltr'><strong>entra</strong></span> <span class='ocrx_word' id='word_1_29' title='bbox 1582 595 1786 649; x_wconf 87' lang='lat' dir='ltr'><strong>sacramentum</strong></span> <span class='ocrx_word' id='word_1_30' title='bbox 1803 585 1915 662; x_wconf 76' lang='lat' dir='ltr'><strong>aliquod</strong></span> <span class='ocrx_word' id='word_1_31' title='bbox 1925 585 1999 642; x_wconf 91' lang='lat' dir='ltr'><strong>etiam</strong></span> 
     </span>
     <span class='ocr_line' id='line_1_4' title="bbox 375 675 1997 752; baseline -0.002 -16"><span class='ocrx_word' id='word_1_32' title='bbox 375 678 542 752; x_wconf 81' lang='lat' dir='ltr'><strong>dicentium,</strong></span> <span class='ocrx_word' id='word_1_33' title='bbox 564 680 764 740; x_wconf 92' lang='lat' dir='ltr'><strong>absolutionem</strong></span> <span class='ocrx_word' id='word_1_34' title='bbox 785 680 819 739; x_wconf 94' lang='lat' dir='ltr'><strong>ab</strong></span> <span class='ocrx_word' id='word_1_35' title='bbox 842 677 1123 737; x_wconf 75' lang='lat' dir='ltr'><strong>excommunicatione</strong></span> <span class='ocrx_word' id='word_1_36' title='bbox 1148 676 1175 732; x_wconf 92' lang='lat' dir='ltr'><strong>in</strong></span> <span class='ocrx_word' id='word_1_37' title='bbox 1208 675 1339 734; x_wconf 91' lang='lat' dir='ltr'><strong>iudicium</strong></span> <span class='ocrx_word' id='word_1_38' title='bbox 1357 680 1546 751; x_wconf 86' lang='lat' dir='ltr'><strong>poenitentiale</strong></span> <span class='ocrx_word' id='word_1_39' title='bbox 1565 680 1686 738; x_wconf 83' lang='lat' dir='ltr'><strong>exerceri</strong></span> <span class='ocrx_word' id='word_1_40' title='bbox 1706 677 1899 752; x_wconf 79' lang='lat' dir='ltr'><strong>potestante</strong></span> <span class='ocrx_word' id='word_1_41' title='bbox 1920 675 1997 732; x_wconf 88' lang='lat' dir='ltr'><strong>iniere</strong></span> 
     </span>
     <span class='ocr_line' id='line_1_5' title="bbox 376 764 2000 844; baseline -0.005 -17"><span class='ocrx_word' id='word_1_42' title='bbox 376 770 437 827; x_wconf 90' lang='lat' dir='ltr'><strong>ioro</strong></span> <span class='ocrx_word' id='word_1_43' title='bbox 452 771 620 828; x_wconf 84' lang='lat' dir='ltr'><strong>contentione</strong></span> <span class='ocrx_word' id='word_1_44' title='bbox 636 787 716 844; x_wconf 90' lang='lat' dir='ltr'><strong>posse</strong></span> <span class='ocrx_word' id='word_1_45' title='bbox 730 770 788 828; x_wconf 91' lang='lat' dir='ltr'><strong>dari</strong></span> <span class='ocrx_word' id='word_1_46' title='bbox 804 784 886 827; x_wconf 91' lang='lat' dir='ltr'><strong>anon</strong></span> <span class='ocrx_word' id='word_1_47' title='bbox 899 767 1058 831; x_wconf 76' lang='lat' dir='ltr'><strong>secerdote,</strong></span> <span class='ocrx_word' id='word_1_48' title='bbox 1072 767 1098 823; x_wconf 92' lang='lat' dir='ltr'><strong>in</strong></span> <span class='ocrx_word' id='word_1_49' title='bbox 1113 765 1172 822; x_wconf 87' lang='lat' dir='ltr'><strong>loro</strong></span> <span class='ocrx_word' id='word_1_50' title='bbox 1209 767 1349 839; x_wconf 85' lang='lat' dir='ltr'><strong>seeundo,</strong></span> <span class='ocrx_word' id='word_1_51' title='bbox 1371 770 1442 827; x_wconf 92' lang='lat' dir='ltr'><strong>inter</strong></span> <span class='ocrx_word' id='word_1_52' title='bbox 1460 771 1550 828; x_wconf 87' lang='lat' dir='ltr'><strong>lorum</strong></span> <span class='ocrx_word' id='word_1_53' title='bbox 1574 769 1758 828; x_wconf 88' lang='lat' dir='ltr'><strong>eonscientiae</strong></span> <span class='ocrx_word' id='word_1_54' title='bbox 1779 773 1807 825; x_wconf 90' lang='lat' dir='ltr'><strong>et</strong></span> <span class='ocrx_word' id='word_1_55' title='bbox 1827 764 2000 839; x_wconf 89' lang='lat' dir='ltr'><strong>poenitentiae</strong></span> 
     </span>
     <span class='ocr_line' id='line_1_6' title="bbox 376 853 1999 930; baseline -0.003 -15"><span class='ocrx_word' id='word_1_56' title='bbox 376 865 470 916; x_wconf 90' lang='lat' dir='ltr'><strong>autem</strong></span> <span class='ocrx_word' id='word_1_57' title='bbox 481 862 663 918; x_wconf 85' lang='lat' dir='ltr'><strong>eonscientiae</strong></span> <span class='ocrx_word' id='word_1_58' title='bbox 674 861 763 920; x_wconf 92' lang='lat' dir='ltr'><strong>solum</strong></span> <span class='ocrx_word' id='word_1_59' title='bbox 774 876 790 917; x_wconf 94' lang='lat' dir='ltr'><strong>a</strong></span> <span class='ocrx_word' id='word_1_60' title='bbox 801 858 955 930; x_wconf 81' lang='lat' dir='ltr'><strong>sacerdote3</strong></span> <span class='ocrx_word' id='word_1_61' title='bbox 965 865 994 914; x_wconf 92' lang='lat' dir='ltr'><strong>et</strong></span> <span class='ocrx_word' id='word_1_62' title='bbox 1005 858 1065 928; x_wconf 90' lang='lat' dir='ltr'><strong>ipse</strong></span> <span class='ocrx_word' id='word_1_63' title='bbox 1077 854 1176 913; x_wconf 91' lang='lat' dir='ltr'><strong>limitat</strong></span> <span class='ocrx_word' id='word_1_64' title='bbox 1210 854 1295 911; x_wconf 91' lang='lat' dir='ltr'><strong>solem</strong></span> <span class='ocrx_word' id='word_1_65' title='bbox 1309 856 1379 915; x_wconf 91' lang='lat' dir='ltr'><strong>hanc</strong></span> <span class='ocrx_word' id='word_1_66' title='bbox 1393 857 1570 918; x_wconf 79' lang='lat' dir='ltr'><strong>differentiam</strong></span> <span class='ocrx_word' id='word_1_67' title='bbox 1584 857 1806 917; x_wconf 89' lang='lat' dir='ltr'><strong>constituendam</strong></span> <span class='ocrx_word' id='word_1_68' title='bbox 1821 855 1918 927; x_wconf 89' lang='lat' dir='ltr'><strong>videri,</strong></span> <span class='ocrx_word' id='word_1_69' title='bbox 1932 853 1999 927; x_wconf 94' lang='lat' dir='ltr'><strong>quod</strong></span> 
     </span>
     <span class='ocr_line' id='line_1_7' title="bbox 376 943 2000 1023; baseline -0.004 -19"><span class='ocrx_word' id='word_1_70' title='bbox 376 948 448 1006; x_wconf 91' lang='lat' dir='ltr'><strong>banc</strong></span> <span class='ocrx_word' id='word_1_71' title='bbox 460 951 640 1022; x_wconf 85' lang='lat' dir='ltr'><strong>posteriorem</strong></span> <span class='ocrx_word' id='word_1_72' title='bbox 652 949 941 1022; x_wconf 89' lang='lat' dir='ltr'><strong>partem,dicensesse</strong></span> <span class='ocrx_word' id='word_1_73' title='bbox 953 943 1174 1018; x_wconf 80' lang='lat' dir='ltr'><strong>reram,‘quando</strong></span> <span class='ocrx_word' id='word_1_74' title='bbox 1209 945 1298 1003; x_wconf 88' lang='lat' dir='ltr'><strong>iarum</strong></span> <span class='ocrx_word' id='word_1_75' title='bbox 1320 949 1503 1007; x_wconf 90' lang='lat' dir='ltr'><strong>eonscientiae</strong></span> <span class='ocrx_word' id='word_1_76' title='bbox 1524 965 1572 1023; x_wconf 89' lang='lat' dir='ltr'><strong>per</strong></span> <span class='ocrx_word' id='word_1_77' title='bbox 1592 967 1621 1007; x_wconf 91' lang='lat' dir='ltr'><strong>se</strong></span> <span class='ocrx_word' id='word_1_78' title='bbox 1641 965 1693 1006; x_wconf 90' lang='lat' dir='ltr'><strong>non</strong></span> <span class='ocrx_word' id='word_1_79' title='bbox 1720 953 1858 1019; x_wconf 83' lang='lat' dir='ltr'><strong>ssrpponat</strong></span> <span class='ocrx_word' id='word_1_80' title='bbox 1885 943 2000 1015; x_wconf 91' lang='lat' dir='ltr'><strong>eulpam,</strong></span> 
     </span>
     <span class='ocr_line' id='line_1_8' title="bbox 377 1025 2002 1110; baseline -0.004 -16"><span class='ocrx_word' id='word_1_81' title='bbox 377 1038 544 1095; x_wconf 81' lang='lat' dir='ltr'><strong>obsoletior</strong></span> <span class='ocrx_word' id='word_1_82' title='bbox 565 1054 682 1095; x_wconf 90' lang='lat' dir='ltr'><strong>censura</strong></span> <span class='ocrx_word' id='word_1_83' title='bbox 701 1039 878 1109; x_wconf 79' lang='lat' dir='ltr'><strong>coniungitur</strong></span> <span class='ocrx_word' id='word_1_84' title='bbox 892 1052 958 1093; x_wconf 89' lang='lat' dir='ltr'><strong>eum</strong></span> <span class='ocrx_word' id='word_1_85' title='bbox 976 1033 1174 1091; x_wconf 89' lang='lat' dir='ltr'><strong>absolutionea</strong></span> <span class='ocrx_word' id='word_1_86' title='bbox 1209 1051 1261 1092; x_wconf 90' lang='lat' dir='ltr'><strong>nec</strong></span> <span class='ocrx_word' id='word_1_87' title='bbox 1272 1037 1415 1096; x_wconf 90' lang='lat' dir='ltr'><strong>ordinatur</strong></span> <span class='ocrx_word' id='word_1_88' title='bbox 1426 1038 1459 1096; x_wconf 91' lang='lat' dir='ltr'><strong>ed</strong></span> <span class='ocrx_word' id='word_1_89' title='bbox 1477 1040 1681 1110; x_wconf 88' lang='lat' dir='ltr'><strong>remittendum,</strong></span> <span class='ocrx_word' id='word_1_90' title='bbox 1693 1038 1736 1096; x_wconf 87' lang='lat' dir='ltr'><strong>rel</strong></span> <span class='ocrx_word' id='word_1_91' title='bbox 1752 1025 1946 1094; x_wconf 82' lang='lat' dir='ltr'><strong>vindicandum</strong></span> <span class='ocrx_word' id='word_1_92' title='bbox 1957 1033 2002 1089; x_wconf 88' lang='lat' dir='ltr'><strong>ali·</strong></span> 
     </span>
     <span class='ocr_line' id='line_1_9' title="bbox 376 1120 1999 1204; baseline -0.004 -20"><span class='ocrx_word' id='word_1_93' title='bbox 376 1127 513 1201; x_wconf 80' lang='lat' dir='ltr'><strong>peccatis3</strong></span> <span class='ocrx_word' id='word_1_94' title='bbox 528 1143 582 1184; x_wconf 92' lang='lat' dir='ltr'><strong>non</strong></span> <span class='ocrx_word' id='word_1_95' title='bbox 603 1144 668 1184; x_wconf 86' lang='lat' dir='ltr'><strong>vero</strong></span> <span class='ocrx_word' id='word_1_96' title='bbox 687 1127 709 1183; x_wconf 88' lang='lat' dir='ltr'><strong>si</strong></span> <span class='ocrx_word' id='word_1_97' title='bbox 730 1128 787 1184; x_wconf 91' lang='lat' dir='ltr'><strong>sola</strong></span> <span class='ocrx_word' id='word_1_98' title='bbox 800 1126 896 1196; x_wconf 91' lang='lat' dir='ltr'><strong>detur,</strong></span> <span class='ocrx_word' id='word_1_99' title='bbox 912 1125 975 1197; x_wconf 93' lang='lat' dir='ltr'><strong>quia</strong></span> <span class='ocrx_word' id='word_1_100' title='bbox 989 1125 1029 1180; x_wconf 87' lang='lat' dir='ltr'><strong>sic</strong></span> <span class='ocrx_word' id='word_1_101' title='bbox 1050 1121 1129 1178; x_wconf 89' lang='lat' dir='ltr'><strong>etiem</strong></span> <span class='ocrx_word' id='word_1_102' title='bbox 1148 1120 1173 1177; x_wconf 87' lang='lat' dir='ltr'><strong>ie</strong></span> <span class='ocrx_word' id='word_1_103' title='bbox 1210 1141 1293 1199; x_wconf 91' lang='lat' dir='ltr'><strong>quem</strong></span> <span class='ocrx_word' id='word_1_104' title='bbox 1307 1125 1461 1200; x_wconf 87' lang='lat' dir='ltr'><strong>delectum,</strong></span> <span class='ocrx_word' id='word_1_105' title='bbox 1477 1131 1519 1187; x_wconf 87' lang='lat' dir='ltr'><strong>rel</strong></span> <span class='ocrx_word' id='word_1_106' title='bbox 1538 1128 1648 1204; x_wconf 92' lang='lat' dir='ltr'><strong>aliquod</strong></span> <span class='ocrx_word' id='word_1_107' title='bbox 1662 1128 1805 1186; x_wconf 88' lang='lat' dir='ltr'><strong>vinculum</strong></span> <span class='ocrx_word' id='word_1_108' title='bbox 1819 1123 1893 1198; x_wconf 91' lang='lat' dir='ltr'><strong>apud</strong></span> <span class='ocrx_word' id='word_1_109' title='bbox 1911 1126 1999 1194; x_wconf 70' lang='lat' dir='ltr'><strong>beneq</strong></span> 
     </span>
     <span class='ocr_line' id='line_1_10' title="bbox 376 1212 2001 1290; baseline -0.004 -16"><span class='ocrx_word' id='word_1_110' title='bbox 376 1217 438 1274; x_wconf 83' lang='lat' dir='ltr'><strong>loro</strong></span> <span class='ocrx_word' id='word_1_111' title='bbox 451 1218 632 1275; x_wconf 87' lang='lat' dir='ltr'><strong>conscientiae</strong></span> <span class='ocrx_word' id='word_1_112' title='bbox 644 1223 736 1290; x_wconf 92' lang='lat' dir='ltr'><strong>potest</strong></span> <span class='ocrx_word' id='word_1_113' title='bbox 745 1215 802 1274; x_wconf 88' lang='lat' dir='ltr'><strong>deri</strong></span> <span class='ocrx_word' id='word_1_114' title='bbox 814 1232 829 1272; x_wconf 94' lang='lat' dir='ltr'><strong>e</strong></span> <span class='ocrx_word' id='word_1_115' title='bbox 841 1231 893 1273; x_wconf 93' lang='lat' dir='ltr'><strong>non</strong></span> <span class='ocrx_word' id='word_1_116' title='bbox 906 1213 1104 1271; x_wconf 81' lang='lat' dir='ltr'><strong>secerdotebe</strong></span> <span class='ocrx_word' id='word_1_117' title='bbox 1116 1212 1174 1267; x_wconf 87' lang='lat' dir='ltr'><strong>lore</strong></span> <span class='ocrx_word' id='word_1_118' title='bbox 1210 1215 1296 1272; x_wconf 90' lang='lat' dir='ltr'><strong>multa</strong></span> <span class='ocrx_word' id='word_1_119' title='bbox 1307 1217 1377 1274; x_wconf 90' lang='lat' dir='ltr'><strong>enim</strong></span> <span class='ocrx_word' id='word_1_120' title='bbox 1389 1220 1583 1277; x_wconf 89' lang='lat' dir='ltr'><strong>conceduntur</strong></span> <span class='ocrx_word' id='word_1_121' title='bbox 1593 1221 1619 1276; x_wconf 90' lang='lat' dir='ltr'><strong>iu</strong></span> <span class='ocrx_word' id='word_1_122' title='bbox 1632 1219 1691 1276; x_wconf 87' lang='lat' dir='ltr'><strong>loro</strong></span> <span class='ocrx_word' id='word_1_123' title='bbox 1701 1215 1889 1274; x_wconf 89' lang='lat' dir='ltr'><strong>conscientiae</strong></span> <span class='ocrx_word' id='word_1_124' title='bbox 1904 1229 1952 1286; x_wconf 89' lang='lat' dir='ltr'><strong>per</strong></span> <span class='ocrx_word' id='word_1_125' title='bbox 1965 1229 2001 1282; x_wconf 86' lang='lat' dir='ltr'><strong>se,</strong></span> 
     </span>
     <span class='ocr_line' id='line_1_11' title="bbox 379 1299 2001 1380; baseline -0.001 -17"><span class='ocrx_word' id='word_1_126' title='bbox 379 1316 473 1363; x_wconf 89' lang='lat' dir='ltr'><strong>eutem</strong></span> <span class='ocrx_word' id='word_1_127' title='bbox 489 1308 670 1378; x_wconf 91' lang='lat' dir='ltr'><strong>poenitentiae</strong></span> <span class='ocrx_word' id='word_1_128' title='bbox 686 1306 751 1363; x_wconf 90' lang='lat' dir='ltr'><strong>nibil</strong></span> <span class='ocrx_word' id='word_1_129' title='bbox 769 1303 923 1378; x_wconf 83' lang='lat' dir='ltr'><strong>specialiter</strong></span> <span class='ocrx_word' id='word_1_130' title='bbox 936 1303 1018 1374; x_wconf 91' lang='lat' dir='ltr'><strong>dicit,</strong></span> <span class='ocrx_word' id='word_1_131' title='bbox 1034 1316 1123 1375; x_wconf 90' lang='lat' dir='ltr'><strong>neque</strong></span> <span class='ocrx_word' id='word_1_132' title='bbox 1136 1299 1175 1356; x_wconf 86' lang='lat' dir='ltr'><strong>el·</strong></span> <span class='ocrx_word' id='word_1_133' title='bbox 1210 1313 1323 1378; x_wconf 89' lang='lat' dir='ltr'><strong>propter</strong></span> <span class='ocrx_word' id='word_1_134' title='bbox 1337 1308 1455 1380; x_wconf 90' lang='lat' dir='ltr'><strong>bonum,</strong></span> <span class='ocrx_word' id='word_1_135' title='bbox 1471 1309 1514 1366; x_wconf 89' lang='lat' dir='ltr'><strong>rel</strong></span> <span class='ocrx_word' id='word_1_136' title='bbox 1529 1312 1650 1367; x_wconf 80' lang='lat' dir='ltr'><strong>levorem</strong></span> <span class='ocrx_word' id='word_1_137' title='bbox 1665 1305 1893 1374; x_wconf 90' lang='lat' dir='ltr'><strong>eoncedendum,</strong></span> <span class='ocrx_word' id='word_1_138' title='bbox 1909 1309 1937 1358; x_wconf 89' lang='lat' dir='ltr'><strong>et</strong></span> <span class='ocrx_word' id='word_1_139' title='bbox 1953 1317 2001 1356; x_wconf 86' lang='lat' dir='ltr'><strong>aaa</strong></span> 
     </span>
     <span class='ocr_line' id='line_1_12' title="bbox 379 1391 2004 1474; baseline -0.003 -24"><span class='ocrx_word' id='word_1_140' title='bbox 379 1394 481 1466; x_wconf 84' lang='lat' dir='ltr'><strong>firmet,</strong></span> <span class='ocrx_word' id='word_1_141' title='bbox 495 1396 580 1452; x_wconf 88' lang='lat' dir='ltr'><strong>solam</strong></span> <span class='ocrx_word' id='word_1_142' title='bbox 591 1395 661 1474; x_wconf 88' lang='lat' dir='ltr'><strong>illam</strong></span> <span class='ocrx_word' id='word_1_143' title='bbox 672 1394 880 1457; x_wconf 82' lang='lat' dir='ltr'><strong>absolutionem,</strong></span> <span class='ocrx_word' id='word_1_144' title='bbox 891 1407 960 1466; x_wconf 91' lang='lat' dir='ltr'><strong>quae</strong></span> <span class='ocrx_word' id='word_1_145' title='bbox 970 1398 1011 1448; x_wconf 89' lang='lat' dir='ltr'><strong>est</strong></span> <span class='ocrx_word' id='word_1_146' title='bbox 1021 1405 1175 1448; x_wconf 90' lang='lat' dir='ltr'><strong>sacramen·</strong></span> <span class='ocrx_word' id='word_1_147' title='bbox 1210 1401 1323 1467; x_wconf 85' lang='lat' dir='ltr'><strong>propter</strong></span> <span class='ocrx_word' id='word_1_148' title='bbox 1341 1398 1444 1455; x_wconf 83' lang='lat' dir='ltr'><strong>muium</strong></span> <span class='ocrx_word' id='word_1_149' title='bbox 1466 1398 1627 1469; x_wconf 73' lang='lat' dir='ltr'><strong>tollendum3</strong></span> <span class='ocrx_word' id='word_1_150' title='bbox 1643 1399 1732 1455; x_wconf 89' lang='lat' dir='ltr'><strong>iorum</strong></span> <span class='ocrx_word' id='word_1_151' title='bbox 1752 1403 1843 1452; x_wconf 91' lang='lat' dir='ltr'><strong>eutem</strong></span> <span class='ocrx_word' id='word_1_152' title='bbox 1871 1391 2004 1465; x_wconf 88' lang='lat' dir='ltr'><strong>poeniten·</strong></span> 
     </span>
     <span class='ocr_line' id='line_1_13' title="bbox 378 1480 2003 1558; baseline -0.004 -18"><span class='ocrx_word' id='word_1_153' title='bbox 378 1485 454 1556; x_wconf 88' lang='lat' dir='ltr'><strong>telis,</strong></span> <span class='ocrx_word' id='word_1_154' title='bbox 467 1485 509 1542; x_wconf 89' lang='lat' dir='ltr'><strong>vel</strong></span> <span class='ocrx_word' id='word_1_155' title='bbox 520 1502 586 1542; x_wconf 90' lang='lat' dir='ltr'><strong>eum</strong></span> <span class='ocrx_word' id='word_1_156' title='bbox 597 1483 786 1543; x_wconf 82' lang='lat' dir='ltr'><strong>sacramentali</strong></span> <span class='ocrx_word' id='word_1_157' title='bbox 797 1483 889 1556; x_wconf 87' lang='lat' dir='ltr'><strong>datur,</strong></span> <span class='ocrx_word' id='word_1_158' title='bbox 898 1483 1030 1555; x_wconf 90' lang='lat' dir='ltr'><strong>pertinere</strong></span> <span class='ocrx_word' id='word_1_159' title='bbox 1041 1480 1075 1538; x_wconf 92' lang='lat' dir='ltr'><strong>ad</strong></span> <span class='ocrx_word' id='word_1_160' title='bbox 1086 1481 1175 1538; x_wconf 86' lang='lat' dir='ltr'><strong>iorum</strong></span> <span class='ocrx_word' id='word_1_161' title='bbox 1210 1486 1265 1543; x_wconf 91' lang='lat' dir='ltr'><strong>tiae</strong></span> <span class='ocrx_word' id='word_1_162' title='bbox 1283 1486 1386 1544; x_wconf 93' lang='lat' dir='ltr'><strong>dicitur</strong></span> <span class='ocrx_word' id='word_1_163' title='bbox 1401 1488 1426 1543; x_wconf 93' lang='lat' dir='ltr'><strong>in</strong></span> <span class='ocrx_word' id='word_1_164' title='bbox 1447 1488 1542 1546; x_wconf 91' lang='lat' dir='ltr'><strong>ordine</strong></span> <span class='ocrx_word' id='word_1_165' title='bbox 1558 1489 1592 1545; x_wconf 89' lang='lat' dir='ltr'><strong>ad</strong></span> <span class='ocrx_word' id='word_1_166' title='bbox 1615 1487 1766 1545; x_wconf 90' lang='lat' dir='ltr'><strong>tollendum</strong></span> <span class='ocrx_word' id='word_1_167' title='bbox 1780 1483 1893 1558; x_wconf 85' lang='lat' dir='ltr'><strong>aliquod</strong></span> <span class='ocrx_word' id='word_1_168' title='bbox 1916 1481 2003 1536; x_wconf 83' lang='lat' dir='ltr'><strong>rieeu</strong></span> 
     </span>
     <span class='ocr_line' id='line_1_14' title="bbox 376 1572 2004 1650; baseline -0.004 -19"><span class='ocrx_word' id='word_1_169' title='bbox 376 1576 566 1647; x_wconf 85' lang='lat' dir='ltr'><strong>poenitentiae.</strong></span> <span class='ocrx_word' id='word_1_170' title='bbox 1211 1574 1283 1647; x_wconf 92' lang='lat' dir='ltr'><strong>lum,</strong></span> <span class='ocrx_word' id='word_1_171' title='bbox 1299 1576 1341 1633; x_wconf 88' lang='lat' dir='ltr'><strong>vel</strong></span> <span class='ocrx_word' id='word_1_172' title='bbox 1357 1576 1459 1634; x_wconf 91' lang='lat' dir='ltr'><strong>malurn</strong></span> <span class='ocrx_word' id='word_1_173' title='bbox 1474 1580 1547 1650; x_wconf 91' lang='lat' dir='ltr'><strong>apud</strong></span> <span class='ocrx_word' id='word_1_174' title='bbox 1562 1582 1663 1648; x_wconf 85' lang='lat' dir='ltr'><strong>Deum,</strong></span> <span class='ocrx_word' id='word_1_175' title='bbox 1678 1577 1734 1632; x_wconf 84' lang='lat' dir='ltr'><strong>sire</strong></span> <span class='ocrx_word' id='word_1_176' title='bbox 1751 1572 1817 1631; x_wconf 90' lang='lat' dir='ltr'><strong>illud</strong></span> <span class='ocrx_word' id='word_1_177' title='bbox 1833 1572 1947 1628; x_wconf 88' lang='lat' dir='ltr'><strong>tollatur</strong></span> <span class='ocrx_word' id='word_1_178' title='bbox 1962 1583 2004 1639; x_wconf 88' lang='lat' dir='ltr'><strong>per</strong></span> 
     </span>
     <span class='ocr_line' id='line_1_15' title="bbox 425 1658 2004 1739; baseline -0.006 -17"><span class='ocrx_word' id='word_1_179' title='bbox 425 1666 468 1722; x_wconf 86' lang='lat' dir='ltr'><strong>ld.</strong></span> <span class='ocrx_word' id='word_1_180' title='bbox 483 1664 533 1721; x_wconf 80' lang='lat' dir='ltr'><strong>atii</strong></span> <span class='ocrx_word' id='word_1_181' title='bbox 553 1680 618 1722; x_wconf 81' lang='lat' dir='ltr'><strong>vero</strong></span> <span class='ocrx_word' id='word_1_182' title='bbox 633 1671 763 1722; x_wconf 81' lang='lat' dir='ltr'><strong>auctores</strong></span> <span class='ocrx_word' id='word_1_183' title='bbox 782 1664 861 1737; x_wconf 78' lang='lat' dir='ltr'><strong>longe</strong></span> <span class='ocrx_word' id='word_1_184' title='bbox 875 1662 953 1719; x_wconf 91' lang='lat' dir='ltr'><strong>aliter</strong></span> <span class='ocrx_word' id='word_1_185' title='bbox 973 1662 1124 1734; x_wconf 89' lang='lat' dir='ltr'><strong>loquuntur</strong></span> <span class='ocrx_word' id='word_1_186' title='bbox 1143 1660 1177 1718; x_wconf 87' lang='lat' dir='ltr'><strong>de</strong></span> <span class='ocrx_word' id='word_1_187' title='bbox 1211 1666 1353 1736; x_wconf 90' lang='lat' dir='ltr'><strong>preprium</strong></span> <span class='ocrx_word' id='word_1_188' title='bbox 1375 1674 1578 1724; x_wconf 87' lang='lat' dir='ltr'><strong>sacramentum</strong></span> <span class='ocrx_word' id='word_1_189' title='bbox 1593 1667 1792 1739; x_wconf 87' lang='lat' dir='ltr'><strong>poenitentiae,</strong></span> <span class='ocrx_word' id='word_1_190' title='bbox 1808 1663 1865 1720; x_wconf 88' lang='lat' dir='ltr'><strong>sire</strong></span> <span class='ocrx_word' id='word_1_191' title='bbox 1881 1675 1931 1733; x_wconf 91' lang='lat' dir='ltr'><strong>per</strong></span> <span class='ocrx_word' id='word_1_192' title='bbox 1945 1658 2004 1714; x_wconf 88' lang='lat' dir='ltr'><strong>alios</strong></span> 
     </span>
     <span class='ocr_line' id='line_1_16' title="bbox 378 1749 2003 1828; baseline -0.006 -17"><span class='ocrx_word' id='word_1_193' title='bbox 378 1753 554 1812; x_wconf 89' lang='lat' dir='ltr'><strong>absolutione</strong></span> <span class='ocrx_word' id='word_1_194' title='bbox 568 1755 603 1812; x_wconf 92' lang='lat' dir='ltr'><strong>ab</strong></span> <span class='ocrx_word' id='word_1_195' title='bbox 620 1752 943 1812; x_wconf 82' lang='lat' dir='ltr'><strong>excommunicationem</strong></span> <span class='ocrx_word' id='word_1_196' title='bbox 964 1752 1024 1808; x_wconf 86' lang='lat' dir='ltr'><strong>loro</strong></span> <span class='ocrx_word' id='word_1_197' title='bbox 1038 1753 1175 1824; x_wconf 88' lang='lat' dir='ltr'><strong>poeniten·</strong></span> <span class='ocrx_word' id='word_1_198' title='bbox 1210 1758 1291 1810; x_wconf 88' lang='lat' dir='ltr'><strong>aetus</strong></span> <span class='ocrx_word' id='word_1_199' title='bbox 1309 1755 1479 1828; x_wconf 84' lang='lat' dir='ltr'><strong>ostensivos,</strong></span> <span class='ocrx_word' id='word_1_200' title='bbox 1502 1763 1551 1813; x_wconf 93' lang='lat' dir='ltr'><strong>aut</strong></span> <span class='ocrx_word' id='word_1_201' title='bbox 1568 1755 1712 1813; x_wconf 85' lang='lat' dir='ltr'><strong>indictivos</strong></span> <span class='ocrx_word' id='word_1_202' title='bbox 1727 1750 1917 1826; x_wconf 87' lang='lat' dir='ltr'><strong>poenitentiae.</strong></span> <span class='ocrx_word' id='word_1_203' title='bbox 1938 1749 2003 1804; x_wconf 86' lang='lat' dir='ltr'><strong>llaec</strong></span> 
     </span>
     <span class='ocr_line' id='line_1_17' title="bbox 376 1835 2005 1918; baseline -0.006 -18"><span class='ocrx_word' id='word_1_204' title='bbox 376 1843 430 1900; x_wconf 91' lang='lat' dir='ltr'><strong>tiae</strong></span> <span class='ocrx_word' id='word_1_205' title='bbox 443 1888 450 1914; x_wconf 89' lang='lat'><strong>,</strong></span> <span class='ocrx_word' id='word_1_206' title='bbox 465 1859 515 1901; x_wconf 88' lang='lat' dir='ltr'><strong>seu</strong></span> <span class='ocrx_word' id='word_1_207' title='bbox 530 1844 726 1916; x_wconf 84' lang='lat' dir='ltr'><strong>poenitentiali,</strong></span> <span class='ocrx_word' id='word_1_208' title='bbox 741 1843 816 1918; x_wconf 92' lang='lat' dir='ltr'><strong>quod</strong></span> <span class='ocrx_word' id='word_1_209' title='bbox 830 1841 1004 1914; x_wconf 80' lang='lat' dir='ltr'><strong>distinguunt</strong></span> <span class='ocrx_word' id='word_1_210' title='bbox 1016 1840 1051 1896; x_wconf 92' lang='lat' dir='ltr'><strong>ab</strong></span> <span class='ocrx_word' id='word_1_211' title='bbox 1063 1847 1176 1896; x_wconf 84' lang='lat' dir='ltr'><strong>externe</strong></span> <span class='ocrx_word' id='word_1_212' title='bbox 1210 1843 1281 1899; x_wconf 89' lang='lat' dir='ltr'><strong>enim</strong></span> <span class='ocrx_word' id='word_1_213' title='bbox 1296 1843 1444 1903; x_wconf 80' lang='lat' dir='ltr'><strong>differentia</strong></span> <span class='ocrx_word' id='word_1_214' title='bbox 1458 1853 1533 1904; x_wconf 90' lang='lat' dir='ltr'><strong>recte</strong></span> <span class='ocrx_word' id='word_1_215' title='bbox 1548 1846 1680 1903; x_wconf 85' lang='lat' dir='ltr'><strong>tundatur</strong></span> <span class='ocrx_word' id='word_1_216' title='bbox 1691 1846 1716 1901; x_wconf 94' lang='lat' dir='ltr'><strong>in</strong></span> <span class='ocrx_word' id='word_1_217' title='bbox 1732 1843 1900 1916; x_wconf 87' lang='lat' dir='ltr'><strong>proprietate</strong></span> <span class='ocrx_word' id='word_1_218' title='bbox 1916 1835 2005 1893; x_wconf 83' lang='lat' dir='ltr'><strong>serto-</strong></span> 
     </span>
     <span class='ocr_line' id='line_1_18' title="bbox 376 1926 2005 2008; baseline -0.006 -17"><span class='ocrx_word' id='word_1_219' title='bbox 376 1934 449 2004; x_wconf 88' lang='lat' dir='ltr'><strong>ioro,</strong></span> <span class='ocrx_word' id='word_1_220' title='bbox 459 1951 508 1992; x_wconf 92' lang='lat' dir='ltr'><strong>seu</strong></span> <span class='ocrx_word' id='word_1_221' title='bbox 520 1937 702 2008; x_wconf 64' lang='lat' dir='ltr'><strong>contentiosa</strong></span> <span class='ocrx_word' id='word_1_222' title='bbox 712 1949 775 1991; x_wconf 90' lang='lat' dir='ltr'><strong>nam</strong></span> <span class='ocrx_word' id='word_1_223' title='bbox 787 1931 976 2005; x_wconf 88' lang='lat' dir='ltr'><strong>poenitentiale</strong></span> <span class='ocrx_word' id='word_1_224' title='bbox 986 1935 1097 2002; x_wconf 87' lang='lat' dir='ltr'><strong>recent,</strong></span> <span class='ocrx_word' id='word_1_225' title='bbox 1106 1945 1175 2002; x_wconf 91' lang='lat' dir='ltr'><strong>que·</strong></span> <span class='ocrx_word' id='word_1_226' title='bbox 1209 1948 1273 1990; x_wconf 94' lang='lat' dir='ltr'><strong>rum</strong></span> <span class='ocrx_word' id='word_1_227' title='bbox 1286 1941 1314 1991; x_wconf 89' lang='lat' dir='ltr'><strong>et</strong></span> <span class='ocrx_word' id='word_1_228' title='bbox 1326 1935 1352 1990; x_wconf 91' lang='lat' dir='ltr'><strong>in</strong></span> <span class='ocrx_word' id='word_1_229' title='bbox 1366 1951 1431 2007; x_wconf 90' lang='lat' dir='ltr'><strong>usu,</strong></span> <span class='ocrx_word' id='word_1_230' title='bbox 1442 1941 1471 1993; x_wconf 93' lang='lat' dir='ltr'><strong>ct</strong></span> <span class='ocrx_word' id='word_1_231' title='bbox 1484 1936 1574 1994; x_wconf 88' lang='lat' dir='ltr'><strong>omnis</strong></span> <span class='ocrx_word' id='word_1_232' title='bbox 1584 1935 1635 1993; x_wconf 91' lang='lat' dir='ltr'><strong>alia</strong></span> <span class='ocrx_word' id='word_1_233' title='bbox 1647 1951 1700 1992; x_wconf 92' lang='lat' dir='ltr'><strong>non</strong></span> <span class='ocrx_word' id='word_1_234' title='bbox 1713 1932 1820 1991; x_wconf 84' lang='lat' dir='ltr'><strong>videtur</strong></span> <span class='ocrx_word' id='word_1_235' title='bbox 1836 1930 1938 1988; x_wconf 89' lang='lat' dir='ltr'><strong>bebere</strong></span> <span class='ocrx_word' id='word_1_236' title='bbox 1952 1926 2005 1983; x_wconf 92' lang='lat' dir='ltr'><strong>lun·</strong></span> 
     </span>
     <span class='ocr_line' id='line_1_19' title="bbox 378 2017 1454 2090; baseline 0.001 -11"><span class='ocrx_word' id='word_1_237' title='bbox 378 2024 431 2080; x_wconf 88' lang='lat' dir='ltr'><strong>ties</strong></span> <span class='ocrx_word' id='word_1_238' title='bbox 445 2024 580 2082; x_wconf 89' lang='lat' dir='ltr'><strong>absolutio</strong></span> <span class='ocrx_word' id='word_1_239' title='bbox 594 2024 715 2082; x_wconf 92' lang='lat' dir='ltr'><strong>daturin</strong></span> <span class='ocrx_word' id='word_1_240' title='bbox 730 2022 826 2081; x_wconf 90' lang='lat' dir='ltr'><strong>ordine</strong></span> <span class='ocrx_word' id='word_1_241' title='bbox 840 2020 872 2079; x_wconf 93' lang='lat' dir='ltr'><strong>ad</strong></span> <span class='ocrx_word' id='word_1_242' title='bbox 887 2020 1091 2090; x_wconf 71' lang='lat' dir='ltr'><strong>conscientiam,</strong></span> <span class='ocrx_word' id='word_1_243' title='bbox 1108 2017 1176 2075; x_wconf 89' lang='lat' dir='ltr'><strong>iudi·</strong></span> <span class='ocrx_word' id='word_1_244' title='bbox 1210 2021 1379 2080; x_wconf 87' lang='lat' dir='ltr'><strong>dementum.</strong></span> <span class='ocrx_word' id='word_1_245' title='bbox 1452 2031 1454 2036; x_wconf 86' lang='lat'>&#39;</span> 
     </span>
     <span class='ocr_line' id='line_1_20' title="bbox 377 2109 2005 2188; baseline -0.004 -19"><span class='ocrx_word' id='word_1_246' title='bbox 377 2113 462 2185; x_wconf 86' lang='lat' dir='ltr'><strong>ciale,</strong></span> <span class='ocrx_word' id='word_1_247' title='bbox 484 2115 595 2188; x_wconf 93' lang='lat' dir='ltr'><strong>quando</strong></span> <span class='ocrx_word' id='word_1_248' title='bbox 612 2114 698 2171; x_wconf 92' lang='lat' dir='ltr'><strong>datur</strong></span> <span class='ocrx_word' id='word_1_249' title='bbox 718 2116 746 2170; x_wconf 91' lang='lat' dir='ltr'><strong>in</strong></span> <span class='ocrx_word' id='word_1_250' title='bbox 766 2111 860 2170; x_wconf 92' lang='lat' dir='ltr'><strong>ordine</strong></span> <span class='ocrx_word' id='word_1_251' title='bbox 880 2109 915 2168; x_wconf 94' lang='lat' dir='ltr'><strong>ad</strong></span> <span class='ocrx_word' id='word_1_252' title='bbox 934 2109 1088 2167; x_wconf 90' lang='lat' dir='ltr'><strong>ecclesiam.</strong></span> <span class='ocrx_word' id='word_1_253' title='bbox 1109 2109 1175 2176; x_wconf 90' lang='lat' dir='ltr'><strong>Quia</strong></span> <span class='ocrx_word' id='word_1_254' title='bbox 1251 2117 1294 2171; x_wconf 78' lang='lat' dir='ltr'><strong>tt.</strong></span> <span class='ocrx_word' id='word_1_255' title='bbox 1310 2113 1351 2170; x_wconf 84' lang='lat' dir='ltr'><strong>Ex</strong></span> <span class='ocrx_word' id='word_1_256' title='bbox 1369 2112 1471 2187; x_wconf 88' lang='lat' dir='ltr'><strong>quibus</strong></span> <span class='ocrx_word' id='word_1_257' title='bbox 1489 2115 1576 2172; x_wconf 86' lang='lat' dir='ltr'><strong>iniero</strong></span> <span class='ocrx_word' id='word_1_258' title='bbox 1595 2115 1694 2186; x_wconf 87' lang='lat' dir='ltr'><strong>tertie,</strong></span> <span class='ocrx_word' id='word_1_259' title='bbox 1710 2112 1819 2186; x_wconf 89' lang='lat' dir='ltr'><strong>quando</strong></span> <span class='ocrx_word' id='word_1_260' title='bbox 1837 2109 2005 2184; x_wconf 77' lang='lat' dir='ltr'><strong>privilegium</strong></span> 
     </span>
     <span class='ocr_line' id='line_1_21' title="bbox 378 2196 2006 2278; baseline -0.007 -14"><span class='ocrx_word' id='word_1_261' title='bbox 378 2220 445 2264; x_wconf 84' lang='lat' dir='ltr'><strong>vero</strong></span> <span class='ocrx_word' id='word_1_262' title='bbox 457 2204 595 2261; x_wconf 89' lang='lat' dir='ltr'><strong>absolutio</strong></span> <span class='ocrx_word' id='word_1_263' title='bbox 607 2204 641 2260; x_wconf 93' lang='lat' dir='ltr'><strong>ab</strong></span> <span class='ocrx_word' id='word_1_264' title='bbox 655 2203 939 2262; x_wconf 83' lang='lat' dir='ltr'><strong>excommunicatione</strong></span> <span class='ocrx_word' id='word_1_265' title='bbox 948 2199 1028 2256; x_wconf 87' lang='lat' dir='ltr'><strong>etiam</strong></span> <span class='ocrx_word' id='word_1_266' title='bbox 1039 2200 1065 2255; x_wconf 93' lang='lat' dir='ltr'><strong>in</strong></span> <span class='ocrx_word' id='word_1_267' title='bbox 1081 2196 1174 2255; x_wconf 90' lang='lat' dir='ltr'><strong>ordine</strong></span> <span class='ocrx_word' id='word_1_268' title='bbox 1209 2207 1317 2264; x_wconf 90' lang='lat' dir='ltr'><strong>tentum</strong></span> <span class='ocrx_word' id='word_1_269' title='bbox 1339 2203 1501 2262; x_wconf 92' lang='lat' dir='ltr'><strong>conceditur</strong></span> <span class='ocrx_word' id='word_1_270' title='bbox 1519 2207 1553 2261; x_wconf 81' lang='lat' dir='ltr'><strong>irs</strong></span> <span class='ocrx_word' id='word_1_271' title='bbox 1565 2203 1639 2278; x_wconf 88' lang='lat' dir='ltr'><strong>soro</strong></span> <span class='ocrx_word' id='word_1_272' title='bbox 1654 2205 1876 2278; x_wconf 81' lang='lat' dir='ltr'><strong>poenitentiae,</strong></span> <span class='ocrx_word' id='word_1_273' title='bbox 1901 2216 1949 2272; x_wconf 89' lang='lat' dir='ltr'><strong>per</strong></span> <span class='ocrx_word' id='word_1_274' title='bbox 1966 2198 2006 2253; x_wconf 88' lang='lat' dir='ltr'><strong>illa</strong></span> 
     </span>
     <span class='ocr_line' id='line_1_22' title="bbox 379 2279 2005 2366; baseline -0.004 -16"><span class='ocrx_word' id='word_1_275' title='bbox 379 2293 414 2350; x_wconf 91' lang='lat' dir='ltr'><strong>ad</strong></span> <span class='ocrx_word' id='word_1_276' title='bbox 435 2293 630 2350; x_wconf 82' lang='lat' dir='ltr'><strong>conscientiam</strong></span> <span class='ocrx_word' id='word_1_277' title='bbox 649 2291 794 2364; x_wconf 90' lang='lat' dir='ltr'><strong>dupliciter</strong></span> <span class='ocrx_word' id='word_1_278' title='bbox 812 2289 871 2347; x_wconf 91' lang='lat' dir='ltr'><strong>deri</strong></span> <span class='ocrx_word' id='word_1_279' title='bbox 890 2294 995 2360; x_wconf 90' lang='lat' dir='ltr'><strong>petest,</strong></span> <span class='ocrx_word' id='word_1_280' title='bbox 1011 2287 1132 2358; x_wconf 89' lang='lat' dir='ltr'><strong>scilicet,</strong></span> <span class='ocrx_word' id='word_1_281' title='bbox 1147 2288 1174 2342; x_wconf 90' lang='lat' dir='ltr'><strong>iu</strong></span> <span class='ocrx_word' id='word_1_282' title='bbox 1209 2291 1292 2348; x_wconf 85' lang='lat' dir='ltr'><strong>verbe</strong></span> <span class='ocrx_word' id='word_1_283' title='bbox 1305 2292 1640 2366; x_wconf 76' lang='lat' dir='ltr'><strong>significari,uonextendi</strong></span> <span class='ocrx_word' id='word_1_284' title='bbox 1654 2293 1687 2351; x_wconf 92' lang='lat' dir='ltr'><strong>ed</strong></span> <span class='ocrx_word' id='word_1_285' title='bbox 1707 2295 1797 2351; x_wconf 87' lang='lat' dir='ltr'><strong>lorum</strong></span> <span class='ocrx_word' id='word_1_286' title='bbox 1809 2279 2005 2348; x_wconf 82' lang='lat' dir='ltr'><strong>contentiosum</strong></span> 
     </span>
     <span class='ocr_line' id='line_1_23' title="bbox 378 2374 2005 2452; baseline -0.004 -13"><span class='ocrx_word' id='word_1_287' title='bbox 378 2383 468 2440; x_wconf 87' lang='lat' dir='ltr'><strong>iorrne</strong></span> <span class='ocrx_word' id='word_1_288' title='bbox 479 2384 592 2439; x_wconf 84' lang='lat' dir='ltr'><strong>canonis</strong></span> <span class='ocrx_word' id='word_1_289' title='bbox 603 2387 629 2438; x_wconf 80' lang='lat' dir='ltr'><em>A</em></span> <span class='ocrx_word' id='word_1_290' title='bbox 642 2379 733 2446; x_wconf 79' lang='lat' dir='ltr'><strong>nobis,</strong></span> <span class='ocrx_word' id='word_1_291' title='bbox 743 2380 811 2450; x_wconf 81' lang='lat' dir='ltr'><strong>2,de</strong></span> <span class='ocrx_word' id='word_1_292' title='bbox 825 2374 1174 2435; x_wconf 81' lang='lat' dir='ltr'><strong>sentent.eseommun.rcl</strong></span> <span class='ocrx_word' id='word_1_293' title='bbox 1209 2386 1237 2436; x_wconf 90' lang='lat' dir='ltr'><strong>et</strong></span> <span class='ocrx_word' id='word_1_294' title='bbox 1248 2387 1405 2452; x_wconf 81' lang='lat' dir='ltr'><strong>externum,</strong></span> <span class='ocrx_word' id='word_1_295' title='bbox 1415 2380 1462 2439; x_wconf 87' lang='lat' dir='ltr'><strong>sed</strong></span> <span class='ocrx_word' id='word_1_296' title='bbox 1474 2382 1507 2441; x_wconf 93' lang='lat' dir='ltr'><strong>ad</strong></span> <span class='ocrx_word' id='word_1_297' title='bbox 1519 2383 1609 2440; x_wconf 89' lang='lat' dir='ltr'><strong>iorum</strong></span> <span class='ocrx_word' id='word_1_298' title='bbox 1620 2381 1803 2439; x_wconf 89' lang='lat' dir='ltr'><strong>conscientiae</strong></span> <span class='ocrx_word' id='word_1_299' title='bbox 1818 2380 1938 2449; x_wconf 89' lang='lat' dir='ltr'><strong>limitari,</strong></span> <span class='ocrx_word' id='word_1_300' title='bbox 1947 2379 2005 2450; x_wconf 93' lang='lat' dir='ltr'><strong>quia</strong></span> 
     </span>
     <span class='ocr_line' id='line_1_24' title="bbox 379 2466 2006 2544; baseline -0.004 -16"><span class='ocrx_word' id='word_1_301' title='bbox 379 2471 553 2544; x_wconf 80' lang='lat' dir='ltr'><strong>simpliciter3</strong></span> <span class='ocrx_word' id='word_1_302' title='bbox 575 2470 635 2528; x_wconf 90' lang='lat' dir='ltr'><strong>ideo</strong></span> <span class='ocrx_word' id='word_1_303' title='bbox 657 2469 830 2543; x_wconf 81' lang='lat' dir='ltr'><strong>distinguunt</strong></span> <span class='ocrx_word' id='word_1_304' title='bbox 851 2468 922 2525; x_wconf 92' lang='lat' dir='ltr'><strong>illem</strong></span> <span class='ocrx_word' id='word_1_305' title='bbox 939 2468 966 2523; x_wconf 92' lang='lat' dir='ltr'><strong>in</strong></span> <span class='ocrx_word' id='word_1_306' title='bbox 986 2466 1134 2522; x_wconf 87' lang='lat' dir='ltr'><strong>solemnem</strong></span> <span class='ocrx_word' id='word_1_307' title='bbox 1148 2471 1175 2524; x_wconf 89' lang='lat' dir='ltr'><strong>et</strong></span> <span class='ocrx_word' id='word_1_308' title='bbox 1208 2475 1251 2525; x_wconf 90' lang='lat' dir='ltr'><strong>est</strong></span> <span class='ocrx_word' id='word_1_309' title='bbox 1263 2471 1416 2527; x_wconf 90' lang='lat' dir='ltr'><strong>cummunis</strong></span> <span class='ocrx_word' id='word_1_310' title='bbox 1432 2487 1511 2544; x_wconf 86' lang='lat' dir='ltr'><strong>usus,</strong></span> <span class='ocrx_word' id='word_1_311' title='bbox 1523 2479 1552 2529; x_wconf 89' lang='lat' dir='ltr'><strong>et</strong></span> <span class='ocrx_word' id='word_1_312' title='bbox 1565 2489 1664 2530; x_wconf 87' lang='lat' dir='ltr'><strong>sensus</strong></span> <span class='ocrx_word' id='word_1_313' title='bbox 1676 2471 1785 2528; x_wconf 92' lang='lat' dir='ltr'><strong>illorum</strong></span> <span class='ocrx_word' id='word_1_314' title='bbox 1802 2468 2006 2528; x_wconf 83' lang='lat' dir='ltr'><strong>verborumsi·</strong></span> 
     </span>
     <span class='ocr_line' id='line_1_25' title="bbox 377 2557 2004 2634; baseline -0.005 -16"><span class='ocrx_word' id='word_1_315' title='bbox 377 2575 434 2618; x_wconf 92' lang='lat' dir='ltr'><strong>non</strong></span> <span class='ocrx_word' id='word_1_316' title='bbox 449 2561 614 2631; x_wconf 82' lang='lat' dir='ltr'><strong>solemnem3</strong></span> <span class='ocrx_word' id='word_1_317' title='bbox 632 2568 661 2618; x_wconf 91' lang='lat' dir='ltr'><strong>et</strong></span> <span class='ocrx_word' id='word_1_318' title='bbox 682 2560 800 2632; x_wconf 87' lang='lat' dir='ltr'><strong>priorem</strong></span> <span class='ocrx_word' id='word_1_319' title='bbox 815 2558 899 2632; x_wconf 92' lang='lat' dir='ltr'><strong>aliqui</strong></span> <span class='ocrx_word' id='word_1_320' title='bbox 919 2562 1019 2614; x_wconf 86' lang='lat' dir='ltr'><strong>vocant</strong></span> <span class='ocrx_word' id='word_1_321' title='bbox 1036 2559 1175 2629; x_wconf 89' lang='lat' dir='ltr'><strong>poenitea-</strong></span> <span class='ocrx_word' id='word_1_322' title='bbox 1209 2558 1353 2630; x_wconf 76' lang='lat' dir='ltr'><strong>gnidcetur</strong></span> <span class='ocrx_word' id='word_1_323' title='bbox 1366 2561 1464 2632; x_wconf 88' lang='lat' dir='ltr'><strong>etiam,</strong></span> <span class='ocrx_word' id='word_1_324' title='bbox 1481 2561 1534 2618; x_wconf 88' lang='lat' dir='ltr'><strong>tale</strong></span> <span class='ocrx_word' id='word_1_325' title='bbox 1548 2560 1716 2634; x_wconf 78' lang='lat' dir='ltr'><strong>privilegium</strong></span> <span class='ocrx_word' id='word_1_326' title='bbox 1731 2560 1789 2616; x_wconf 92' lang='lat' dir='ltr'><strong>dari</strong></span> <span class='ocrx_word' id='word_1_327' title='bbox 1804 2559 1837 2615; x_wconf 94' lang='lat' dir='ltr'><strong>ed</strong></span> <span class='ocrx_word' id='word_1_328' title='bbox 1859 2557 2004 2616; x_wconf 91' lang='lat' dir='ltr'><strong>tollendum</strong></span> 
     </span>
     <span class='ocr_line' id='line_1_26' title="bbox 377 2646 2006 2724; baseline -0.004 -16"><span class='ocrx_word' id='word_1_329' title='bbox 377 2652 481 2722; x_wconf 91' lang='lat' dir='ltr'><strong>tielem,</strong></span> <span class='ocrx_word' id='word_1_330' title='bbox 497 2652 575 2724; x_wconf 93' lang='lat' dir='ltr'><strong>quasi</strong></span> <span class='ocrx_word' id='word_1_331' title='bbox 590 2668 637 2723; x_wconf 89' lang='lat' dir='ltr'><strong>per</strong></span> <span class='ocrx_word' id='word_1_332' title='bbox 651 2649 877 2718; x_wconf 89' lang='lat' dir='ltr'><strong>antonomasiam,</strong></span> <span class='ocrx_word' id='word_1_333' title='bbox 892 2664 947 2705; x_wconf 94' lang='lat' dir='ltr'><strong>non</strong></span> <span class='ocrx_word' id='word_1_334' title='bbox 962 2647 1026 2721; x_wconf 92' lang='lat' dir='ltr'><strong>quia</strong></span> <span class='ocrx_word' id='word_1_335' title='bbox 1042 2647 1068 2703; x_wconf 93' lang='lat' dir='ltr'><strong>in</strong></span> <span class='ocrx_word' id='word_1_336' title='bbox 1083 2662 1175 2704; x_wconf 91' lang='lat' dir='ltr'><strong>secra·</strong></span> <span class='ocrx_word' id='word_1_337' title='bbox 1209 2647 1317 2721; x_wconf 93' lang='lat' dir='ltr'><strong>aliquod</strong></span> <span class='ocrx_word' id='word_1_338' title='bbox 1334 2649 1447 2723; x_wconf 91' lang='lat' dir='ltr'><strong>malum,</strong></span> <span class='ocrx_word' id='word_1_339' title='bbox 1463 2656 1513 2708; x_wconf 93' lang='lat' dir='ltr'><strong>aut</strong></span> <span class='ocrx_word' id='word_1_340' title='bbox 1527 2652 1668 2708; x_wconf 81' lang='lat' dir='ltr'><strong>vinculum</strong></span> <span class='ocrx_word' id='word_1_341' title='bbox 1683 2649 1756 2723; x_wconf 89' lang='lat' dir='ltr'><strong>apud</strong></span> <span class='ocrx_word' id='word_1_342' title='bbox 1770 2653 1869 2718; x_wconf 82' lang='lat' dir='ltr'><strong>Deum,</strong></span> <span class='ocrx_word' id='word_1_343' title='bbox 1888 2655 1919 2705; x_wconf 92' lang='lat' dir='ltr'><strong>ut</strong></span> <span class='ocrx_word' id='word_1_344' title='bbox 1930 2664 1962 2704; x_wconf 83' lang='lat' dir='ltr'><strong>ex</strong></span> <span class='ocrx_word' id='word_1_345' title='bbox 1972 2646 2006 2702; x_wconf 92' lang='lat' dir='ltr'><strong>di·</strong></span> 
     </span>
     <span class='ocr_line' id='line_1_27' title="bbox 377 2735 2005 2812; baseline -0.004 -14"><span class='ocrx_word' id='word_1_346' title='bbox 377 2747 471 2798; x_wconf 89' lang='lat' dir='ltr'><strong>mento</strong></span> <span class='ocrx_word' id='word_1_347' title='bbox 491 2740 670 2812; x_wconf 88' lang='lat' dir='ltr'><strong>poenitentiae</strong></span> <span class='ocrx_word' id='word_1_348' title='bbox 688 2740 785 2798; x_wconf 91' lang='lat' dir='ltr'><strong>datur:</strong></span> <span class='ocrx_word' id='word_1_349' title='bbox 811 2745 903 2810; x_wconf 89' lang='lat' dir='ltr'><strong>aperte</strong></span> <span class='ocrx_word' id='word_1_350' title='bbox 921 2737 992 2793; x_wconf 87' lang='lat' dir='ltr'><strong>enim</strong></span> <span class='ocrx_word' id='word_1_351' title='bbox 1016 2736 1128 2808; x_wconf 91' lang='lat' dir='ltr'><strong>dicunt,</strong></span> <span class='ocrx_word' id='word_1_352' title='bbox 1149 2735 1174 2791; x_wconf 94' lang='lat' dir='ltr'><strong>id</strong></span> <span class='ocrx_word' id='word_1_353' title='bbox 1209 2739 1261 2794; x_wconf 88' lang='lat' dir='ltr'><strong>ctis</strong></span> <span class='ocrx_word' id='word_1_354' title='bbox 1273 2745 1357 2810; x_wconf 91' lang='lat' dir='ltr'><strong>petet.</strong></span> <span class='ocrx_word' id='word_1_355' title='bbox 1371 2741 1410 2794; x_wconf 78' lang='lat' dir='ltr'><strong>dn</strong></span> <span class='ocrx_word' id='word_1_356' title='bbox 1423 2740 1562 2797; x_wconf 84' lang='lat' dir='ltr'><strong>rereillud</strong></span> <span class='ocrx_word' id='word_1_357' title='bbox 1575 2740 1714 2798; x_wconf 80' lang='lat' dir='ltr'><strong>uinculum</strong></span> <span class='ocrx_word' id='word_1_358' title='bbox 1724 2755 1772 2811; x_wconf 90' lang='lat' dir='ltr'><strong>per</strong></span> <span class='ocrx_word' id='word_1_359' title='bbox 1784 2737 2005 2811; x_wconf 82' lang='lat' dir='ltr'><strong>talepririiegium</strong></span> 
     </span>
     <span class='ocr_line' id='line_1_28' title="bbox 377 2826 2004 2902; baseline -0.004 -16"><span class='ocrx_word' id='word_1_360' title='bbox 377 2845 509 2890; x_wconf 82' lang='lat' dir='ltr'><strong>neeesse</strong></span> <span class='ocrx_word' id='word_1_361' title='bbox 524 2831 728 2901; x_wconf 85' lang='lat' dir='ltr'><strong>necessarium,</strong></span> <span class='ocrx_word' id='word_1_362' title='bbox 745 2829 792 2886; x_wconf 91' lang='lat' dir='ltr'><strong>sed</strong></span> <span class='ocrx_word' id='word_1_363' title='bbox 807 2829 872 2901; x_wconf 90' lang='lat' dir='ltr'><strong>quia</strong></span> <span class='ocrx_word' id='word_1_364' title='bbox 885 2826 966 2884; x_wconf 88' lang='lat' dir='ltr'><strong>datur</strong></span> <span class='ocrx_word' id='word_1_365' title='bbox 980 2829 1006 2884; x_wconf 90' lang='lat' dir='ltr'><strong>in</strong></span> <span class='ocrx_word' id='word_1_366' title='bbox 1026 2826 1114 2883; x_wconf 89' lang='lat' dir='ltr'><strong>lorma</strong></span> <span class='ocrx_word' id='word_1_367' title='bbox 1129 2841 1175 2882; x_wconf 90' lang='lat' dir='ltr'><strong>eo·</strong></span> <span class='ocrx_word' id='word_1_368' title='bbox 1210 2829 1246 2885; x_wconf 88' lang='lat' dir='ltr'><strong>sit</strong></span> <span class='ocrx_word' id='word_1_369' title='bbox 1265 2827 1415 2886; x_wconf 88' lang='lat' dir='ltr'><strong>tollendum</strong></span> <span class='ocrx_word' id='word_1_370' title='bbox 1434 2831 1461 2886; x_wconf 94' lang='lat' dir='ltr'><strong>in</strong></span> <span class='ocrx_word' id='word_1_371' title='bbox 1479 2831 1540 2902; x_wconf 88' lang='lat' dir='ltr'><strong>ipso</strong></span> <span class='ocrx_word' id='word_1_372' title='bbox 1554 2836 1725 2886; x_wconf 90' lang='lat' dir='ltr'><strong>sacramento</strong></span> <span class='ocrx_word' id='word_1_373' title='bbox 1745 2828 1947 2901; x_wconf 90' lang='lat' dir='ltr'><strong>poenitentiae,</strong></span> <span class='ocrx_word' id='word_1_374' title='bbox 1961 2840 2004 2880; x_wconf 90' lang='lat' dir='ltr'><strong>nec</strong></span> 
     </span>
     <span class='ocr_line' id='line_1_29' title="bbox 376 2915 2003 2992; baseline -0.004 -16"><span class='ocrx_word' id='word_1_375' title='bbox 376 2917 472 2976; x_wconf 90' lang='lat' dir='ltr'><strong>lemeis</strong></span> <span class='ocrx_word' id='word_1_376' title='bbox 487 2921 680 2991; x_wconf 85' lang='lat' dir='ltr'><strong>poenitentiae,</strong></span> <span class='ocrx_word' id='word_1_377' title='bbox 696 2927 722 2976; x_wconf 87' lang='lat' dir='ltr'><strong>et</strong></span> <span class='ocrx_word' id='word_1_378' title='bbox 736 2934 799 2975; x_wconf 89' lang='lat' dir='ltr'><strong>cum</strong></span> <span class='ocrx_word' id='word_1_379' title='bbox 813 2917 918 2990; x_wconf 89' lang='lat' dir='ltr'><strong>psalmo</strong></span> <span class='ocrx_word' id='word_1_380' title='bbox 932 2915 1127 2989; x_wconf 86' lang='lat' dir='ltr'><strong>poenitentiali.</strong></span> <span class='ocrx_word' id='word_1_381' title='bbox 1141 2917 1176 2972; x_wconf 86' lang='lat' dir='ltr'><strong>Et</strong></span> <span class='ocrx_word' id='word_1_382' title='bbox 1210 2933 1255 2988; x_wconf 89' lang='lat' dir='ltr'><strong>ne,</strong></span> <span class='ocrx_word' id='word_1_383' title='bbox 1273 2933 1321 2989; x_wconf 87' lang='lat' dir='ltr'><strong>per</strong></span> <span class='ocrx_word' id='word_1_384' title='bbox 1336 2919 1381 2975; x_wconf 88' lang='lat' dir='ltr'><strong>illa</strong></span> <span class='ocrx_word' id='word_1_385' title='bbox 1394 2920 1478 2976; x_wconf 81' lang='lat' dir='ltr'><strong>verba</strong></span> <span class='ocrx_word' id='word_1_386' title='bbox 1493 2935 1547 2977; x_wconf 91' lang='lat' dir='ltr'><strong>non</strong></span> <span class='ocrx_word' id='word_1_387' title='bbox 1561 2919 1726 2992; x_wconf 82' lang='lat' dir='ltr'><strong>explicatur,</strong></span> <span class='ocrx_word' id='word_1_388' title='bbox 1739 2919 1788 2979; x_wconf 86' lang='lat' dir='ltr'><strong>sed</strong></span> <span class='ocrx_word' id='word_1_389' title='bbox 1801 2919 1882 2974; x_wconf 81' lang='lat' dir='ltr'><strong>iusta</strong></span> <span class='ocrx_word' id='word_1_390' title='bbox 1898 2917 2003 2991; x_wconf 88' lang='lat' dir='ltr'><strong>qualito-</strong></span> 
     </span>
     <span class='ocr_line' id='line_1_30' title="bbox 374 3005 2005 3083; baseline -0.004 -17"><span class='ocrx_word' id='word_1_391' title='bbox 374 3009 428 3066; x_wconf 89' lang='lat' dir='ltr'><strong>boe</strong></span> <span class='ocrx_word' id='word_1_392' title='bbox 445 3008 527 3067; x_wconf 92' lang='lat' dir='ltr'><strong>modo</strong></span> <span class='ocrx_word' id='word_1_393' title='bbox 541 3009 667 3083; x_wconf 91' lang='lat' dir='ltr'><strong>loquitur</strong></span> <span class='ocrx_word' id='word_1_394' title='bbox 681 3009 773 3066; x_wconf 80' lang='lat' dir='ltr'><strong>lissei.</strong></span> <span class='ocrx_word' id='word_1_395' title='bbox 786 3008 870 3065; x_wconf 82' lang='lat' dir='ltr'><strong>uerbo</strong></span> <span class='ocrx_word' id='word_1_396' title='bbox 885 3005 1039 3073; x_wconf 85' lang='lat' dir='ltr'><strong>absolutio,</strong></span> <span class='ocrx_word' id='word_1_397' title='bbox 1057 3010 1087 3077; x_wconf 88' lang='grc'><strong>2,</strong></span> <span class='ocrx_word' id='word_1_398' title='bbox 1105 3021 1133 3062; x_wconf 87' lang='lat' dir='ltr'><strong>n.</strong></span> <span class='ocrx_word' id='word_1_399' title='bbox 1145 3011 1172 3077; x_wconf 91' lang='lat'><strong>8,</strong></span> <span class='ocrx_word' id='word_1_400' title='bbox 1211 3013 1264 3064; x_wconf 92' lang='lat' dir='ltr'><strong>tem</strong></span> <span class='ocrx_word' id='word_1_401' title='bbox 1281 3006 1383 3065; x_wconf 85' lang='lat' dir='ltr'><strong>vinculi</strong></span> <span class='ocrx_word' id='word_1_402' title='bbox 1404 3008 1594 3081; x_wconf 84' lang='lat' dir='ltr'><strong>explicandum</strong></span> <span class='ocrx_word' id='word_1_403' title='bbox 1613 3018 1664 3066; x_wconf 88' lang='lat' dir='ltr'><strong>est.</strong></span> <span class='ocrx_word' id='word_1_404' title='bbox 1681 3011 1747 3066; x_wconf 84' lang='lat' dir='ltr'><strong>liam</strong></span> <span class='ocrx_word' id='word_1_405' title='bbox 1769 3008 1791 3063; x_wconf 89' lang='lat' dir='ltr'><strong>si</strong></span> <span class='ocrx_word' id='word_1_406' title='bbox 1811 3008 1899 3064; x_wconf 84' lang='lat' dir='ltr'><strong>luerit</strong></span> <span class='ocrx_word' id='word_1_407' title='bbox 1918 3008 2005 3062; x_wconf 87' lang='lat' dir='ltr'><strong>rincu-</strong></span> 
     </span>
    </p>
   </div>
   <div class='ocr_carea' id='block_1_4' title="bbox 374 3093 2096 3440">
    <p class='ocr_par' dir='ltr' id='par_1_4' title="bbox 374 3093 2096 3440">
     <span class='ocr_line' id='line_1_31' title="bbox 374 3093 2096 3180; baseline -0.006 -24"><span class='ocrx_word' id='word_1_408' title='bbox 374 3102 401 3156; x_wconf 90' lang='lat' dir='ltr'><strong>in</strong></span> <span class='ocrx_word' id='word_1_409' title='bbox 417 3099 480 3169; x_wconf 89' lang='lat' dir='ltr'><strong>dne,</strong></span> <span class='ocrx_word' id='word_1_410' title='bbox 496 3104 525 3155; x_wconf 90' lang='lat' dir='ltr'><strong>et</strong></span> <span class='ocrx_word' id='word_1_411' title='bbox 538 3099 671 3168; x_wconf 91' lang='lat' dir='ltr'><strong>nllirmet,</strong></span> <span class='ocrx_word' id='word_1_412' title='bbox 687 3098 886 3154; x_wconf 84' lang='lat' dir='ltr'><strong>absolutionem</strong></span> <span class='ocrx_word' id='word_1_413' title='bbox 901 3093 1132 3167; x_wconf 89' lang='lat' dir='ltr'><strong>poenitentialem,</strong></span> <span class='ocrx_word' id='word_1_414' title='bbox 1148 3094 1174 3151; x_wconf 93' lang='lat' dir='ltr'><strong>id</strong></span> <span class='ocrx_word' id='word_1_415' title='bbox 1211 3097 1400 3180; x_wconf 34' lang='lat' dir='ltr'><strong>lum&#39;culpae,</strong></span> <span class='ocrx_word' id='word_1_416' title='bbox 1423 3099 1515 3156; x_wconf 88' lang='lat' dir='ltr'><strong>lorum</strong></span> <span class='ocrx_word' id='word_1_417' title='bbox 1536 3099 1700 3156; x_wconf 88' lang='lat' dir='ltr'><strong>sacrementi</strong></span> <span class='ocrx_word' id='word_1_418' title='bbox 1720 3097 1850 3170; x_wconf 68' lang='lat' dir='ltr'><strong>requirit,</strong></span> <span class='ocrx_word' id='word_1_419' title='bbox 1876 3099 1899 3153; x_wconf 90' lang='lat' dir='ltr'><strong>si</strong></span> <span class='ocrx_word' id='word_1_420' title='bbox 1922 3102 2004 3152; x_wconf 73' lang='lat' dir='ltr'><strong>nuans</strong></span> <span class='ocrx_word' id='word_1_421' title='bbox 2095 3099 2096 3146; x_wconf 76' lang='grc' dir='ltr'>ῑ</span> 
     </span>
     <span class='ocr_line' id='line_1_32' title="bbox 375 3183 2096 3260; baseline -0.004 -14"><span class='ocrx_word' id='word_1_422' title='bbox 375 3195 419 3246; x_wconf 89' lang='lat' dir='ltr'><strong>est</strong></span> <span class='ocrx_word' id='word_1_423' title='bbox 430 3187 591 3260; x_wconf 90' lang='lat' dir='ltr'><strong>solemnem,</strong></span> <span class='ocrx_word' id='word_1_424' title='bbox 606 3203 621 3245; x_wconf 93' lang='lat' dir='ltr'><strong>a</strong></span> <span class='ocrx_word' id='word_1_425' title='bbox 636 3186 694 3245; x_wconf 88' lang='lat' dir='ltr'><strong>solo</strong></span> <span class='ocrx_word' id='word_1_426' title='bbox 705 3186 847 3244; x_wconf 90' lang='lat' dir='ltr'><strong>secerdote</strong></span> <span class='ocrx_word' id='word_1_427' title='bbox 859 3185 1020 3258; x_wconf 85' lang='lat' dir='ltr'><strong>possederi,</strong></span> <span class='ocrx_word' id='word_1_428' title='bbox 1036 3185 1099 3241; x_wconf 90' lang='lat' dir='ltr'><strong>licet</strong></span> <span class='ocrx_word' id='word_1_429' title='bbox 1113 3199 1176 3255; x_wconf 89' lang='lat' dir='ltr'><strong>pes·</strong></span> <span class='ocrx_word' id='word_1_430' title='bbox 1210 3183 1292 3242; x_wconf 85' lang='lat' dir='ltr'><strong>luerit</strong></span> <span class='ocrx_word' id='word_1_431' title='bbox 1307 3187 1447 3244; x_wconf 84' lang='lat' dir='ltr'><strong>vinculum</strong></span> <span class='ocrx_word' id='word_1_432' title='bbox 1468 3203 1588 3260; x_wconf 90' lang='lat' dir='ltr'><strong>poenae,</strong></span> <span class='ocrx_word' id='word_1_433' title='bbox 1604 3193 1652 3245; x_wconf 90' lang='lat' dir='ltr'><strong>aut</strong></span> <span class='ocrx_word' id='word_1_434' title='bbox 1672 3200 1825 3257; x_wconf 84' lang='lat' dir='ltr'><strong>censurae,</strong></span> <span class='ocrx_word' id='word_1_435' title='bbox 1841 3187 1903 3243; x_wconf 90' lang='lat' dir='ltr'><strong>sine</strong></span> <span class='ocrx_word' id='word_1_436' title='bbox 1922 3199 2004 3240; x_wconf 87' lang='lat' dir='ltr'><strong>sacra·</strong></span> <span class='ocrx_word' id='word_1_437' title='bbox 2095 3209 2096 3250; x_wconf 68' lang='lat'><strong>,</strong></span> 
     </span>
     <span class='ocr_line' id='line_1_33' title="bbox 376 3274 2096 3350; baseline -0.002 -16"><span class='ocrx_word' id='word_1_438' title='bbox 376 3279 412 3335; x_wconf 89' lang='lat' dir='ltr'><strong>sit</strong></span> <span class='ocrx_word' id='word_1_439' title='bbox 426 3277 485 3334; x_wconf 92' lang='lat' dir='ltr'><strong>dari</strong></span> <span class='ocrx_word' id='word_1_440' title='bbox 505 3280 562 3336; x_wconf 88' lang='lat' dir='ltr'><strong>sine</strong></span> <span class='ocrx_word' id='word_1_441' title='bbox 577 3286 748 3344; x_wconf 85' lang='lat' dir='ltr'><strong>sacramento</strong></span> <span class='ocrx_word' id='word_1_442' title='bbox 766 3278 960 3349; x_wconf 65' lang='lat' dir='ltr'><strong>paenitentiam</strong></span> <span class='ocrx_word' id='word_1_443' title='bbox 978 3280 1006 3331; x_wconf 93' lang='lat' dir='ltr'><strong>et</strong></span> <span class='ocrx_word' id='word_1_444' title='bbox 1020 3274 1055 3331; x_wconf 89' lang='lat' dir='ltr'><strong>ita</strong></span> <span class='ocrx_word' id='word_1_445' title='bbox 1073 3289 1121 3346; x_wconf 89' lang='lat' dir='ltr'><strong>per</strong></span> <span class='ocrx_word' id='word_1_446' title='bbox 1135 3275 1175 3331; x_wconf 86' lang='lat' dir='ltr'><strong>lo·</strong></span> <span class='ocrx_word' id='word_1_447' title='bbox 1210 3281 1301 3332; x_wconf 90' lang='lat' dir='ltr'><strong>mento</strong></span> <span class='ocrx_word' id='word_1_448' title='bbox 1320 3276 1378 3333; x_wconf 91' lang='lat' dir='ltr'><strong>tolli</strong></span> <span class='ocrx_word' id='word_1_449' title='bbox 1393 3279 1510 3350; x_wconf 88' lang='lat' dir='ltr'><strong>poterit,</strong></span> <span class='ocrx_word' id='word_1_450' title='bbox 1527 3277 1689 3349; x_wconf 89' lang='lat' dir='ltr'><strong>imponendo</strong></span> <span class='ocrx_word' id='word_1_451' title='bbox 1704 3276 1852 3333; x_wconf 90' lang='lat' dir='ltr'><strong>salutarem</strong></span> <span class='ocrx_word' id='word_1_452' title='bbox 1879 3276 2005 3348; x_wconf 90' lang='lat' dir='ltr'><strong>poeniten·</strong></span> <span class='ocrx_word' id='word_1_453' title='bbox 2095 3307 2096 3348; x_wconf 72' lang='lat'><strong>,</strong></span> 
     </span>
     <span class='ocr_line' id='line_1_34' title="bbox 374 3363 2096 3440; baseline -0.003 -15"><span class='ocrx_word' id='word_1_454' title='bbox 374 3383 438 3426; x_wconf 91' lang='lat' dir='ltr'><strong>rum</strong></span> <span class='ocrx_word' id='word_1_455' title='bbox 463 3368 653 3440; x_wconf 90' lang='lat' dir='ltr'><strong>poenitentiale</strong></span> <span class='ocrx_word' id='word_1_456' title='bbox 673 3383 726 3424; x_wconf 92' lang='lat' dir='ltr'><strong>non</strong></span> <span class='ocrx_word' id='word_1_457' title='bbox 750 3366 875 3439; x_wconf 82' lang='lat' dir='ltr'><strong>iutelligit</strong></span> <span class='ocrx_word' id='word_1_458' title='bbox 895 3365 986 3421; x_wconf 87' lang='lat' dir='ltr'><strong>iorum</strong></span> <span class='ocrx_word' id='word_1_459' title='bbox 1009 3364 1173 3421; x_wconf 89' lang='lat' dir='ltr'><strong>sacramenti</strong></span> <span class='ocrx_word' id='word_1_460' title='bbox 1209 3364 1292 3437; x_wconf 72' lang='lat' dir='ltr'><strong>tiam,</strong></span> <span class='ocrx_word' id='word_1_461' title='bbox 1309 3363 1383 3436; x_wconf 90' lang='lat' dir='ltr'><strong>quod</strong></span> <span class='ocrx_word' id='word_1_462' title='bbox 1398 3373 1440 3423; x_wconf 89' lang='lat' dir='ltr'><strong>est</strong></span> <span class='ocrx_word' id='word_1_463' title='bbox 1458 3381 1585 3424; x_wconf 86' lang='lat' dir='ltr'><strong>exercere</strong></span> <span class='ocrx_word' id='word_1_464' title='bbox 1600 3366 1709 3440; x_wconf 89' lang='lat' dir='ltr'><strong>aliquod</strong></span> <span class='ocrx_word' id='word_1_465' title='bbox 1731 3366 1926 3439; x_wconf 89' lang='lat' dir='ltr'><strong>poenitentiale</strong></span> <span class='ocrx_word' id='word_1_466' title='bbox 1947 3364 2004 3421; x_wconf 89' lang='lat' dir='ltr'><strong>indi·</strong></span> <span class='ocrx_word' id='word_1_467' title='bbox 2095 3419 2096 3436; x_wconf 56' lang='lat'><strong>,</strong></span> 
     </span>
    </p>
   </div>
   <div class='ocr_carea' id='block_1_5' title="bbox 374 3452 2096 3707">
    <p class='ocr_par' dir='ltr' id='par_1_5' title="bbox 374 3452 2096 3707">
     <span class='ocr_line' id='line_1_35' title="bbox 375 3452 2001 3530; baseline -0.001 -17"><span class='ocrx_word' id='word_1_468' title='bbox 375 3458 571 3530; x_wconf 87' lang='lat' dir='ltr'><strong>paenitentiae,</strong></span> <span class='ocrx_word' id='word_1_469' title='bbox 587 3455 635 3513; x_wconf 90' lang='lat' dir='ltr'><strong>sed</strong></span> <span class='ocrx_word' id='word_1_470' title='bbox 650 3456 739 3514; x_wconf 90' lang='lat' dir='ltr'><strong>lerum</strong></span> <span class='ocrx_word' id='word_1_471' title='bbox 754 3455 882 3512; x_wconf 88' lang='lat' dir='ltr'><strong>solemnis</strong></span> <span class='ocrx_word' id='word_1_472' title='bbox 896 3455 1089 3526; x_wconf 64' lang='lat' dir='ltr'><strong>poenitentiam</strong></span> <span class='ocrx_word' id='word_1_473' title='bbox 1104 3461 1133 3510; x_wconf 91' lang='lat' dir='ltr'><strong>et</strong></span> <span class='ocrx_word' id='word_1_474' title='bbox 1146 3454 1174 3508; x_wconf 94' lang='lat' dir='ltr'><strong>in</strong></span> <span class='ocrx_word' id='word_1_475' title='bbox 1209 3452 1294 3508; x_wconf 93' lang='lat' dir='ltr'><strong>cium.</strong></span> <span class='ocrx_word' id='word_1_476' title='bbox 1307 3452 1383 3509; x_wconf 92' lang='lat' dir='ltr'><strong>Unde</strong></span> <span class='ocrx_word' id='word_1_477' title='bbox 1398 3455 1419 3509; x_wconf 90' lang='lat' dir='ltr'><strong>si</strong></span> <span class='ocrx_word' id='word_1_478' title='bbox 1433 3453 1569 3512; x_wconf 90' lang='lat' dir='ltr'><strong>indultum</strong></span> <span class='ocrx_word' id='word_1_479' title='bbox 1584 3456 1657 3513; x_wconf 91' lang='lat' dir='ltr'><strong>dieat</strong></span> <span class='ocrx_word' id='word_1_480' title='bbox 1670 3453 1781 3528; x_wconf 83' lang='lat' dir='ltr'><strong>infero</strong></span> <span class='ocrx_word' id='word_1_481' title='bbox 1802 3456 2001 3518; x_wconf 78' lang='lat' dir='ltr'><strong>conscientiae.</strong></span> 
     </span>
     <span class='ocr_line' id='line_1_36' title="bbox 374 3541 2096 3626; baseline -0.003 -24"><span class='ocrx_word' id='word_1_482' title='bbox 374 3559 405 3602; x_wconf 84' lang='lat' dir='ltr'><strong>re</strong></span> <span class='ocrx_word' id='word_1_483' title='bbox 420 3545 490 3601; x_wconf 92' lang='lat' dir='ltr'><strong>idem</strong></span> <span class='ocrx_word' id='word_1_484' title='bbox 508 3545 592 3603; x_wconf 89' lang='lat' dir='ltr'><strong>tradit</strong></span> <span class='ocrx_word' id='word_1_485' title='bbox 605 3545 723 3621; x_wconf 79' lang='lat' dir='ltr'><strong>sylvest.</strong></span> <span class='ocrx_word' id='word_1_486' title='bbox 737 3545 819 3601; x_wconf 78' lang='lat' dir='ltr'><strong>aerbo</strong></span> <span class='ocrx_word' id='word_1_487' title='bbox 833 3541 989 3610; x_wconf 85' lang='lat' dir='ltr'><strong>absolutio,</strong></span> <span class='ocrx_word' id='word_1_488' title='bbox 1012 3547 1036 3614; x_wconf 89' lang='lat' dir='ltr'><strong>l,</strong></span> <span class='ocrx_word' id='word_1_489' title='bbox 1058 3542 1122 3600; x_wconf 90' lang='lat' dir='ltr'><strong>lieet</strong></span> <span class='ocrx_word' id='word_1_490' title='bbox 1135 3543 1175 3599; x_wconf 90' lang='lat' dir='ltr'><strong>le·</strong></span> <span class='ocrx_word' id='word_1_491' title='bbox 1209 3543 1347 3598; x_wconf 79' lang='lat' dir='ltr'><strong>iniuncta</strong></span> <span class='ocrx_word' id='word_1_492' title='bbox 1358 3546 1547 3617; x_wconf 80' lang='lat' dir='ltr'><strong>poenitentia</strong></span> <span class='ocrx_word' id='word_1_493' title='bbox 1559 3544 1690 3603; x_wconf 73' lang='lat' dir='ltr'><strong>salutari</strong></span> <span class='ocrx_word' id='word_1_494' title='bbox 1705 3545 1791 3618; x_wconf 73' lang='lat' dir='ltr'><strong>(sicut</strong></span> <span class='ocrx_word' id='word_1_495' title='bbox 1805 3543 1927 3617; x_wconf 89' lang='lat' dir='ltr'><strong>loquitur</strong></span> <span class='ocrx_word' id='word_1_496' title='bbox 1947 3557 2004 3600; x_wconf 90' lang='lat' dir='ltr'><strong>con·</strong></span> <span class='ocrx_word' id='word_1_497' title='bbox 2095 3609 2096 3626; x_wconf 13' lang='grc' dir='ltr'>χ</span> 
     </span>
     <span class='ocr_line' id='line_1_37' title="bbox 375 3629 2096 3707; baseline -0.003 -17"><span class='ocrx_word' id='word_1_498' title='bbox 375 3635 431 3691; x_wconf 92' lang='lat' dir='ltr'><strong>tius</strong></span> <span class='ocrx_word' id='word_1_499' title='bbox 443 3642 534 3691; x_wconf 85' lang='lat' dir='ltr'><strong>sumat</strong></span> <span class='ocrx_word' id='word_1_500' title='bbox 545 3635 637 3691; x_wconf 87' lang='lat' dir='ltr'><strong>lorum</strong></span> <span class='ocrx_word' id='word_1_501' title='bbox 651 3632 850 3707; x_wconf 90' lang='lat' dir='ltr'><strong>poenitentiale,</strong></span> <span class='ocrx_word' id='word_1_502' title='bbox 863 3640 896 3689; x_wconf 92' lang='lat' dir='ltr'><strong>ut</strong></span> <span class='ocrx_word' id='word_1_503' title='bbox 907 3629 1115 3701; x_wconf 88' lang='lat' dir='ltr'><strong>comprehendit</strong></span> <span class='ocrx_word' id='word_1_504' title='bbox 1125 3631 1173 3687; x_wconf 90' lang='lat' dir='ltr'><strong>ab·</strong></span> <span class='ocrx_word' id='word_1_505' title='bbox 1208 3630 1303 3688; x_wconf 89' lang='lat' dir='ltr'><strong>cilium</strong></span> <span class='ocrx_word' id='word_1_506' title='bbox 1318 3631 1493 3690; x_wconf 92' lang='lat' dir='ltr'><strong>tridentinum</strong></span> <span class='ocrx_word' id='word_1_507' title='bbox 1509 3639 1635 3705; x_wconf 69' lang='lat' dir='ltr'><strong>seseli,</strong></span> <span class='ocrx_word' id='word_1_508' title='bbox 1646 3649 1672 3690; x_wconf 90' lang='lat' dir='ltr'><strong>c.</strong></span> <span class='ocrx_word' id='word_1_509' title='bbox 1682 3634 1752 3706; x_wconf 82' lang='lat' dir='ltr'><strong>d,de</strong></span> <span class='ocrx_word' id='word_1_510' title='bbox 1766 3631 1934 3706; x_wconf 74' lang='lat' dir='ltr'><strong>reformati,</strong></span> <span class='ocrx_word' id='word_1_511' title='bbox 1951 3645 2003 3703; x_wconf 90' lang='lat' dir='ltr'><strong>per·</strong></span> <span class='ocrx_word' id='word_1_512' title='bbox 2095 3633 2096 3660; x_wconf 67' lang='lat'>;</span> 
     </span>
    </p>
   </div>
   <div class='ocr_carea' id='block_1_6' title="bbox 377 3718 2096 3800">
    <p class='ocr_par' dir='ltr' id='par_1_6' title="bbox 377 3718 2096 3800">
     <span class='ocr_line' id='line_1_38' title="bbox 377 3718 2096 3800; baseline -0.003 -21"><span class='ocrx_word' id='word_1_513' title='bbox 377 3722 538 3780; x_wconf 88' lang='lat' dir='ltr'><strong>solutionem</strong></span> <span class='ocrx_word' id='word_1_514' title='bbox 554 3722 714 3788; x_wconf 90' lang='lat' dir='ltr'><strong>solemnem,</strong></span> <span class='ocrx_word' id='word_1_515' title='bbox 726 3729 755 3779; x_wconf 90' lang='lat' dir='ltr'><strong>et</strong></span> <span class='ocrx_word' id='word_1_516' title='bbox 768 3737 821 3778; x_wconf 91' lang='lat' dir='ltr'><strong>non</strong></span> <span class='ocrx_word' id='word_1_517' title='bbox 835 3721 999 3790; x_wconf 72' lang='lat' dir='ltr'><strong>solemnem,</strong></span> <span class='ocrx_word' id='word_1_518' title='bbox 1015 3719 1087 3776; x_wconf 91' lang='lat' dir='ltr'><strong>unde</strong></span> <span class='ocrx_word' id='word_1_519' title='bbox 1102 3718 1173 3800; x_wconf 55' lang='lat' dir='ltr'><strong>ride:</strong></span> <span class='ocrx_word' id='word_1_520' title='bbox 1209 3718 1270 3775; x_wconf 92' lang='lat' dir='ltr'><strong>inde</strong></span> <span class='ocrx_word' id='word_1_521' title='bbox 1288 3726 1349 3789; x_wconf 86' lang='lat' dir='ltr'><strong>est,</strong></span> <span class='ocrx_word' id='word_1_522' title='bbox 1368 3723 1437 3777; x_wconf 91' lang='lat' dir='ltr'><strong>acsi</strong></span> <span class='ocrx_word' id='word_1_523' title='bbox 1457 3720 1596 3779; x_wconf 91' lang='lat' dir='ltr'><strong>diceretur</strong></span> <span class='ocrx_word' id='word_1_524' title='bbox 1610 3725 1637 3779; x_wconf 93' lang='lat' dir='ltr'><strong>in</strong></span> <span class='ocrx_word' id='word_1_525' title='bbox 1658 3723 1717 3780; x_wconf 88' lang='lat' dir='ltr'><strong>ioro</strong></span> <span class='ocrx_word' id='word_1_526' title='bbox 1743 3721 1943 3794; x_wconf 82' lang='lat' dir='ltr'><strong>poenitentiae,</strong></span> <span class='ocrx_word' id='word_1_527' title='bbox 1962 3725 2002 3776; x_wconf 93' lang='lat' dir='ltr'><strong>aut</strong></span> <span class='ocrx_word' id='word_1_528' title='bbox 2095 3787 2096 3790; x_wconf 8' lang='grc' dir='ltr'><strong>Ἴ</strong></span> 
     </span>
    </p>
   </div>
   <div class='ocr_carea' id='block_1_7' title="bbox 373 3809 2002 4330">
    <p class='ocr_par' dir='ltr' id='par_1_7' title="bbox 373 3809 2002 4330">
     <span class='ocr_line' id='line_1_39' title="bbox 375 3809 2002 3885; baseline -0.004 -18"><span class='ocrx_word' id='word_1_529' title='bbox 375 3817 421 3868; x_wconf 90' lang='lat' dir='ltr'><strong>tur</strong></span> <span class='ocrx_word' id='word_1_530' title='bbox 435 3811 502 3869; x_wconf 94' lang='lat' dir='ltr'><strong>illud</strong></span> <span class='ocrx_word' id='word_1_531' title='bbox 517 3827 626 3869; x_wconf 91' lang='lat' dir='ltr'><strong>sumere</strong></span> <span class='ocrx_word' id='word_1_532' title='bbox 640 3827 689 3885; x_wconf 90' lang='lat' dir='ltr'><strong>pro</strong></span> <span class='ocrx_word' id='word_1_533' title='bbox 703 3810 970 3867; x_wconf 85' lang='lat' dir='ltr'><strong>loroaonscientiae.</strong></span> <span class='ocrx_word' id='word_1_534' title='bbox 987 3809 1073 3864; x_wconf 84' lang='lat' dir='ltr'><strong>Priori</strong></span> <span class='ocrx_word' id='word_1_535' title='bbox 1091 3809 1173 3864; x_wconf 91' lang='lat' dir='ltr'><strong>ctiam</strong></span> <span class='ocrx_word' id='word_1_536' title='bbox 1207 3809 1580 3884; x_wconf 85' lang='lat' dir='ltr'><strong>poenitentiali.Quaprepter</strong></span> <span class='ocrx_word' id='word_1_537' title='bbox 1590 3825 1701 3880; x_wconf 89' lang='lat' dir='ltr'><strong>censeo,</strong></span> <span class='ocrx_word' id='word_1_538' title='bbox 1716 3826 1798 3867; x_wconf 89' lang='lat' dir='ltr'><strong>usum</strong></span> <span class='ocrx_word' id='word_1_539' title='bbox 1810 3810 1945 3883; x_wconf 76' lang='lat' dir='ltr'><strong>privilegii</strong></span> <span class='ocrx_word' id='word_1_540' title='bbox 1957 3823 2002 3864; x_wconf 93' lang='lat' dir='ltr'><strong>nen</strong></span> 
     </span>
     <span class='ocr_line' id='line_1_40' title="bbox 374 3896 2001 3974; baseline -0.003 -16"><span class='ocrx_word' id='word_1_541' title='bbox 374 3898 457 3958; x_wconf 90' lang='lat' dir='ltr'><strong>modo</strong></span> <span class='ocrx_word' id='word_1_542' title='bbox 472 3900 596 3974; x_wconf 90' lang='lat' dir='ltr'><strong>loquitur</strong></span> <span class='ocrx_word' id='word_1_543' title='bbox 617 3907 709 3973; x_wconf 90' lang='lat' dir='ltr'><strong>aperte</strong></span> <span class='ocrx_word' id='word_1_544' title='bbox 730 3899 763 3956; x_wconf 96' lang='lat' dir='ltr'><strong>de</strong></span> <span class='ocrx_word' id='word_1_545' title='bbox 784 3899 844 3955; x_wconf 85' lang='lat' dir='ltr'><strong>loro</strong></span> <span class='ocrx_word' id='word_1_546' title='bbox 863 3897 970 3971; x_wconf 91' lang='lat' dir='ltr'><strong>poenali</strong></span> <span class='ocrx_word' id='word_1_547' title='bbox 989 3899 1089 3953; x_wconf 78' lang='lat' dir='ltr'><strong>leton.</strong></span> <span class='ocrx_word' id='word_1_548' title='bbox 1102 3913 1129 3969; x_wconf 90' lang='lat' dir='ltr'><strong>p.</strong></span> <span class='ocrx_word' id='word_1_549' title='bbox 1143 3902 1171 3969; x_wconf 83' lang='grc'><strong>3,</strong></span> <span class='ocrx_word' id='word_1_550' title='bbox 1207 3914 1268 3956; x_wconf 89' lang='lat' dir='ltr'><strong>esse</strong></span> <span class='ocrx_word' id='word_1_551' title='bbox 1282 3900 1453 3958; x_wconf 90' lang='lat' dir='ltr'><strong>limitandum</strong></span> <span class='ocrx_word' id='word_1_552' title='bbox 1469 3901 1504 3958; x_wconf 94' lang='lat' dir='ltr'><strong>ed</strong></span> <span class='ocrx_word' id='word_1_553' title='bbox 1519 3909 1723 3958; x_wconf 76' lang='lat' dir='ltr'><strong>decrementum</strong></span> <span class='ocrx_word' id='word_1_554' title='bbox 1739 3901 1942 3972; x_wconf 87' lang='lat' dir='ltr'><strong>poenitentiae,</strong></span> <span class='ocrx_word' id='word_1_555' title='bbox 1960 3896 2001 3953; x_wconf 93' lang='lat' dir='ltr'><strong>nisi</strong></span> 
     </span>
     <span class='ocr_line' id='line_1_41' title="bbox 373 3983 2002 4061; baseline -0.002 -15"><span class='ocrx_word' id='word_1_556' title='bbox 373 3989 414 4046; x_wconf 91' lang='lat' dir='ltr'><strong>tit.</strong></span> <span class='ocrx_word' id='word_1_557' title='bbox 427 3992 475 4058; x_wconf 80' lang='lat'><strong>24,</strong></span> <span class='ocrx_word' id='word_1_558' title='bbox 487 4005 514 4045; x_wconf 90' lang='lat' dir='ltr'><strong>c.</strong></span> <span class='ocrx_word' id='word_1_559' title='bbox 530 3992 576 4059; x_wconf 83' lang='lat' dir='ltr'><strong>il,</strong></span> <span class='ocrx_word' id='word_1_560' title='bbox 588 3989 613 4045; x_wconf 92' lang='lat' dir='ltr'><strong>iu</strong></span> <span class='ocrx_word' id='word_1_561' title='bbox 628 3990 690 4060; x_wconf 88' lang='lat' dir='ltr'><strong>line,</strong></span> <span class='ocrx_word' id='word_1_562' title='bbox 706 3996 768 4045; x_wconf 91' lang='lat' dir='ltr'><strong>ante</strong></span> <span class='ocrx_word' id='word_1_563' title='bbox 783 3995 799 4055; x_wconf 74' lang='lat' dir='ltr'><strong>s</strong></span> <span class='ocrx_word' id='word_1_564' title='bbox 813 3992 839 4059; x_wconf 92' lang='lat' dir='ltr'><strong>t,</strong></span> <span class='ocrx_word' id='word_1_565' title='bbox 853 3987 937 4044; x_wconf 82' lang='lat' dir='ltr'><strong>aerbo</strong></span> <span class='ocrx_word' id='word_1_566' title='bbox 957 3983 1102 4042; x_wconf 85' lang='lat' dir='ltr'><strong>absolutio</strong></span> <span class='ocrx_word' id='word_1_567' title='bbox 1116 4001 1171 4042; x_wconf 86' lang='lat' dir='ltr'><strong>aa·</strong></span> <span class='ocrx_word' id='word_1_568' title='bbox 1208 3987 1253 4044; x_wconf 92' lang='lat' dir='ltr'><strong>ubi</strong></span> <span class='ocrx_word' id='word_1_569' title='bbox 1271 3989 1313 4044; x_wconf 87' lang='lat' dir='ltr'><strong>vel</strong></span> <span class='ocrx_word' id='word_1_570' title='bbox 1333 3989 1471 4047; x_wconf 89' lang='lat' dir='ltr'><strong>absolutio</strong></span> <span class='ocrx_word' id='word_1_571' title='bbox 1487 3989 1693 4048; x_wconf 90' lang='lat' dir='ltr'><strong>sacramentalis</strong></span> <span class='ocrx_word' id='word_1_572' title='bbox 1707 4005 1755 4061; x_wconf 90' lang='lat' dir='ltr'><strong>per</strong></span> <span class='ocrx_word' id='word_1_573' title='bbox 1773 4005 1803 4045; x_wconf 91' lang='lat' dir='ltr'><strong>se</strong></span> <span class='ocrx_word' id='word_1_574' title='bbox 1815 3990 1903 4046; x_wconf 86' lang='lat' dir='ltr'><strong>luerit</strong></span> <span class='ocrx_word' id='word_1_575' title='bbox 1919 4003 2002 4045; x_wconf 87' lang='lat' dir='ltr'><strong>necea·</strong></span> 
     </span>
     <span class='ocr_line' id='line_1_42' title="bbox 374 4073 2002 4151; baseline -0.002 -17"><span class='ocrx_word' id='word_1_576' title='bbox 374 4083 443 4144; x_wconf 86' lang='lat' dir='ltr'><strong>tem,</strong></span> <span class='ocrx_word' id='word_1_577' title='bbox 457 4085 513 4134; x_wconf 90' lang='lat' dir='ltr'><strong>etc.</strong></span> <span class='ocrx_word' id='word_1_578' title='bbox 527 4080 612 4136; x_wconf 84' lang='lat' dir='ltr'><strong>Docet</strong></span> <span class='ocrx_word' id='word_1_579' title='bbox 626 4084 728 4148; x_wconf 90' lang='lat' dir='ltr'><strong>temen,</strong></span> <span class='ocrx_word' id='word_1_580' title='bbox 741 4077 821 4134; x_wconf 91' lang='lat' dir='ltr'><strong>etiam</strong></span> <span class='ocrx_word' id='word_1_581' title='bbox 835 4092 888 4132; x_wconf 90' lang='lat' dir='ltr'><strong>noe</strong></span> <span class='ocrx_word' id='word_1_582' title='bbox 902 4073 1075 4131; x_wconf 89' lang='lat' dir='ltr'><strong>sacerdotem</strong></span> <span class='ocrx_word' id='word_1_583' title='bbox 1093 4089 1172 4146; x_wconf 87' lang='lat' dir='ltr'><strong>pesse</strong></span> <span class='ocrx_word' id='word_1_584' title='bbox 1207 4077 1329 4147; x_wconf 89' lang='lat' dir='ltr'><strong>seria,ut</strong></span> <span class='ocrx_word' id='word_1_585' title='bbox 1339 4079 1364 4133; x_wconf 91' lang='lat' dir='ltr'><strong>in</strong></span> <span class='ocrx_word' id='word_1_586' title='bbox 1376 4077 1667 4151; x_wconf 76' lang='lat' dir='ltr'><strong>priuilegio&#39;abtiuendi</strong></span> <span class='ocrx_word' id='word_1_587' title='bbox 1679 4077 1882 4136; x_wconf 90' lang='lat' dir='ltr'><strong>absolutionem</strong></span> <span class='ocrx_word' id='word_1_588' title='bbox 1895 4095 1910 4135; x_wconf 95' lang='lat' dir='ltr'><strong>a</strong></span> <span class='ocrx_word' id='word_1_589' title='bbox 1926 4091 2002 4133; x_wconf 71' lang='lat' dir='ltr'><strong>resen</strong></span> 
     </span>
     <span class='ocr_line' id='line_1_43' title="bbox 373 4161 2001 4240; baseline -0.004 -16"><span class='ocrx_word' id='word_1_590' title='bbox 373 4182 405 4224; x_wconf 84' lang='lat' dir='ltr'><strong>er</strong></span> <span class='ocrx_word' id='word_1_591' title='bbox 420 4169 613 4224; x_wconf 89' lang='lat' dir='ltr'><strong>commissione</strong></span> <span class='ocrx_word' id='word_1_592' title='bbox 634 4167 775 4223; x_wconf 87' lang='lat' dir='ltr'><strong>absolvere</strong></span> <span class='ocrx_word' id='word_1_593' title='bbox 795 4166 820 4222; x_wconf 91' lang='lat' dir='ltr'><strong>in</strong></span> <span class='ocrx_word' id='word_1_594' title='bbox 839 4164 885 4221; x_wconf 94' lang='lat' dir='ltr'><strong>illo</strong></span> <span class='ocrx_word' id='word_1_595' title='bbox 905 4165 964 4220; x_wconf 87' lang='lat' dir='ltr'><strong>loro</strong></span> <span class='ocrx_word' id='word_1_596' title='bbox 989 4161 1173 4237; x_wconf 84' lang='lat' dir='ltr'><strong>poenitentiali</strong></span> <span class='ocrx_word' id='word_1_597' title='bbox 1206 4168 1290 4230; x_wconf 82' lang='lat' dir='ltr'><strong>retis,</strong></span> <span class='ocrx_word' id='word_1_598' title='bbox 1308 4166 1348 4222; x_wconf 85' lang='lat' dir='ltr'><strong>rel</strong></span> <span class='ocrx_word' id='word_1_599' title='bbox 1367 4167 1412 4224; x_wconf 95' lang='lat' dir='ltr'><strong>ubi</strong></span> <span class='ocrx_word' id='word_1_600' title='bbox 1433 4168 1515 4225; x_wconf 88' lang='lat' dir='ltr'><strong>rerba</strong></span> <span class='ocrx_word' id='word_1_601' title='bbox 1532 4167 1627 4224; x_wconf 91' lang='lat' dir='ltr'><strong>indulti</strong></span> <span class='ocrx_word' id='word_1_602' title='bbox 1646 4166 1671 4225; x_wconf 90' lang='lat' dir='ltr'><strong>id</strong></span> <span class='ocrx_word' id='word_1_603' title='bbox 1691 4168 1832 4225; x_wconf 80' lang='lat' dir='ltr'><strong>manifeste</strong></span> <span class='ocrx_word' id='word_1_604' title='bbox 1857 4167 2001 4240; x_wconf 84' lang='lat' dir='ltr'><strong>explicare·</strong></span> 
     </span>
     <span class='ocr_line' id='line_1_44' title="bbox 373 4251 2000 4330; baseline -0.004 -15"><span class='ocrx_word' id='word_1_605' title='bbox 373 4273 389 4315; x_wconf 91' lang='lat' dir='ltr'><strong>a</strong></span> <span class='ocrx_word' id='word_1_606' title='bbox 407 4271 543 4329; x_wconf 88' lang='lat' dir='ltr'><strong>censura,</strong></span> <span class='ocrx_word' id='word_1_607' title='bbox 564 4272 617 4314; x_wconf 93' lang='lat' dir='ltr'><strong>noe</strong></span> <span class='ocrx_word' id='word_1_608' title='bbox 634 4254 799 4313; x_wconf 85' lang='lat' dir='ltr'><strong>absolvendo</strong></span> <span class='ocrx_word' id='word_1_609' title='bbox 814 4270 827 4311; x_wconf 93' lang='lat' dir='ltr'><strong>e</strong></span> <span class='ocrx_word' id='word_1_610' title='bbox 843 4253 925 4325; x_wconf 89' lang='lat' dir='ltr'><strong>culpa</strong></span> <span class='ocrx_word' id='word_1_611' title='bbox 940 4252 1013 4324; x_wconf 92' lang='lat' dir='ltr'><strong>epud</strong></span> <span class='ocrx_word' id='word_1_612' title='bbox 1027 4254 1123 4308; x_wconf 86' lang='lat' dir='ltr'><strong>Deum.</strong></span> <span class='ocrx_word' id='word_1_613' title='bbox 1136 4251 1172 4308; x_wconf 81' lang='lat' dir='ltr'><strong>lit</strong></span> <span class='ocrx_word' id='word_1_614' title='bbox 1206 4256 1366 4330; x_wconf 89' lang='lat' dir='ltr'><strong>rint.Neque</strong></span> <span class='ocrx_word' id='word_1_615' title='bbox 1376 4258 1442 4314; x_wconf 84' lang='lat' dir='ltr'><strong>satis</strong></span> <span class='ocrx_word' id='word_1_616' title='bbox 1452 4257 1592 4330; x_wconf 88' lang='lat' dir='ltr'><strong>erit,quod</strong></span> <span class='ocrx_word' id='word_1_617' title='bbox 1603 4258 1728 4314; x_wconf 83' lang='lat' dir='ltr'><strong>executio</strong></span> <span class='ocrx_word' id='word_1_618' title='bbox 1738 4256 1838 4314; x_wconf 85' lang='lat' dir='ltr'><strong>indulta</strong></span> <span class='ocrx_word' id='word_1_619' title='bbox 1856 4255 2000 4313; x_wconf 90' lang='lat' dir='ltr'><strong>committa·</strong></span> 
     </span>
    </p>
   </div>
   <div class='ocr_carea' id='block_1_8' title="bbox 373 4331 2095 4418">
    <p class='ocr_par' dir='ltr' id='par_1_8' title="bbox 373 4331 2095 4418">
     <span class='ocr_line' id='line_1_45' title="bbox 373 4331 2095 4418; baseline -0.004 -15"><span class='ocrx_word' id='word_1_620' title='bbox 373 4361 439 4403; x_wconf 83' lang='lat' dir='ltr'><strong>cunr</strong></span> <span class='ocrx_word' id='word_1_621' title='bbox 453 4346 498 4403; x_wconf 92' lang='lat' dir='ltr'><strong>illo</strong></span> <span class='ocrx_word' id='word_1_622' title='bbox 518 4349 599 4403; x_wconf 86' lang='lat' dir='ltr'><strong>sentit</strong></span> <span class='ocrx_word' id='word_1_623' title='bbox 613 4345 721 4403; x_wconf 86' lang='lat' dir='ltr'><strong>Tabien.</strong></span> <span class='ocrx_word' id='word_1_624' title='bbox 734 4341 897 4411; x_wconf 86' lang='lat' dir='ltr'><strong>absolutio,</strong></span> <span class='ocrx_word' id='word_1_625' title='bbox 916 4348 946 4410; x_wconf 82' lang='lat'><strong>2,</strong></span> <span class='ocrx_word' id='word_1_626' title='bbox 961 4358 989 4415; x_wconf 90' lang='lat' dir='ltr'><strong>q.</strong></span> <span class='ocrx_word' id='word_1_627' title='bbox 1003 4345 1031 4410; x_wconf 86' lang='lat' dir='ltr'><strong>l,</strong></span> <span class='ocrx_word' id='word_1_628' title='bbox 1052 4357 1127 4397; x_wconf 90' lang='lat' dir='ltr'><strong>num.</strong></span> <span class='ocrx_word' id='word_1_629' title='bbox 1142 4342 1169 4398; x_wconf 86' lang='lat' dir='ltr'><strong>l·</strong></span> <span class='ocrx_word' id='word_1_630' title='bbox 1208 4352 1253 4402; x_wconf 91' lang='lat' dir='ltr'><strong>tur</strong></span> <span class='ocrx_word' id='word_1_631' title='bbox 1267 4344 1422 4412; x_wconf 80' lang='lat' dir='ltr'><strong>sacerdoti,</strong></span> <span class='ocrx_word' id='word_1_632' title='bbox 1440 4348 1504 4418; x_wconf 91' lang='lat' dir='ltr'><strong>quia</strong></span> <span class='ocrx_word' id='word_1_633' title='bbox 1518 4353 1596 4416; x_wconf 88' lang='lat' dir='ltr'><strong>tunc,</strong></span> <span class='ocrx_word' id='word_1_634' title='bbox 1612 4345 1676 4402; x_wconf 91' lang='lat' dir='ltr'><strong>licet</strong></span> <span class='ocrx_word' id='word_1_635' title='bbox 1688 4348 1847 4418; x_wconf 90' lang='lat' dir='ltr'><strong>requiratur</strong></span> <span class='ocrx_word' id='word_1_636' title='bbox 1868 4345 1931 4402; x_wconf 90' lang='lat' dir='ltr'><strong>talis</strong></span> <span class='ocrx_word' id='word_1_637' title='bbox 1944 4357 2000 4399; x_wconf 89' lang='lat' dir='ltr'><strong>cea·</strong></span> <span class='ocrx_word' id='word_1_638' title='bbox 2094 4331 2095 4350; x_wconf 62' lang='lat'>¹</span> 
     </span>
    </p>
   </div>
   <div class='ocr_carea' id='block_1_9' title="bbox 368 4417 2095 5314">
    <p class='ocr_par' dir='ltr' id='par_1_9' title="bbox 370 4417 2095 4864">
     <span class='ocr_line' id='line_1_46' title="bbox 370 4417 2095 4508; baseline -0.003 -16"><span class='ocrx_word' id='word_1_639' title='bbox 370 4437 412 4492; x_wconf 80' lang='lat' dir='ltr'><strong>Ex</strong></span> <span class='ocrx_word' id='word_1_640' title='bbox 431 4434 471 4490; x_wconf 90' lang='lat' dir='ltr'><strong>bis</strong></span> <span class='ocrx_word' id='word_1_641' title='bbox 490 4450 557 4507; x_wconf 82' lang='lat' dir='ltr'><strong>erge</strong></span> <span class='ocrx_word' id='word_1_642' title='bbox 577 4435 670 4506; x_wconf 88' lang='lat' dir='ltr'><strong>potius</strong></span> <span class='ocrx_word' id='word_1_643' title='bbox 689 4434 846 4506; x_wconf 78' lang='lat' dir='ltr'><strong>colligitur,</strong></span> <span class='ocrx_word' id='word_1_644' title='bbox 867 4431 958 4488; x_wconf 88' lang='lat' dir='ltr'><strong>iorum</strong></span> <span class='ocrx_word' id='word_1_645' title='bbox 977 4428 1172 4502; x_wconf 89' lang='lat' dir='ltr'><strong>poenitentiale</strong></span> <span class='ocrx_word' id='word_1_646' title='bbox 1206 4433 1273 4491; x_wconf 93' lang='lat' dir='ltr'><strong>ditio</strong></span> <span class='ocrx_word' id='word_1_647' title='bbox 1282 4436 1307 4491; x_wconf 89' lang='lat' dir='ltr'><strong>in</strong></span> <span class='ocrx_word' id='word_1_648' title='bbox 1318 4442 1481 4506; x_wconf 87' lang='lat' dir='ltr'><strong>persona‚et</strong></span> <span class='ocrx_word' id='word_1_649' title='bbox 1492 4434 1583 4508; x_wconf 89' lang='lat' dir='ltr'><strong>quoad</strong></span> <span class='ocrx_word' id='word_1_650' title='bbox 1595 4435 1667 4492; x_wconf 91' lang='lat' dir='ltr'><strong>illem</strong></span> <span class='ocrx_word' id='word_1_651' title='bbox 1677 4434 1809 4492; x_wconf 86' lang='lat' dir='ltr'><strong>servanda</strong></span> <span class='ocrx_word' id='word_1_652' title='bbox 1818 4435 1854 4490; x_wconf 88' lang='lat' dir='ltr'><strong>sit</strong></span> <span class='ocrx_word' id='word_1_653' title='bbox 1866 4434 1953 4490; x_wconf 84' lang='lat' dir='ltr'><strong>torma</strong></span> <span class='ocrx_word' id='word_1_654' title='bbox 1965 4432 1999 4487; x_wconf 91' lang='lat' dir='ltr'><strong>ia·</strong></span> <span class='ocrx_word' id='word_1_655' title='bbox 2094 4417 2095 4440; x_wconf 59' lang='lat'><strong>³</strong></span> 
     </span>
     <span class='ocr_line' id='line_1_47' title="bbox 372 4519 1999 4599; baseline -0.003 -20"><span class='ocrx_word' id='word_1_656' title='bbox 372 4539 427 4580; x_wconf 92' lang='lat' dir='ltr'><strong>eon</strong></span> <span class='ocrx_word' id='word_1_657' title='bbox 443 4523 553 4580; x_wconf 91' lang='lat' dir='ltr'><strong>limitari</strong></span> <span class='ocrx_word' id='word_1_658' title='bbox 565 4523 597 4580; x_wconf 92' lang='lat' dir='ltr'><strong>ed</strong></span> <span class='ocrx_word' id='word_1_659' title='bbox 613 4522 745 4580; x_wconf 90' lang='lat' dir='ltr'><strong>iudicium</strong></span> <span class='ocrx_word' id='word_1_660' title='bbox 760 4520 967 4578; x_wconf 90' lang='lat' dir='ltr'><strong>sacramentalis</strong></span> <span class='ocrx_word' id='word_1_661' title='bbox 978 4519 1169 4591; x_wconf 90' lang='lat' dir='ltr'><strong>poenitentiae,</strong></span> <span class='ocrx_word' id='word_1_662' title='bbox 1206 4522 1381 4596; x_wconf 91' lang='lat' dir='ltr'><strong>dulti,temen</strong></span> <span class='ocrx_word' id='word_1_663' title='bbox 1397 4540 1451 4581; x_wconf 94' lang='lat' dir='ltr'><strong>non</strong></span> <span class='ocrx_word' id='word_1_664' title='bbox 1463 4524 1521 4581; x_wconf 92' lang='lat' dir='ltr'><strong>ideo</strong></span> <span class='ocrx_word' id='word_1_665' title='bbox 1533 4521 1776 4599; x_wconf 90' lang='lat' dir='ltr'><strong>requiritur,quod</strong></span> <span class='ocrx_word' id='word_1_666' title='bbox 1791 4522 1925 4580; x_wconf 90' lang='lat' dir='ltr'><strong>ministret</strong></span> <span class='ocrx_word' id='word_1_667' title='bbox 1940 4525 1999 4577; x_wconf 89' lang='lat' dir='ltr'><strong>ectu</strong></span> 
     </span>
     <span class='ocr_line' id='line_1_48' title="bbox 372 4601 2077 4686; baseline -0.004 -16"><span class='ocrx_word' id='word_1_668' title='bbox 372 4612 420 4670; x_wconf 91' lang='lat' dir='ltr'><strong>sed</strong></span> <span class='ocrx_word' id='word_1_669' title='bbox 439 4613 548 4670; x_wconf 81' lang='lat' dir='ltr'><strong>extendi</strong></span> <span class='ocrx_word' id='word_1_670' title='bbox 563 4613 596 4670; x_wconf 94' lang='lat' dir='ltr'><strong>ed</strong></span> <span class='ocrx_word' id='word_1_671' title='bbox 615 4627 696 4669; x_wconf 89' lang='lat' dir='ltr'><strong>omne</strong></span> <span class='ocrx_word' id='word_1_672' title='bbox 710 4611 858 4680; x_wconf 91' lang='lat' dir='ltr'><strong>iudicium,</strong></span> <span class='ocrx_word' id='word_1_673' title='bbox 879 4608 953 4683; x_wconf 94' lang='lat' dir='ltr'><strong>quod</strong></span> <span class='ocrx_word' id='word_1_674' title='bbox 968 4608 1067 4666; x_wconf 92' lang='lat' dir='ltr'><strong>babere</strong></span> <span class='ocrx_word' id='word_1_675' title='bbox 1082 4616 1172 4680; x_wconf 88' lang='lat' dir='ltr'><strong>potest</strong></span> <span class='ocrx_word' id='word_1_676' title='bbox 1207 4612 1258 4669; x_wconf 92' lang='lat' dir='ltr'><strong>tale</strong></span> <span class='ocrx_word' id='word_1_677' title='bbox 1279 4619 1499 4685; x_wconf 71' lang='lat' dir='ltr'><strong>sacramentum,</strong></span> <span class='ocrx_word' id='word_1_678' title='bbox 1520 4620 1682 4686; x_wconf 79' lang='lat' dir='ltr'><strong>argumento</strong></span> <span class='ocrx_word' id='word_1_679' title='bbox 1701 4629 1763 4686; x_wconf 90' lang='lat' dir='ltr'><strong>cap.</strong></span> <span class='ocrx_word' id='word_1_680' title='bbox 1783 4616 1950 4677; x_wconf 79' lang='lat' dir='ltr'><strong>Carronico,</strong></span> <span class='ocrx_word' id='word_1_681' title='bbox 1971 4605 2000 4664; x_wconf 92' lang='lat' dir='ltr'><strong>de</strong></span> <span class='ocrx_word' id='word_1_682' title='bbox 2074 4601 2077 4609; x_wconf 85' lang='lat'>&#39;</span> 
     </span>
     <span class='ocr_line' id='line_1_49' title="bbox 371 4699 2000 4778; baseline -0.003 -20"><span class='ocrx_word' id='word_1_683' title='bbox 371 4701 500 4758; x_wconf 87' lang='lat' dir='ltr'><strong>ellectum</strong></span> <span class='ocrx_word' id='word_1_684' title='bbox 520 4717 602 4757; x_wconf 90' lang='lat' dir='ltr'><strong>suum</strong></span> <span class='ocrx_word' id='word_1_685' title='bbox 622 4703 648 4758; x_wconf 93' lang='lat' dir='ltr'><strong>in</strong></span> <span class='ocrx_word' id='word_1_686' title='bbox 670 4701 731 4757; x_wconf 87' lang='lat' dir='ltr'><strong>loru</strong></span> <span class='ocrx_word' id='word_1_687' title='bbox 751 4699 953 4766; x_wconf 84' lang='lat' dir='ltr'><strong>conscientiae,</strong></span> <span class='ocrx_word' id='word_1_688' title='bbox 975 4705 1004 4754; x_wconf 92' lang='lat' dir='ltr'><strong>et</strong></span> <span class='ocrx_word' id='word_1_689' title='bbox 1023 4706 1169 4756; x_wconf 85' lang='lat' dir='ltr'><strong>exercetur</strong></span> <span class='ocrx_word' id='word_1_690' title='bbox 1207 4708 1323 4760; x_wconf 90' lang='lat' dir='ltr'><strong>sentent.</strong></span> <span class='ocrx_word' id='word_1_691' title='bbox 1336 4705 1568 4760; x_wconf 81' lang='lat' dir='ltr'><strong>excommunicat.</strong></span> <span class='ocrx_word' id='word_1_692' title='bbox 1584 4704 1610 4760; x_wconf 90' lang='lat' dir='ltr'><strong>in</strong></span> <span class='ocrx_word' id='word_1_693' title='bbox 1629 4703 1692 4772; x_wconf 87' lang='lat' dir='ltr'><strong>line,</strong></span> <span class='ocrx_word' id='word_1_694' title='bbox 1707 4702 1757 4760; x_wconf 85' lang='lat' dir='ltr'><strong>ibi:</strong></span> <span class='ocrx_word' id='word_1_695' title='bbox 1777 4705 1837 4778; x_wconf 86' lang='lat' dir='ltr'><strong>Qui</strong></span> <span class='ocrx_word' id='word_1_696' title='bbox 1854 4699 2000 4776; x_wconf 72' lang='lat' dir='ltr'><strong>presbyter</strong></span> 
     </span>
     <span class='ocr_line' id='line_1_50' title="bbox 370 4787 1996 4864; baseline -0.004 -16"><span class='ocrx_word' id='word_1_697' title='bbox 370 4806 437 4848; x_wconf 90' lang='lat' dir='ltr'><strong>cum</strong></span> <span class='ocrx_word' id='word_1_698' title='bbox 450 4790 538 4846; x_wconf 83' lang='lat' dir='ltr'><strong>torma</strong></span> <span class='ocrx_word' id='word_1_699' title='bbox 552 4789 642 4862; x_wconf 89' lang='lat' dir='ltr'><strong>eliqua</strong></span> <span class='ocrx_word' id='word_1_700' title='bbox 657 4789 835 4860; x_wconf 89' lang='lat' dir='ltr'><strong>poenitentiae</strong></span> <span class='ocrx_word' id='word_1_701' title='bbox 849 4787 922 4861; x_wconf 90' lang='lat' dir='ltr'><strong>apud</strong></span> <span class='ocrx_word' id='word_1_702' title='bbox 939 4790 1035 4843; x_wconf 83' lang='lat' dir='ltr'><strong>Deum.</strong></span> <span class='ocrx_word' id='word_1_703' title='bbox 1206 4806 1268 4848; x_wconf 87' lang='lat' dir='ltr'><strong>esse</strong></span> <span class='ocrx_word' id='word_1_704' title='bbox 1282 4790 1372 4860; x_wconf 83' lang='lat' dir='ltr'><strong>debet,</strong></span> <span class='ocrx_word' id='word_1_705' title='bbox 1385 4807 1450 4848; x_wconf 91' lang='lat' dir='ltr'><strong>oum</strong></span> <span class='ocrx_word' id='word_1_706' title='bbox 1462 4793 1603 4850; x_wconf 79' lang='lat' dir='ltr'><strong>Glussibi.</strong></span> <span class='ocrx_word' id='word_1_707' title='bbox 1614 4793 1648 4852; x_wconf 85' lang='lat' dir='ltr'><strong>Et</strong></span> <span class='ocrx_word' id='word_1_708' title='bbox 1662 4799 1705 4850; x_wconf 88' lang='lat' dir='ltr'><strong>est</strong></span> <span class='ocrx_word' id='word_1_709' title='bbox 1715 4808 1763 4864; x_wconf 90' lang='lat' dir='ltr'><strong>per</strong></span> <span class='ocrx_word' id='word_1_710' title='bbox 1777 4807 1807 4849; x_wconf 87' lang='lat' dir='ltr'><strong>ee</strong></span> <span class='ocrx_word' id='word_1_711' title='bbox 1822 4791 1996 4848; x_wconf 74' lang='lat' dir='ltr'><strong>manifestum.</strong></span> 
     </span>
    </p>

    <p class='ocr_par' dir='ltr' id='par_1_10' title="bbox 368 4874 1999 5314">
     <span class='ocr_line' id='line_1_51' title="bbox 413 4874 1999 4954; baseline 0 -19"><span class='ocrx_word' id='word_1_712' title='bbox 413 4883 456 4936; x_wconf 91' lang='grc'><strong>11.</strong></span> <span class='ocrx_word' id='word_1_713' title='bbox 473 4880 542 4935; x_wconf 87' lang='lat' dir='ltr'><strong>ilinc</strong></span> <span class='ocrx_word' id='word_1_714' title='bbox 557 4893 623 4951; x_wconf 78' lang='lat' dir='ltr'><strong>ergo</strong></span> <span class='ocrx_word' id='word_1_715' title='bbox 636 4877 724 4934; x_wconf 86' lang='lat' dir='ltr'><strong>iniero</strong></span> <span class='ocrx_word' id='word_1_716' title='bbox 738 4879 837 4949; x_wconf 87' lang='lat' dir='ltr'><strong>primo,</strong></span> <span class='ocrx_word' id='word_1_717' title='bbox 853 4875 927 4948; x_wconf 93' lang='lat' dir='ltr'><strong>quod</strong></span> <span class='ocrx_word' id='word_1_718' title='bbox 941 4874 1005 4932; x_wconf 90' lang='lat' dir='ltr'><strong>licet</strong></span> <span class='ocrx_word' id='word_1_719' title='bbox 1018 4875 1103 4932; x_wconf 86' lang='lat' dir='ltr'><strong>rerba</strong></span> <span class='ocrx_word' id='word_1_720' title='bbox 1117 4875 1171 4948; x_wconf 91' lang='lat' dir='ltr'><strong>pri·</strong></span> <span class='ocrx_word' id='word_1_721' title='bbox 1207 4880 1263 4936; x_wconf 92' lang='lat' dir='ltr'><strong>lmo</strong></span> <span class='ocrx_word' id='word_1_722' title='bbox 1277 4895 1366 4952; x_wconf 91' lang='lat' dir='ltr'><strong>aeque</strong></span> <span class='ocrx_word' id='word_1_723' title='bbox 1377 4881 1442 4936; x_wconf 85' lang='lat' dir='ltr'><strong>sotis</strong></span> <span class='ocrx_word' id='word_1_724' title='bbox 1455 4883 1517 4952; x_wconf 91' lang='lat' dir='ltr'><strong>erit,</strong></span> <span class='ocrx_word' id='word_1_725' title='bbox 1529 4881 1604 4954; x_wconf 95' lang='lat' dir='ltr'><strong>quod</strong></span> <span class='ocrx_word' id='word_1_726' title='bbox 1617 4879 1756 4938; x_wconf 88' lang='lat' dir='ltr'><strong>indultum</strong></span> <span class='ocrx_word' id='word_1_727' title='bbox 1768 4879 1843 4937; x_wconf 93' lang='lat' dir='ltr'><strong>dicet</strong></span> <span class='ocrx_word' id='word_1_728' title='bbox 1860 4875 1999 4938; x_wconf 61' lang='lat' dir='ltr'><strong>sacoma</strong></span> 
     </span>
     <span class='ocr_line' id='line_1_52' title="bbox 369 4964 1999 5042; baseline -0.004 -16"><span class='ocrx_word' id='word_1_729' title='bbox 369 4967 459 5042; x_wconf 76' lang='lat' dir='ltr'><strong>vilegii</strong></span> <span class='ocrx_word' id='word_1_730' title='bbox 481 4967 627 5039; x_wconf 90' lang='lat' dir='ltr'><strong>loquentur</strong></span> <span class='ocrx_word' id='word_1_731' title='bbox 641 4966 674 5023; x_wconf 93' lang='lat' dir='ltr'><strong>de</strong></span> <span class='ocrx_word' id='word_1_732' title='bbox 694 4967 754 5024; x_wconf 85' lang='lat' dir='ltr'><strong>loro</strong></span> <span class='ocrx_word' id='word_1_733' title='bbox 775 4965 968 5038; x_wconf 89' lang='lat' dir='ltr'><strong>poenitentiae,</strong></span> <span class='ocrx_word' id='word_1_734' title='bbox 983 4979 1037 5020; x_wconf 92' lang='lat' dir='ltr'><strong>non</strong></span> <span class='ocrx_word' id='word_1_735' title='bbox 1054 4971 1120 5022; x_wconf 89' lang='lat' dir='ltr'><strong>suot</strong></span> <span class='ocrx_word' id='word_1_736' title='bbox 1137 4964 1170 5020; x_wconf 90' lang='lat' dir='ltr'><strong>li·</strong></span> <span class='ocrx_word' id='word_1_737' title='bbox 1205 4967 1374 5042; x_wconf 59' lang='lat' dir='ltr'><strong>comessari,</strong></span> <span class='ocrx_word' id='word_1_738' title='bbox 1388 4970 1454 5042; x_wconf 93' lang='lat' dir='ltr'><strong>quia</strong></span> <span class='ocrx_word' id='word_1_739' title='bbox 1465 4969 1532 5026; x_wconf 92' lang='lat' dir='ltr'><strong>illud</strong></span> <span class='ocrx_word' id='word_1_740' title='bbox 1543 4971 1624 5027; x_wconf 90' lang='lat' dir='ltr'><strong>etiam</strong></span> <span class='ocrx_word' id='word_1_741' title='bbox 1638 4975 1789 5028; x_wconf 88' lang='lat' dir='ltr'><strong>estnumen</strong></span> <span class='ocrx_word' id='word_1_742' title='bbox 1803 4968 1888 5026; x_wconf 90' lang='lat' dir='ltr'><strong>officii</strong></span> <span class='ocrx_word' id='word_1_743' title='bbox 1906 4972 1933 5024; x_wconf 92' lang='lat' dir='ltr'><strong>et</strong></span> <span class='ocrx_word' id='word_1_744' title='bbox 1945 4979 1999 5022; x_wconf 89' lang='lat' dir='ltr'><strong>mu·</strong></span> 
     </span>
     <span class='ocr_line' id='line_1_53' title="bbox 368 5053 1998 5132; baseline -0.004 -17"><span class='ocrx_word' id='word_1_745' title='bbox 368 5055 491 5114; x_wconf 91' lang='lat' dir='ltr'><strong>mitanda</strong></span> <span class='ocrx_word' id='word_1_746' title='bbox 502 5054 534 5113; x_wconf 94' lang='lat' dir='ltr'><strong>ad</strong></span> <span class='ocrx_word' id='word_1_747' title='bbox 546 5055 681 5114; x_wconf 89' lang='lat' dir='ltr'><strong>iudicium</strong></span> <span class='ocrx_word' id='word_1_748' title='bbox 692 5053 888 5113; x_wconf 89' lang='lat' dir='ltr'><strong>sacramentale</strong></span> <span class='ocrx_word' id='word_1_749' title='bbox 900 5053 1092 5124; x_wconf 89' lang='lat' dir='ltr'><strong>poenitentiae,</strong></span> <span class='ocrx_word' id='word_1_750' title='bbox 1104 5053 1169 5126; x_wconf 90' lang='lat' dir='ltr'><strong>quia</strong></span> <span class='ocrx_word' id='word_1_751' title='bbox 1205 5058 1288 5130; x_wconf 90' lang='lat' dir='ltr'><strong>neris,</strong></span> <span class='ocrx_word' id='word_1_752' title='bbox 1301 5073 1355 5114; x_wconf 93' lang='lat' dir='ltr'><strong>eon</strong></span> <span class='ocrx_word' id='word_1_753' title='bbox 1370 5058 1484 5115; x_wconf 91' lang='lat' dir='ltr'><strong>actualis</strong></span> <span class='ocrx_word' id='word_1_754' title='bbox 1498 5059 1628 5132; x_wconf 70' lang='lat' dir='ltr'><strong>exercitii,</strong></span> <span class='ocrx_word' id='word_1_755' title='bbox 1641 5060 1718 5118; x_wconf 89' lang='lat' dir='ltr'><strong>etita</strong></span> <span class='ocrx_word' id='word_1_756' title='bbox 1732 5075 1765 5116; x_wconf 83' lang='lat' dir='ltr'><strong>ex</strong></span> <span class='ocrx_word' id='word_1_757' title='bbox 1777 5059 1803 5115; x_wconf 88' lang='lat' dir='ltr'><strong>ri</strong></span> <span class='ocrx_word' id='word_1_758' title='bbox 1818 5057 1928 5114; x_wconf 91' lang='lat' dir='ltr'><strong>illorum</strong></span> <span class='ocrx_word' id='word_1_759' title='bbox 1943 5068 1998 5110; x_wconf 87' lang='lat' dir='ltr'><strong>rar·</strong></span> 
     </span>
     <span class='ocr_line' id='line_1_54' title="bbox 368 5142 1998 5220; baseline -0.003 -18"><span class='ocrx_word' id='word_1_760' title='bbox 368 5147 414 5203; x_wconf 90' lang='lat' dir='ltr'><strong>illa</strong></span> <span class='ocrx_word' id='word_1_761' title='bbox 427 5145 565 5203; x_wconf 88' lang='lat' dir='ltr'><strong>restrictio</strong></span> <span class='ocrx_word' id='word_1_762' title='bbox 585 5161 637 5202; x_wconf 91' lang='lat' dir='ltr'><strong>nec</strong></span> <span class='ocrx_word' id='word_1_763' title='bbox 652 5147 680 5202; x_wconf 91' lang='lat' dir='ltr'><strong>in</strong></span> <span class='ocrx_word' id='word_1_764' title='bbox 700 5145 867 5216; x_wconf 89' lang='lat' dir='ltr'><strong>proprietate</strong></span> <span class='ocrx_word' id='word_1_765' title='bbox 888 5142 1046 5214; x_wconf 86' lang='lat' dir='ltr'><strong>verborum,</strong></span> <span class='ocrx_word' id='word_1_766' title='bbox 1067 5159 1118 5200; x_wconf 91' lang='lat' dir='ltr'><strong>nee</strong></span> <span class='ocrx_word' id='word_1_767' title='bbox 1140 5144 1166 5200; x_wconf 93' lang='lat' dir='ltr'><strong>in</strong></span> <span class='ocrx_word' id='word_1_768' title='bbox 1205 5148 1303 5202; x_wconf 93' lang='lat' dir='ltr'><strong>borum</strong></span> <span class='ocrx_word' id='word_1_769' title='bbox 1321 5148 1487 5220; x_wconf 86' lang='lat' dir='ltr'><strong>requiritur,</strong></span> <span class='ocrx_word' id='word_1_770' title='bbox 1503 5152 1535 5204; x_wconf 93' lang='lat' dir='ltr'><strong>ut</strong></span> <span class='ocrx_word' id='word_1_771' title='bbox 1554 5161 1671 5219; x_wconf 89' lang='lat' dir='ltr'><strong>persona</strong></span> <span class='ocrx_word' id='word_1_772' title='bbox 1685 5149 1721 5204; x_wconf 91' lang='lat' dir='ltr'><strong>sit</strong></span> <span class='ocrx_word' id='word_1_773' title='bbox 1739 5144 1905 5219; x_wconf 88' lang='lat' dir='ltr'><strong>approbata,</strong></span> <span class='ocrx_word' id='word_1_774' title='bbox 1921 5145 1957 5200; x_wconf 89' lang='lat' dir='ltr'><strong>ite</strong></span> <span class='ocrx_word' id='word_1_775' title='bbox 1970 5147 1998 5198; x_wconf 94' lang='lat' dir='ltr'><strong>ut</strong></span> 
     </span>
     <span class='ocr_line' id='line_1_55' title="bbox 368 5231 1997 5314; baseline -0.001 -22"><span class='ocrx_word' id='word_1_776' title='bbox 368 5235 507 5294; x_wconf 76' lang='lat' dir='ltr'><strong>mmmnui</strong></span> <span class='ocrx_word' id='word_1_777' title='bbox 519 5251 573 5293; x_wconf 90' lang='lat' dir='ltr'><strong>usu</strong></span> <span class='ocrx_word' id='word_1_778' title='bbox 588 5235 668 5294; x_wconf 91' lang='lat' dir='ltr'><strong>babet</strong></span> <span class='ocrx_word' id='word_1_779' title='bbox 677 5233 896 5306; x_wconf 85' lang='lat' dir='ltr'><strong>tundamentum,</strong></span> <span class='ocrx_word' id='word_1_780' title='bbox 905 5247 998 5314; x_wconf 80' lang='lat' dir='ltr'><strong>neque</strong></span> <span class='ocrx_word' id='word_1_781' title='bbox 1009 5233 1037 5292; x_wconf 91' lang='lat' dir='ltr'><strong>in</strong></span> <span class='ocrx_word' id='word_1_782' title='bbox 1051 5233 1163 5308; x_wconf 87' lang='lat' dir='ltr'><strong>reipsa,</strong></span> <span class='ocrx_word' id='word_1_783' title='bbox 1206 5235 1268 5312; x_wconf 79' lang='lat' dir='ltr'><strong>eligi</strong></span> <span class='ocrx_word' id='word_1_784' title='bbox 1283 5235 1405 5308; x_wconf 87' lang='lat' dir='ltr'><strong>possitie</strong></span> <span class='ocrx_word' id='word_1_785' title='bbox 1419 5234 1682 5311; x_wconf 78' lang='lat' dir='ltr'><strong>consessorem,non</strong></span> <span class='ocrx_word' id='word_1_786' title='bbox 1695 5251 1760 5296; x_wconf 87' lang='lat' dir='ltr'><strong>rere</strong></span> <span class='ocrx_word' id='word_1_787' title='bbox 1773 5242 1806 5293; x_wconf 93' lang='lat' dir='ltr'><strong>ut</strong></span> <span class='ocrx_word' id='word_1_788' title='bbox 1819 5242 1885 5310; x_wconf 81' lang='lat' dir='ltr'><strong>ectu</strong></span> <span class='ocrx_word' id='word_1_789' title='bbox 1898 5231 1997 5292; x_wconf 70' lang='lat' dir='ltr'><strong>conia·</strong></span> 
     </span>
    </p>
   </div>
   <div class='ocr_carea' id='block_1_10' title="bbox 0 0 2150 6214">
    <p class='ocr_par' dir='ltr' id='par_1_11' title="bbox 0 0 2150 6214">
     <span class='ocr_line' id='line_1_56' title="bbox 0 0 2150 6214; baseline 0 0"><span class='ocrx_word' id='word_1_790' title='bbox 0 0 2150 6214; x_wconf 95' lang='lat' dir='ltr'><strong> </strong></span> 
     </span>
    </p>
   </div>
  </div>
 </body>
</html>
