4278 6242
425 311 488 376 ΗΟ
1126 327 1276 378 umam

385 455 428 514 rel
447 454 575 513 meuriss
596 456 746 514 necessitas
765 461 859 528 cogat.
875 456 954 512 luvet
972 454 1054 512 stiam
1075 450 1110 510 ad
1130 452 1183 510 hoc
1219 451 1310 526 nibus,
1332 452 1526 527 matrimoniis,
1547 460 1577 512 at
1596 453 1812 527 professionibus
1831 456 2037 529 peccaminosa

384 545 507 604 secundo
527 545 747 603 confirmandum
770 545 866 619 regula
886 547 938 616 ib,
964 545 989 602 in
1011 548 1044 602 6:
1070 545 1186 624 Contra
1220 543 1310 600 lactis.
1326 549 1367 602 bn
1392 560 1457 603 uero
1471 544 1607 602 interdum
1621 545 1724 602 malitia
1737 551 1817 603 actus
1836 546 1970 619 impediat
1985 562 2041 602 sa·

384 651 464 696 cum,
483 637 535 708 qui
549 634 641 708 lepem
655 633 753 692 dicem
764 637 862 709 potuit
875 637 1019 710 apertius,
1038 637 1081 690 est
1093 636 1186 690 iuter·
1220 634 1308 694 iorem
1321 636 1393 710 eius,
1404 651 1438 694 ex
1453 635 1589 708 capitibus
1604 636 1780 710 sequentibus
1795 637 1944 696 constabit.

379 727 513 797 preterito
528 722 695 797 sumendu-
722 741 792 798 quae
812 727 900 782 intrari
915 725 995 781 etiam
1010 725 1036 780 in
1050 723 1186 796 praesenti

384 821 476 888 potest
490 830 523 872 es
541 815 637 889 regula
653 819 699 872 30:
716 819 754 873 Iu
766 815 898 872 obscuris
912 816 1074 871 astutorum
1087 816 1130 870 cst
1143 827 1187 869 se-
1476 837 1618 910 CAPUT
1641 840 1763 912 XXVI·

384 902 543 996 queqdum.
560 907 590 962 ln
609 907 746 977 praesenti
764 907 834 962 enirn
850 920 902 961 non
918 910 961 962 est
973 902 1106 986 dubium,
1119 903 1186 975 quin

384 994 520 1067 potuisset
540 994 678 1068 legislator
698 995 852 1068 exprimere
875 994 977 1052 clarius
992 993 1184 1063 irritationem,

385 1084 406 1140 si
419 1099 478 1141 cam
493 1084 660 1155 intendebam
675 1085 770 1143 debuit
784 1101 850 1159 ergo
864 1084 891 1142 id
905 1084 1081 1157 lucere,quis
1095 1083 1185 1140 solum

385 1176 498 1232 verbum
518 1175 709 1249 prohibitionis
729 1175 763 1234 ad
785 1177 927 1234 minimum
946 1182 991 1232 est
1012 1174 1184 1246 ambiguum,

384 1279 452 1337 ergo
473 1267 496 1321 si
516 1264 543 1321 id
564 1281 619 1322 non
640 1264 720 1338 iecit,
737 1267 834 1324 merito
848 1267 1073 1337 interpretamur,
1091 1261 1116 1318 id
1132 1278 1186 1319 non

385 1353 555 1425 intendisse,
583 1360 612 1412 ct
632 1356 774 1412 minimum
795 1357 959 1429 sequimur,
985 1350 1126 1410 tribuendo
1150 1351 1187 1408 illi

385 1440 1186 1522 legiminimumelicctum,quemesvitalisrerbibabere
1223 1505 1326 1556 ΠΗ
1397 1506 1428 1556 od
1552 1507 1569 1556 b
1637 1509 1642 1520 ,
1756 1510 1800 1522 ,,
1845 1511 1851 1522 ,
1987 1512 1993 1524 ,

384 1541 488 1606 potest.
507 1535 666 1592 Corrdrmari
686 1535 738 1591 boc
760 1538 842 1593 etiam
856 1539 962 1606 potest,
979 1534 1045 1606 quia
1058 1529 1186 1603 irritatio,
1242 1519 1361 1638 'pffcl'neess
1372 1509 2038 1642 ¹120ssssde2³¹b⁰Jgffi⁸ssggffggg¹efflugffis

385 1637 456 1696 (lm
482 1630 595 1695 propter
618 1624 706 1697 legem
729 1625 856 1682 li⁰¹⁸l⁸ffl
881 1624 1035 1680 lflsslll‘flfflf
1044 1663 1051 1694 r
1067 1620 1188 1693 l⁰⁸⁰³¹i⁸
1258 1647 1413 1697 irritationis
1426 1647 1613 1710 poenalis—3.
1628 1649 1757 1711 Quomodo
1767 1650 1901 1703 inducitur
1913 1653 2038 1704 irritatio

384 1720 441 1784 est,
467 1727 553 1786 poena
572 1720 663 1770 nutem
681 1729 735 1771 non
748 1715 902 1771 incurritur
916 1715 976 1785 ipso
990 1711 1078 1783 iacto,
1095 1711 1147 1788 nisi
1161 1709 1186 1766 in
1258 1729 1308 1766 non
1323 1716 1446 1780 poenalis.

385 1800 445 1874 lege
463 1802 650 1876 exprimetur,
669 1819 737 1877 ergo
751 1819 802 1861 nec
816 1803 944 1860 irritatio.
959 1803 1047 1872 Num,
1063 1807 1095 1858 ut
1110 1805 1187 1857 recte
1681 1849 1684 1856 .

385 1890 453 1949 dixit
472 1893 613 1949 innocent.
628 1893 656 1948 in
670 1907 733 1964 cap.
750 1895 785 1951 Si
798 1909 873 1959 uere,
891 1892 925 1950 de
939 1896 1056 1948 sentent.
1073 1905 1185 1947 exeom-
1264 1885 1467 1961 utnusquam
1487 1887 1521 1946 ad
1541 1889 1583 1945 ius
1598 1889 1743 1961 positivum
1764 1890 1963 1952 declarandum
1983 1910 2036 1952 ac·

385 1997 462 2044 mun.
481 1997 509 2038 n.
527 1987 556 2055 2,
571 1997 625 2039 non
644 1988 687 2040 est
704 1983 837 2042 naturalis
857 1998 944 2054 poena
965 1981 1185 2039 contrabentium
1222 1977 1367 2048 cedamus,
1381 1985 1491 2050 oportet
1503 1994 1652 2052 exponere,
1665 1979 1730 2052 quid
1744 1983 1781 2038 sit
1793 1984 1986 2040 necessarium
1999 2001 2037 2042 ex

385 2077 484 2130 contra
501 2072 654 2147 legem,vel
669 2080 765 2130 contra
780 2072 938 2131 mandatum
953 2071 1186 2143 principis,utir·
1222 2074 1321 2125 natura
1347 2069 1384 2124 rei
1412 2067 1484 2124 ultra
1508 2069 1732 2143 prohibitionem,
1756 2079 1788 2129 ut
1812 2071 1856 2130 lex
1881 2072 2036 2145 prohibens

386 2161 469 2218 ritum
490 2165 527 2219 sit
548 2162 652 2221 lectum
671 2170 767 2221 contra
781 2166 836 2220 ius.
849 2164 929 2232 Quod
945 2163 1118 2218 verissimum
1133 2165 1186 2231 est,
1222 2163 1327 2228 actum,
1344 2157 1522 2215 irritandum
1537 2160 1610 2216 enirn
1624 2159 1730 2217 dietum
1744 2161 1790 2228 sit,
1807 2160 1898 2218 solum
1912 2163 2036 2221 verbum

386 2250 518 2326 quidquid
538 2254 604 2310 llec.
620 2260 647 2310 ct
660 2253 735 2310 Bald.
753 2269 836 2326 supra
849 2254 923 2311 citati
937 2252 1109 2325 dicunt3tum
1122 2250 1187 2322 quia
1221 2245 1382 2320 prohibendi
1406 2263 1459 2304 non
1482 2247 1630 2317 sulllcere,
1650 2257 1760 2322 oportet
1780 2265 1938 2324 exponere,
1960 2270 2036 2326 quae

386 2339 461 2397 nulla
481 2342 548 2398 natio
567 2342 628 2399 talis
643 2343 879 2401 connaturalitatis
895 2343 975 2400 huius
990 2355 1092 2414 poenae
1107 2338 1183 2396 reddi
1224 2338 1306 2395 rerba
1325 2337 1391 2408 legis
1412 2337 1564 2412 sufficiant,
1581 2345 1612 2398 ut
1632 2355 1680 2412 per
1694 2355 1727 2398 aa
1746 2341 1900 2422 explicetur
1912 2343 2036 2401 irritatio

386 2436 485 2502 potest,
499 2437 557 2488 tum
573 2434 666 2504 etiam,
679 2434 742 2506 quia
757 2433 798 2490 lex
813 2432 943 2490 naturalis
958 2431 1046 2490 multa
1061 2429 1187 2503 prohibet
1223 2434 1303 2486 actus
1322 2426 1463 2499 prohibiti:
1476 2434 1505 2484 ct
1517 2444 1570 2484 non
1585 2429 1693 2502 agimus
1703 2429 1737 2486 de
1753 2430 1935 2502 prohibitione
1950 2439 2036 2490 actus

384 2520 455 2592 fieri,
478 2537 549 2593 quae
570 2537 624 2578 non
639 2523 745 2595 irritat3
769 2523 823 2581 imo
839 2531 869 2582 ut
883 2523 986 2594 inritet,
1003 2536 1115 2578 necesse
1130 2527 1183 2592 est,
1223 2523 1336 2588 propter
1358 2515 1499 2574 delectum
1512 2516 1633 2587 formae,
1649 2519 1683 2576 de
1704 2519 1755 2578 hac
1769 2521 1840 2577 enim
1861 2521 1992 2579 dicemus
2006 2525 2035 2578 in

386 2616 418 2667 ut
431 2613 544 2668 materia
560 2619 653 2686 cogat,
667 2619 698 2669 ut
713 2628 796 2684 supra
810 2615 898 2671 visum
912 2619 966 2682 est3
978 2628 1045 2684 ergo
1059 2610 1132 2668 idern
1147 2609 1188 2667 di·
1221 2607 1310 2677 capite
1331 2607 1473 2678 sequenti,
1489 2607 1537 2664 scd
1551 2607 1585 2665 de
1606 2609 1755 2666 irritatione
1769 2617 1850 2668 uetus
1870 2611 2036 2684 simpliciter

385 2699 585 2758 ceredebemus
597 2700 631 2758 de
647 2700 707 2776 lege
719 2703 870 2774 positivaer
883 2701 1028 2759 naturarei
1038 2699 1186 2774 loquendo.
1222 2693 1363 2768 prohibiti.
1384 2696 1424 2752 nd
1439 2696 1491 2752 boe
1506 2711 1572 2770 ergo
1587 2698 1791 2770 explicandum,
1807 2715 1922 2757 neeesse
1937 2710 1982 2759 est
1994 2701 2035 2759 di·

424 2791 518 2863 Neque
529 2798 624 2848 contra
635 2793 829 2849 resolutionem
840 2790 1132 2864 bancproceditprimc
1144 2805 1188 2845 re·
1222 2787 1364 2859 stinguere
1382 2788 1453 2842 inter
1467 2788 1650 2845 irritationem
1664 2789 1808 2861 poenalem
1818 2796 1847 2848 et
1859 2807 1915 2849 non
1931 2807 2037 2865 poena-

385 2880 422 2936 tio
437 2879 577 2938 dubitandi
591 2883 616 2936 in
637 2883 769 2954 principio
785 2883 888 2954 posita,
904 2882 968 2955 quia
985 2887 1042 2938 tota
1056 2879 1187 2937 tundatur
1223 2877 1288 2948 lem,
1301 2877 1349 2934 sed
1369 2893 1461 2949 per-se
1476 2878 1608 2935 intentam
1625 2887 1737 2952 propter
1747 2881 1850 2938 bonum
1866 2897 2033 2940 commune.

386 2970 411 3024 in
426 2971 485 3026 iure
504 2971 630 3043 positivo,
642 2971 676 3028 de
690 2988 746 3045 quo
761 2978 856 3044 postea
870 2970 1018 3028 dicendum
1031 2969 1133 3027 estbd
1149 2969 1188 3025 in·
1222 2968 1346 3040 itemque
1372 2969 1399 3023 in
1421 2968 1524 3039 poenali
1545 2967 1766 3043 distinguendum
1786 2977 1830 3028 est
1849 2971 1923 3028 inter
1944 2971 2032 3046 illam,

384 3059 543 3118 ductionem
566 3068 676 3134 autem,
692 3077 763 3136 quae
777 3063 806 3120 iit
825 3065 853 3118 in
869 3060 991 3119 secundo
1013 3065 1186 3132 argumento,
1221 3072 1294 3130 quae
1312 3065 1356 3114 est
1375 3065 1483 3116 tantum
1496 3057 1626 3130 terenda,
1641 3061 1706 3132 qula
1721 3062 1810 3117 sotum
1824 3062 1882 3118 lieri
1896 3064 2034 3135 praecipi-

385 3151 486 3222 patebit
505 3153 647 3222 responsio
660 3167 693 3208 ex
713 3151 822 3209 duobus
841 3151 977 3224 capitibus
996 3149 1185 3223 sequentibus.
1223 3156 1321 3218 tur,et
1335 3164 1406 3221 quae
1425 3149 1483 3220 ipro
1498 3149 1571 3206 lacto
1586 3149 1831 3222 imponitur.Circu
1845 3151 2032 3210 irritationem

385 3239 425 3296 nd
445 3242 577 3297 rationem
594 3256 659 3297 sero
682 3243 762 3297 tertio
777 3241 839 3298 luco
859 3241 1026 3313 propositum
1040 3238 1188 3311 responde·
1220 3253 1288 3310 ergo
1302 3243 1409 3294 tanturn
1421 3237 1561 3294 terendam
1573 3239 1598 3294 in
1610 3254 1737 3310 poenam,
1749 3241 1813 3297 nibil
1827 3241 1884 3300 iere
1896 3246 1961 3300 nori
1974 3251 2032 3314 est,

386 3334 443 3399 tur,
457 3328 625 3387 voluntatem
640 3331 775 3387 interioris
791 3348 843 3387 non
859 3329 1015 3402 praevalere
1026 3336 1124 3386 contra
1139 3347 1187 3388 ro·
1222 3327 1297 3402 quod
1313 3327 1446 3384 dicamus.
1459 3329 1526 3396 Quia
1541 3328 1602 3384 talis
1617 3329 1731 3387 irritatio
1746 3331 1821 3388 nulio
1837 3334 1920 3392 modo
1935 3337 2033 3392 stetim

385 3418 515 3477 luntatcm
530 3423 679 3493 superioris
690 3422 717 3477 in
736 3436 780 3492 eo,
791 3422 817 3477 in
832 3437 888 3494 quo
899 3420 937 3477 iili
953 3421 1067 3490 resistit,
1079 3418 1127 3476 sed
1140 3437 1185 3477 so·
1221 3419 1250 3474 iit
1268 3433 1315 3488 per
1331 3418 1437 3491 legem,
1453 3416 1500 3473 sed
1516 3432 1564 3488 per
1579 3417 1697 3476 iudicem
1710 3420 1766 3476 deri
1780 3420 1878 3494 debet,
1894 3430 1922 3480 et
1935 3439 1986 3496 per
2002 3441 2034 3480 se

384 3508 442 3566 lum
456 3510 481 3567 in
496 3526 545 3581 eo,
561 3511 587 3567 in
601 3527 657 3583 quo
672 3512 798 3582 superior
812 3525 865 3567 non
885 3511 1000 3568 resistit.
1015 3512 1049 3568 Ut
1068 3511 1095 3566 in
1110 3524 1188 3582 prue-
1221 3505 1357 3579 loquendo
1382 3506 1472 3584 sotum
1493 3507 1522 3562 tit
1543 3521 1559 3562 a
1580 3513 1702 3580 tempore
1721 3512 1872 3568 sententiae
1893 3510 1980 3582 latae3
2003 3521 2034 3570 et

386 3601 473 3672 senti,
490 3601 553 3674 quin
570 3603 697 3672 superior
711 3599 838 3672 probibet
851 3608 963 3670 actum,
980 3615 1033 3658 nou
1047 3606 1138 3672 potest
1151 3599 1188 3656 illi
1221 3603 1288 3655 tunc
1316 3613 1372 3653 non
1400 3602 1586 3653 retractantur
1613 3599 1774 3672 praeterita,
1804 3600 1853 3656 nisi
1881 3601 2032 3674 speciatam

386 3687 514 3746 subditus
529 3691 663 3754 resistere,
686 3691 750 3762 quin
766 3697 874 3763 peccet,
885 3696 913 3746 et
926 3690 1053 3748 similiter
1067 3692 1090 3745 si
1105 3705 1187 3761 supe·
1221 3689 1379 3744 iniustitiam
1395 3687 1564 3755 contineant,
1581 3695 1629 3744 aut
1642 3686 1772 3746 delictum
1788 3688 1900 3762 aliquod
1913 3690 2033 3763 dignum

386 3779 442 3834 rior
454 3779 575 3836 irritaret
589 3787 695 3849 actum,
708 3796 761 3835 non
781 3786 874 3851 posset
886 3779 995 3835 interior
1005 3778 1084 3835 illum
1098 3777 1187 3835 valida
1222 3777 1316 3833 maiori
1332 3791 1432 3848 poena,
1448 3775 1491 3844 vel
1506 3775 1558 3831 nisi
1574 3776 1614 3833 les
1630 3776 1714 3835 addat
1726 3779 1890 3850 particulam
1905 3781 2034 3853 ipsusu·

385 3867 505 3924 ellioere.
518 3869 617 3926 Tamen
634 3869 697 3941 quia
712 3885 760 3942 per
775 3869 861 3941 legem
874 3883 942 3940 pure
957 3867 1143 3940 prohibentem
1154 3883 1187 3925 ex
1221 3871 1276 3923 cto.
1290 3866 1358 3934 Quia
1373 3864 1430 3920 sine
1444 3863 1489 3921 iila
1502 3863 1544 3920 les
1557 3881 1610 3921 non
1625 3865 1728 3940 obligat
1739 3866 1772 3923 ad
1786 3869 2031 3928 retrotrahendam

386 3963 483 4014 natum
511 3959 550 4015 rei
575 3959 700 4029 superior
725 3960 830 4015 resistit
856 3958 993 4015 honestati
1017 3964 1045 4014 et
1071 3957 1187 4014 libertati
1221 3956 1400 4023 sententiam,
1419 3967 1467 4026 per
1482 3969 1566 4026 quum
1581 3961 1662 4011 actus
1676 3955 1810 4014 irritatur.
1827 3957 1900 4014 ntiae
1914 3958 1957 4014 lex
1977 3959 2028 4015 irn-

386 4053 482 4118 actus,
498 4064 550 4104 non
566 4055 655 4105 tamen
674 4047 778 4121 veloci,
793 4047 855 4105 ideo
869 4037 937 4106 licct'
946 4054 1025 4105 actus
1040 4045 1110 4104 male
1125 4048 1181 4118 liat,
1222 4061 1324 4118 ponens
1335 4046 1394 4116 ipso
1407 4044 1480 4101 lucto
1502 4045 1681 4102 irritationem
1693 4047 1844 4117 poenalem,
1866 4049 1932 4106 nihil
1943 4049 2028 4106 adde·

386 4137 492 4194 validus
512 4144 565 4193 est.
579 4139 646 4205 Quia
665 4143 696 4194 ut
715 4145 795 4194 actus
809 4137 912 4205 valeat,
928 4153 981 4194 non
996 4143 1040 4194 est
1060 4141 1188 4194 necessa·
1220 4144 1263 4194 ret
1278 4138 1348 4196 ultra
1363 4135 1448 4206 illam,
1461 4149 1531 4208 quac
1546 4134 1636 4192 solum
1652 4137 1783 4209 praecipit
1793 4138 1902 4196 irritare
1916 4147 2026 4211 actum,

386 4229 475 4300 rium,
491 4243 539 4300 per
559 4243 588 4284 se
609 4226 761 4302 loquendo,
779 4233 810 4284 ut
830 4227 978 4301 superioris
998 4227 1125 4284 voluntas
1147 4227 1187 4283 vel
1221 4227 1295 4302 quod
1310 4225 1453 4298 verisimile
1468 4231 1589 4282 nonest.
1602 4226 1689 4299 igitur
1704 4227 1767 4284 tulis
1782 4227 1824 4286 lex
1838 4229 1943 4286 nullam
1958 4230 2031 4288 obli·

387 4316 537 4374 bumanum
554 4319 598 4374 ius
612 4319 698 4388 iuvet,
711 4317 753 4374 vel
768 4318 879 4375 assistat
891 4318 929 4374 illi
944 4317 1069 4389 positive,
1083 4315 1130 4372 scd
1145 4333 1188 4382 sa·
1222 4321 1358 4392 gailonem
1370 4318 1397 4373 iu
1412 4315 1579 4373 conscicntia
1590 4315 1696 4375 inducit
1712 4317 1844 4392 usquead
1859 4321 2025 4379 sententiata

387 4409 422 4463 tis
441 4412 498 4476 est,
514 4407 589 4480 quod
609 4423 663 4464 non
682 4408 792 4464 resistat
811 4406 952 4464 irritando.
974 4407 1042 4474 Quia
1060 4406 1187 4464 voluntas
1222 4409 1303 4465 lutum
1315 4413 1364 4482 ,et
1381 4412 1446 4462 tunc
1460 4403 1555 4462 eadem
1569 4411 1614 4462 est
1627 4409 1697 4464 ratio
1711 4407 1744 4464 de
1758 4407 1819 4479 illu,
1834 4423 1906 4480 quae
1919 4409 1953 4466 de
1968 4409 2029 4466 aliis

386 4499 505 4554 humana
516 4513 548 4554 er
562 4499 749 4555 iure'naturac
767 4497 848 4554 babet
861 4497 932 4553 banc
944 4503 1106 4568 potestatem
1121 4513 1189 4553 con·
1222 4496 1381 4569 poenalibus
1401 4494 1516 4568 legibus.
1531 4493 1645 4562 Qtrundo
1659 4511 1724 4553 vero
1745 4497 1813 4558 baso
1829 4513 1917 4570 poena
1937 4501 2026 4571 impo-

387 4586 525 4658 trabcndi,
541 4587 676 4657 donandi,
693 4594 722 4644 et
736 4587 787 4644 alia
800 4587 896 4644 similia
911 4586 1038 4654 faciendi,
1055 4587 1187 4660 quamdiu
1222 4587 1295 4644 nitur
1310 4587 1368 4657 ipso
1390 4585 1475 4654 iacto,
1490 4583 1592 4656 duplici
1614 4583 1696 4642 modo
1717 4602 1802 4658 supra
1822 4587 1958 4645 insinuato
1977 4591 2029 4646 im·

386 4692 435 4747 per
451 4676 621 4748 superiorem
635 4679 694 4734 eius
711 4676 827 4734 incultas
842 4693 894 4734 non
909 4683 953 4733 est
966 4676 1067 4749 ablato,
1084 4677 1125 4732 vel
1141 4678 1189 4734 im-
1222 4676 1285 4752 poni
1299 4681 1406 4748 potest,
1422 4674 1545 4746 scilicet,
1561 4674 1603 4734 val
1622 4674 1659 4732 ita
1673 4681 1705 4732 ut
1722 4678 1881 4749 requiretur
1895 4681 2028 4739 sententia

387 4764 493 4837 pedite,
514 4765 596 4823 etiem
616 4766 707 4838 quoad
730 4767 817 4837 ipsam
839 4773 1002 4838 potestatem
1022 4772 1050 4822 et
1068 4766 1188 4824 valorem
1222 4765 1331 4834 iudicis,
1346 4763 1506 4837 priusquam
1521 4765 1548 4818 in
1562 4763 1663 4820 ellectu
1678 4771 1759 4821 actus
1774 4767 1808 4822 sit
1822 4766 1927 4841 nullus,
1943 4772 2028 4828 etiam

387 4863 478 4912 actus.
494 4856 529 4911 Et
549 4856 608 4912 ideo
629 4872 683 4911 non
708 4857 812 4928 obstat,
834 4858 909 4928 quod
929 4863 1010 4913 actus
1030 4856 1118 4913 malus
1140 4858 1186 4929 sit3
1222 4853 1316 4932 quoad
1329 4852 1480 4910 naturalem
1492 4853 1690 4926 obligationem,
1702 4854 1745 4913 vel
1761 4855 1797 4912 ita
1809 4863 1839 4912 ut
1852 4859 1946 4915 statim
1962 4867 2027 4918 ante

385 4960 447 5001 nem
463 4951 623 5016 peractum
643 4947 744 5003 malurn
763 4953 880 5018 possunt
894 4947 995 5002 similes
1008 4947 1124 5005 allectus
1143 4962 1189 5002 ra·
1223 4945 1383 5002 seutentiam
1402 4943 1437 5000 sit
1454 4944 1483 4999 in
1498 4958 1528 5001 se
1545 4945 1655 5000 omnino
1673 4945 1777 5002 irritus.
1794 4947 1830 5005 tit
1848 4947 1959 5020 quidem
1981 4952 2028 5010 hic

386 5032 438 5090 lide
453 5034 525 5105 lieri,
542 5041 573 5092 ut
586 5050 635 5106 per
652 5051 681 5092 se
695 5042 823 5108 constat,
839 5037 893 5094 imo
907 5051 987 5109 saepe
1004 5037 1060 5107 ius,
1075 5044 1103 5094 et
1116 5039 1189 5094 Deus
1224 5035 1359 5111 posterior
1371 5032 1470 5090 modus
1485 5033 1655 5106 frequentius
1671 5035 1789 5094 traditur
1800 5037 1833 5094 ab
1848 5042 2026 5114 auctoribus,

386 5124 443 5196 ipse
457 5125 561 5183 assistit
579 5127 653 5184 actui
674 5125 765 5199 quoad
786 5126 906 5184 valorem
919 5133 948 5184 et
969 5127 1097 5184 ellectum
1117 5127 1187 5198 eius,
1222 5133 1311 5183 tanmn
1322 5121 1401 5198 ¹quud
1415 5123 1492 5195 prior
1505 5124 1540 5180 sit
1555 5125 1635 5180 etiam
1650 5140 1744 5197 verus,
1759 5133 1788 5183 et
1801 5128 1917 5186 masinae
1932 5131 2029 5188 obser-

387 5214 452 5272 licet
461 5228 514 5271 non
525 5217 636 5275 assistat
651 5215 776 5288 malitiae,
790 5217 863 5274 sicut
877 5222 951 5289 patet
960 5217 988 5274 in
1001 5219 1186 5275 consecratio·
1224 5212 1529 5288 nundus,satisuidetur
1539 5213 1564 5270 in
1576 5216 1766 5287 superioribus
1776 5217 1936 5294 probatum,
1946 5223 2028 5297 idque

1245 1033 1359 1111 Quibus
1372 1033 1465 1092 uerbis
1478 1039 1534 1093 cut
1547 1033 1643 1093 orodis
1658 1035 1708 1094 leo:
1719 1037 2012 1114 prohibuissemus,

1520 1127 1617 1182 irritet
1630 1124 1727 1184 illum.

1492 1317 1761 1384 Summemnm
