4278 6242
1672 293 1714 354 93

123 434 175 490 dem
194 431 299 503 speum,
325 431 390 504 qula
414 435 526 502 potest,
547 435 575 488 et
587 444 621 487 ex
636 428 694 486 sola
709 443 759 486 sua
773 426 914 484 uoluntate
948 427 1190 500 commutetiuam,
1204 433 1236 485 ut
1247 433 1290 485 est
1300 427 1453 500 probabile.
1466 426 1543 487 Unde
1557 429 1579 486 si
1594 430 1748 504 contingat,

124 521 222 596 pudet,
243 535 307 577 nem
329 518 461 576 damnum
476 518 583 576 illatum
600 517 650 575 luit
663 519 772 590 privare
787 521 910 572 actorem
950 517 1064 586 actum,
1080 518 1128 589 qui
1143 515 1290 574 irritandus
1303 524 1356 590 eet,
1372 517 1462 575 solum
1477 519 1556 576 titulo
1570 534 1674 591 poenae
1687 535 1749 578 esse

123 612 198 667 debita
215 611 367 666 irritatione
387 614 566 672 contractus,
584 614 613 664 et
630 606 700 664 hanc
716 609 807 677 potest
822 603 913 660 iecere
949 604 1125 678 irritandum,
1142 613 1170 664 el
1184 623 1236 662 non
1252 612 1365 679 propter
1380 607 1498 680 speciale
1512 610 1567 679 ius,
1579 608 1654 682 qnod
1669 614 1748 664 actor

123 717 176 758 reus
192 715 240 755 sua
256 697 419 769 uoluntate,
435 712 503 771 ergo
517 703 628 754 tenetur
641 696 715 754 illum
729 695 830 752 lacere.
949 695 1025 766 prins
1048 693 1162 752 haberet
1180 696 1206 753 iu
1223 711 1291 767 rem,
1307 711 1378 768 quae
1392 712 1440 769 per
1454 696 1535 753 talem
1550 707 1644 754 actum
1660 696 1712 754 luit
1725 698 1751 752 in

154 792 178 845 in
199 787 368 843 contrarium
392 802 458 843 uero
483 787 565 843 obiici
585 792 692 858 potest,
710 785 775 857 quia
789 784 855 840 haec
869 788 913 838 est
951 783 1034 840 elium
1055 785 1205 858 translata,
1227 784 1276 842 sed
1295 785 1385 841 selum
1399 785 1464 858 quie
1478 785 1605 853 intendit,
1621 791 1652 842 ut
1666 800 1752 856 poena

124 875 240 951 quiedam
260 889 365 945 poena:
393 879 421 932 nt
443 890 510 930 uero
533 875 627 932 nullus
648 865 863 946 rsus'obtigmur
877 870 913 928 ad
949 871 987 928 illi
1008 872 1179 946 applicetur,
1201 873 1265 945 quin
1285 872 1359 930 cedit
1373 875 1399 930 iu
1413 875 1472 930 eius
1488 873 1647 930 utilitatem:
1663 875 1691 930 in
1705 874 1753 929 tuli

124 963 302 1024 restituendam
317 955 461 1035 'menam
484 963 519 1020 ad
534 979 618 1036 quam
632 960 857 1020 condemnandus
871 976 915 1018 es-
951 975 1023 1018 casu
1034 978 1089 1018 non
1104 969 1147 1019 est
1160 962 1435 1036 improbabile,reum
1451 978 1505 1020 non
1521 963 1607 1021 teucri
1623 962 1657 1019 ad
1671 963 1751 1020 resti·

125 1063 158 1112 set
169 1053 314 1111 meandum
330 1053 438 1127 legem,
456 1056 478 1110 ei
491 1054 525 1112 de
538 1055 611 1112 iacto
625 1071 681 1113 nou
696 1055 907 1127 condemnatur,
951 1052 1213 1123 tutionem,etiamsi
1229 1067 1277 1124 per
1292 1051 1383 1124 iniqua
1393 1049 1481 1108 media
1495 1067 1524 1108 se
1533 1051 1751 1118 defendentium

126 1147 213 1203 etiamsi
231 1159 280 1217 per
299 1145 428 1216 iniquam
447 1151 478 1201 et
497 1145 626 1202 iniustam
647 1145 909 1218 tergiversationem,
949 1147 1016 1197 tunc
1032 1156 1084 1197 non
1101 1141 1199 1211 peccat
1212 1147 1310 1200 contre
1324 1141 1456 1198 iustitiam
1469 1142 1751 1198 commutetisnmce·

126 1234 159 1290 rel
170 1234 399 1304 subornationem,
416 1232 669 1292 condemnationem
690 1233 915 1306 impediverit.Ut
948 1236 1046 1302 spectu
1068 1231 1165 1302 privati
1187 1231 1304 1298 actoris,
1327 1228 1376 1287 sed
1389 1229 1486 1318 ⁶solum
1505 1237 1603 1287 contra
1618 1230 1750 1286 iustitiam

126 1322 278 1396 probabiliter
295 1329 375 1379 tenet
388 1323 506 1379 Nauerr.
524 1338 587 1394 cup.
607 1327 651 1392 ta,
667 1338 695 1378 a.
711 1326 759 1392 te,
771 1337 853 1395 quem
868 1337 910 1378 se·
948 1318 1064 1390 legalem
1086 1326 1217 1390 respectu
1238 1322 1392 1376 communis
1414 1321 1493 1392 boni,
1516 1319 1558 1376 uel
1572 1324 1671 1376 uonna
1684 1319 1749 1376 obe·

127 1413 203 1485 quitur
215 1411 295 1482 lasq.
310 1413 340 1466 in
357 1425 487 1481 praesen.
505 1412 577 1483 disp.
598 1415 668 1484 tie,
688 1428 716 1468 c.
731 1417 759 1470 2.
777 1414 850 1485 Ergo
865 1427 913 1468 ne·
949 1406 1080 1464 dientiam
1093 1414 1122 1464 et
1134 1407 1276 1478 iustitiam,
1292 1423 1348 1480 qua
1363 1409 1509 1465 tenebatur
1521 1407 1606 1464 iudici
1619 1413 1647 1464 et
1660 1410 1753 1480 reipa-

127 1517 169 1572 qne
187 1500 226 1560 hie
244 1507 355 1556 tenetur
375 1498 412 1555 ad
431 1499 643 1558 rescindendum
659 1509 836 1558 contractum
848 1544 856 1575 ,
870 1509 911 1559 et·
950 1495 1091 1554 blictie.·Ui
1105 1512 1168 1568 v-g.
1185 1499 1208 1553 ei
1222 1496 1284 1568 quie
1298 1497 1334 1554 sil
1347 1503 1516 1554 consecutus
1531 1497 1692 1554 beneficium
1704 1513 1750 1554 vti·

127 1589 187 1644 amsi
199 1587 258 1645 dolo
271 1590 358 1648 evitet
368 1591 626 1648 condemnationem
637 1591 671 1648 ud
681 1588 837 1648 huiusmodi
848 1605 913 1662 poe·
949 1585 1015 1656 lide,
1028 1601 1082 1642 unu
1097 1601 1147 1658 per
1163 1585 1432 1658 resignationem,ucl
1447 1587 1621 1644 donatiouem
1632 1587 1750 1644 alicuius

129 1695 185 1734 nuru.
198 1681 268 1735 ticet
284 1679 331 1735 alii
350 1687 484 1737 auctores
498 1682 668 1737 centrarium
682 1682 830 1752 opinantur
844 1694 911 1736 cum
948 1675 1069 1746 privatae
1083 1689 1228 1746 personae,
1240 1676 1322 1731 cuitus
1336 1683 1415 1733 autea
1428 1676 1590 1733 beneficium
1597 1682 1689 1748 esset,
1702 1675 1751 1734 sed

128 1768 180 1823 soto
191 1767 232 1822 liis.
248 1773 270 1824 t.
284 1766 317 1824 de
333 1769 404 1825 inst.
417 1783 446 1841 q.
457 1772 484 1837 6,
496 1777 549 1825 art.
564 1773 591 1827 u.
599 1769 652 1826 Sed
667 1768 798 1841 quioquid
811 1768 844 1825 ds
858 1767 912 1824 hoc
948 1765 1013 1836 quia
1035 1763 1194 1820 beneficium
1209 1765 1339 1836 secabat,
1354 1771 1383 1821 et
1397 1764 1536 1823 ordinario
1551 1765 1632 1822 modo
1648 1765 1701 1822 luit
1714 1763 1748 1823 ad

128 1857 170 1925 sit,
191 1856 350 1927 pmbabilius
372 1858 440 1914 milui
465 1857 574 1916 videtur
599 1860 780 1930 inpraesenti
795 1865 910 1931 puncto,
948 1851 1016 1909 illud
1029 1853 1150 1923 electus,
1166 1851 1208 1908 sel
1223 1853 1367 1923 provisus,
1383 1869 1449 1910 oum
1463 1854 1556 1928 aliquo
1570 1862 1662 1913 temen
1677 1854 1751 1911 dele·
1831 1869 1835 1876 ’

129 1945 187 2002 lunc
209 1962 281 2002 reum
306 1947 397 2003 teneri
418 1947 446 2003 in
470 1949 640 2005 conscientie
660 1947 694 2004 ad
714 1948 911 2006 rescissionem
949 1951 1009 2011 clu,
1026 1940 1131 1998 talione
1145 1943 1227 1998 cuius
1241 1947 1348 2015 petest,
1370 1949 1399 2000 et
1411 1942 1491 2000 debet
1504 1943 1615 2000 collatio
1631 1945 1749 2016 cassari,

131 2041 267 2091 contractus
281 2035 333 2093 alin
348 2035 514 2093 volentesut
528 2037 562 2094 ad
576 2036 742 2094 reddendam
757 2053 817 2095 rem
830 2036 912 2109 priori
949 2039 1017 2088 tuuc
1041 2029 1105 2087 licet
1122 2030 1189 2087 alius
1207 2032 1337 2102 impetret
1351 2033 1394 2088 lus
1409 2030 1442 2087 ad
1457 2031 1628 2104 beneficium,
1643 2039 1672 2090 et
1685 2038 1749 2105 agat

130 2125 230 2194 domino,
245 2131 414 2196 recuperato
429 2125 528 2196 pretio,
544 2125 586 2182 vel
601 2126 668 2199 quid
682 2127 777 2184 simile.
791 2128 827 2182 lit
840 2126 910 2182 ratio
948 2120 981 2179 ed
997 2120 1174 2178 irritationem
1189 2120 1391 2189 collationis‚et
1403 2136 1548 2192 possessor
1559 2137 1588 2178 se
1599 2123 1689 2194 inique
1699 2121 1747 2178 de-

131 2197 192 2284 prius
202 2212 268 2270 lacte
282 2215 357 2287 apud
373 2231 420 2272 me
435 2216 582 2287 continuit,
592 2232 675 2289 quam
689 2217 742 2273 hoc
757 2216 838 2274 modo
853 2232 910 2273 am·
947 2209 1053 2282 tendat,
1069 2210 1111 2267 uel
1125 2209 1261 2268 deiectum
1275 2210 1408 2292 occultet,
1424 2216 1452 2266 et
1465 2212 1648 2268 irritationem
1663 2209 1749 2267 colla·

132 2300 186 2371 pius
198 2301 405 2374 declaroilam,
415 2303 458 2360 sel
471 2304 516 2361 ille
531 2311 637 2362 tenetur
652 2306 796 2362 restituere
810 2306 913 2379 aliquid
948 2300 1028 2360 tionis
1042 2299 1182 2372 impediat,
1197 2315 1251 2356 non
1266 2299 1374 2356 uidetur
1388 2301 1473 2358 maest
1487 2299 1513 2356 ia
1527 2303 1700 2358 conscientia
1714 2299 1749 2358 ad

133 2389 199 2445 eumn
217 2392 242 2446 in
259 2390 305 2449 illo
318 2408 409 2467 cusu,
424 2393 467 2449 sel
483 2409 553 2465 non,
570 2394 622 2450 hoe
636 2394 792 2452 secuudum
806 2395 913 2452 uidetur
948 2389 1160 2463 relinquendum
1173 2389 1346 2461 beneticium,
1362 2389 1494 2462 quianon
1509 2389 1576 2446 lecit
1589 2389 1666 2447 citeri
1679 2391 1750 2447 iniu-

133 2479 274 2548 iucrediluile,
291 2483 355 2555 quia
370 2483 453 2555 plane
467 2484 571 2556 irrogat
585 2483 621 2540 illi
634 2484 772 2556 iniuriam,
785 2473 851 2540 cum
864 2498 913 2555 per
947 2481 1064 2550 stillam,
1079 2478 1233 2562 sed-sulum
1246 2479 1303 2551 egit
1316 2476 1349 2534 ad
1364 2481 1570 2536 excusationem
1586 2493 1700 2552 poenae,
1716 2479 1751 2538 ad

132 2566 202 2622 nediu
218 2569 304 2643 mmor
322 2571 408 2629 illum
427 2572 556 2644 impediat
576 2589 593 2630 e
610 2575 808 2632 consecatione
827 2574 909 2645 iuris,
947 2584 1031 2642 quam
1050 2568 1121 2626 alter
1134 2583 1188 2624 non
1204 2567 1286 2624 hebet
1298 2567 1415 2638 speciale
1429 2566 1472 2624 ius
1486 2567 1608 2624 iustitiae
1622 2583 1750 2625 commu·

134 2656 192 2728 quod
202 2673 245 2728 per
257 2658 329 2732 leges
342 2661 387 2717 illi
401 2664 542 2733 competit.
554 2663 623 2719 item
636 2664 658 2718 si
672 2662 758 2719 luleus
772 2665 851 2720 testis
864 2677 913 2736 per
948 2658 1058 2724 tutisae,
1068 2657 1133 2730 quia
1147 2672 1202 2713 nou
1216 2661 1327 2727 propter
1342 2655 1414 2712 illius
1428 2656 1606 2713 commodum
1622 2657 1750 2728 imposita

133 2743 230 2818 ianuam
243 2747 437 2822 deceptionem
447 2750 525 2808 illum
536 2751 676 2824 impediat,
684 2752 822 2809 tenebitur
832 2754 857 2809 ei
868 2767 913 2808 sa·
947 2753 1000 2818 cst,
1017 2743 1066 2802 sed
1080 2751 1187 2802 tuntum
1203 2750 1314 2816 propter
1329 2738 1541 2800 vindicationem
1556 2744 1661 2816 delicti,
1676 2756 1749 2818 quae

135 2835 248 2908 micare,
268 2852 333 2910 ergo
356 2846 390 2896 ot
411 2843 492 2896 actor
506 2845 624 2896 tenetur.
635 2840 714 2908 Quod
728 2842 752 2896 si
765 2841 913 2899 restituere
947 2834 983 2893 ad
996 2835 1126 2892 iustitiam
1140 2833 1268 2907 legalem,
1284 2847 1333 2890 seu
1347 2832 1412 2890 boni
1426 2835 1583 2892 communis
1599 2840 1718 2906 spectat.

848 301 953 354 carun
967 303 1055 365 xxia.

134 2930 228 2996 tuetur,
239 2927 360 2997 proiecto
379 2927 461 2984 debet
474 2928 501 2984 in
516 2929 626 3001 propria
641 2931 733 3002 specie
746 2929 815 2988 illud
830 2932 911 2987 resti·

134 3015 275 3086 tuere,quod
291 3019 397 3074 iniusta
412 3017 792 3106 impedisinquandoquidem
806 3025 910 3092 potest.

135 3103 187 3158 dam
198 3105 239 3160 uisi
256 3105 397 3165 restitutio
411 3106 562 3178 inproprie
573 3108 664 3180 specie
677 3109 733 3164 ieri
745 3113 912 3181 potest,non

136 3189 199 3248 iulet
209 3193 294 3252 locum
311 3197 536 3269 recompensatio
547 3213 599 3270 pro
610 3197 753 3255 uoluntate
766 3198 912 3272 debitoris,

136 3282 185 3350 pua
201 3281 262 3340 alter
278 3283 359 3342 habet
379 3287 427 3342 ius
440 3286 467 3342 la
482 3301 562 3343 suam
576 3302 635 3344 rem
650 3287 797 3360 propriam.
812 3288 870 3344 imo
885 3303 932 3398 un·

136 3375 244 3439 pussant
253 3389 317 3431 casu
333 3390 402 3432 com
415 3377 506 3449 agitur
515 3376 549 3433 de
562 3378 726 3434 rescissione
737 3383 910 3451 contractus,

137 3459 254 3532 praecipue
267 3463 374 3521 ridetur
390 3465 495 3524 intenta
507 3467 683 3539 recuperatio
694 3467 733 3523 rei
744 3467 870 3540 propriae
885 3467 911 3523 in

136 3551 224 3620 propria
236 3555 340 3626 specle,
355 3569 437 3628 ergo.

163 3639 261 3711 Propter
280 3643 417 3700 maenam
436 3659 503 3701 vero
524 3647 551 3702 in
572 3645 743 3703 communium
763 3645 864 3703 iactam
879 3645 911 3702 li·

137 3728 188 3783 mito
204 3727 268 3787 iane
288 3735 472 3804 mutantium,
493 3741 526 3790 ut
538 3733 687 3808 procedat,
701 3733 814 3806 quando
829 3741 912 3791 actus

138 3820 288 3891 praeteritus,
308 3823 357 3894 qui
374 3821 575 3880 rescindendus
589 3839 669 3895 ,ssea
692 3824 843 3881 irritandus
857 3830 911 3897 cut,

137 3899 175 3960 luit
187 3907 297 3976 pureum
317 3911 444 3982 pendens
460 3926 495 3968 ea
518 3912 660 3970 voluntate
678 3913 910 3986 contrahentium,

137 4006 174 4059 per
183 4009 254 4064 quam
267 4012 311 4054 res
329 4000 416 4056 unius
426 4002 453 4057 in
465 4000 582 4059 alterum
593 3997 726 4061 translata
736 4009 826 4076 est,et
836 4011 913 4076 pust·

136 4095 211 4154 caper
228 4086 407 4147 irritationem
432 4097 530 4164 aetus,
557 4092 671 4149 intendit
694 4093 769 4166 prior
783 4093 912 4151 dominus

137 4172 250 4237 peculiare
268 4178 501 4253 emolumentum,
517 4180 565 4238 sibi
578 4180 700 4240 debitum
713 4185 816 4240 uirtute
831 4183 909 4256 legis.

1223 3041 1363 3116 CAPUT
1381 3043 1487 3113 xxti.
1567 3029 1578 3046 ⁶

951 3239 1059 3298 Uirum
1082 3234 1133 3292 leuc
1153 3237 1219 3310 ipso
1244 3238 1311 3294 iure
1333 3241 1460 3297 irritans
1480 3243 1584 3296 acinos
1608 3235 1750 3314 impediri

968 3323 1070 3400 aliquo
1086 3323 1173 3383 orode
1186 3329 1292 3400 possit,
1307 3343 1343 3384 oe
1358 3334 1462 3386 oetam
1475 3326 1595 3386 ocellum
1608 3326 1727 3386 reddat.

1236 3505 1463 3570 summarium

948 3693 972 3743 t.
987 3691 1071 3742 Prima
1084 3691 1228 3744 conclusio:
1241 3699 1360 3744 comante
1370 3706 1447 3746 cauea
1459 3707 1506 3760 per
1517 3709 1546 3748 se
1556 3702 1584 3747 et
1596 3695 1748 3762 adaequata,
1801 3741 1803 3746 .

981 3768 1064 3812 cesset
1077 3759 1195 3813 effectus.
1208 3791 1243 3800 —
1257 3763 1283 3814 i.
1307 3765 1345 3814 An
1365 3764 1510 3827 ignorantia
1531 3767 1687 3818 irritationis
1703 3769 1750 3819 im-

981 3831 1067 3894 pediet
1079 3831 1250 3883 irritationem
1263 3839 1347 3884 actus.
1358 3861 1392 3872 -
1402 3835 1429 3886 3.
1439 3835 1556 3886 &casuue
1567 3837 1707 3888 conclusio.
1715 3864 1750 3874 -

981 3901 1008 3951 4.
1020 3900 1133 3951 lliluitur
1146 3903 1267 3956 obiectio.
1275 3929 1308 3940 —
1319 3904 1345 3956 5.
1356 3904 1423 3966 Quid
1434 3904 1467 3956 de
1479 3905 1648 3958 contrahente
1658 3907 1748 3956 matri-

981 3971 1094 4020 monium
1114 3978 1220 4036 propter
1237 3980 1344 4025 metuam.
1357 4002 1392 4012 -
1406 3976 1432 4026 u.
1447 3974 1530 4026 lictus
1542 3976 1691 4027 libertatem
1703 3977 1751 4026 mi-

981 4041 1049 4102 nuit,
1063 4040 1107 4090 sed
1119 4042 1291 4094 irritationem
1303 4058 1353 4094 nou
1366 4044 1482 4108 impedit.
1494 4073 1529 4082 -
1538 4046 1654 4095 llilultur
1666 4046 1750 4109 prima

980 4110 1102 4160 obiectio.
1114 4136 1148 4146 -
1159 4112 1184 4161 7.
1197 4113 1312 4164 Diluitur
1324 4114 1447 4166 secunda.
1459 4143 1495 4153 —
1504 4115 1530 4166 8.
1542 4115 1656 4166 liilnitur
1669 4115 1749 4164 tertia

981 4179 1173 4232 obiectio—9.
1184 4181 1252 4234 Nihil
1265 4184 1504 4248 obstat,quominus
1515 4185 1557 4236 lex
1568 4198 1643 4236 sunm
1655 4183 1749 4235 habeat

981 4247 1101 4300 effectum
1119 4251 1201 4313 quoad
1214 4252 1403 4317 irritationem,
1420 4255 1522 4320 quando
1533 4256 1566 4316 is,
1579 4255 1655 4305 cuius
1667 4255 1750 4304 inter·

980 4324 1036 4379 est,
1053 4318 1104 4368 iuri
1117 4332 1164 4371 suo
1175 4321 1260 4384 cedit,
1278 4323 1312 4373 ob
1324 4337 1457 4374 commune
1470 4327 1574 4376 bonum.
1584 4323 1697 4373 -ldem
1709 4329 1750 4374 est

980 4387 1013 4438 de
1031 4388 1193 4440 solemnitate
1209 4393 1365 4444 matrimonii
1381 4407 1440 4444 cum
1457 4395 1583 4453 teatinum
1601 4394 1670 4444 sicut
1683 4399 1710 4442 et
1723 4393 1750 4442 in

981 4458 1143 4510 matrimonio
1155 4471 1202 4524 per
1214 4468 1311 4512 metum
1322 4469 1507 4516 eoutmcto.-
1518 4465 1561 4516 to.
1574 4462 1748 4514 dilectiones.

137 4257 194 4317 lunc
210 4265 274 4322 enim
297 4268 342 4325 illa
360 4268 492 4326 rescissio
505 4277 666 4328 contractus
680 4287 734 4328 non
750 4272 832 4330 habet
846 4289 911 4346 pro-

137 4348 203 4415 priam
214 4355 340 4414 rationem
355 4373 473 4429 poenae,
489 4359 531 4416 vel
542 4361 637 4418 saltem
650 4363 677 4417 in
692 4362 741 4418 tuli
756 4377 911 4436 cause,per

137 4449 200 4506 auum
216 4449 287 4500 actor
307 4447 353 4502 ille
380 4447 426 4502 ius
444 4463 526 4505 suum
546 4452 630 4522 petit,
647 4465 701 4506 non
716 4446 911 4509 consideratur

138 4529 255 4618 pmecipue
269 4537 336 4592 ratio
355 4551 473 4610 poenae,
487 4538 535 4596 sed
549 4555 593 4596 res
607 4541 720 4612 actoris,
731 4547 759 4598 et
772 4543 911 4613 reparatio

138 4611 202 4687 ulios,
219 4628 245 4676 et
260 4622 318 4680 ideo
341 4641 411 4683 cum
433 4626 468 4682 ab
486 4627 531 4684 illa
546 4629 739 4702 consequenda
753 4647 804 4702 per
818 4631 911 4704 iniqua
988 4632 1013 4686 l.
1030 4629 1142 4703 ipimus
1162 4631 1195 4690 dc
1216 4633 1291 4706 lege,
1313 4651 1383 4708 quae
1397 4649 1446 4709 per
1461 4652 1507 4708 se,
1521 4640 1551 4692 et
1563 4640 1626 4692 unte
1640 4649 1749 4692 omnem

139 4703 205 4760 medic
223 4709 383 4787 impeditor,
415 4715 454 4772 illi
486 4717 516 4774 tit
539 4717 635 4776 iniuria
655 4725 753 4778 contra
775 4721 910 4778 iustitsim
948 4722 1110 4778 sententiam
1131 4727 1225 4779 actum
1246 4723 1352 4796 irritat,
1372 4731 1400 4783 et
1421 4725 1562 4800 loquimur
1576 4724 1609 4782 de
1627 4723 1674 4782 ille
1688 4738 1749 4796 per·

138 4801 425 4876 connumeramqme
440 4804 474 4863 ad
485 4808 687 4866 restitutionem
698 4809 799 4884 obligat
811 4812 837 4867 in
848 4826 911 4883 prn-
948 4816 1075 4866 manente
1088 4811 1114 4867 iu
1129 4827 1179 4868 sua
1195 4813 1406 4888 sletstatinus
1420 4822 1452 4873 ut
1464 4831 1516 4874 nec
1530 4831 1580 4889 per
1592 4813 1748 4888 abrogatio-

139 4881 180 4946 ltlt
193 4891 291 4962 specie,
310 4900 342 4949 nt
362 4893 437 4965 disi,
453 4896 564 4969 quande
578 4897 684 4955 debitor
698 4901 726 4955 in
741 4899 786 4956 illu
801 4900 910 4958 solvere
946 4914 1020 4969 nem,
1035 4915 1086 4957 nec
1103 4917 1152 4973 per
1165 4901 1396 4975 dispensationem
1411 4905 1520 4963 sublata
1531 4907 1634 4963 eiteius
1646 4903 1750 4977 obliga·

139 4973 214 5035 uocat.
227 4977 259 5035 tu
276 4982 313 5038 ito
334 4980 368 5040 ad
391 4983 572 5044 obiectionem
594 4993 730 5060 quatenns
744 4995 841 5047 contra
855 4989 908 5048 hoc
946 4991 993 5046 tio.
1006 4989 1120 5047 Videtur
1132 4994 1205 5048 enim
1220 4999 1287 5050 tunc
1302 4993 1360 5051 lieri
1374 5011 1429 5052 nen
1444 5011 1542 5068 posse,
1560 5001 1592 5052 ut
1606 4994 1668 5052 telis
1682 4994 1748 5052 cile-

141 5063 247 5140 lttecdit,
260 5079 374 5144 negatur
392 5077 601 5151 consequentia,
613 5079 679 5150 quia
694 5080 721 5134 iu
735 5095 835 5151 poena,
844 5080 912 5137 licet
945 5085 1010 5136 ctus
1023 5077 1091 5152 legis
1104 5081 1286 5156 impediatur,
1304 5086 1394 5156 posita
1406 5087 1520 5143 materie
1532 5087 1601 5143 eius.
1615 5086 1652 5143 Et
1677 5086 1750 5142 ratio

141 5160 176 5214 itt
194 5154 304 5221 iraudem
329 5163 514 5242 impediatur,
537 5183 591 5225 noa
611 5168 639 5225 it
660 5175 757 5227 contra
777 5169 910 5228 iustitiam
946 5174 998 5246 est,
1013 5170 1154 5242 quietalis
1169 5171 1286 5232 irritatio
1301 5173 1330 5234 it
1345 5174 1599 5250 pereffleacitatem
1618 5174 1751 5234 moralem
