4232 6220
685 379 692 394 Ι
740 428 845 482 tucax
859 406 1011 480 0000000
1026 429 1146 484 oensis

124 558 190 613 Gur.
207 559 253 616 XI.
342 587 380 600 -
390 561 435 615 De
449 555 604 631 effectibus
616 556 848 634 dispensationis

412 648 566 707 numanae
576 647 671 724 Ispts.
715 690 723 705 .
781 663 845 720 pag.
871 649 922 705 184
1198 647 1316 716 iistis
1337 650 1530 720 SEPTIHUS
1619 717 1621 724 ,

122 736 186 794 Cur.
202 737 258 794 XII.
335 742 429 797 -De
443 737 598 798 materiati
617 754 715 797 causa
732 735 848 814 dispen-
914 765 919 774 ·

15 878 16 881 ,
408 831 536 886 sationis
539 869 845 885 .......
872 829 922 885 188
956 827 993 882 00
1011 831 1075 899 leue
1091 845 1148 888 000
1160 833 1282 902 scripto,
1297 850 1371 903 quoe
1387 841 1565 895 consuetodo
1577 842 1755 912 appelletur.

122 915 186 973 Cu.
203 916 271 973 XIII.
332 921 425 976 -De
437 915 547 990 sorum
565 916 798 994 dispensationis
815 917 848 974 in
1683 925 1685 930 ’

408 1005 470 1080 ²⁶90
483 1009 635 1066 bumana.
684 1049 691 1063 ·
736 1049 743 1062 ·
789 1049 796 1064 ·
838 1008 919 1066 ·¹9¹
955 1019 1059 1078 (1407.
1166 1022 1302 1100 -Quid
1324 1028 1364 1083 stt
1385 1027 1676 1097 consuetudo,usus,

121 1096 188 1154 Cur.
204 1095 273 1154 XIV.
333 1124 372 1139 -
381 1096 471 1172 Apud
483 1115 553 1173 quos
566 1101 606 1156 sit
616 1101 751 1174 potestas
765 1095 845 1154 ordi·
1244 1112 1290 1170 „ep
1312 1130 1392 1184 mos,
1408 1114 1501 1189 sm
1519 1123 1547 1175 ει
1573 1117 1677 1194 stylus,

406 1189 503 1246 naria
519 1185 714 1263 dispensandi
726 1190 759 1244 in
776 1184 848 1260 7007-
1239 1209 1267 1260 32
1275 1203 1419 1277 quomodo
1428 1221 1448 1264 a
1457 1211 1615 1283 ,epiph-m
1624 1207 1681 1282 dis,

408 1277 462 1335 hm
475 1279 619 1337 humanis
633 1315 844 1334 .....
870 1279 923 1336 198
1233 1291 1321 1366 serm
1323 1335 1576 1356 ······
1618 1315 1679 1372 pag·
1701 1301 1754 1359 26¹

121 1368 186 1424 000.
202 1366 258 1426 XV.
330 1367 536 1426 -Nonnutta
552 1366 647 1426 dubia
663 1370 748 1426 cirea
768 1371 847 1441 pote·
955 1365 1019 1424 Cu.
1036 1368 1069 1423 II.
1162 1371 1261 1428 -An
1275 1371 1679 1448 consuetudosemperindu·

407 1463 516 1516 statem
529 1455 711 1530 interiorum
733 1454 775 1514 ad
788 1453 847 1512 dis·
1242 1464 1346 1520 catius
1356 1479 1415 1519 000
1423 1466 1578 1538 scriptum,
1591 1468 1620 1520 et
1633 1463 1682 1521 de·

404 1546 644 1623 pensandumin
667 1546 781 1621 Iepibus
799 1561 847 1602 su·
942 1577 943 1580 =
1228 1555 1231 1574 ¹
1238 1549 1340 1624 finitio
1353 1551 1431 1612 data
1443 1557 1562 1628 intepra
1575 1558 1628 1612 sit.
1673 1561 1758 1617 ,205

404 1640 561 1711 pertarum
583 1635 791 1712 explicantur.
836 1637 921 1692 Ι202
956 1633 1022 1690 Cir.
1038 1633 1084 1692 ΙΙΙ.
1163 1667 1201 1680 -
1216 1640 1438 1715 Quotupteasii
1451 1643 1642 1712 0000000000,
1655 1649 1684 1702 et

121 1727 184 1784 Cir.
200 1725 268 1784 XVI.
330 1755 370 1770 -
384 1729 494 1786 Utrum
516 1727 656 1785 babentes
672 1727 847 1800 potestaten
1243 1727 1413 1803 ansorum,
1436 1737 1465 1789 et
1477 1730 1589 1808 stylum
1602 1749 1684 1792 com·

408 1813 847 1890 ordinariamaddispensan-
942 1833 943 1838 ¹
1240 1817 1407 1892 pretenta
1420 1862 1681 1881 ......
1704 1829 1758 1885 207

408 1903 483 1964 dum
511 1909 543 1963 in
570 1904 684 1979 Iepibus
713 1904 845 1963 0000007
957 1901 1022 1962 Gur.
1037 1902 1082 1961 tv.
1164 1909 1260 1964 -De
1270 1911 1362 1968 tertia
1373 1909 1520 1970 diuisione
1530 1917 1683 1972 consuetu-

406 1993 844 2054 etiamadcomrnutandum..
867 2000 923 2056 205
1243 1995 1333 2066 dInis,
1352 1999 1516 2062 seecundum
1525 2005 1583 2066 ius,
1595 2019 1686 2078 prae·

120 2088 185 2143 Cur.
200 2085 281 2155 XIIII.
334 2087 427 2144 -De
434 2090 579 2160 potestate
587 2082 848 2160 delepataaddir·
1240 2089 1285 2144 ter
1304 2090 1352 2146 ius
1371 2095 1400 2146 et
1421 2095 1529 2149 contra
1549 2095 1611 2160 ius,
1628 2092 1681 2150 abi

403 2174 597 2249 pensandum
614 2178 647 2232 in
666 2173 777 2248 tepibus
790 2175 845 2232 Iue-
1240 2176 1389 2237 nonnulla
1414 2179 1450 2237 de
1474 2180 1683 2241 traditionibus

407 2267 510 2323 manti
532 2304 844 2322 .......
867 2270 922 2326 209
1240 2265 1451 2327 ecciesiasticis
1467 2275 1652 2329 tractantur.
1673 2313 1680 2328 .
1703 2277 1759 2332 270

125 2356 190 2412 Gne.
206 2354 299 2412 XVIII.
336 2384 375 2398 -
389 2358 496 2418 Utrum
514 2353 681 2414 adinstarn
694 2353 848 2431 dispensa·
956 2354 1021 2412 Cu.
1036 2351 1070 2409 V.
1162 2357 1256 2412 -De
1274 2358 1370 2414 uariis
1387 2359 1600 2432 partitionibus
1614 2376 1683 2417 con·

405 2448 515 2502 tionem
535 2460 630 2503 causa
651 2447 735 2503 iusta
748 2459 846 2503 neces·
1240 2445 1406 2506 suetudinis
1436 2464 1474 2508 00
1503 2453 1568 2508 eius
1591 2455 1685 2508 mate·

405 2539 493 2593 saria
506 2537 547 2593 uc
550 2574 841 2592 .......
864 2540 919 2598 213
1240 2537 1293 2593 rio
1308 2541 1433 2612 sumptis
1436 2579 1678 2596 ......
1702 2542 1757 2599 270

117 2624 184 2680 Coo.
200 2622 266 2681 XiX.
330 2652 368 2666 -
381 2625 490 2686 Utrum
503 2622 685 2700 dispensatio
703 2623 776 2700 lepis
788 2627 844 2684 00-
956 2621 1021 2680 Cur.
1036 2621 1082 2679 XI.
1164 2651 1204 2666 -
1217 2626 1303 2700 Quae
1316 2625 1549 2686 stteonsuetudo
1563 2628 1682 2686 bonaet

407 2729 519 2772 manae
527 2711 844 2774 dotasineiustacau·
1241 2715 1442 2784 rationotuis,
1461 2716 1682 2792 oetprauoseu

404 2804 611 2864 savatidasit
613 2846 840 2863 ......
864 2811 920 2867 220
1241 2805 1458 2864 irrationabilis
1466 2847 1680 2864 .....
1702 2812 1757 2868 270

119 2895 185 2952 Cio.
201 2895 257 2952 XX.
332 2923 370 2938 -·
383 2899 504 2958 Utrum,
526 2901 661 2954 cessante
673 2911 772 2954 eausa
784 2893 844 2953 dis-
955 2890 1020 2950 Gir.
1036 2890 1093 2950 vtt.
1166 2921 1205 2936 -
1219 2895 1304 2969 Quae
1317 2895 1500 2953 consuetudo
1511 2894 1682 2964 sit,oeInon

399 2987 604 3062 pensationis,
621 2990 713 3044 cesset
725 2984 842 3060 dispen·
1240 2985 1281 3040 sit
1296 2987 1328 3040 in
1342 2987 1409 3042 iure
1422 2986 1593 3061 reprobata.
1621 3027 1628 3043 .
1670 3024 1680 3042 .
1702 2991 1757 3047 284

405 3078 499 3142 satio,
521 3073 567 3132 oei
585 3075 676 3134 attter
694 3073 844 3138 interdum
955 3072 1019 3130 cu.
1034 3071 1103 3130 IIIlI.
1159 3075 1253 3130 -De
1266 3072 1334 3132 aiia
1343 3073 1682 3134 diuisionecousnetudi·

404 3168 566 3224 amiitatur
581 3205 841 3223 ......
864 3170 916 3228 227
1242 3167 1290 3221 nis
1304 3167 1336 3221 in
1345 3169 1569 3242 praescriptam
1582 3173 1610 3225 et
1622 3184 1682 3225 non

116 3258 182 3313 cie.
200 3257 268 3314 XXI.
329 3285 367 3298 -
381 3253 600 3332 Quibus'modis
608 3257 701 3330 possit
710 3255 844 3314 essenaI·
1019 3243 1026 3254 ⁶
1234 3258 1460 3330 praescriptam
1467 3297 1678 3316 .....
1701 3259 1756 3317 267

406 3343 845 3421 Iaseuiuoatidadispeusaito.
862 3349 918 3406 203
955 3341 1019 3400 Cu».
1036 3340 1080 3398 IX.
1128 3355 1131 3362 ’
1162 3345 1255 3400 -De
1276 3349 1376 3403 cauus
1396 3347 1633 3410 consuetuedinis,
1650 3353 1678 3405 et

116 3436 183 3492 Ceo.
199 3435 280 3493 XXII.
330 3465 368 3479 —
382 3437 491 3508 Utrum
509 3435 630 3492 obtenta
647 3433 839 3509 dispensatio,
1241 3439 1421 3509 praesertim
1443 3439 1507 3511 puis
1529 3435 1618 3494 ittam
1634 3441 1679 3496 in·

399 3528 489 3601 prius
499 3527 646 3602 psittaci
658 3541 718 3582 non
732 3540 847 3583 conces·
1238 3523 1393 3582 traducere
1411 3525 1522 3585 007007.
1566 3569 1572 3582 .
1616 3569 1623 3584 .
1667 3533 1756 3589 .208

404 3631 456 3677 sa,
477 3616 654 3690 surreptitia
666 3618 706 3672 sit
719 3619 841 3692 propter
953 3611 1018 3670 Cio.
1035 3613 1068 3672 X.
1161 3641 1200 3657 ·-
1217 3613 1328 3690 Quibus
1356 3615 1473 3674 actibus
1500 3617 1682 3676 consuetudo

407 3707 648 3764 taciturnitatem
660 3703 790 3762 itiam..
836 3710 920 3766 .i³i
1237 3704 1449 3764 introducatur
1452 3745 1675 3764 ......
1699 3713 1753 3768 207

120 3797 185 3852 cuo.
204 3795 294 3852 XXIII.
328 3800 427 3853 -Au
443 3797 638 3854 taciturniias
657 3798 772 3871 prioris
785 3795 846 3854 dis·
954 3794 1020 3851 Gur.
1037 3795 1081 3853 XI.
1164 3793 1681 3855 ÷Utrumadconsuetadiueniiu

401 3888 588 3962 pensationis
616 3885 749 3945 obtentae
779 3885 846 3944 red·
1237 3883 1338 3942 ridica
1360 3888 1471 3943 notitia
1485 3885 1531 3961 {de
1555 3891 1680 3945 0000000

403 3973 842 4049 datposterioreminuoiidam.
865 3982 921 4040 206
1233 3972 1408 4049 frequentia
1422 3979 1595 4034 necessaria
1607 3979 1656 4034 sit.
1671 4020 1679 4036 .
1700 3982 1756 4038 208

119 4066 184 4121 Ceo.
201 4064 293 4122 XXIII.
329 4071 422 4121 -An
438 4062 622 4140 dispensatio
645 4069 679 4123 in
701 4083 760 4124 uno
782 4070 846 4125 oiu-
953 4064 1021 4123 Gur.
1037 4066 1093 4124 XII.
1162 4093 1201 4108 -
1215 4069 1322 4128 Utrum
1335 4064 1515 4124 consuetudo
1535 4081 1590 4142 per
1604 4065 1681 4125 solos

296 4193 300 4202 .
406 4153 483 4222 coto,
504 4159 605 4214 tacius
616 4155 696 4225 otiis,
714 4157 841 4227 obtento,
1236 4161 1323 4212 actus
1356 4152 1541 4214 volontarios
1574 4155 1678 4214 induci

355 4285 358 4293 .
403 4248 578 4320 surreptitia
596 4244 726 4304 etnuita
739 4251 791 4304 sit.
836 4253 919 4310 ,242
1237 4244 1338 4303 valeat
1361 4285 1676 4304 .......
1701 4251 1755 4306 803

115 4335 183 4391 Cur.
198 4333 276 4392 XXV.
325 4364 363 4377 ·-
377 4333 506 4411 Quando
526 4339 554 4392 et
568 4351 606 4392 eu
621 4336 728 4409 quibus
742 4341 844 4396 causis
954 4337 1020 4394 Coe.
1036 4337 1105 4395 XIII.
1162 4365 1201 4377 -
1214 4337 1322 4396 Utrum
1341 4351 1500 4395 consensus
1517 4337 1675 4412 pnneipis,

397 4428 493 4500 possit
510 4423 561 4482 lea
575 4425 739 4501 obrepant.
783 4469 790 4483 .
834 4433 921 4490 ,246
1241 4428 1270 4480 et
1283 4424 1382 4498 quatis
1403 4441 1562 4483 consensus
1575 4421 1615 4483 'sit
1628 4443 1678 4484 ne-

114 4518 182 4573 cno.
199 4515 292 4572 XXIII.
326 4544 365 4558 -
379 4517 454 4591 Quis
468 4518 565 4590 possit
579 4515 671 4589 tepem
684 4515 841 4591 abropare.
864 4522 920 4579 248
1240 4517 1389 4571 cessarint
1405 4562 1411 4585 ,
1439 4519 1473 4572 iii
1499 4513 1680 4572 consuetudo

115 4609 182 4664 Ceo.
198 4606 301 4664 XXIIII.
322 4636 360 4648 -
375 4603 489 4682 Quibus
507 4603 602 4662 modis
615 4606 678 4677 fiat
691 4607 847 4680 atropatio
1238 4607 1284 4661 ias
1298 4603 1478 4662 introducat.
1516 4645 1523 4660 .
1567 4647 1573 4660 .
1619 4649 1625 4663 .
1669 4613 1754 4666 .306

404 4695 492 4770 lepis,
517 4700 545 4754 et
564 4712 636 4769 quos
653 4695 777 4770 effectus
789 4699 844 4757 lta-
953 4696 1018 4754 Cio.
1035 4693 1105 4752 XIV.
1163 4723 1203 4736 -
1216 4696 1303 4769 Quae
1316 4692 1495 4750 consuetudo
1514 4691 1680 4768 10000000

403 4785 471 4844 beat
483 4825 841 4845 ........
863 4793 920 4848 255
1238 4787 1385 4858 scriptam
1397 4783 1538 4847 inducere
1551 4783 1675 4844 001007..
1698 4791 1752 4845 300

954 4879 1019 4936 cu.
1037 4874 1094 4934 XV.
1163 4903 1202 4917 -
1216 4877 1330 4951 Quanti
1343 4878 1486 4950 temporis
1499 4874 1680 4933 consuetudo

1238 4963 1373 5038 sufficiat
1404 4963 1446 5022 ad
1476 4964 1679 5024 inducendam

500 5086 538 5100 ..
1237 5051 1330 5128 Iepeon
1332 5094 1675 5112 ........
1699 5061 1750 5116 stt

955 5150 1020 5208 Cur.
1036 5147 1106 5208 XVI.
1158 5147 1250 5205 -De
1267 5147 1368 5203 causis
1386 5149 1414 5203 et
1430 5142 1584 5219 effectibus
1606 5145 1679 5220 lepis

1242 5253 1302 5294 non
1316 5240 1447 5313 scriptae
1455 5253 1511 5314 per
1524 5242 1678 5296 00000070·

1240 5327 1340 5388 dinem
1353 5325 1574 5389 introductae..
1618 5370 1624 5383 .
1667 5333 1753 5392 ,615
