4290 6222
839 376 1061 430 csrnrxvnr.
1665 361 1728 424 403

122 517 185 558 non
203 502 372 561 redundaret
386 504 412 560 in
430 503 598 576 peculiarem
612 503 733 561 iacerem
749 517 845 573 suum,
861 518 927 559 cum
943 506 1059 600 ‘ctitun
1074 504 1127 563 Sed
1146 521 1200 562 nott
1221 504 1329 563 ridetur
1349 503 1413 561 mihi
1434 503 1551 561 iuridica
1570 503 1769 576 interpretatio,

121 598 220 649 tamen
231 593 441 650 communicatio
453 594 487 650 ad
503 593 555 648 hoc
570 593 626 649 fiat.
637 593 730 665 Neque
741 591 821 648 etiam
837 597 930 662 potest
966 599 1031 668 quia
1045 601 1087 653 est
1108 595 1222 668 vulgare
1237 596 1263 652 in
1277 597 1354 660 iure,
1374 592 1450 667 quod
1472 595 1564 666 generi
1580 609 1628 664 per
1651 593 1770 665 speciem

120 683 242 755 intelligi
255 683 397 740 concessio
407 683 543 753 absoluta,
556 690 584 739 et
599 684 655 739 sine
669 682 725 738 ulla
738 683 927 752 restrictiona3
965 685 1136 757 derogatur,
1158 685 1264 740 etiamsi
1285 685 1390 756 species
1410 685 1469 755 ipsa
1491 684 1683 752 praecesserit.
1703 685 1770 740 ltem

120 774 198 843 quio.
208 774 247 828 sic
262 778 336 828 esset
348 773 390 828 vel
409 772 510 829 inutilis
525 773 670 828 concessio
685 779 797 844 propter
810 771 931 828 indeter·
966 776 1033 847 quia
1046 774 1252 846 vulgaractiam
1262 781 1305 830 est
1319 774 1371 829 sub
1381 773 1502 845 generali
1515 772 1640 828 clausula
1655 788 1707 828 non
1723 788 1769 828 ve-

121 863 302 918 minatlonem
321 868 351 918 et
369 861 589 935 ambiguitatem,
612 861 655 918 rel
669 867 742 917 esset
756 859 889 930 absurda,
904 860 926 915 si
967 863 1035 931 nire,
1047 861 1121 936 quotl
1134 865 1272 935 princeps,
1285 878 1340 919 non
1353 873 1427 920 essct
1438 863 1463 917 in
1479 863 1570 934 specie
1585 863 1769 919 verisimiliter

119 966 193 1008 cunt
209 951 332 1008 absoluto
346 951 509 1024 generaliter
524 949 705 1022 acciperetur.
722 951 751 1005 lo
771 949 930 1005 huiusmodi
966 968 1166 1009 concessurus.
1177 953 1257 1023 ltem,
1271 953 1336 1025 quio
1348 950 1482 1024 generalis
1493 951 1638 1008 concessio
1649 967 1768 1008 casuum

120 1058 194 1114 ergo
207 1040 351 1114 privilegiis
365 1039 515 1098 dicendum
527 1047 580 1114 est,
595 1040 795 1096 communicari
809 1053 874 1095 curn
886 1053 931 1094 ea·
966 1059 1021 1098 non
1033 1040 1189 1099 extenditur
1202 1042 1236 1098 ad
1246 1048 1413 1113 reservatos,
1424 1048 1455 1098 ut
1467 1049 1510 1096 est
1521 1041 1602 1097 etiam
1619 1057 1768 1098 commune

121 1135 190 1190 dem
202 1131 373 1187 restrictione
388 1129 549 1203 lormoliter,
563 1145 612 1187 seu
623 1145 687 1186 cum
700 1129 873 1201 proportione
884 1143 930 1184 ac·
966 1133 1077 1204 dogma.
1095 1134 1129 1188 tlt
1148 1131 1287 1204 privilegia
1307 1130 1392 1198 haec,
1409 1146 1530 1205 quorum
1550 1131 1765 1189 communicatio

120 1218 271 1278 commoda
286 1221 438 1277 intellecta.
451 1222 547 1293 ltaque
561 1219 637 1294 quod
652 1219 814 1276 conceditur
826 1219 872 1274 uni
886 1233 929 1274 re·
965 1221 1119 1294 specialiter
1134 1221 1308 1292 prohibetur,
1319 1220 1398 1276 valdo
1413 1219 1542 1291 specialia
1553 1226 1629 1290 sunt,
1642 1228 1671 1276 et
1684 1221 1765 1293 quasi

122 1311 219 1384 ligioni
236 1316 367 1381 respectu
382 1324 497 1367 suorum
515 1315 690 1378 sanctorum,
707 1307 930 1365 communicatur
965 1318 1105 1368 reservata
1119 1310 1212 1383 quood
1227 1309 1340 1367 modum
1354 1309 1558 1382 concessionis,
1574 1325 1640 1382 crgo
1655 1311 1705 1366 nisi
1723 1313 1767 1369 vel

117 1402 203 1457 alteri
221 1406 351 1471 respectu
365 1413 491 1466 suorum,
509 1397 634 1470 idemque
648 1397 682 1454 de
699 1398 777 1469 locis,
793 1395 928 1452 festivita·
964 1403 991 1459 in
1007 1401 1258 1457 communicatione
1272 1401 1318 1456 liat
1331 1399 1457 1472 specialis
1472 1401 1574 1455 mentio
1588 1399 1705 1472 illorum,
1721 1402 1764 1459 trel

123 1491 213 1559 tibus,
228 1495 257 1547 et
268 1489 325 1546 aliis
337 1489 470 1546 similibus
486 1487 689 1561 intelligendum
699 1492 750 1544 est.
762 1488 839 1544 Sicut
851 1485 926 1560 qued
965 1491 1060 1548 saltem
1079 1488 1195 1546 addatur
1209 1489 1351 1558 clausula,
1367 1503 1512 1561 perquam
1532 1489 1765 1560 comprehendan-

84 1597 91 1606 ·
120 1578 290 1637 conceditur
308 1580 357 1656 uni
378 1577 502 1650 religioni
521 1582 653 1648 respectu
674 1591 790 1632 suorum
811 1577 927 1632 novitio·
965 1587 1011 1638 tur
1029 1581 1118 1638 omnia
1133 1579 1284 1652 privilegia,
1299 1579 1379 1635 etiam
1395 1577 1455 1646 illa,
1472 1593 1592 1652 quorum
1608 1583 1764 1636 communi-

123 1684 200 1738 rum,
212 1667 254 1723 rel
271 1666 453 1739 familiarium,
468 1666 691 1723 communicatur
705 1666 783 1722 alteri
798 1671 928 1738 respectu
965 1672 1037 1728 catio
1054 1668 1209 1741 specialiter
1223 1667 1358 1739 prohibita
1371 1673 1429 1738 est,
1446 1683 1495 1740 pcr
1510 1667 1596 1723 solam
1610 1667 1764 1726 clausulam

121 1771 254 1821 suorum,
272 1755 382 1828 quondo
397 1756 609 1812 communicatio
624 1754 868 1828 privilegiatorum
883 1771 929 1828 ge·
964 1758 1119 1833 generalem
1130 1773 1183 1814 non
1194 1757 1330 1826 existimo,
1343 1755 1405 1812 tolia
1419 1755 1559 1828 privilegia
1574 1759 1764 1814 communica·

120 1861 201 1917 nere,
212 1847 256 1902 rel
270 1845 332 1902 talis
342 1845 472 1918 privilegii
481 1847 508 1901 in
521 1845 680 1916 particulari
692 1844 816 1902 absolute
826 1852 855 1902 at
868 1845 926 1903 sine
964 1851 997 1906 ri.
1007 1850 1040 1905 lit
1051 1848 1241 1918 confirmatur,
1253 1847 1318 1918 quia
1327 1845 1394 1901 alias
1405 1861 1458 1900 nou
1473 1844 1599 1902 obstante
1611 1845 1655 1902 illa
1672 1846 1765 1919 probi·

121 1936 177 1993 alia
191 1934 375 1994 declaratione
388 1935 428 1991 lit.
444 1935 514 2002 Qttia
528 1949 562 1990 ert
577 1935 635 2006 ipsa
649 1935 762 1991 materia
777 1936 843 1991 satis
862 1951 929 1991 cou-
964 1939 1062 1995 bitione
1079 1942 1191 2010 possent
1204 1934 1247 1993 alii
1261 1934 1380 2008 religiosi
1396 1937 1436 1990 uti
1452 1933 1506 1991 illis
1520 1934 1666 2008 privilegiis
1685 1952 1718 1993 ex
1738 1936 1764 1993 vi

121 2031 197 2095 stat,
215 2024 267 2081 isac
282 2025 431 2082 intentione
444 2031 473 2079 et
488 2025 666 2095 proportione
684 2023 740 2080 ueri
755 2024 838 2081 talem
853 2039 929 2082 ccm-
965 2031 1095 2102 antiquae
1123 2024 1398 2096 communicationis,
1420 2039 1475 2097 qua
1497 2024 1547 2080 illis
1570 2025 1765 2083 conceduntur

123 2117 350 2173 municationem.
365 2118 454 2186 Atque
469 2115 507 2170 ita
520 2113 689 2171 declaratam
703 2129 764 2170 ease
779 2129 795 2170 a
809 2115 878 2170 lulio
893 2117 926 2171 ll.
965 2118 1103 2191 privilegia
1117 2118 1208 2174 emnia
1222 2129 1372 2185 concessa,
1388 2121 1416 2171 et
1429 2113 1622 2185 concedenda,
1640 2115 1705 2187 quin
1720 2115 1764 2172 illa

120 2207 195 2264 inter
210 2205 431 2276 praedicatores,
443 2211 472 2261 et
488 2204 605 2260 lliucres
619 2205 739 2261 refertur
753 2203 804 2261 late
818 2206 844 2260 itt
859 2206 929 2277 Sup·
965 2210 1048 2265 etiam
1064 2204 1226 2263 universalis
1240 2211 1293 2274 est,
1309 2210 1336 2261 et
1349 2202 1558 2274 comprehendit
1571 2205 1678 2260 omnia:
1697 2221 1764 2262 con·

120 2297 242 2368 plemet
255 2295 290 2351 ab
300 2296 425 2351 Emman.
436 2292 537 2350 Roder.
547 2293 622 2350 dicta
636 2301 745 2368 quaest.
755 2298 801 2367 55,
815 2301 868 2350 art.
878 2299 925 2353 20.
966 2313 1084 2372 sequens
1100 2303 1143 2354 est
1158 2296 1236 2368 plane
1250 2295 1367 2364 laisum,
1383 2294 1446 2366 quia
1460 2291 1526 2350 alias
1547 2294 1607 2349 talis
1621 2293 1721 2352 additio
1736 2301 1766 2353 et

121 2387 225 2442 Tamen
242 2399 308 2440 cum
324 2383 501 2455 proportione
516 2382 550 2439 ad
569 2385 660 2439 omnia
674 2382 769 2439 similia
789 2383 930 2457 privilegia
965 2386 1111 2458 probibitio
1123 2385 1260 2459 pontilicis
1270 2399 1338 2440 vana
1349 2389 1469 2453 esset,et
1479 2383 1583 2439 lrustro
1595 2383 1681 2455 deret,
1696 2399 1762 2442 cum

120 2483 170 2530 est
185 2472 358 2545 applicanda,
375 2480 406 2528 ut
420 2474 572 2543 respective
587 2472 752 2546 intelligatur
766 2473 838 2529 lacta
851 2489 928 2531 com·
964 2485 1090 2548 constet,
1114 2478 1256 2543 innumero
1275 2489 1336 2552 esse
1356 2472 1420 2528 talia
1444 2471 1596 2545 privilegia,
1619 2487 1667 2545 per
1691 2489 1763 2547 quae

121 2564 291 2634 manicatis,
312 2563 348 2619 ita
363 2569 396 2618 ut
409 2561 521 2641 sitillud
537 2562 705 2634 privilegium
720 2560 762 2619 acl
774 2565 874 2619 lrtstor
887 2578 930 2619 se·
964 2568 1205 2626 communicantur
1223 2564 1315 2622 lutura
1335 2562 1486 2635 privilegia.
1501 2563 1580 2629 Quod
1595 2564 1617 2619 si
1639 2563 1692 2620 ltoc
1709 2581 1764 2621 ron

120 2653 248 2711 oooduoo
279 2651 578 2724 proportionalitatem:
601 2667 672 2726 quoe
695 2654 794 2727 ruguit
818 2653 873 2710 sero
901 2655 929 2712 io
964 2659 1118 2718 admittitur
1133 2657 1167 2714 de
1186 2651 1387 2726 antiquioribus
1400 2653 1565 2726 privilegiis,
1581 2649 1685 2709 etiimsi
1701 2655 1763 2710 uni-

121 2744 252 2801 omulbus
285 2743 430 2816 privilegiis
457 2739 500 2798 od
520 2745 620 2799 instar
646 2743 750 2800 serrari
772 2751 878 2816 potest,
903 2751 930 2802 el
964 2750 1106 2809 versaliter
1128 2743 1290 2820 loquantur,
1310 2758 1400 2816 nequa
1415 2744 1444 2798 in
1464 2743 1694 2815 subsequentibus
1715 2743 1764 2800 ad-

120 2834 214 2890 dtbei·
453 2821 457 2828 ¹
964 2843 1033 2904 mitti
1044 2839 1137 2911 debet,
1153 2852 1217 2892 uam
1230 2835 1342 2892 etiamsi.
1351 2834 1405 2889 sint
1419 2839 1540 2904 tempore
1555 2834 1718 2906 posteriora,
1735 2834 1761 2890 in

164 2931 192 2981 5·
209 2923 245 2980 Εῑ
263 2937 312 2994 per
332 2922 400 2978 haec
421 2920 592 2978 satisfactum
606 2929 656 2978 'iii
675 2922 829 2980 rationibus
849 2923 929 2980 dubi·
963 2933 1060 2990 eodem
1074 2944 1158 2986 sensu
1172 2924 1376 2992 conceduntur,
1388 2939 1444 2996 quo
1460 2922 1659 2994 praecedentia,
1674 2930 1703 2979 et
1715 2939 1762 2980 eo·

88 3023 96 3034 ’
120 3012 202 3071 tandi
217 3027 267 3084 pro
289 3019 407 3083 utraque
428 3017 502 3081 parte
517 3013 544 3067 in
564 3011 696 3084 principio
711 3013 817 3084 positis,
839 3012 928 3070 solum
963 3023 1026 3081 dem
1040 3019 1121 3077 modo
1136 3033 1183 3090 per
1197 3013 1325 3087 specialia
1340 3012 1531 3085 praecedentia
1552 3011 1712 3069 limitantur.
1727 3015 1763 3071 Et

120 3109 252 3174 subtlest
272 3100 476 3172 explicandum,
498 3116 583 3173 quem
598 3102 651 3157 tim
673 3100 771 3158 habeti
789 3105 927 3162 ietttitbo
963 3115 999 3170 ita
1014 3123 1177 3183 responsum
1198 3111 1240 3162 est
1256 3104 1290 3161 ad
1310 3106 1443 3160 rationem
1460 3101 1619 3159 dubitandi:
1643 3102 1762 3159 latemur

123 3193 189 3264 illa,
205 3207 276 3265 quae
289 3190 428 3248 interdum
443 3189 505 3247 addi
524 3189 595 3247 solet
609 3191 748 3265 privilegio
761 3193 843 3251 alicui
862 3211 928 3251 con·
962 3205 1055 3272 enim,
1077 3214 1157 3272 posse
1179 3195 1357 3268 posteriorem
1377 3193 1535 3250 Pontificem
1557 3194 1762 3250 communicare

120 3298 217 3353 cesso,
233 3279 350 3352 scilicet,
368 3287 399 3335 ut
419 3279 454 3336 sit
467 3280 524 3336 eliis
543 3281 820 3355 incommunicabile,
836 3291 868 3341 ut
887 3285 927 3340 slc
963 3294 1027 3350 tulis
1041 3289 1188 3365 privilegia
1201 3301 1333 3358 negamus
1348 3291 1450 3354 mmeo,
1462 3283 1490 3340 id
1503 3283 1593 3340 lacere
1609 3297 1658 3354 per
1674 3283 1760 3340 solam

121 3371 236 3442 (litim,
257 3370 298 3426 iii
313 3375 344 3426 1¹²
363 3367 422 3425 iffii
441 3384 493 3446 ¹¹0⁰
516 3373 747 3428 immunibus·
764 3372 926 3445 Exemplum
961 3382 1115 3442 clausulam
1130 3376 1296 3452 generalem:
1313 3381 1341 3431 et
1355 3374 1426 3430 banc
1441 3374 1496 3430 rim
1510 3379 1539 3430 et
1551 3373 1674 3430 fructum
1693 3372 1759 3430 dici·

122 3461 231 3518 invenio
247 3463 273 3516 in
287 3466 382 3516 nostra
396 3459 531 3516 Societate
542 3461 569 3516 in
582 3461 659 3518 Bulla
670 3462 792 3536 Gregorii
803 3464 871 3536 xlv,
880 3464 927 3520 ubi
962 3489 1024 3532 mus
1038 3471 1139 3528 habet-0
1153 3465 1353 3524 restrictionem
1365 3463 1449 3520 inam,
1529 3497 1533 3506 .

122 3559 191 3624 post
206 3551 293 3607 varias
308 3551 503 3606 concessiones
518 3550 543 3606 in
559 3551 610 3608 lina
625 3552 766 3625 subiungit
779 3553 847 3610 haec
866 3569 926 3610 rer-

120 3642 176 3697 ba:
193 3638 365 3696 Proeseniis
385 3643 486 3694 autem
507 3643 737 3708 constitutionis,
761 3647 789 3698 et
808 3646 927 3716 gratiae
1222 3641 1362 3711 CAPUT
1380 3639 1500 3710 XVIII,

121 3731 427 3786 conamunicotiortcm
440 3729 575 3786 omnibus
590 3730 676 3797 aliis,
694 3734 745 3803 qui
762 3748 821 3789 stoa
833 3736 925 3806 prini-

121 3820 286 3894 lopiacum
299 3823 367 3894 ipso
381 3822 527 3876 Societatc
538 3824 653 3894 copiose
663 3825 838 3908 participat,
850 3839 924 3897 por·
959 3853 1008 3904 A„
1018 3840 1208 3916 confirmatio
1211 3835 1364 3913 pravilegia
1374 3837 1414 3892 stt
1423 3831 1589 3892 mosamius
1597 3834 1755 3899 concessio,

121 3915 308 3985 iicipcreque
322 3915 477 3984 poterunt,
500 3909 713 3983 quomodolibet
732 3915 765 3968 im
778 3910 923 3984 futurum
1029 3931 1075 3992 ,ep
1089 3929 1160 4006 qugd
1174 3932 1221 3996 gp,
1241 3934 1269 3984 ep
1282 3944 1324 3985 a„
1336 3941 1401 3984 ,ma
1413 3925 1451 3982 ap
1465 3923 1533 3983 appa
1546 3922 1685 3997 differas,

110 3999 192 4074 fieri
212 4004 331 4057 cornino
348 4000 549 4074 probibemus.
570 4001 605 4057 lit
630 3999 726 4057 similia
745 4001 830 4057 verba
849 4003 924 4059 circa

123 4089 266 4164 quoddam
287 4089 403 4161 speciale
425 4089 595 4162 privilegium
614 4090 748 4148 Societati·
762 4106 924 4149 concessam
1020 4149 1024 4158 ,
1241 4067 1482 4172 Summum

123 4179 406 4251 habotGregor.lllll.
422 4179 446 4233 in
460 4179 538 4235 Bulla
549 4179 611 4235 anni
629 4184 710 4238 1584:
721 4181 806 4236 Solis
821 4196 922 4254 supcr-

122 4284 190 4342 que.
206 4268 283 4324 Ratio
298 4283 364 4339 eigo
378 4267 520 4323 dubitandi
535 4276 596 4339 est,
612 4269 675 4341 qun
691 4269 757 4324 naeu
779 4269 922 4340 prohibitio
958 4291 984 4341 t.
997 4289 1072 4341 catto
1087 4283 1233 4336 auersatus.
1244 4282 1314 4332 -a
1337 4279 1501 4333 constructio
1522 4285 1597 4330 tutus
1617 4276 1760 4342 dupliciter

123 4373 181 4413 non
196 4356 303 4412 ridetur
322 4371 402 4426 posse
417 4357 714 4431 intpedlre,quominus
730 4359 879 4431 generalis,
897 4366 925 4414 et
993 4357 1118 4424 postulari
1140 4361 1241 4418 potest:
1265 4353 1348 4416 primo
1366 4351 1449 4414 quoad
1469 4351 1582 4400 valorem
1599 4350 1761 4400 substantiae

123 4446 253 4503 absoluta
267 4445 480 4504 communicaflo
493 4447 697 4519 privilegiorum
712 4448 867 4515 societatis,
880 4448 923 4504 iel
993 4419 1762 4555 23:3¹fetmsfiffigffim⁰ffg³¹ffiex³ggffffiffiffinfftffffl

122 4536 248 4594 omnium
268 4534 432 4607 religionum
447 4535 517 4591 lacta
536 4536 612 4592 alteri
626 4538 765 4610 religioni,
782 4538 830 4594 has
843 4539 922 4595 ellam
993 4569 1043 4628 nis,
1058 4567 1097 4614 rel
1111 4568 1142 4614 ,n
1154 4568 1245 4627 sm„
1256 4561 1398 4618 commum,
1412 4560 1450 4610 ,et
1463 4571 1497 4610 η
1507 4559 1581 4609 ,ma
1593 4557 1707 4608 ,osenna
1727 4585 1761 4595 ..

121 4627 230 4700 gratioe
246 4623 546 4697 comprehendatque
561 4642 609 4697 pter
624 4627 648 4681 ln
664 4643 757 4699 parem
772 4644 824 4684 nnn
842 4629 922 4684 babet
991 4639 1018 4688 a.
1033 4634 1195 4686 Confirmatio
1213 4633 1243 4682 itt
1261 4638 1351 4697 {croto
1367 4630 1501 4682 conmuni
1518 4635 1559 4678 est
1577 4641 1640 4692 pura
1659 4633 1685 4676 et
1702 4629 1762 4678 sim-

121 4717 317 4786 imperiurtqet
331 4712 391 4769 ideo
403 4713 547 4784 prohibitio
560 4715 603 4770 illa
615 4731 667 4771 non
680 4724 770 4788 potest
781 4717 922 4788 impedire,
992 4707 1051 4771 pler
1067 4704 1236 4757 ⁰⁰⁰fii¹¹¹³¹¹⁰=
1251 4729 1279 4737 “
1299 4700 1324 4750 ⁵·
1338 4700 1501 4752 C⁰¹¹fii¹¹¹³²³⁰
1514 4711 1548 4748 (ω
1557 4699 1636 4748 *ma
1648 4699 1761 4748 ’‘dem“

122 4806 275 4879 quominus
290 4819 408 4876 sequens
423 4803 543 4860 Ponbiex
558 4804 604 4860 illa
618 4807 759 4880 privilegia
773 4807 832 4862 aliis
847 4823 932 4865 com··
953 4863 962 4878 ,
992 4783 1051 4898 ff&
1063 4789 1125 4895 ἓξὲξ
1139 4771 1761 4906 ffifflffigss,estossaegffiffiffgffinffi

123 4895 259 4954 municet.
276 4895 389 4964 pmiitei
403 4893 477 4967 quud
492 4894 652 4951 Emffl⁸¹¹⁰0¹
667 4895 820 4954 R⁰d0i5⁰i¹⁵
839 4913 925 4969 supra
993 4915 1098 4967 cotrlusa
1113 4921 1153 4965 ost
1171 4913 1232 4963 baec
1246 4911 1347 4962 notitia.
1365 4937 1389 4946 -
1402 4911 1428 4960 e.
1443 4908 1575 4957 Limitatio
1589 4905 1759 4956 confirmatio·

122 4993 179 5041 art.
194 4987 240 5040 27.
259 4983 327 5039 dicit
344 4983 424 5054 ilicet
438 4998 502 5038 cutn
517 4983 690 5056 lormidinel,
707 4999 755 5056 per
770 4987 925 5042 concessio·
995 4987 1044 5037 nis.
1056 5011 1091 5022 -
1102 4985 1127 5034 l.
1151 4985 1224 5035 clara
1242 4979 1379 5045 explicatio
1400 4977 1600 5029 confirmationis
1621 4976 1651 5025 m
1673 4979 1762 5040 [orma

123 5089 173 5130 nes
189 5070 330 5145 generales
345 5078 438 5143 postea
453 5073 555 5144 lactas,
570 5076 653 5130 etiam
667 5074 700 5130 ab
714 5073 808 5131 eodem
824 5077 926 5152 Grego·
994 5057 1136 5108 mmm·
1147 5054 1217 5172 ’ᾖ
1232 5045 1761 5171 113601ῧθῦἣῑωὲῖῗῖἰθΠμιῑξῐξθῗὲἴῗῐῗιὲζὲ

122 5165 167 5220 rio
181 5163 251 5220 lllll.
268 5162 467 5217 communicari
483 5162 539 5219 aliis
560 5163 693 5236 religiosis
714 5165 794 5221 ctiam
809 5167 851 5222 illa
871 5169 925 5238 pri·
993 5125 1335 5256 {ffiffienjffiffufflagosspapff
1336 5131 1637 5241 e0¹31,sipiriiuvu'tit'sffli‘d'lorttta'
1647 5197 1758 5234 commu-

123 5251 234 5326 Vflessiflt
246 5245 310 5325 ‘luia
323 5251 458 5327 &enesim
472 5253 686 5312 ⁰⁰¹¹¹¹¹¹i¹¹¹i⁰i¹ii⁰
697 5257 789 5312 omnia
802 5257 924 5329 comple·
994 5267 1031 5316 ni.
1042 5233 1078 5302 -ss
1092 5266 1134 5318 lo.
1148 5263 1311 5317 Confirmatio
1323 5260 1455 5326 privilegii
1467 5271 1499 5309 er
1510 5263 1583 5308 certa
1595 5255 1704 5308 scicntia
1717 5254 1762 5305 ha-
