4278 6242
913 401 1017 452 muca
1032 405 1057 486 ι.
1648 433 1654 448 .
1700 384 1763 448 143

158 525 195 584 de
215 542 272 600 qua
294 533 452 602 mactatur,
473 527 561 602 magis
581 527 808 600 accommodata,
827 533 855 584 et
869 525 915 584 ilia
929 526 968 583 te·
1006 527 1088 583 etiam
1109 531 1152 582 est
1172 525 1250 599 satis,
1271 523 1347 599 quod
1367 524 1473 582 aliunde
1493 525 1621 596 privatim
1640 523 1804 596 innotescat,

162 616 251 674 made
268 625 312 674 est
331 618 405 676 iuxta
425 616 550 690 regulam
567 617 634 691 legis
649 621 704 689 68,
720 617 747 674 il.
765 616 798 673 de
813 617 913 689 regulis
928 618 969 672 iu·
1006 616 1053 674 sed
1076 631 1188 674 necesse
1208 622 1267 688 est,
1289 621 1321 672 ut
1341 616 1366 671 in
1387 617 1445 686 ipsa
1463 614 1521 687 iege
1538 614 1709 674 sufficienter
1722 615 1806 670 conti

162 706 218 762 ris:
239 711 363 781 Quoties
382 705 462 765 idem
479 723 575 765 εειιιιο
594 706 672 766 duos
691 711 852 766 sententies
872 709 971 781 esprt-
1004 714 1111 765 nentur:
1130 723 1195 780 ergo
1212 722 1264 763 non
1278 721 1456 778 possumuse
1470 705 1606 762 contrario
1621 720 1670 778 ρει
1683 704 1807 762 volunta·

162 797 229 861 mit,
244 812 282 854 ec
292 800 484 872 potissimum
496 799 670 871 accipietur,
685 813 759 870 quoe
769 800 813 854 ret
823 794 970 871 gerendae
1004 803 1058 854 tem
1072 811 1241 870 cognoscere
1255 795 1402 851 verborum
1418 810 1538 851 sensum.

166 888 271 958 optior
285 892 337 944 est.
353 887 428 944 idem
447 887 555 944 asimili
570 888 687 945 sumitur
705 903 739 944 ex
760 888 814 962 leg.
830 891 855 944 sa·
868 903 970 946 servus
1046 890 1089 944 tt.
1112 884 1153 943 dd
1173 885 1413 956 interrogationem
1435 883 1633 956 respondetur,
1653 899 1718 941 cum
1739 881 1808 940 dici-

164 971 314 1047 pturium,
331 971 344 1038 l
358 975 446 1032 ultim.
465 976 493 1032 ιι.
509 976 543 1033 de
558 976 639 1050 legat.
659 983 682 1036 1.
1005 991 1085 1046 mus,
1107 981 1226 1032 mentem
1248 973 1411 1047 legislatoris
1425 971 1562 1030 deservire
1578 972 1611 1030 ad
1626 973 1806 1046 interpretan-

209 1066 254 1121 ιι.
266 1064 722 1124 Circaintentionemseumentem
730 1067 895 1141 legislatoris
904 1081 970 1124 oon·
1004 1064 1067 1122 dam
1083 1063 1182 1137 legem,
1199 1079 1252 1120 non
1267 1079 1327 1120 esse
1343 1079 1467 1129 sensum,
1482 1064 1569 1134 ipsam
1584 1063 1755 1121 voluntatem
1770 1061 1807 1118 le·

168 1151 345 1211 siderandum
356 1161 411 1226 est,
423 1155 457 1212 ab
469 1155 513 1212 ilia
525 1157 697 1228 potissimum
708 1157 827 1229 pendere
839 1163 893 1214 tam
905 1157 971 1213 sub·
1005 1154 1142 1228 gisiatoris
1162 1168 1236 1210 mere
1254 1153 1404 1222 internam,
1424 1151 1466 1208 vei
1481 1151 1635 1210 seeundum
1654 1169 1683 1210 se
1699 1160 1807 1225 specta-

167 1244 311 1316 stentiam,
327 1260 412 1317 quam
425 1243 578 1303 efficaciam
594 1246 670 1320 legis,
687 1247 763 1320 quia,
780 1255 811 1304 ut
825 1247 969 1319 probatum
1005 1249 1139 1311 tam‚esse
1153 1258 1233 1315 posse
1248 1240 1373 1316 regulam
1385 1242 1580 1314 interpretandi
1592 1243 1694 1315 legem;
1708 1247 1807 1298 contra
1842 1264 1844 1270 ¹

168 1339 214 1388 eet
228 1333 254 1386 in
269 1332 317 1390 lib.
330 1334 376 1405 iil,
388 1350 466 1390 mens
477 1333 642 1407 legislatoris
653 1344 696 1393 est
706 1339 796 1394 anima
808 1337 884 1409 iegis3
898 1335 970 1393 unde
1006 1334 1081 1391 hunc
1100 1335 1172 1390 enim
1192 1347 1303 1388 sensum
1325 1339 1401 1388 recte
1416 1331 1570 1403 procedunt
1585 1332 1751 1389 abiectiones
1767 1330 1805 1386 ia-

169 1422 247 1477 sieut
260 1423 288 1477 in
303 1422 410 1479 vivente
425 1423 592 1496 substantia,
606 1433 635 1482 et
650 1427 771 1498 operatio
786 1428 856 1483 vitae
868 1426 901 1482 ab
914 1427 971 1482 ani·
1005 1433 1082 1495 ctae3
1099 1421 1147 1479 sed
1162 1437 1259 1478 sensus
1273 1429 1325 1492 est,
1343 1421 1426 1478 verba
1439 1420 1512 1477 nude
1527 1428 1636 1492 sumpta
1650 1436 1730 1492 saepe
1741 1435 1803 1477 esse

165 1523 213 1565 ma
231 1512 350 1568 maxime
364 1511 473 1584 pendet,
490 1515 529 1570 ita
545 1515 570 1570 ia
585 1514 644 1588 iege
659 1532 674 1572 a
687 1522 778 1574 mente
792 1517 966 1588 legislatoris.
1006 1515 1151 1587 ambigua,
1172 1519 1200 1568 et
1214 1529 1246 1569 ex
1261 1511 1344 1568 variis
1358 1511 1552 1568 intentionibus
1567 1527 1598 1567 ae
1614 1510 1805 1567 volaratatibus

165 1597 218 1653 llla
232 1605 355 1672 asterga
369 1617 435 1658 vera
448 1603 636 1675 interpretatio
648 1603 726 1677 legis,
739 1621 789 1676 per
799 1621 883 1678 quam
895 1621 971 1662 men·
1008 1619 1087 1675 posse
1108 1601 1269 1674 procedere,
1283 1607 1311 1657 et
1325 1600 1384 1657 ideo
1398 1617 1432 1657 ει
1446 1599 1591 1672 adiunctis,
1608 1599 1633 1666 id
1647 1607 1690 1656 est
1703 1615 1735 1655 ει
1749 1615 1807 1656 ma-

165 1693 223 1742 tem
243 1695 272 1743 et
291 1689 459 1747 voluntatem
481 1692 646 1766 legislatoris
660 1675 850 1768 assequimur}
867 1702 895 1750 et
908 1696 969 1752 ideo
1010 1694 1090 1764 teria,
1106 1699 1155 1749 aut
1166 1691 1381 1747 circumstantiis
1392 1689 1541 1762 prudenter
1553 1688 1721 1760 pensandum
1733 1705 1804 1761 esse,

169 1791 351 1850 quacumque
372 1781 477 1838 ratione
498 1781 534 1838 de
551 1789 640 1838 mente
661 1783 823 1856 legislatoris
843 1791 969 1842 constare
1007 1797 1039 1838 ex
1055 1797 1111 1855 qua
1124 1781 1266 1837 voluntate
1281 1784 1309 1836 et
1322 1780 1466 1836 intentione
1483 1780 1682 1851 processerint,
1695 1785 1724 1835 et
1739 1785 1805 1835 tunc

165 1868 265 1938 possit,
286 1867 439 1926 secundum
453 1870 525 1928 iiiam
539 1874 656 1929 maxime
670 1874 722 1930 erit
734 1873 971 1945 lexinterpretan·
1008 1871 1043 1928 ad
1068 1872 1245 1928 intentionem
1271 1868 1433 1941 legislatoris
1457 1867 1719 1924 accommodandam
1745 1883 1807 1924 esse
1913 1913 1917 1918 .

167 1954 214 2011 da.
240 1956 319 2024 Quod
344 1965 435 2030 potest
458 1961 614 2019 confirmari
632 1979 667 2020 cx
687 1964 817 2036 principio
840 1964 969 2036 generati,
1007 1961 1156 2019 verborum
1178 1960 1420 2036 significationem,
1442 1963 1470 2014 et
1488 1958 1749 2030 interpretationem.
1766 1958 1807 2014 lta

167 2044 245 2117 qued
260 2062 294 2104 ex
306 2046 437 2120 Gregorio
452 2051 569 2108 traditur
581 2054 608 2108 in
623 2068 685 2124 cap.
698 2058 859 2110 Humanae
869 2069 968 2121 ocrea,
1006 2053 1126 2109 sumitur
1145 2067 1177 2108 ex
1198 2051 1330 2107 sententia
1345 2049 1437 2106 Hilarii
1453 2048 1499 2106 lib.
1516 2053 1543 2107 t.
1559 2047 1594 2106 de
1612 2051 1756 2106 Trinitote
1767 2047 1806 2105 di·

167 2138 219 2203 ²2,
236 2143 347 2208 quaest.
362 2143 393 2195 5:
409 2143 476 2196 Non
486 2138 568 2198 debet
578 2141 687 2215 uliquis
698 2143 790 2201 cerdo
800 2142 972 2201 considero·
1008 2147 1102 2198 cente:
1119 2138 1321 2212 intelligentia
1333 2137 1481 2194 dictorum
1495 2153 1532 2194 en
1546 2141 1647 2194 causis
1661 2144 1704 2195 ast
1718 2153 1804 2195 ossu-

165 2239 215 2288 re,
236 2226 333 2298 utiqu'e
347 2227 439 2299 nuda,
453 2227 505 2285 sed
517 2233 718 2299 intentionem,
736 2239 764 2290 et
777 2231 967 2302 voluntatem,
1008 2227 1258 2295 mendacilocum,
1277 2233 1348 2300 quio
1360 2244 1421 2284 uon
1435 2229 1564 2284 emmoni
1576 2243 1633 2295 res,
1650 2227 1702 2284 sed
1712 2231 1755 2284 rel
1764 2231 1808 2284 cst

165 2316 241 2386 quio
254 2331 316 2371 oco
327 2314 540 2376 deletiotcntio
549 2320 645 2378 cerdis
655 2319 810 2390 desereire,
823 2321 974 2380 cedocedo
1007 2336 1103 2376 sermo
1117 2319 1274 2380 subtectus,
1292 2333 1354 2389 cap.
1371 2315 1581 2390 Intelliqeotic,
1598 2317 1632 2374 de
1646 2318 1754 2374 verbor.
1767 2318 1802 2372 si·

165 2408 332 2463 intentioni.
354 2407 427 2475 Quae
442 2409 523 2466 sertia
535 2426 588 2467 uon
605 2412 779 2469 inveniuntur
791 2415 816 2468 in
828 2413 971 2485 Gregorio,
1008 2409 1240 2483 gnificatllerum
1251 2414 1294 2465 εει
1304 2409 1396 2481 igitur,
1411 2407 1532 2463 homines
1543 2406 1664 2464 iudicare
1674 2407 1805 2464 demente

167 2493 216 2552 sed
235 2501 299 2551 sunt
309 2497 463 2570 Caelestini,
477 2505 509 2555 ut
520 2497 587 2556 inira
599 2500 760 2558 videbimus.
774 2502 895 2575 Denique
907 2517 973 2558 oon·
1007 2498 1141 2572 loquentis
1161 2512 1194 2554 ex
1210 2498 1315 2569 verbis,
1331 2513 1384 2552 non
1400 2501 1488 2553 tamen
1502 2511 1536 2552 ειι
1550 2496 1600 2553 ιιιιε
1615 2495 1688 2553 nude
1702 2502 1729 2552 et
1743 2496 1806 2552 abs-

166 2587 294 2642 firmetur
312 2603 345 2642 ex
355 2603 409 2644 osu
421 2589 535 2660 iuriam,
547 2590 778 2648 considerantium
791 2592 886 2664 utique
897 2607 971 2647 men·
1007 2593 1094 2644 macte
1109 2589 1243 2659 sumptis,
1265 2585 1312 2642 sed
1329 2593 1359 2642 ut
1370 2587 1526 2642 coniunctis
1543 2585 1670 2642 omnibus
1682 2586 1804 2643 circum·

166 2679 210 2730 tea
233 2674 433 2747 legislatorum,
449 2692 476 2732 c.
495 2679 528 2734 Sl
536 2683 712 2752 postquem,
731 2680 765 2737 de
779 2680 930 2752 electione,
944 2683 972 2737 ιιι
1008 2677 1130 2748 stantiis,
1147 2677 1276 2750 aquibus
1290 2675 1464 2733 determinari
1481 2683 1596 2747 possunt
1610 2676 1643 2732 ad
1657 2675 1728 2731 hane
1744 2692 1803 2732 mu·
1829 2709 1831 2714 ·

168 2767 200 2837 6,
214 2765 266 2820 ibi:
282 2768 332 2822 Eos
345 2768 394 2822 sui
406 2771 501 2822 ιιιειιιε
515 2771 620 2841 estoit,
634 2777 690 2826 etc.
711 2776 740 2827 et
752 2772 779 2826 in
795 2786 822 2828 e.
837 2769 973 2830 Secundo
992 2767 1135 2824 -taticnem
1156 2767 1266 2838 patius,
1287 2781 1370 2838 quam
1385 2766 1464 2821 aliam
1480 2764 1664 2822 indicandam.
1680 2766 1758 2823 Unde
1771 2766 1805 2823 ad

165 2855 309 2926 requiris,
336 2853 371 2910 de
390 2857 480 2926 appel.
496 2871 529 2914 ex
548 2857 698 2916 intentione
714 2859 874 2932 legislatoris
888 2859 972 2916 verba
1008 2858 1244 2914 confirmationem
1257 2856 1385 2926 fatemur,
1398 2854 1485 2928 legem
1497 2871 1551 2911 non
1563 2856 1694 2912 constitui
1706 2871 1756 2927 ρει
1766 2856 1807 2912 in-

166 2942 372 3014 extenduntur,
392 2944 457 3016 quia
471 2945 562 3004 cerdo
574 2949 731 3004 intentioni
746 2947 924 3010 deserviunt,
940 2955 973 3005 ut
1009 2952 1114 3004 ternam
1130 2947 1307 3014 voluntatem,
1322 2945 1372 3001 nisi
1388 2947 1416 3000 in
1431 2945 1489 3018 lege
1502 2945 1558 3015 ipsa
1569 2944 1736 3001 sufficienter
1747 2959 1804 3001 ma·

166 3029 204 3086 ibi
226 3031 371 3104 allegatur.
388 3033 431 3094 sio
445 3033 527 3090 etiam
543 3035 569 3091 in
584 3036 602 3092 l.
620 3053 688 3092 cum
703 3035 821 3103 orelier,
839 3038 867 3095 n.
884 3039 969 3094 solut.
1007 3035 1167 3109 niiestetur,
1183 3042 1215 3092 ut
1227 3034 1326 3107 probat
1338 3033 1407 3090 ratio
1423 3034 1506 3091 iacta.
1523 3033 1700 3091 Nihilominus
1714 3040 1805 3090 tamen

167 3121 288 3178 matrim.
317 3136 350 3178 ex
371 3128 463 3179 mente
483 3123 551 3196 legis
565 3131 682 3196 negatur
696 3128 793 3182 marito
808 3133 921 3198 propter
935 3126 971 3182 le·
1009 3133 1041 3181 ut
1051 3125 1134 3182 verba
1146 3125 1211 3197 legis
1223 3123 1390 3180 sufficienter
1402 3122 1519 3180 indicent
1530 3123 1707 3180 intentionem
1718 3129 1748 3179 et
1758 3138 1807 3179 ao·

167 3211 310 3266 nooinium
332 3213 474 3268 accusatio
494 3213 588 3269 uxoris
606 3212 640 3270 de
659 3214 804 3272 adulterio.
822 3215 897 3272 ldem
910 3231 973 3287 pro·
1007 3215 1140 3272 luntatem
1161 3213 1333 3287 legislatoris,
1348 3227 1403 3269 non
1418 3219 1462 3270 est
1474 3229 1606 3285 necesse,
1623 3220 1654 3270 ut
1668 3213 1806 3270 abstracta

168 3299 252 3355 batur
270 3301 373 3371 optime
391 3315 424 3356 ει
439 3300 457 3356 ι.
474 3305 549 3358 eolre
563 3305 667 3370 ettam,
685 3301 810 3376 fludiud,
833 3304 862 3361 n.
877 3304 911 3361 de
925 3299 973 3362 ea?
1007 3311 1036 3362 et
1047 3304 1120 3362 nuda
1135 3310 1246 3376 sumpta
1259 3301 1332 3359 iliam
1347 3301 1481 3374 indicant,
1497 3303 1544 3359 sed
1558 3309 1692 3376 possunt,
1710 3319 1743 3360 ac
1755 3304 1801 3361 de·

168 3394 261 3444 cusat.
280 3395 420 3462 tutorum,
441 3391 492 3447 ibi:
507 3391 567 3449 Sed
581 3395 636 3449 etsi
649 3396 782 3450 monime
795 3393 886 3450 cerdo
900 3393 971 3467 lepis
1007 3394 1074 3451 ιιειιι
1087 3393 1259 3450 nomnibus
1274 3392 1412 3449 adiunctis
1426 3393 1611 3449 determinari.

167 3477 249 3534 ιιιιιε
271 3477 418 3536 ludebant
431 3478 622 3547 intellectum,
640 3487 741 3539 ιαιιιειι
754 3499 838 3540 ιιιειιε
853 3481 973 3556 lacisic-
1046 3482 1175 3540 Secundo
1190 3483 1351 3554 interrogari
1366 3480 1409 3537 hic
1421 3487 1522 3553 potest,
1535 3497 1570 3537 an
1581 3496 1658 3537 mens
1669 3479 1806 3554 legislato-

169 3570 244 3624 toria
259 3566 346 3624 eliud
357 3568 430 3626 volt.
447 3570 538 3627 Simile
552 3571 633 3628 etiam
645 3571 680 3629 dc
690 3573 860 3628 testamentis
870 3572 972 3630 dicitur
1008 3575 1045 3628 ris
1065 3571 1126 3645 plus
1147 3571 1270 3628 conterat
1289 3569 1322 3626 ad
1344 3584 1437 3626 veram
1456 3570 1707 3641 interpretationem
1727 3569 1806 3644 legis,

170 3657 196 3712 ιιι
214 3656 272 3730 leg.
287 3674 347 3713 ιιοιι
361 3656 457 3726 aliter,
477 3659 504 3714 in
519 3659 607 3731 princ.
623 3660 651 3716 d.
668 3660 702 3717 de
715 3660 768 3733 leg.
786 3665 813 3718 3.
830 3677 833 3684 ·
1007 3677 1091 3734 quam
1112 3661 1209 3731 verba,
1226 3659 1268 3716 vel
1282 3675 1297 3715 e
1311 3673 1455 3716 converso.
1472 3660 1541 3722 Nasu
1555 3675 1587 3717 ex
1601 3658 1681 3716 dictis
1697 3658 1807 3715 videtur

178 3789 181 3796 .
214 3748 334 3814 Quaeret
344 3761 410 3803 aero
421 3747 528 3820 aliquis,
539 3745 586 3821 qul
597 3750 800 3821 possittieri,ut
811 3765 888 3806 meas
897 3765 973 3822 prae·
1008 3751 1101 3823 sequi,
1124 3749 1186 3822 plus
1206 3751 1289 3806 menti
1310 3763 1370 3804 esso
1392 3747 1586 3820 tribuendum,
1608 3762 1690 3819 quam
1707 3746 1806 3818 verbis,

171 3845 214 3893 ter
231 3836 316 3893 rerba
329 3835 430 3910 aliquid
444 3837 570 3896 conterat
584 3838 616 3895 ad
628 3839 716 3912 legem
728 3839 970 3911 interpretandam.
1009 3843 1072 3913 quia
1087 3854 1162 3895 mens
1176 3844 1218 3894 est
1230 3838 1407 3911 praecipuum
1420 3839 1447 3893 ιιι
1460 3837 1529 3909 iege,
1542 3853 1604 3892 nam
1615 3843 1656 3892 est
1667 3839 1722 3892 vita
1735 3836 1805 3892 eius.

168 3925 239 3993 Quia
256 3926 380 3984 homines
395 3943 449 3983 non
465 3936 582 3998 possunt
595 3936 712 3987 mentem
727 3929 839 3987 alterius
855 3931 971 3986 hominis
1008 3931 1076 3986 item
1096 3926 1297 4001 propterquod
1313 3926 1529 4000 unumquodque
1544 3925 1613 3997 tale,
1628 3933 1657 3981 et
1670 3923 1737 3981 illud
1752 3941 1808 3982 ma·

171 4017 332 4087 percipere,
354 4016 406 4071 nisi
424 4031 456 4072 ειι
471 4017 560 4073 verbis
575 4020 652 4093 eius3
668 4035 741 4091 nam,
757 4028 789 4076 ut
803 4021 916 4093 Gregor.
934 4018 974 4076 di·
1008 4021 1065 4091 gis3
1089 4017 1137 4076 sed
1157 4017 1237 4074 verba
1252 4023 1317 4073 sunt
1330 4023 1442 4089 propter
1455 4023 1587 4086 mentem,
1602 4021 1632 4070 et
1644 4030 1698 4071 non
1712 4029 1727 4070 e
1741 4029 1807 4070 con·

169 4105 224 4176 cit,
242 4109 289 4163 26.
307 4103 421 4162 Marci.
437 4112 465 4162 et
477 4106 593 4164 iniertur
607 4108 632 4164 in
647 4108 721 4166 dicto
736 4124 798 4181 cap.
815 4113 974 4168 Humanae
1009 4108 1110 4180 trari03
1133 4121 1198 4180 ergo
1219 4105 1396 4177 praeterendo
1416 4111 1459 4162 est
1478 4121 1555 4161 mens
1574 4105 1675 4161 serbis.
1690 4103 1766 4160 Unde
1780 4103 1806 4158 in

170 4209 280 4262 aures,
304 4194 394 4251 initio:
417 4193 509 4269 Apud
527 4197 660 4254 homines
682 4213 734 4253 cor
750 4197 861 4263 cerdis,
890 4195 974 4272 opud
1009 4211 1070 4269 cap.
1086 4203 1123 4256 Ιιι
1143 4197 1203 4262 itis,
1225 4196 1258 4252 de
1273 4195 1383 4252 verbor.
1402 4195 1590 4267 signification.
1608 4194 1723 4252 dicitur:
1741 4196 1807 4250 Νοιι

169 4287 269 4340 Deum
292 4299 360 4340 oero
374 4285 465 4342 cerdo
474 4290 639 4359 pensantur
652 4302 690 4342 ecc
703 4285 800 4343 corde.
817 4288 973 4344 Hioautem
1009 4285 1094 4344 debet
1106 4285 1215 4360 uliquis
1230 4285 1421 4344 considerare
1435 4285 1534 4347 verde,
1550 4283 1601 4342 sed
1614 4283 1803 4351 uoluntatem,

171 4375 281 4446 agimus
298 4371 332 4430 de
347 4373 467 4431 humano
479 4373 578 4432 iudicio
589 4381 617 4433 et
627 4376 819 4449 intelligentia,
834 4375 974 4449 quomodo
1010 4393 1080 4432 cum
1093 4393 1153 4433 aare
1166 4380 1289 4434 intentio
1303 4374 1408 4442 verbis,
1428 4373 1479 4433 scd
1491 4375 1582 4432 verda
1594 4377 1749 4431 intentioni
1759 4372 1809 4431 de-

114 4503 123 4520 .
168 4477 236 4535 ergo
253 4467 345 4535 potest
358 4479 456 4521 sensus
471 4464 548 4538 legis,
565 4481 636 4538 quae
650 4467 677 4522 ιιι
688 4466 778 4524 verbis
789 4468 927 4538 consistit,
940 4482 974 4524 ex
1010 4465 1100 4523 decrit
1119 4463 1276 4523 desereire.
1299 4466 1330 4521 ln
1347 4464 1518 4522 contrarium
1532 4479 1597 4520 sero
1612 4464 1684 4534 iacit,
1700 4464 1764 4536 quia
1778 4463 1809 4520 li·

171 4558 263 4609 mente
284 4553 372 4624 sumi,
395 4568 460 4610 cum
478 4556 538 4626 ipsa
552 4571 630 4612 mens
645 4571 694 4628 per
706 4556 790 4613 rerba
805 4563 909 4614 tantum
926 4573 974 4614 no·
1010 4560 1055 4612 oct
1073 4556 1167 4613 ordine
1182 4555 1340 4614 intentionis
1355 4571 1432 4612 mens
1444 4555 1478 4612 sit
1488 4555 1563 4627 prior
1574 4554 1674 4628 verbis,
1686 4553 1725 4610 sic
1737 4555 1807 4611 enim

170 4641 212 4698 ιιιε
229 4642 320 4714 ρεεειι
333 4642 517 4700 innotescere?
528 4645 562 4702 Et
575 4648 764 4703 confirmatur:
783 4663 845 4704 nam
860 4648 882 4702 si
895 4646 975 4720 legis·
1009 4644 1141 4702 dicuntur
1155 4645 1238 4702 verba
1251 4661 1313 4703 esse
1328 4652 1441 4717 propter
1455 4651 1586 4715 mentem,
1602 4645 1667 4716 quia
1680 4642 1714 4698 ad
1733 4642 1807 4699 iilam

170 4729 243 4787 tator
266 4746 316 4802 per
337 4732 419 4788 verba
439 4732 507 4804 legis
526 4750 605 4792 auam
627 4743 745 4792 mentem
766 4752 820 4793 non
842 4737 973 4810 declaret,
1009 4733 1181 4791 indicandam
1202 4736 1326 4792 instituta
1340 4741 1421 4808 aunt3
1442 4733 1616 4790 nihilominus
1632 4733 1725 4789 ordine
1745 4747 1807 4789 ese·

170 4833 226 4874 non
250 4820 473 4878 constitueretur
492 4821 551 4895 lea,
573 4838 623 4879 nec
643 4825 763 4882 oriretur
777 4825 919 4897 obligatio,
934 4832 975 4882 et·
1009 4825 1125 4881 notionis
1136 4864 1144 4896 ,
1157 4841 1206 4882 seu
1217 4826 1245 4880 in
1256 4839 1356 4897 genere
1371 4840 1471 4881 causae
1485 4823 1701 4880 instrumentalis
1716 4823 1808 4894 priora

171 4907 253 4964 iamsi
269 4922 303 4966 ex
318 4908 375 4964 aliis
390 4903 557 4968 coniecturis
572 4928 716 4984 possemus
731 4913 822 4986 aliquo
834 4913 916 4970 modo
927 4931 976 4971 vo·
1011 4918 1076 4970 sont
1091 4914 1189 4986 serba3
1213 4929 1275 4970 uam
1291 4929 1340 4985 ρει
1352 4912 1397 4970 ilia
1411 4913 1570 4970 devenimus
1584 4915 1612 4969 in
1627 4912 1808 4984 cognitionem

172 4996 308 5054 luntatem
323 4997 484 5070 legislatoris
499 5017 679 5076 cognoscere,
696 5005 777 5076 quia,
794 5011 825 5060 ut
839 5019 923 5075 supra
937 5005 975 5061 di·
1009 5005 1128 5074 mentis,
1150 5011 1179 5060 et
1198 5003 1344 5060 voluntatis
1359 5002 1536 5075 legislatoris3
1552 5017 1619 5075 ergo
1633 4998 1809 5073 praeferenda

171 5094 250 5144 atum
271 5093 331 5160 est,
356 5087 398 5144 lex
412 5104 467 5145 nnn
481 5091 661 5148 constituitur
674 5091 815 5149 voluntate
830 5093 973 5164 principis,
1009 5098 1051 5150 est
1071 5093 1218 5151 verborum
1237 5093 1278 5148 vis
1292 5094 1320 5148 in
1334 5092 1401 5165 legis
1417 5092 1647 5164 interpretatione.
1663 5091 1697 5147 Et
1711 5090 1810 5146 coudr-

169 5176 221 5232 nisi
246 5191 295 5246 per
314 5177 400 5234 rerba
418 5177 485 5251 legis
504 5179 673 5239 sufficienter
686 5197 832 5254 expressa,
847 5183 913 5255 quia
926 5199 974 5238 vo·
1009 5189 1116 5240 matur:
1138 5199 1201 5240 nam
1221 5182 1287 5239 iilud
1308 5188 1351 5238 est
1370 5180 1596 5251 praeterendum,
1614 5177 1688 5253 quod
1704 5177 1808 5234 certius

171 5264 264 5324 tantm
287 5266 345 5324 sola
364 5282 420 5326 non
440 5267 543 5327 suffieit
557 5285 607 5343 per
621 5287 649 5329 se
663 5270 695 5328 ad
710 5271 904 5346 obligandum,
921 5286 972 5328 nec
1009 5280 1063 5346 est3
1077 5272 1125 5330 sed
1137 5272 1285 5330 verborum
1297 5271 1450 5343 proprietas
1461 5275 1587 5327 estcerta
1598 5274 1625 5325 et
1635 5266 1721 5341 clara3
1734 5282 1810 5324 meos
