4290 6222
442 338 505 402 372
1124 352 1317 404 aramum.

394 482 465 539 tione
487 480 603 554 requirit
621 484 780 553 potestatem
796 478 971 554 legislativum
987 477 1189 551 municipalem,
1228 478 1302 551 quod
1324 479 1465 540 servitutis
1484 479 1510 538 in
1529 479 1616 551 illam,
1632 481 1675 540 rel
1690 480 1883 556 praelationem
1898 483 2016 558 aliquan,

393 581 426 630 ut
439 575 478 629 sic
492 572 601 642 dicam,
617 578 644 628 et
658 573 697 629 sic
712 587 819 643 semper
835 578 961 627 servatur
976 569 1126 642 proportio.
1228 584 1298 640 quae
1319 568 1400 626 hahet
1419 569 1540 632 modum
1552 572 1692 645 privilegii.
1709 573 1754 630 Sic
1769 573 1850 631 etiam
1867 575 2018 632 contrahet·

434 668 459 719 5.
474 661 549 719 Unde
559 660 593 717 ad
605 661 839 718 confirmationem
851 658 942 733 quoad
954 661 1073 730 priorem
1086 662 1192 730 partem
1228 663 1269 715 tes
1283 667 1400 731 possunt
1414 676 1479 718 oum
1493 660 1584 735 aliqua
1597 660 1752 720 conditione
1765 663 1938 734 contrahere,
1957 681 2018 736 quae

392 753 452 808 eius
472 751 624 822 respondeo
644 751 751 823 primo,
772 765 821 823 per
842 765 871 806 se
892 748 1046 822 loquendo,
1065 753 1095 804 et
1114 747 1194 820 quasi
1228 756 1317 821 potest
1330 750 1468 808 interdum
1479 751 1571 808 vocari
1582 752 1752 827 privilegium
1764 759 1876 825 propter
1890 753 2017 828 ellectum,

392 843 502 914 propria
520 843 637 912 virtute,
653 842 788 898 neminem
810 855 889 912 posse
908 839 1064 912 dispensare
1077 839 1104 894 in
1120 837 1191 911 lege,
1227 838 1270 894 rel
1285 839 1424 912 levorem,
1440 855 1521 913 quem
1540 843 1673 898 continet.
1690 843 1736 900 Sic
1756 843 1837 900 etiam
1861 845 2019 916 appellantur
2114 885 2115 888 ,

391 931 441 987 nisi
455 931 502 1004 qui
518 930 590 987 illam
606 930 676 999 tulit,
692 930 735 988 rel
749 931 890 1003 superior,
901 937 928 988 et
939 930 991 988 hoc
1004 928 1085 986 modo
1097 944 1194 1000 proce·
1228 927 1302 1000 leges
1315 935 1495 1000 contractus,
1510 929 1552 986 vel
1567 946 1669 1002 poenae
1687 932 1918 990 conventionales.
1939 935 2019 1005 hique
2114 937 2115 1016 l

393 1020 457 1077 dere
480 1020 553 1077 dicta
570 1019 604 1078 de
624 1021 779 1093 privilegio.
794 1021 845 1078 Per
864 1019 1083 1076 commissionem
1098 1027 1194 1076 autem
1226 1020 1264 1075 ita
1278 1025 1321 1075 est
1333 1021 1360 1075 in
1375 1019 1498 1092 exenrplo
1511 1019 1554 1077 illo
1566 1019 1600 1076 de
1611 1021 1735 1091 civitate,
1746 1037 1818 1094 quae
1829 1021 1890 1078 licet
1904 1037 1955 1078 non
1966 1039 2020 1094 pos·
2114 1029 2115 1092 3

389 1108 554 1184 legislatoris
569 1125 650 1181 posse
664 1109 816 1166 inferiorem
830 1108 987 1181 dispensare
1006 1106 1152 1180 aliquando
1166 1107 1192 1163 in
1228 1109 1263 1165 sit
1276 1107 1362 1181 legem
1374 1108 1445 1166 ierre
1456 1110 1657 1181 municipalem
1671 1112 1845 1169 nibilominus
1856 1126 1904 1182 per
1918 1110 2018 1169 modum

391 1201 450 1273 lege
471 1201 638 1273 superioris,
653 1206 680 1257 et
699 1207 766 1257 tunc
780 1198 920 1270 concedo,
934 1197 1014 1255 etiam
1029 1212 1109 1269 posse
1123 1196 1194 1253 idern
1228 1199 1302 1269 pacti
1315 1204 1343 1255 et
1356 1199 1542 1256 conventionis
1557 1199 1683 1256 concedit
1698 1201 1815 1273 aliquam
1830 1201 2019 1259 immunitatem

392 1291 451 1348 fieri
465 1291 492 1346 in
506 1290 662 1364 privilegio,
677 1291 699 1346 si
719 1289 844 1361 superior
862 1289 928 1346 velit
940 1287 993 1344 hoc
1013 1286 1132 1343 inleriori
1146 1301 1197 1358 po·
1229 1288 1347 1359 ciri,vel
1357 1289 1391 1345 de
1402 1305 1472 1346 novo
1486 1275 1603 1347 admissi
1619 1289 1651 1346 ad
1662 1293 1705 1347 ius
1716 1277 1833 1347 'civitatis
1844 1292 1897 1350 sub
1912 1290 2020 1348 talicun-

393 1381 485 1437 testati
505 1380 673 1452 concedere3
689 1379 742 1436 boc
763 1385 853 1436 autem
872 1394 926 1435 non
944 1384 987 1435 est
1001 1383 1099 1434 contra
1113 1391 1207 1447 regu·¹
1228 1375 1342 1448 ditione,
1358 1377 1400 1434 rel
1415 1378 1527 1451 antiquo
1546 1386 1658 1451 propter
1673 1381 1785 1453 aliquod
1804 1396 1890 1452 opus,
1911 1381 1951 1438 vel
1965 1397 2019 1452 pro-

393 1468 464 1541 lam,
480 1485 530 1526 nec
550 1475 629 1526 entra
647 1475 809 1542 potestatem
826 1469 1015 1542 legislativam.
1031 1468 1100 1524 Nam
1113 1466 1194 1523 etiam
1230 1473 1290 1538 pter
1312 1483 1398 1538 unus,
1414 1467 1489 1539 quod
1510 1469 1537 1524 in
1557 1484 1586 1526 se
1600 1470 1733 1542 suscepit.
1749 1469 1819 1526 lllud
1831 1468 1902 1526 enim
1921 1486 1971 1534 non
1983 1477 2020 1526 est
2114 1513 2115 1528 .

394 1567 486 1632 potest
497 1561 623 1632 superior
638 1559 791 1617 concedere
803 1559 923 1616 inleriori
935 1557 1196 1629 potestatemleren·
1230 1557 1340 1628 proprie
1355 1557 1546 1631 privilegium,
1561 1558 1611 1616 sed
1629 1575 1694 1617 cum
1709 1557 1817 1630 addito,
1834 1558 1955 1630 scilicet,
1969 1567 2021 1616 tan·
2114 1589 2115 1648 3

394 1649 420 1707 di
435 1649 553 1722 aliquant
569 1649 672 1722 legem,
686 1656 718 1705 ut
731 1665 817 1722 supra
830 1648 934 1706 dictum
949 1654 1002 1704 ast.
1014 1647 1195 1705 Nihilominus
1231 1653 1289 1702 tuna
1308 1647 1528 1718 conventionale3
1549 1655 1593 1718 et,
1615 1655 1645 1706 ut
1662 1648 1733 1721 tale,
1748 1649 1913 1707 serrandum
1937 1658 1977 1706 est
1991 1666 2019 1706 er
2114 1653 2115 1672 ¹

394 1745 486 1796 lamen
506 1745 550 1796 est
569 1739 661 1813 aliqua
680 1738 829 1796 differentia
844 1739 914 1796 inter
926 1738 1155 1810 dispensationem
1169 1743 1196 1793 et
1231 1735 1348 1792 naturali
1372 1735 1534 1809 obligatione
1558 1738 1691 1810 iustitiae,
1713 1754 1768 1795 non
1786 1755 1819 1796 es
1841 1738 1952 1812 speciali
1969 1739 2019 1812 lege

395 1828 564 1901 privilegium
581 1830 690 1902 proprie
705 1835 862 1901 sumptum,
878 1833 911 1883 ut
923 1843 984 1900 cap.
1001 1828 1034 1883 ll.
1050 1826 1116 1898 disi,
1132 1827 1196 1899 quia
1230 1827 1357 1884 civitatis.

394 1916 567 1991 privilegium
580 1915 646 1976 dicit
656 1924 818 1991 potestatem
828 1917 900 1975 dese
912 1915 1196 1988 durabilem,etquasi
1271 1919 1297 1972 o.
1313 1917 1353 1972 lix
1372 1915 1452 1973 dictis
1471 1916 1559 1974 iniero
1579 1920 1684 1992 primo,
1710 1937 1850 1978 summum
1874 1920 2019 1977 Pontificem

394 2008 455 2082 lege
475 2014 626 2081 statutam,
644 2006 714 2065 unde
733 2009 877 2065 constituit
889 2007 998 2081 aliquod
1011 2008 1072 2079 ius3
1088 2005 1196 2078 dispen·
1231 2006 1345 2062 maxime
1357 2022 1437 2079 posse
1448 2007 1602 2065 concedere
1614 2009 1811 2082 priuilegialta
1822 2010 1924 2067 docent
1938 2025 2019 2066 omnes

395 2099 462 2158 satio
483 2115 549 2156 vero
570 2099 661 2156 solum
680 2104 724 2156 est
740 2097 806 2174 quid
821 2098 900 2168 lecti,
915 2104 944 2153 et
956 2097 1034 2170 quasi
1050 2095 1194 2152 transiens.
1231 2093 1359 2152 doctores
1374 2095 1493 2169 allegati,
1508 2105 1537 2154 et
1553 2104 1595 2154 est
1611 2113 1659 2171 per
1673 2115 1703 2157 se
1717 2101 1899 2172 notum,quia
1918 2099 2020 2156 maxime

394 2188 428 2245 Et
440 2188 501 2246 ideo
514 2190 663 2246 commissa
677 2194 810 2260 potestate
824 2184 1016 2260 dispensandi,
1029 2202 1083 2244 non
1098 2200 1197 2242 cense-
1230 2183 1312 2240 habet
1322 2190 1484 2257 potestatem
1494 2185 1760 2260 legislativum,etita
1769 2189 1836 2246 haec
1844 2191 1958 2247 assertio
1967 2204 2018 2259 pro·

393 2282 441 2334 tur
461 2284 581 2350 potestas
601 2275 803 2352 privilegiandi,
825 2283 859 2334 ut
878 2278 918 2332 sie
938 2275 1046 2345 dicam,
1063 2273 1127 2347 quia
1141 2273 1195 2332 hoc
1231 2273 1304 2330 cedit
1317 2275 1392 2332 iusta
1407 2271 1536 2348 superiu's
1550 2276 1625 2334 dicta
1638 2277 1671 2334 de
1686 2279 1730 2334 illa
1743 2285 1892 2351 potestate,
1906 2284 1938 2336 ut
1949 2284 1987 2334 est
1998 2279 2018 2332 in

394 2368 533 2439 posterius
553 2368 641 2424 maius
659 2372 687 2423 et
707 2365 846 2424 dillicilius
866 2372 918 2422 est.
935 2366 1031 2438 ltaque
1045 2365 1098 2421 hoc
1113 2365 1195 2422 modo
1230 2363 1383 2438 pontifice,
1405 2364 1448 2422 rel
1474 2367 1500 2422 in
1525 2366 1642 2424 concilio
1662 2367 1791 2441 generali.
1810 2369 1889 2426 Unde
1913 2367 2019 2424 inierunt

393 2457 472 2513 multi
487 2456 587 2514 habant
601 2463 763 2529 potestatem
775 2455 948 2528 dispensandi
962 2456 1194 2512 communicatam
1231 2469 1336 2516 omnes.
1349 2455 1507 2512 Pontificem
1520 2471 1568 2528 per
1583 2471 1612 2512 se
1625 2463 1652 2513 et
1664 2456 1767 2514 directe
1777 2473 1858 2530 posse
1869 2457 1933 2515 dare
1952 2458 2020 2528 priri-

394 2561 410 2602 a
424 2546 584 2618 superiore,
600 2547 646 2620 qui
659 2562 714 2602 non
728 2544 829 2604 hahent
844 2551 1007 2617 potestatem
1024 2544 1194 2618 privilegium
1230 2542 1301 2616 legia
1314 2546 1340 2600 in
1356 2548 1469 2602 materia
1484 2545 1626 2620 spirituali,
1639 2547 1805 2620 quodetiam
1820 2554 1863 2605 est
1875 2563 1919 2618 per
1936 2563 1962 2604 se
1972 2547 2018 2603 cla·

394 2635 573 2693 concedendi.
1230 2648 1304 2690 rum.
1321 2633 1440 2708 ideoque
1458 2634 1525 2692 dicit
1542 2636 1638 2694 innoc.
1655 2651 1716 2710 cap.
1738 2643 1767 2707 t,
1782 2637 1816 2694 de
1828 2638 1958 2696 translat.
1972 2639 2017 2710 epi·

432 2724 473 2782 td
486 2727 599 2783 alteram
614 2731 717 2798 partem
728 2723 850 2782 eiusdem
865 2724 1081 2782 confirmationis
1092 2722 1195 2780 dicitur
1230 2737 1307 2796 scop.
1323 2724 1514 2798 priuileqr'um
1524 2725 1678 2800 Pontificis
1688 2734 1694 2800 q
1705 2726 1730 2783 id
1742 2734 1786 2784 est
1796 2727 1856 2784 eius
1873 2744 2017 2801 supremum

393 2815 498 2887 primo,
513 2815 586 2872 aliud
606 2830 667 2872 esse
685 2815 788 2871 donare
803 2813 906 2886 aliquid
922 2813 954 2871 de
970 2813 1088 2884 propriis
1102 2813 1193 2881 bonis,
1229 2813 1388 2886 imperium)
1400 2829 1461 2870 esse
1471 2813 1608 2888 generale
1618 2821 1646 2872 et
1656 2813 1800 2884 diuinum,
1812 2817 1851 2874 ub
1862 2816 1914 2873 illo
1931 2823 2017 2874 auem

393 2905 436 2962 vel
452 2903 603 2961 concedere
617 2920 701 2961 usum
715 2905 753 2960 rei
774 2904 918 2976 propriae,
935 2909 983 2959 aut
997 2901 1195 2970 similebenefi·
1229 2918 1371 2960 mercasse
1393 2905 1498 2962 cornia
1520 2908 1667 2962 canocice
1689 2909 1841 2965 instituta.
1870 2907 2013 2979 Eademque

393 2995 469 3050 cium
491 2993 598 3065 lacere,
614 2992 686 3049 aliud
708 3008 771 3050 rero
786 2992 925 3064 proprium
941 2992 1111 3064 privilegium
1128 3007 1195 3048 con·
1230 2993 1395 3050 ratioestde
1410 2994 1536 3050 omnihus
1547 2995 1739 3052 ecclesiasticis
1751 2996 1910 3070 privilegiis.
1922 3001 2016 3052 htrero

393 3083 506 3140 cedere:
525 3099 586 3140 narn
601 3082 666 3140 illud
679 3083 753 3156 prius
768 3099 821 3138 non
837 3088 879 3140 est
890 3090 970 3139 actus
987 3081 1193 3154 iurisdictionis,
1230 3082 1254 3139 in
1269 3085 1382 3142 materia
1401 3083 1544 3156 temporali
1560 3101 1613 3142 non
1629 3086 1665 3142 ita
1681 3091 1772 3157 potest
1784 3085 2015 3144 Pontifex-directe
2113 3155 2114 3158 Ἴ

394 3173 440 3231 sed
455 3173 581 3245 dominii,
597 3175 673 3230 etita
688 3173 777 3230 solum
791 3180 834 3230 est
846 3172 913 3248 quid
923 3172 1004 3243 laetiq
1020 3172 1192 3244 privilegium
1230 3172 1368 3245 privilegia
1385 3173 1550 3244 concedere,
1560 3175 1609 3230 nisi
1621 3176 1647 3230 in
1659 3173 1776 3246 propriis
1788 3175 1867 3232 terris
1884 3174 2014 3242 ecclesiae,

392 3279 457 3320 vero
473 3262 546 3320 ultra
561 3261 614 3320 hoe
628 3261 744 3320 includit
757 3261 864 3337 aliquid
878 3263 962 3334 iuris,
979 3261 1100 3332 scilicet,
1118 3261 1191 3335 quod
1230 3262 1275 3318 ubi
1300 3269 1344 3318 est
1357 3262 1485 3319 domiuus
1499 3263 1667 3335 temporalis.
1684 3262 1816 3321 ludirecte
1830 3249 1922 3321 autem
1935 3269 2013 3335 potest

393 3368 442 3424 per
456 3352 569 3410 modum
585 3352 651 3426 legis
666 3367 698 3409 ac
712 3352 780 3409 iuris
794 3353 989 3420 constituatur,
1006 3365 1070 3407 cum
1086 3353 1112 3406 vi
1127 3351 1194 3409 obli·
1230 3352 1313 3407 etiam
1327 3353 1354 3408 in
1370 3351 1734 3422 temporalibus'concedere
1749 3353 1938 3428 privilegium,
1952 3355 2014 3408 sicut

391 3442 472 3516 gandi
489 3442 554 3499 alios
568 3442 602 3500 ad
615 3445 706 3514 ipsum
722 3441 899 3498 servandum.
915 3442 950 3498 Et
962 3440 1024 3497 ideo
1045 3457 1093 3512 per
1108 3455 1136 3496 sc
1150 3456 1194 3497 re·
1231 3446 1324 3512 potest
1344 3440 1419 3513 leges
1440 3440 1524 3498 lerre:
1544 3446 1577 3508 et
1597 3443 1636 3498 sic
1659 3449 1749 3514 potest
1769 3444 1852 3499 etiarn
1872 3427 2031 3514 temporalia

391 3534 477 3606 qdirit
491 3539 655 3604 potestatem
676 3532 884 3599 iurisdictionis,
898 3547 954 3587 non
973 3531 1063 3588 solum
1083 3531 1194 3603 quando
1231 3529 1373 3602 privilegia
1387 3530 1510 3598 sulerre,
1533 3531 1579 3587 ubi
1593 3529 1625 3588 ad
1641 3532 1791 3604 spiritualia
1805 3531 1891 3589 luerit
1905 3546 2014 3588 necessa·

391 3621 506 3693 derogat
526 3623 578 3679 iuri
599 3624 758 3691 communi,
774 3620 822 3676 sed
842 3621 923 3696 etiarn
942 3619 1052 3693 quando
1069 3617 1195 3676 concedit
1231 3621 1318 3691 rium,
1339 3619 1381 3675 vel
1400 3636 1449 3692 per
1467 3619 1578 3678 modum
1598 3620 1750 3694 condignae
1771 3623 1964 3692 poenitentiae,
1979 3618 2013 3675 rel
2112 3699 2113 3702 Ἴ

392 3711 494 3782 aliquid
510 3717 617 3781 praeter
631 3711 688 3782 ius3
702 3726 764 3767 nam
779 3710 846 3767 illud
862 3715 956 3782 postea
971 3715 1099 3779 respectu
1114 3709 1196 3779 priri·
1231 3723 1334 3778 poenae
1349 3709 1499 3778 coactivas,
1513 3707 1555 3766 vel
1570 3708 1602 3766 ad
1618 3699 1764 3766 tollendam
1778 3713 1950 3767 occasionem
1960 3725 2012 3781 pec·

392 3799 494 3872 legierii
509 3806 637 3873 tanquam
649 3801 690 3856 ius
706 3799 872 3856 servandum
886 3805 938 3854 est.
954 3799 1068 3866 Quando
1082 3815 1148 3872 ergo
1164 3798 1195 3854 il·
1231 3797 1329 3869 candi3
1348 3807 1376 3854 et
1392 3805 1540 3871 utrumque
1555 3797 1692 3872 colligitur
1705 3814 1739 3856 cx
1753 3813 1814 3870 cap.
1830 3804 1860 3858 2.
1877 3799 1910 3856 dc
1925 3797 2015 3870 privile·

391 3888 433 3945 lae
444 3890 646 3960 concessiones,
662 3905 732 3961 quae
744 3905 791 3960 per
803 3887 919 3944 dominia
931 3885 1038 3960 privata
1048 3889 1126 3956 itant,
1142 3889 1194 3960 pri·
1231 3887 1293 3958 giis.
1303 3888 1415 3948 Duobus
1430 3894 1522 3944 autem
1537 3888 1625 3943 modis
1637 3895 1727 3958 potest
1737 3889 1863 3946 Pontiler
1873 3887 2011 3945 concedere

392 3977 490 4052 vilegia
504 3978 651 4049 dicuntur,
665 3969 719 4036 la'to
734 3977 814 4034 modo
829 3980 946 4034 sumitur
961 3979 1129 4050 privilegium
1144 3994 1194 4050 pro
1230 3979 1402 4050 privilegium
1423 3979 1451 4033 in
1472 3977 1685 4050 temporalibus,
1707 3993 1761 4034 uno
1783 3978 1865 4035 modo
1891 3979 1953 4050 quia
1966 3979 2013 4048 ipsa

392 4067 516 4139 quolibet
529 4067 648 4135 bonore,
664 4067 756 4123 lurore
767 4107 775 4137 ,
786 4065 827 4123 rel
844 4067 959 4123 utilitate
972 4067 1118 4124 liberaliter
1129 4083 1195 4122 con·
1232 4067 1390 4138 temporalia
1406 4067 1534 4124 indirecte
1549 4067 1622 4124 laeta
1635 4073 1700 4124 sunt
1714 4068 1912 4139 spiritualia,id
1922 4065 2011 4137 estspi·

392 4171 471 4212 cessa
483 4159 510 4212 in
525 4157 639 4228 propriis
653 4155 749 4216 boniet
762 4162 851 4212 umen
866 4154 932 4213 illud
946 4172 999 4212 non
1011 4155 1113 4212 dicitur
1128 4172 1192 4228 pro·
1230 4145 1375 4220 ritualibus
1389 4154 1510 4226 adnexa,
1526 4162 1557 4213 ut
1572 4164 1638 4213 aunt
1652 4157 1783 4228 decimae,
1802 4157 1827 4215 in
1843 4158 1942 4230 quibus
1955 4158 2011 4212 Pon·

392 4246 448 4317 prie
464 4246 647 4319 privilegium,
664 4245 711 4302 sed
725 4261 775 4317 per
789 4244 933 4318 quamdam
946 4245 1131 4315 imitationem,
1141 4261 1191 4302 seu
1231 4244 1294 4300 tiles
1309 4244 1450 4318 privilegia
1463 4244 1639 4302 conceditlu
1653 4246 1704 4303 hoc
1717 4253 1806 4302 tamen
1818 4244 1901 4303 modo
1911 4243 2010 4302 aduenio

391 4335 639 4407 analogiamUnde
650 4333 752 4391 dicitur
763 4333 896 4407 secundo,
908 4349 940 4390 eo
952 4332 1045 4405 modo,
1058 4349 1113 4406 quo
1126 4333 1193 4391 haec
1229 4334 1299 4391 illius
1314 4336 1444 4391 materiae
1459 4336 1616 4403 temporalis
1631 4335 1665 4392 ad
1677 4337 1719 4392 ius
1735 4336 1875 4409 spirituale
1889 4333 2011 4393 antecedit

392 4429 526 4481 uocantur
541 4423 697 4496 privilegia,
714 4421 802 4480 solere
816 4424 897 4480 etiarn
912 4423 985 4494 leges
1000 4423 1148 4494 appellari,
1165 4433 1194 4480 et
1230 4422 1262 4479 ad
1285 4423 1472 4496 privilegium,
1494 4423 1537 4480 illa
1559 4430 1650 4481 autem
1670 4426 1825 4496 supposita,
1843 4426 1960 4483 Pontiler
1973 4437 2012 4495 per
2110 4449 2111 4492 3

392 4515 430 4569 ita
444 4529 509 4568 cum
527 4514 705 4586 proportione
720 4512 783 4569 oriri
799 4528 813 4567 a
828 4518 963 4584 potestate
975 4511 1135 4585 legislativa.
1149 4513 1192 4570 Sic
1229 4501 1361 4571 dire'ctam
1376 4519 1538 4586 potestatem
1554 4513 1682 4572 concedit
1696 4515 1833 4588 privilegia
1846 4517 1874 4572 in
1889 4515 1932 4572 tali
1942 4519 2012 4570 mate·
2110 4503 2111 4514 ’

391 4604 462 4658 enirn
479 4602 670 4674 pateriamilias
685 4601 788 4659 dicitur
802 4605 971 4659 constituere
986 4603 1073 4675 legem
1085 4602 1192 4659 vivendi
1229 4604 1288 4675 ria,
1305 4605 1379 4659 sicut
1398 4618 1446 4674 per
1459 4601 1591 4660 directam
1606 4610 1770 4674 potestatem
1784 4603 1837 4661 lert
1851 4607 1936 4678 legens
1949 4603 2012 4660 circa

391 4693 419 4748 in
435 4691 516 4748 domo
533 4707 599 4764 sua,
614 4699 640 4749 et
655 4695 694 4749 sie
709 4692 789 4749 etiarn
803 4690 905 4748 dicitur
919 4693 946 4747 in
960 4691 1004 4748 ills
1021 4691 1192 4764 priuilegium
1228 4693 1444 4764 matrimonium,
1454 4693 1595 4764 supposita
1606 4693 1773 4749 connexione
1785 4693 1858 4750 lacta
1869 4696 1936 4750 inter
1945 4691 2011 4748 illum

392 4782 563 4854 concedere,
581 4781 623 4839 rel
643 4784 713 4838 inter
730 4781 816 4852 lilios,
836 4780 877 4838 vel
893 4783 964 4838 inter
984 4780 1116 4850 famulos,
1135 4788 1190 4838 stc.
1227 4787 1402 4838 contractum
1421 4781 1593 4838 strationem
1609 4781 1926 4856 sacramentihlioergc
1943 4778 2011 4837 modo

391 4873 437 4928 Sic
447 4873 531 4929 etiam
545 4877 659 4929 testator
673 4871 773 4928 dicitur
787 4871 861 4945 leges
875 4886 975 4942 ponere
986 4871 1011 4925 in
1024 4870 1193 4927 institutione
1227 4877 1317 4942 potest
1337 4869 1490 4927 concedere
1513 4869 1686 4944 privilegium
1702 4856 1857 4928 in'materia
1871 4886 1935 4945 pure
1956 4877 2011 4926 tem·

390 4979 442 5020 sua
457 4963 490 5019 ab
504 4961 667 5018 haeredibus
682 4960 846 5030 servandas,
859 4975 929 5033 quae
944 4961 1036 5034 potius
1053 4966 1192 5016 suntcon·
1227 4959 1313 5031 porali
1329 4959 1428 5016 iutuitu
1448 4959 1506 5014 linis
1525 4959 1692 5030 spiritualis,
1708 4961 1781 5016 sicut
1800 4959 1933 5018 interdum
1956 4971 2011 5013 con-

389 5051 505 5110 ditiones
521 5052 672 5126 quaedam,
688 5057 715 5108 et
729 5050 824 5108 eodem
844 5049 926 5106 modo
939 5048 1030 5121 pote'st
1042 5051 1114 5106 iuter
1130 5047 1192 5105 hae·
1226 5047 1298 5105 cedit
1310 5047 1481 5122 privilegium
1495 5048 1709 5122 legitimationis,
1721 5049 1802 5106 etiarn
1813 5049 1905 5122 quoad
1922 5057 2011 5117 tempo

389 5143 469 5200 redes
484 5142 651 5216 privilegium
669 5143 717 5198 uni
736 5138 886 5198 concedere
906 5155 971 5211 prae
991 5138 1063 5210 aliis,
1079 5138 1122 5194 vel
1144 5139 1190 5194 uni
1226 5137 1309 5194 rnlem
1326 5139 1541 5211 successionem,
1554 5139 1900 5211 capPeroerecrcbileos,
1917 5138 1963 5211 qui
1975 5132 2010 5189 oti

388 5232 541 5308 relinquere
560 5234 612 5292 sub
630 5230 799 5302 conditione,
824 5236 855 5287 ut
873 5229 943 5288 alius
961 5227 1061 5287 habeat
1078 5229 1121 5286 ius
1142 5226 1191 5285 ali·
1225 5229 1279 5286 sint
1298 5227 1426 5302 legitimi,
1443 5227 1489 5286 ubi
1509 5229 1719 5288 Panormitanus
1738 5235 1767 5290 et
1787 5229 1831 5288 alii
1845 5229 1897 5288 late
1911 5227 1943 5286 de
1963 5225 2007 5282 hoo
2109 5217 2110 5259 l
