4278 6242
895 320 999 370 araur
1014 321 1116 368 xxrrr.
1142 335 1149 348 ·
1609 343 1613 351 ·
1741 313 1782 372 99

176 446 341 520 particulari,
365 463 423 504 nan
444 448 537 505 solum
552 448 693 520 negative,
709 445 756 502 sed
770 446 850 501 etiam
864 451 976 500 eontra·
1013 443 1220 501 substantialem
1235 459 1306 514 esse,
1318 447 1391 502 sieut
1401 437 1422 501 si
1436 448 1462 501 in
1477 462 1508 502 ea
1522 444 1708 518 dispensatum
1723 455 1806 504 essct.

176 537 221 604 τῖες
243 537 282 591 ita
302 537 388 592 etiam
410 526 438 592 iri
460 537 521 609 lege
536 538 674 607 irritante,
695 543 726 592 ut
739 535 762 591 si
776 551 808 591 ex
825 535 975 590 irritatione
1010 532 1062 589 Sed
1078 540 1185 608 contra,
1198 537 1265 607 quia
1280 535 1367 591 torma
1382 534 1567 593 substantialis
1582 526 1646 592 cum
1659 538 1809 594 constituat

175 631 329 682 contractus
353 625 398 682 hic
419 633 446 682 et
462 641 538 682 nunc
562 631 713 698 sequantur
734 622 870 692 absurda,
890 622 976 677 inteu·
1010 622 1048 677 rei
1067 623 1223 692 essentiam,
1237 623 1317 680 debet
1330 639 1390 681 esse
1405 640 1513 696 semper
1527 624 1633 697 eadem,
1645 625 1736 698 quoad
1752 626 1807 683 deri

176 713 231 770 tiam
254 713 428 787 legislatoris
452 715 603 772 contraria.
620 713 752 784 Accedit,
773 711 846 785 quod
862 712 913 766 hac
931 727 973 766 ra·
1009 711 1112 781 possit3
1136 711 1218 768 debet
1230 714 1311 768 ctiam
1326 729 1386 769 essa
1401 713 1578 770 immutabilis
1593 715 1618 770 ia
1634 731 1685 792 suo
1700 715 1808 787 ordine,

175 804 237 860 done
263 803 344 860 multi
369 804 519 876 iurisperiti
543 803 661 874 docent,
683 803 770 874 legem
784 800 970 858 annullantem
1009 799 1045 854 ita
1059 806 1089 854 ut
1104 799 1197 856 saltem
1211 802 1286 857 solus
1299 802 1355 872 ipse
1367 801 1438 858 illanr
1452 808 1558 858 mertare
1570 806 1665 874 possit,
1677 804 1723 876 qui
1734 805 1806 861 illam

174 901 260 950 actum
282 894 309 948 in
334 892 457 948 latorem
472 892 600 964 alicuius,
616 908 669 948 non
685 891 777 948 sortiri
792 891 931 958 ellectum,
947 889 969 944 si
1007 887 1133 944 instituit.
1150 890 1185 946 Et
1209 889 1260 944 bac
1285 891 1388 946 ratione
1413 891 1543 962 dicimus,
1570 890 1675 948 nullum
1697 899 1804 962 praeter

173 983 283 1038 irritatio
298 983 324 1038 in
340 983 401 1038 eius
416 981 790 1054 nocum'entumcedat,quia
803 988 868 1035 tune
882 985 974 1035 cassat
1008 976 1145 1032 Christum
1165 979 1306 1035 bominum
1327 995 1408 1050 posse
1430 981 1530 1050 lacere,
1552 988 1582 1036 ut
1603 991 1806 1039 sacramentum

172 1072 237 1126 ratio
259 1070 329 1142 legis
355 1072 531 1138 contrariae,
555 1072 620 1144 quia
639 1070 755 1126 vertitur
779 1071 804 1124 in
827 1067 969 1138 damnum,
1007 1066 1067 1121 aine
1085 1065 1257 1124 substantiali
1272 1069 1360 1126 torma
1374 1069 1460 1125 valide
1477 1072 1532 1141 liat,
1549 1087 1636 1143 neque
1650 1075 1676 1127 in
1691 1074 1743 1129 boc
1760 1075 1808 1131 ad·

172 1158 241 1232 quod
261 1165 376 1230 propter
395 1158 574 1216 commodum
594 1159 682 1215 luerat
697 1173 878 1228 concessum3
895 1164 923 1212 et
937 1156 972 1211 ita
1008 1153 1127 1210 mittitur
1143 1155 1257 1227 epiilria,
1275 1173 1364 1230 neque
1377 1158 1540 1230 dispensatio
1554 1176 1602 1232 ρετ
1617 1152 1709 1232 alium,
1725 1179 1807 1234 quam
1876 1164 1881 1176 ’

172 1253 213 1303 est
223 1254 319 1304 contra
332 1247 511 1303 intentionem
522 1246 684 1328 legislatoris
699 1253 727 1303 ει
739 1253 836 1302 contra
847 1233 971 1317 regulam
1007 1259 1056 1315 per
1079 1244 1226 1315 ipsummet
1246 1247 1403 1320 Christum,
1425 1265 1492 1321 ergo
1515 1251 1584 1306 idem
1606 1266 1670 1306 cum
1692 1269 1809 1324 propor-

173 1338 236 1392 iuris
256 1351 342 1406 supra
366 1339 490 1392 citatam.
507 1337 584 1405 Quod
604 1336 686 1392 tradit
703 1335 827 1392 absolute
842 1335 926 1391 Feliu.
944 1335 971 1390 ln
1007 1335 1077 1388 tione
1093 1334 1237 1392 dicendum
1258 1343 1300 1392 est
1319 1336 1345 1392 iu
1366 1339 1439 1394 omui
1456 1340 1545 1395 torma
1566 1341 1736 1397 substantiali
1758 1358 1806 1414 per

171 1440 231 1496 cap.
250 1428 330 1496 liris,
347 1426 383 1482 de
405 1426 495 1482 testib.
511 1444 540 1481 u.
560 1427 584 1483 l.
608 1443 672 1482 cum
694 1429 808 1482 Roman.
825 1440 904 1481 cons.
922 1429 969 1481 32.
1007 1421 1094 1494 legem
1113 1426 1283 1482 introducta.

170 1515 287 1585 dicente,
303 1516 497 1572 alienationem
511 1514 611 1571 iactam
626 1531 641 1571 a
654 1516 766 1586 minori,
783 1513 907 1586 quamvis
922 1527 970 1567 an·
1048 1517 1074 1568 3.
1091 1514 1218 1570 Secundo
1233 1516 1267 1572 de
1282 1516 1354 1572 omni
1369 1517 1521 1574 irritatione
1536 1519 1697 1588 probibente
1712 1527 1805 1579 actum

169 1605 288 1662 uulletur
308 1621 358 1677 per
372 1607 431 1677 ius,
448 1605 574 1662 sustineri
587 1604 776 1664 nibilominus.
792 1604 814 1658 si
831 1603 855 1657 in
870 1601 970 1658 utilita-
1005 1608 1047 1658 est
1067 1603 1166 1660 efficax
1186 1607 1271 1676 ratio,
1299 1607 1365 1678 quia
1386 1606 1429 1663 lex
1455 1606 1563 1664 irritans
1583 1609 1752 1666 voluntatem
1772 1611 1806 1667 ad

168 1703 221 1752 tem
240 1697 355 1752 minoris
376 1694 470 1752 cedat.
486 1696 530 1751 Sic
550 1695 631 1750 etiam
645 1694 714 1750 dixit
726 1696 875 1762 Navarrus,
891 1693 971 1747 Com·
1005 1697 1099 1748 actum
1119 1692 1249 1764 aliquem,
1266 1693 1415 1751 inhabilitat
1435 1712 1592 1768 personam,
1614 1699 1656 1754 rel
1678 1699 1806 1770 simplici-

167 1792 252 1842 ment.
261 1784 296 1840 de
307 1785 399 1857 regul.
409 1801 436 1840 n.
447 1789 492 1854 32,
503 1789 679 1842 contractum
695 1784 798 1840 lactum
813 1799 829 1838 a
842 1780 969 1854 religioso
1005 1786 1063 1853 ter,
1079 1781 1122 1837 rel
1137 1781 1170 1838 ad
1185 1783 1420 1854 contrabendum,
1437 1788 1489 1841 nist
1503 1789 1581 1843 iuxta
1595 1788 1709 1844 sormam
1725 1787 1806 1862 legis,

166 1873 224 1928 sine
238 1873 352 1930 licentia
370 1873 497 1946 praelati,
511 1873 577 1930 licet
590 1889 639 1945 ρετ
655 1889 684 1928 se
702 1888 756 1928 non
771 1870 875 1941 valeat,
891 1870 914 1924 si
930 1875 969 1926 ta·
1006 1868 1080 1924 sicut
1100 1869 1126 1926 in
1148 1871 1281 1942 principio
1302 1874 1400 1945 capitis
1425 1876 1615 1945 praecedentis
1635 1876 1807 1936 declaratum

165 1978 228 2018 men
247 1961 331 2019 cedet
354 1965 383 2018 in
408 1961 551 2018 utilitatem
565 1961 718 2036 religionis,
740 1960 885 2031 sustineri,
905 1959 971 2031 quia
1003 1964 1063 2029 est;
1076 1958 1124 2014 sed
1136 1959 1289 2017 inhabilitas
1301 1977 1349 2034 per
1364 1963 1452 2035 legem
1465 1963 1579 2021 inducta
1591 1981 1643 2024 non
1659 1974 1750 2039 potest
1763 1985 1806 2025 re·

165 2052 191 2106 in
205 2053 265 2108 eius
279 2050 405 2108 lavarem
421 2053 535 2108 irritatio
549 2052 620 2108 taeta
632 2056 684 2106 est.
700 2051 789 2124 htquc
807 2047 902 2104 eodem
913 2047 969 2104 lere
1004 2047 1080 2102 stitul
1094 2063 1142 2118 per
1157 2048 1269 2106 modum
1283 2049 1412 2121 eptilriaa,
1428 2055 1493 2125 quia
1506 2053 1600 2124 epiilria
1613 2054 1647 2110 ad
1667 2071 1807 2113 summum

163 2141 248 2196 rnodo
260 2139 333 2198 idern
347 2143 502 2198 Nararr.iu
518 2143 668 2199 Commeat.
682 2140 716 2196 de
731 2138 842 2196 alienat.
856 2153 911 2194 rer.
924 2152 969 2193 ec·
1004 2141 1096 2205 potest
1112 2137 1270 2195 conducere
1285 2138 1318 2195 ad
1339 2143 1544 2198 excusationem
1560 2143 1747 2216 obligationis:
1771 2145 1805 2202 ad

163 2229 347 2288 clesiasttcar.
359 2247 376 2286 a
387 2247 464 2287 uum.
479 2235 522 2288 15.
534 2229 597 2287 dicit
612 2230 800 2286 alienationem
815 2241 908 2282 rerum
922 2240 969 2282 ec·
1004 2221 1121 2280 dandam
1143 2233 1235 2282 autem
1250 2233 1432 2299 potestatem,
1448 2245 1531 2302 quam
1547 2230 1630 2288 homo
1645 2247 1698 2288 non
1714 2233 1805 2303 habet,

163 2317 396 2381 etesiaaticarum,
413 2335 467 2375 non
482 2318 590 2375 serrata
605 2320 692 2375 torma
702 2317 852 2382 Ecclesiae,
862 2323 890 2373 et
903 2332 970 2372 con·
1004 2319 1054 2369 aut
1071 2315 1268 2371 restituendam
1285 2315 1417 2388 ablatam,
1430 2333 1483 2374 non
1500 2319 1614 2389 suthcit,
1627 2323 1691 2391 quia
1705 2321 1738 2377 ad
1753 2322 1806 2378 hoc

166 2414 209 2462 tra
227 2407 316 2480 legem
335 2410 489 2465 irritantem
514 2409 624 2478 tactam,
646 2423 706 2464 esse
727 2406 861 2479 validam,
883 2409 906 2462 si
926 2412 969 2463 εει
1002 2403 1155 2474 requiritur
1173 2397 1307 2475 posittr'us
1327 2410 1424 2477 octus,
1439 2409 1486 2479 qut
1508 2414 1574 2464 tunc
1589 2424 1642 2464 non
1658 2409 1702 2480 art,
1718 2425 1769 2466 nec
1790 2426 1807 2467 a

167 2497 242 2554 utilis
257 2497 414 2568 Ecclesiae,
436 2505 465 2554 et
480 2500 506 2553 in
522 2513 552 2554 ee
567 2505 695 2554 servatur
709 2497 795 2554 torma
816 2497 875 2552 iura
888 2501 967 2551 natu·
1003 2493 1155 2563 superlore,
1172 2509 1222 2550 nec
1237 2495 1271 2550 ab
1286 2495 1388 2567 aliquo,
1402 2497 1450 2567 qui
1465 2498 1518 2554 rim
1534 2496 1632 2554 babeat
1645 2500 1806 2558 restituendi

168 2585 217 2642 ruli
231 2585 330 2643 debita.
343 2585 476 2659 ldemque
492 2586 559 2643 dicit
577 2585 610 2642 de
633 2586 766 2643 electione
782 2585 852 2641 tacta
871 2591 969 2640 contra
1003 2587 1168 2652 potestatem
1187 2581 1322 2654 ablatam,
1338 2582 1381 2638 vel
1400 2583 1538 2640 auferendi
1553 2585 1747 2646 inhabilitatem
1766 2591 1805 2646 in·

168 2675 281 2742 termam
295 2677 377 2732 iuris.
394 2679 517 2748 Denique
541 2691 573 2732 err
594 2675 646 2732 hoc
667 2673 968 2748 principioaltqutousi
1001 2669 1127 2727 ductam.
1145 2672 1203 2728 Nec
1229 2673 1342 2745 cogitari
1365 2679 1469 2746 potest,
1495 2675 1571 2752 quod
1594 2692 1643 2747 per
1662 2692 1691 2734 sa
1715 2685 1807 2736 cesset

168 2771 235 2822 sunt
248 2765 353 2837 dicere,
371 2781 420 2838 per
440 2764 564 2838 epiilriam
578 2781 657 2837 posse
674 2781 746 2822 nunc
762 2764 908 2837 aliquando
923 2779 968 2819 ra·
1003 2760 1175 2832 inhabilitas,
1191 2761 1232 2818 vel
1253 2762 1328 2833 quod
1343 2763 1394 2818 sub
1408 2778 1439 2818 ea
1458 2762 1615 2820 conditione
1631 2765 1744 2824 inducta
1759 2770 1803 2841 sit,

166 2854 222 2912 lere
237 2857 441 2911 matrimonium
459 2856 529 2912 inter
541 2854 692 2912 catholicos
713 2854 819 2910 tactum
840 2853 898 2908 sine
919 2869 965 2924 pa·
1003 2858 1035 2908 ut
1048 2853 1074 2907 in
1096 2867 1167 2908 casu
1180 2852 1353 2908 necessitatis
1368 2854 1528 2927 auferatur,
1544 2854 1679 2928 volquasi
1693 2874 1809 2930 suspen·

165 2943 253 3000 rocho
271 2951 298 3000 et
319 2944 449 3015 testibus,
465 2946 546 3001 etiam
560 2944 585 3000 in
599 2944 684 3015 locis,
702 2945 746 3000 nbi
760 2951 803 3002 est
817 2942 965 3000 concilium
1001 2939 1097 3013 datur3
1118 2939 1143 2995 id
1159 2943 1230 2996 enim
1246 2948 1290 2997 est
1303 2941 1386 2997 veluti
1401 2947 1500 2998 contra
1514 2951 1642 3000 naturam
1656 2945 1807 3004 inhabilita-

164 3033 385 3105 promutgarum,
402 3033 524 3105 scilieet,
541 3034 566 3090 in
584 3050 652 3090 casu
667 3040 803 3090 extremae
818 3033 966 3090 necessita·
1002 3029 1034 3083 tis
1048 3027 1188 3100 absolute,
1202 3036 1230 3084 at
1245 3032 1303 3085 sina
1318 3031 1488 3087 restrictione
1504 3031 1647 3090 inductae:
1671 3042 1714 3091 est
1725 3037 1806 3093 etiam

163 3122 210 3192 tis,
228 3121 271 3178 uhi
283 3139 339 3178 uon
356 3122 433 3179 adest
446 3122 597 3193 parochus,
611 3129 638 3178 ει
652 3122 819 3194 periclitatur
831 3121 905 3179 salus
920 3137 964 3178 aa·
1002 3125 1098 3174 contra
1113 3132 1215 3175 morem
1236 3117 1330 3174 talium
1346 3118 1454 3192 legum,
1470 3122 1580 3194 quoties
1601 3123 1681 3180 talem
1703 3124 1808 3182 inhabi-

164 3215 243 3266 tama
266 3210 382 3266 bominis
406 3211 591 3268 concubinarii
621 3212 726 3284 agentis
752 3213 888 3282 animam,
915 3211 965 3266 nisi
1001 3205 1104 3262 litatem
1120 3207 1280 3277 simpliciter
1295 3207 1439 3280 inducunt,
1457 3217 1489 3267 ut
1504 3217 1578 3283 patet
1593 3212 1626 3268 de
1641 3211 1806 3276 inhabilitate

163 3302 243 3370 prius
266 3300 468 3356 matrimonium
492 3316 556 3356 cum
580 3300 734 3357 concubina
755 3300 919 3371 contrahat,
939 3305 966 3356 et
1000 3293 1033 3351 ad
1050 3295 1267 3352 contrabendum
1281 3313 1346 3354 cum
1358 3301 1562 3372 consanguinea
1573 3301 1600 3357 ira
1611 3301 1700 3374 gradu
1715 3304 1806 3374 prohi-

162 3391 315 3445 necessttas
334 3389 416 3444 etiam
436 3404 535 3461 magna
549 3395 643 3462 urget,
665 3395 695 3445 ut
713 3388 760 3444 tilii
776 3388 887 3462 legitimi
906 3387 964 3443 effi·
1000 3384 1076 3454 bito,
1100 3387 1213 3455 quaein
1229 3385 1304 3442 nullo
1318 3401 1386 3442 casu
1401 3403 1511 3445 cessare
1525 3398 1615 3461 potest
1629 3392 1684 3446 stne
1699 3390 1806 3463 dispen-

162 3479 281 3534 ciantur.
314 3501 320 3510 r
998 3473 1113 3529 satione.
1291 3543 1295 3552 Ι

202 3572 231 3624 2.
251 3567 435 3624 Nihilominus
459 3583 574 3639 censeo,
599 3568 625 3623 in
651 3567 755 3640 legibus
781 3566 962 3635 irritantibus,
1037 3564 1071 3619 Et
1085 3562 1137 3618 hac
1151 3565 1257 3619 ratione
1272 3564 1369 3622 dieunt
1384 3569 1569 3624 communiter
1583 3567 1725 3643 doctores,
1743 3587 1805 3642 per-

162 3671 236 3728 quae
255 3656 297 3713 rel
318 3655 435 3713 sormam
451 3655 656 3712 substantialem
671 3655 796 3711 burnonis
810 3655 960 3711 contracti·
999 3668 1094 3708 aonam
1115 3652 1259 3724 inhabilem
1285 3652 1319 3709 ad
1340 3656 1544 3712 matrimonium
1565 3673 1618 3712 non
1641 3674 1720 3729 posse
1742 3675 1807 3731 pro·

162 3747 217 3802 bus
236 3747 404 3819 praefigunt,
420 3744 462 3801 rel
480 3745 602 3802 absoluta
619 3745 763 3816 prohibent
777 3750 856 3800 actus
870 3786 877 3814 ,
892 3759 963 3817 quos
999 3747 1061 3814 pter
1071 3741 1268 3814 quodcumque
1286 3742 1452 3820 periculum,
1462 3743 1504 3800 rel
1516 3753 1621 3802 metum
1633 3749 1728 3803 mortis
1740 3763 1806 3804 corr-

163 3837 284 3908 irritant,
304 3851 361 3892 nou
383 3849 444 3892 esse
464 3833 656 3891 admittendam
670 3833 857 3904 exceptionem
872 3832 963 3903 quoad
999 3829 1107 3888 trahere
1131 3831 1355 3904 matrimonium,
1371 3838 1401 3906 et
1418 3849 1628 3907 consummare,
1648 3837 1713 3909 quia
1734 3853 1804 3894 nun-

161 3925 340 3982 irritationem
360 3929 442 3981 actus
456 3939 505 3996 per
518 3923 603 3978 solam
617 3922 755 3994 epitkiam,
770 3920 909 3977 moraliter
923 3920 961 3976 lo·
998 3937 1082 3993 quam
1097 3921 1149 3976 erit
1163 3920 1232 3977 illud
1247 3923 1450 3978 matrimonium
1467 3923 1584 3980 validum
1600 3932 1712 3998 propter
1729 3926 1806 3983 inba-

162 4013 283 4087 quendo.
299 4015 330 4069 ln
345 4014 386 4070 his
400 4014 473 4071 enim
487 4013 590 4081 rebus,
610 4027 681 4085 quae
700 4025 732 4068 ex
747 4011 827 4067 variis
842 4013 974 4067 circum·
998 4009 1141 4082 bilitatem,
1163 4026 1234 4082 quae
1254 4027 1308 4067 non
1329 4013 1486 4068 restituitur
1501 4027 1549 4085 ρετ
1570 4021 1686 4088 metum,
1702 4016 1744 4090 rel
1766 4017 1802 4072 si·

162 4105 267 4161 stantis
287 4102 423 4176 pendent,
444 4103 488 4159 ria
508 4109 599 4174 potest
617 4109 671 4158 tam
687 4100 961 4173 universalisregula
998 4099 1088 4156 mitem
1104 4099 1289 4156 occasionem.
1305 4101 1348 4156 lta
1361 4099 1456 4158 docuit
1471 4103 1537 4158 Solo
1552 4101 1597 4158 lib.
1616 4105 1640 4161 t.
1653 4103 1688 4160 de
1702 4107 1798 4160 instit.

162 4194 308 4260 constitui,
329 4207 401 4266 quae
414 4207 475 4265 ,non
494 4191 613 4264 patiatur
626 4191 745 4264 aliquam
759 4189 962 4263 exceptionem,
997 4205 1025 4261 q.
1035 4191 1063 4260 6,
1077 4193 1129 4244 art.
1142 4195 1168 4246 t.
1182 4189 1207 4244 in
1222 4189 1284 4260 tine,
1302 4197 1330 4246 et
1344 4199 1502 4264 sequuntur
1515 4191 1620 4248 lledtna
1637 4194 1737 4264 t.2,q.
1752 4197 1799 4262 96,

163 4281 184 4335 si
203 4280 337 4354 finfflndi,
364 4288 393 4338 et
410 4280 581 4353 excogitandi
602 4296 684 4337 casus
699 4278 780 4336 detur
792 4279 917 4336 licentia:
934 4285 962 4336 et
998 4285 1051 4335 art.
1072 4281 1098 4348 t,
1116 4277 1183 4334 dub.
1197 4282 1226 4336 2.
1243 4276 1276 4333 ad
1292 4283 1320 4349 2„
1337 4285 1365 4335 et
1379 4279 1422 4335 atii
1436 4278 1572 4352 moderni3
1585 4295 1650 4352 ergo
1665 4280 1736 4336 idem
1750 4283 1804 4336 erit

164 4369 223 4428 ideo
244 4371 387 4431 moraliter
409 4371 549 4444 loquimur
568 4370 602 4426 de
622 4369 749 4426 humanis
765 4369 861 4441 rebus,
876 4376 967 4441 prout.
996 4367 1023 4424 in
1044 4382 1222 4441 quacumque
1240 4361 1319 4424 simili
1340 4369 1518 4426 inhabilitate.
1533 4370 1608 4428 ldem
1628 4372 1718 4428 tridera
1738 4373 1803 4429 lieet

164 4461 315 4518 seeundum
329 4461 499 4518 ordinarium
512 4475 627 4516 cursum
642 4459 851 4532 coutingrrnt3et
865 4459 903 4516 sic
919 4458 960 4514 di·
996 4460 1022 4513 in
1034 4457 1247 4530 irregularitate,
1267 4473 1337 4530 quae
1351 4457 1384 4514 de
1397 4475 1426 4514 so
1441 4452 1572 4531 perpetua
1583 4467 1637 4528 est3
1654 4460 1803 4518 licetenim

164 4551 260 4622 cirnus,
273 4556 368 4607 actum
384 4550 490 4605 irritum
502 4564 551 4620 per
565 4549 652 4622 legem
668 4550 826 4622 simpliciter
840 4556 868 4606 et
882 4547 964 4604 abso·
997 4547 1021 4603 in
1037 4563 1104 4604 casu
1116 4547 1202 4618 possit
1215 4546 1343 4618 suspendi
1356 4565 1423 4604 usus
1438 4549 1495 4604 eius
1507 4550 1583 4606 circa
1594 4556 1700 4620 actum,
1712 4569 1796 4624 quem

166 4637 233 4708 luto,
254 4655 307 4694 nou
329 4653 412 4711 posse
434 4653 555 4712 unquam
581 4638 664 4694 valide
686 4639 742 4694 fieri
764 4645 862 4695 contra
878 4639 961 4694 verba
997 4637 1132 4711 probibett
1146 4644 1173 4694 ει
1195 4652 1247 4693 nan
1263 4637 1362 4708 irritat,
1377 4654 1431 4694 non
1450 4622 1549 4696 tamen'
1561 4646 1650 4711 potest
1664 4642 1722 4713 ipsa
1741 4659 1790 4700 au·

167 4725 227 4800 legis
245 4744 293 4800 per
311 4728 399 4783 satam
419 4725 554 4799 epiilriam.
570 4727 707 4784 Probatur
729 4729 827 4799 primo,
844 4726 953 4800 quaudo
997 4727 1078 4797 terri,
1095 4727 1146 4783 nisi
1161 4723 1326 4798 dispensatio
1341 4727 1501 4784 intercedat.
1517 4730 1553 4798 Et
1567 4729 1637 4786 idem
1651 4739 1695 4787 est
1708 4732 1735 4786 in
1750 4748 1797 4788 ex-

167 4815 203 4872 lcr
214 4817 318 4874 inducit
331 4815 542 4873 substantialem
553 4809 755 4889 lormim,quia
766 4818 792 4870 ira
804 4815 878 4872 nullo
890 4832 957 4872 casu
997 4817 1267 4889 communicatione,
1283 4822 1311 4872 et
1330 4817 1390 4873 aliis
1405 4821 1530 4874 censuris
1540 4799 1634 4891 :quae
1654 4836 1707 4877 non
1727 4822 1803 4878 aule-

167 4914 247 4977 petest
264 4889 310 4964 ies
330 4907 484 4963 subsistere
504 4908 561 4962 sine
580 4907 625 4962 tali
640 4906 745 4978 torma,
761 4921 827 4980 ergo
843 4907 869 4961 tra
884 4906 959 4962 nullo
995 4911 1096 4963 runtur
1111 4911 1221 4977 propter
1231 4906 1400 4963 extrinsecas
1415 4907 1586 4979 occasiones,
1600 4915 1630 4964 ut
1643 4910 1682 4965 sic
1694 4910 1795 4984 dicam,
1902 4963 1905 4970 .

166 4998 236 5053 etiam
255 5013 325 5054 casu
347 5001 443 5069 potest
462 4996 578 5052 irritatio
592 5009 722 5064 cassare,
737 5011 808 5068 quae
825 4997 957 5052 orituros
995 4996 1047 5053 nisi
1066 5013 1115 5069 per
1137 4995 1338 5055 absolutionem
1359 4996 1536 5070 auterautur;
1558 4997 1602 5053 vel
1622 4999 1672 5053 nist
1693 4998 1719 5055 in
1741 4999 1800 5071 ipsa

166 5085 261 5144 deiectu
275 5087 339 5144 talis
355 5086 475 5142 termae.
485 5083 574 5155 Dices,
585 5100 639 5141 non
655 5084 804 5140 subsistere
817 5100 875 5140 rem
891 5092 957 5142 tuuc
996 5085 1056 5159 lego
1069 5084 1188 5142 babeant
1197 5085 1344 5141 terminum
1356 5085 1518 5158 praefixum,
1532 5102 1588 5159 quo
1600 5087 1725 5145 absoluto
1738 5103 1798 5145 ces·

164 5177 211 5234 sine
228 5177 318 5235 torma
339 5171 536 5248 substantiali,
557 5173 604 5230 sed
618 5174 741 5231 desinere
755 5172 869 5232 sormam
884 5173 958 5232 illam
996 5181 1066 5232 sent.
1082 5174 1160 5243 Quod
1181 5175 1262 5233 stiam
1276 5167 1312 5232 in
1324 5174 1525 5232 irritationibus
1538 5183 1565 5232 ει
1583 5177 1796 5237 inhabilitatibus
