4256 6224
859 369 967 424 CAPUT
981 369 1059 421 xrrl.

117 516 295 588 rationibus,
310 522 339 573 et
353 513 499 588 presertim
514 519 547 571 ut
559 509 678 570 docebat
690 507 781 565 minus
799 501 932 577 perlecta,

118 613 150 662 et
167 604 351 680 promittebat
364 602 526 676 temporalia
540 603 622 658 bona.
636 599 704 657 Nam
718 597 784 670 quia
799 589 934 667 pharisaei

118 695 264 753 Christum
292 693 457 763 irridebant,
477 708 510 748 eo
528 691 605 765 quod
617 688 731 746 doceret
744 686 935 754 contemptum

120 785 296 855 divitiarum,
324 791 353 840 et
373 781 587 856 reprehenderet
607 779 722 835 nimium
741 776 871 833 allectum
892 771 934 828 lu·

120 875 222 932 eraudi
244 871 408 944 temporales
429 872 552 940 divitias,
573 870 638 943 quia
651 871 678 924 in
692 867 746 924 hoc
760 863 904 921 ridebatur
918 877 935 918 a

120 963 182 1036 lege
203 963 361 1020 discordare
388 963 564 1033 promittente
584 957 761 1030 temporalia:
778 953 838 1010 ideo
852 951 932 1021 dixit,

120 1053 197 1110 illam
215 1053 368 1110 doctrinam
390 1051 456 1124 legis
469 1057 499 1107 et
511 1050 709 1124 prophetarum
725 1045 809 1103 luisse
823 1058 935 1100 accom-

122 1141 262 1198 modatam
288 1142 428 1214 prioribus
449 1140 620 1213 temporibus
641 1150 730 1210 usque
745 1134 779 1191 ad
792 1135 932 1189 loannem.

124 1236 319 1297 Carcasso,
343 1234 397 1302 111,
412 1246 537 1306 regnum
551 1232 608 1286 Det
625 1226 859 1300 evangelizator,
876 1229 931 1278 etc.

122 1323 163 1377 lta
175 1321 231 1378 iere
242 1319 393 1395 Theophyl.
410 1321 456 1390 ibi,
468 1335 552 1392 quem
564 1319 804 1392 sequiturlansen.
813 1329 875 1385 cap.
885 1316 932 1370 95.

123 1410 259 1466 Concord.
275 1420 304 1466 et
323 1416 458 1466 consonat
473 1409 567 1466 llatth.
584 1423 646 1480 cap.
665 1410 708 1478 11,
721 1407 768 1478 qui
779 1403 883 1460 clarius
895 1401 935 1458 di-

124 1499 180 1554 xit:
207 1500 316 1556 Omnes
338 1499 501 1575 propbetne
522 1495 617 1554 11111
629 1493 774 1569 usquead
788 1497 934 1550 Ioannem

121 1587 385 1663 prophetaverant.
415 1589 483 1644 Nam
503 1587 556 1644 sub
577 1587 659 1643 aerbo
683 1585 935 1661 prophetaverunt

125 1685 181 1734 tam
196 1676 396 1749 praedictiones
414 1677 584 1746 luturorum,
594 1691 677 1749 quam
690 1674 895 1746 promissiones,
907 1678 936 1728 et

125 1771 182 1822 tcta
197 1767 345 1823 instructio
368 1766 434 1838 legis
449 1765 560 1839 intelligi
572 1771 697 1837 possunt,
710 1771 738 1820 et
749 1762 839 1819 omnia
849 1760 883 1818 ad
894 1763 935 1816 iu·

126 1857 274 1912 tentionem
299 1855 399 1912 Christi
421 1863 487 1912 sunt
507 1854 728 1912 accommodata.
749 1853 816 1920 Quia
837 1867 935 1907 sensus

124 1947 293 2017 praecipuus
314 1953 374 2016 est,
392 1954 479 2002 totam
495 1945 650 2002 doctrinam
665 1943 732 2017 legis
745 1949 774 1999 et
787 1942 935 2015 propbeta·

125 2051 189 2092 runr
210 2034 244 2091 ad
265 2043 373 2105 tempus
398 2031 874 2102 111111111111111111111111,1111
890 2028 934 2086 illo

125 2141 208 2182 suurn
225 2125 457 2195 complementum
482 2125 637 2196 recepisse,
652 2130 681 2179 et
693 2121 748 2178 hoc
763 2137 778 2177 a
793 2121 935 2193 praedica·

125 2215 198 2270 tione
212 2213 318 2270 loannis
335 2215 453 2270 maxime
464 2215 615 2284 sumpsisse
626 2211 746 2282 initium,
759 2211 824 2267 licet
835 2211 862 2265 in
871 2209 934 2265 loco

123 2303 251 2362 llatthaei
277 2305 363 2377 magis
381 2303 503 2360 rideatur
516 2304 643 2360 Christus
656 2301 789 2359 Dominus
807 2300 881 2373 loqui
902 2298 935 2356 de

124 2389 186 2466 lege
200 2399 227 2450 et
246 2392 396 2465 prophetis,
411 2398 441 2448 ut
453 2391 673 2464 praedicentibus
687 2392 797 2459 lutura,
813 2390 886 2445 sicut
898 2389 933 2445 ibi

125 2485 284 2558 llieronym.
303 2489 332 2539 ct
344 2481 485 2557 chrysost.
500 2489 651 2553 exponunt,
665 2481 707 2536 rel
720 2488 751 2536 ut
761 2477 934 2536 tradentibus

126 2571 257 2629 moralem
284 2573 438 2629 doctrinam
462 2572 568 2628 inlirmo
586 2570 670 2627 statui
684 2567 933 2635 accommodatam,

126 2669 157 2742 at
171 2664 252 2718 eliam
271 2661 398 2718 videntur
413 2662 513 2717 sentire
527 2661 599 2718 idem
612 2659 762 2736 Theophyl.
777 2658 869 2716 llatth.
888 2663 932 2729 11,

123 2760 154 2808 11
168 2754 275 2808 lansen.
293 2767 354 2824 cap.
371 2755 417 2810 li·
433 2749 600 2808 Concordet.
617 2750 738 2809 Ulterius
754 2765 819 2804 uero
833 2747 932 2804 addere

125 2857 286 2913 possumus,
306 2841 412 2898 etiamsi
427 2841 511 2896 rerba
525 2841 567 2896 illa
581 2840 615 2896 de
628 2838 688 2910 lege
703 2845 735 2895 ut
749 2839 932 2910 praecipiente

1243 487 1385 559 CAPUT
1404 487 1493 557 Xlll.

969 701 1019 758 Ars
1038 699 1088 758 les
1108 704 1190 758 vetars
1211 701 1370 757 cessaverit
1388 696 1488 773 quood
1507 696 1718 770 obligationem
1737 699 1770 752 tra
1840 731 1849 750 .

1009 795 1103 847 rraorte
1116 789 1162 847 cel
1174 792 1388 848 resurrectione
1405 789 1530 850 Christi,
1546 786 1591 844 vel
1605 784 1771 845 antediem

1006 883 1201 938 Pentecostes.

1255 1068 1480 1134 summarium

970 1261 994 1310 l.
1007 1259 1091 1311 Prima
1102 1261 1242 1321 sententia,
1253 1271 1319 1323 quae
1329 1257 1447 1318 affirmat,
1456 1258 1538 1320 legem
1549 1264 1662 1307 ueterem
1672 1259 1699 1309 in
1710 1272 1773 1322 pun-

1003 1338 1046 1381 cto
1067 1333 1159 1382 mortis
1176 1331 1272 1381 Christi
1290 1328 1370 1378 luisse
1387 1333 1523 1378 mortuam.
1540 1351 1575 1363 -
1592 1327 1618 1378 2.
1637 1325 1775 1378 Coniirma·

1005 1407 1057 1450 111.
1073 1428 1107 1436 -
1120 1401 1146 1451 3.
1161 1398 1276 1450 Secunda
1289 1398 1429 1458 sententia,
1444 1409 1510 1460 quae
1522 1396 1642 1457 affirmat,
1656 1397 1725 1447 illam
1740 1399 1774 1448 le·

1003 1482 1061 1532 gem
1075 1471 1100 1520 in
1110 1470 1205 1521 Christi
1216 1475 1300 1520 morte
1311 1467 1407 1518 lethale
1419 1467 1513 1516 vulnus
1524 1467 1662 1530 accepisse,
1674 1479 1775 1531 11111-

1005 1540 1030 1590 lo
1048 1546 1104 1604 post
1121 1547 1248 1590 mortuam
1266 1537 1355 1588 luisse:
1369 1563 1405 1572 —
1416 1537 1444 1586 1.
1459 1537 1542 1586 Prima
1559 1537 1702 1587 conclusio:
1719 1537 1773 1588 Lex

1005 1617 1079 1660 retus
1097 1617 1198 1660 mortua
1212 1623 1261 1660 non
1276 1607 1326 1657 luit
1338 1605 1421 1669 quoad
1434 1606 1615 1668 obligationem
1628 1606 1654 1655 in
1667 1606 1723 1669 ipso
1735 1608 1774 1657 in·

1004 1681 1084 1729 stanti
1103 1680 1193 1730 mortis
1212 1677 1318 1730 Christi.
1337 1701 1371 1712 -
1391 1675 1417 1726 5.
1435 1675 1563 1726 Probatur
1583 1675 1727 1726 rationibus
1745 1681 1773 1726 et

1003 1750 1190 1811 congruentiis.
1204 1774 1237 1784 -—
1251 1748 1277 1798 6.
1292 1745 1469 1808 respondetur
1486 1745 1518 1795 ad
1536 1743 1700 1796 fundamenta
1713 1759 1773 1797 con·

1004 1819 1101 1868 1111111
1114 1817 1267 1868 1111111111.
1280 1843 1313 1852 -
1329 1815 1354 1864 7.
1366 1813 1398 1864 Et
1408 1815 1440 1864 ad
1450 1813 1667 1865 confirmationem
1677 1827 1708 1865 err
1718 1815 1773 1880 epi·

1004 1893 1038 1936 st.
1053 1888 1085 1938 ad
1097 1887 1234 1938 liebraeos.
1249 1913 1284 1923 -
1296 1885 1322 1935 8.
1337 1884 1409 1934 11111
1428 1885 1499 1934 locus
1511 1885 1583 1934 Pauli
1596 1883 1628 1933 ad
1640 1885 1712 1936 Rom.
1728 1898 1771 1935 aa·

1004 1958 1055 2008 rias
1068 1957 1145 2008 habet
1155 1957 1347 2020 explicationes.
1364 1979 1397 1990 -·
1409 1954 1549 2018 Responsio
1562 1953 1594 2003 11
1606 1953 1651 2004 has
1661 1953 1773 2018 explica·

1005 2027 1097 2077 tiones.
1110 2025 1350 2078 —Conlirmantum
1361 2051 1397 2062 -
1407 2024 1432 2074 9.
1445 2024 1538 2075 Contra
1552 2023 1617 2072 hanc
1630 2025 1773 2088 responsio·

1003 2109 1070 2145 nem.
1084 2123 1119 2134 -
1133 2097 1175 2148 10.
1189 2096 1320 2160 Expositio
1337 2094 1456 2145 aliorum.
1470 2120 1505 2129 -
1519 2095 1560 2143 11.
1574 2092 1722 2144 Reiellitur.
1736 2121 1770 2132 -

1007 2165 1049 2216 l2.
1064 2167 1180 2216 Aliorum
1194 2166 1334 2229 responsio.
1346 2191 1380 2199 -
1392 2163 1435 2214 13.
1445 2163 1584 2214 lielellitur
1594 2161 1657 2213 haec
1668 2175 1773 2228 respon·

1003 2237 1052 2286 sio.
1071 2262 1105 2270 —
1129 2237 1171 2286 11.
1189 2235 1303 2286 Solvitur
1321 2240 1499 2296 argumentum
1516 2233 1548 2282 de
1565 2239 1703 2296 praecepto
1721 2247 1771 2284 non

1003 2304 1209 2369 concupiscendi.
1224 2304 1314 2353 -15,
1329 2303 1416 2353 Tertia
1431 2303 1557 2366 expositio
1576 2303 1711 2353 recreauit
1728 2317 1771 2353 su·

1003 2387 1049 2439 pra
1062 2376 1146 2425 citati.
1160 2401 1194 2412 -
1208 2375 1252 2424 16.
1263 2374 1358 2436 Quarta
1371 2373 1507 2437 expositio.
1521 2400 1556 2408 —
1571 2373 1611 2422 11.
1624 2373 1718 2434 Quinta
1728 2385 1771 2424 etr·

1003 2446 1105 2508 positio.
1125 2473 1161 2482 —
1178 2443 1327 2496 lielellitur.
1348 2471 1382 2479 -
1404 2442 1445 2492 18.
1466 2442 1559 2492 Ultima
1578 2444 1712 2504 expositio.
1737 2469 1771 2480 -

1005 2515 1047 2564 19.
1067 2515 1183 2565 Solvitur
1196 2511 1308 2564 obiectio
1320 2525 1397 2576 supra
1409 2511 1477 2562 laeta
1491 2510 1597 2562 lundata
1610 2512 1636 2560 in
1649 2513 1701 2562 illis
1714 2525 1772 2562 rcr-

1002 2584 1042 2634 bis
1053 2595 1103 2646 per
1114 2594 1211 2646 corpses
1222 2579 1332 2633 Christi.
1343 2610 1378 2618 —
1388 2581 1483 2632 Primo.
1496 2609 1531 2617 -
1544 2580 1587 2632 20.
1598 2581 1724 2632 Secundo.
1736 2607 1770 2618 --

1001 2652 1045 2704 11.
1060 2654 1158 2705 Tertio.
1173 2652 1262 2702 -11,
1277 2653 1311 2702 ite
1324 2651 1436 2702 secundo
1446 2658 1562 2714 tempore
1571 2652 1721 2701 cessationis
1735 2651 1771 2701 le·

999 2723 1041 2784 gis
1054 2725 1159 2774 veteris.
1174 2749 1208 2759 -
1220 2720 1398 2773 Conlirmatur.
1413 2749 1447 2757 -
1461 2719 1504 2771 23.
1519 2721 1571 2770 Les
1581 2727 1655 2770 retus
1665 2726 1767 2770 mortua

1002 2805 1052 2844 non
1069 2792 1118 2843 luit
1131 2795 1157 2844 in
1169 2799 1266 2857 puncto
1278 2791 1486 2850 resurrectionis,
1500 2789 1545 2840 sed
1556 2795 1612 2852 post
1626 2789 1691 2839 illud
1703 2791 1768 2840 obli·

1001 2862 1082 2924 gavit.
1107 2889 1140 2900 -
1162 2863 1205 2913 11.
1228 2861 1431 2911 Fundamentum
1452 2859 1507 2910 Soti
1527 2859 1590 2922 quid
1612 2860 1713 2922 probet.
1732 2885 1767 2895 —

1003 2932 1046 2982 15.
1060 2933 1112 2982 Lea
1124 2941 1199 2984 retus
1217 2944 1266 2981 non
1285 2930 1335 2980 luit
1352 2933 1475 2994 abrogata
1487 2941 1567 2991 usque
1580 2927 1612 2978 11
1624 2929 1691 2978 diem
1705 2929 1768 2979 Pen-

125 2930 355 3002 intelligerentur‚
375 2945 408 2986 ex
423 2929 476 2986 illis
487 2945 541 2986 non
553 2927 655 3001 colligi,
667 2927 754 3000 legem
766 2927 838 2983 illam
850 2927 932 2983 luisse

1003 3008 1124 3052 tecostes.
1143 3029 1175 3039 -
1194 3001 1408 3064 111111111111
1426 3003 1536 3063 punctus
1552 2998 1720 3050 difficultatis·
1735 3025 1770 3035 -

123 3027 263 3076 mortuam
278 3035 292 3076 a
310 3026 434 3091 tempore
445 3019 562 3092 loannis,
575 3017 622 3074 sed
633 3020 698 3091 qaia
708 3024 851 3092 aegrotare
865 3025 931 3074 tuno

125 3111 229 3182 coepit,
242 3125 295 3166 non
307 3110 394 3166 multo
406 3116 470 3181 post
479 3115 596 3165 mortem
605 3107 706 3164 Christi
717 3108 863 3177 moritura,
872 3106 931 3164 ideo

127 3215 216 3271 usque
240 3198 274 3255 ad
295 3201 423 3256 loannem
445 3197 656 3270 intercurritur,
671 3203 703 3255 ut
715 3196 783 3256 diali
795 3196 931 3254 llaldona·

128 3295 174 3344 tus
188 3288 281 3345 llatth.
303 3296 335 3360 5,
351 3304 423 3344 rere.
443 3291 487 3348 li.
503 3287 529 3344 in
543 3291 604 3344 fine.

170 3379 209 3434 11
231 3381 414 3451 posteriorem
434 3377 614 3435 abiectionem
633 3375 815 3450 respondetur
836 3377 863 3433 in
878 3377 932 3449 prl-
1010 3389 1034 3440 1.
1054 3379 1176 3438 Ε111111
1199 3378 1244 3438 illo
1266 3379 1351 3452 primo
1365 3387 1504 3452 tempore,
1519 3377 1666 3436 dicendum
1680 3382 1722 3434 est
1736 3377 1770 3434 de

127 3467 194 3538 mis,
214 3469 236 3524 si
253 3469 370 3525 abcuius
394 3477 468 3525 esset
487 3467 632 3540 momenti,
652 3482 706 3523 non
727 3467 814 3522 solum
834 3465 931 3538 proba·
965 3467 1769 3543 1111111111111111111111111111111111111111111-

127 3573 169 3627 re,
182 3557 271 3630 legem
282 3558 366 3615 luisse
378 3566 528 3627 mortuam,
538 3557 678 3613 sedetiam
691 3557 855 3612 mortiferam
869 3563 930 3612 anta
965 3560 1119 3630 tistristi,
1137 3566 1196 3616 tum
1208 3558 1342 3632 rehquum
1355 3564 1462 3631 tempus
1474 3573 1563 3631 usque
1575 3558 1608 3614 11
1618 3557 1690 3613 diem
1700 3559 1769 3614 Pen-

126 3646 229 3702 Christi
242 3654 383 3718 mortem,
405 3647 469 3721 quia
491 3645 582 3702 solere
603 3648 688 3702 ileum
705 3645 779 3702 lalsis
794 3645 878 3718 signis
892 3646 931 3700 in·
965 3655 1097 3719 tecostes,
1115 3649 1180 3721 quia
1194 3663 1226 3703 ex
1241 3646 1407 3703 resolutione
1424 3648 1523 3718 prioris
1538 3646 1633 3718 puncti
1646 3644 1724 3702 lacile
1734 3645 1770 3704 de

129 3735 247 3793 trinsece
267 3736 370 3794 maium
384 3744 436 3793 est.
453 3735 532 3794 Unde
545 3736 700 3793 necessario
714 3734 862 3792 dicendum
875 3741 929 3804 est,
965 3738 1072 3812 reliquo
1089 3746 1214 3810 tempore
1228 3736 1374 3794 constabit.
1391 3737 1421 3792 ln
1436 3737 1523 3808 primo
1537 3750 1602 3807 ergo
1619 3734 1768 3793 multorum

126 3824 172 3880 illa
191 3841 246 3882 non
266 3826 350 3883 luisse
371 3827 447 3898 signa
462 3826 530 3882 laisa
543 3840 575 3881 eo
590 3831 728 3897 tempore,
744 3825 808 3898 quia
822 3823 863 3881 vel
878 3841 931 3880 non
965 3827 1099 3885 sententia
1121 3834 1179 3900 est,
1202 3828 1226 3882 in
1248 3833 1350 3898 puncto
1372 3828 1467 3883 mortis
1483 3826 1583 3882 Christi
1597 3824 1680 3882 laissa
1696 3842 1769 3883 mor·

127 3918 308 3974 sumebantur
327 3922 359 3972 ut
371 3916 448 3988 signa
462 3915 558 3972 talium
572 3917 777 3992 mysteriorum,
793 3930 864 3988 quae
878 3916 930 3972 iam
965 3925 1042 3976 tuam
1065 3918 1155 3991 legem
1175 3923 1295 3973 veterem
1316 3916 1407 3989 quoad
1422 3916 1625 3989 obligationem.
1641 3916 1714 3972 llaec
1730 3917 1770 3973 ri-

128 4011 208 4061 11111
222 4005 345 4076 implete,
360 4003 407 4060 sed
419 4004 573 4064 secundum
585 4005 651 4062 alias
663 4005 873 4079 significationes
885 4021 931 4062 ve·
965 4007 1046 4063 detur
1059 4021 1119 4063 esse
1134 4007 1223 4078 opinio
1238 4005 1435 4062 1111111111
1450 4010 1478 4077 1,
1494 4004 1523 4063 1.
1540 4008 1564 4078 1,
1579 4021 1607 4078 q.
1624 4009 1653 4074 2,
1669 4013 1722 4062 art.
1739 4010 1768 4078 5,

128 4109 186 4165 ras,
204 4109 275 4166 quae
291 4110 433 4168 nunquam
447 4094 574 4152 deerant:
591 4111 652 4152 nam
668 4094 844 4152 circumcisio
860 4111 933 4152 sem·
965 4097 1143 4170 quaestione.
1161 4101 1194 4167 3,
1210 4102 1237 4152 et
1251 4096 1369 4152 aliorum
1388 4102 1548 4166 auctorum,
1565 4111 1634 4168 quoe
1648 4097 1729 4153 retuli
1743 4097 1770 4152 in

129 4199 180 4254 per
200 4184 353 4258 significare
377 4186 466 4256 potuit
490 4185 658 4258 spiritualem
680 4185 928 4258 circumcisionem,
965 4203 992 4244 c.
1008 4187 1137 4259 praeced.
1156 4193 1185 4242 et
1198 4187 1296 4244 liarsil.
1312 4189 1338 4241 in
1354 4190 1382 4257 1,
1398 4203 1427 4260 q.
1444 4192 1473 4258 2,
1489 4192 1540 4242 art.
1560 4192 1590 4257 1,
1607 4202 1634 4257 1.
1652 4185 1767 4257 1,111.

129 4273 171 4329 vel
186 4276 428 4342 resurrectionem,
444 4281 477 4330 ut
488 4275 658 4351 Cypr.epist.
672 4279 717 4333 59.
730 4274 808 4347 dixit,
821 4275 864 4331 sal
874 4291 930 4332 non
966 4293 994 4349 q.
1015 4280 1038 4333 1.
1057 4279 1084 4332 11
1100 4277 1189 4347 11111.
1203 4275 1286 4333 tribui
1300 4277 1382 4333 etiam
1396 4277 1465 4334 solet
1475 4279 1546 4348 hug.
1558 4282 1587 4332 et
1597 4277 1707 4332 lliercn.
1721 4275 1770 4332 sed

129 4363 309 4420 sumebantur
329 4370 361 4422 ut
380 4365 558 4437 significantia
572 4365 733 4440 mysterium
746 4380 811 4421 cum
826 4365 931 4422 habitu·
966 4365 1031 4422 nihil
1054 4365 1107 4424 tale
1120 4365 1286 4435 docuerunt,
1303 4370 1335 4422 ut
1348 4365 1415 4422 inira
1428 4365 1579 4422 ostendam.
1596 4364 1708 4422 Suaderi
1722 4381 1772 4422 au·

131 4453 194 4510 dine
213 4452 247 4509 11
260 4461 370 4526 tempus
385 4454 522 4524 laturum,
538 4455 585 4511 sed
601 4455 755 4512 secundum
768 4471 808 4513 se.
824 4458 865 4523 be,
877 4471 931 4528 qua
967 4462 1024 4512 tern
1045 4462 1136 4528 potest
1149 4443 1377 4525 primo'omnihus
1392 4455 1554 4511 testimoniis
1567 4455 1655 4524 Pauli,
1670 4455 1771 4528 quibus

131 4557 162 4600 re
179 4542 259 4616 plura
272 4543 397 4601 dicemus
411 4559 472 4617 cap.
488 4544 558 4618 xiv,
572 4550 601 4600 et
613 4545 680 4602 lilll.

1001 3141 1106 3191 Tertius
1118 3148 1193 3190 retus
1209 3146 1264 3201 est;
1283 3139 1315 3190 de
1327 3153 1379 3203 quo
1390 3141 1505 3203 plurium
1517 3138 1653 3189 doctorum
1666 3144 1770 3189 senten·

1002 3212 1038 3261 tia
1051 3211 1217 3274 approbatur.
1806 3221 1813 3232 ·

967 4545 1179 4618 praecedentem
1197 4547 1361 4602 sententiam
1375 4545 1607 4601 confirmavimus.
1620 4547 1687 4601 Nam
1698 4547 1772 4602 sicut

966 4634 1093 4709 probant,
1111 4635 1197 4691 luisse
1213 4635 1300 4692 rivam
1315 4634 1401 4706 legem
1416 4633 1492 4691 illam
1507 4649 1594 4708 usque
1608 4633 1641 4690 ad
1653 4643 1770 4692 mortem

967 4725 1083 4797 Christi,
1104 4725 1142 4782 ita
1154 4723 1283 4782 ridentur
1295 4724 1426 4797 probare,
1448 4739 1497 4796 per
1511 4723 1583 4780 illam
1598 4723 1683 4780 luisse
1699 4739 1772 4781 mor-

967 4822 1055 4886 tuam,
1073 4821 1133 4872 turn
1146 4815 1211 4888 quia
1228 4815 1253 4871 in
1269 4831 1301 4871 eo
1315 4819 1420 4885 puncto
1434 4812 1476 4869 lex
1490 4812 1543 4870 luit
1556 4814 1666 4869 omnino
1676 4813 1772 4886 imple·

968 4913 1011 4978 ta,
1031 4913 1090 4962 tum
1110 4908 1175 4978 quia
1193 4904 1378 4962 sacerdotium
1397 4911 1464 4960 tunc
1483 4903 1646 4960 translatum
1667 4911 1725 4977 est,
1744 4907 1773 4960 in

968 4994 1048 5052 euius
1067 4995 1174 5068 signum
1188 4995 1280 5053 velum
1294 4995 1389 5066 templi
1403 4995 1522 5050 scissum
1533 4999 1586 5064 est,
1597 4999 1679 5066 atque
1690 4997 1772 5052 etiam

968 5085 994 5141 in
1015 5087 1142 5158 signum,
1165 5085 1239 5158 quod
1259 5093 1326 5144 tuno
1348 5085 1400 5142 luit
1419 5084 1551 5141 maceriae
1570 5082 1678 5156 diruta,
1699 5099 1771 5157 quae

967 5180 1120 5248 utrumque
1136 5174 1434 5249 populumdiridebat3
1446 5174 1491 5231 illa
1502 5181 1593 5231 111111
1604 5181 1664 5231 1111
1674 5174 1727 5242 lex,
1740 5179 1771 5231 ul

969 5279 1057 5339 supra
1076 5263 1130 5324 disi
1138 5307 1146 5338 ,
1160 5263 1233 5340 quae
1252 5281 1301 5340 per
1315 5264 1408 5324 velum
1422 5263 1490 5323 illud
1503 5265 1587 5323 etiam
1602 5263 1773 5340 significaba-

1002 3072 1104 3134 Triplex
1123 3071 1213 3122 modus
1231 3069 1343 3120 dicendi.
1358 3097 1391 3107 -
1404 3071 1513 3120 Primus.
1532 3095 1567 3104 -
1579 3069 1720 3128 Secundus.
1734 3095 1769 3104 -
1878 3101 1884 3122 .
