4232 6220
398 343 462 408 606
1098 361 1264 412 tranarx.

357 486 437 540 arant
450 481 570 556 impieta.
584 485 658 542 Haec
673 489 766 543 autem
782 486 850 543 ratio
864 484 1037 544 insufficiens
1051 491 1104 559 est,
1117 501 1161 543 er·
1196 493 1243 543 tur
1265 487 1438 561 interpretari
1458 488 1561 546 dictum
1586 489 1775 546 testinnonium
1794 486 1872 545 Pauli
1897 487 1937 545 ad.
1955 489 2004 544 Ga·

356 589 403 646 go.
416 573 497 630 Maior
510 579 599 646 patet,
615 575 679 646 quia
694 582 798 633 remota
812 576 855 633 illa
869 576 1076 649 significatione,
1095 575 1159 632 nibil
1198 576 1246 633 lat.
1262 583 1289 638 b.
1307 577 1340 634 de
1355 579 1569 636 circumcisione
1584 593 1761 652 quocumque
1773 577 1854 636 modo
1865 577 1941 634 iacta
1951 577 2005 635 lor·

358 662 492 719 invenitur
512 665 539 720 in
565 663 606 720 bis
627 667 808 723 caeremoniis
823 681 870 738 per
884 682 914 723 se
928 666 1042 735 melum,
1055 666 1158 740 alioqui
1195 666 1346 726 maliterex
1359 669 1459 726 affectu
1470 669 1575 726 cultus:
1589 670 1715 742 qraamris
1726 682 1809 742 super
1825 665 1957 725 eumdem
1967 667 2005 724 lo·

359 767 500 825 nunquam
512 755 667 824 potuissent
678 755 806 828 praecipi,
816 763 864 813 aut
875 757 1008 829 exerceri,
1018 765 1083 814 sunt
1092 771 1159 830 ergo
1195 773 1261 814 curn
1273 773 1326 814 non
1340 757 1421 830 longe
1433 759 1468 814 sit
1482 758 1516 815 ab
1527 759 1696 830 expositione
1708 757 1882 832 Augustinus
1898 755 2004 814 dicens:

356 857 406 916 per
421 858 451 900 se
465 842 665 915 indifferentes,
687 845 709 902 si
723 846 761 902 eis
776 863 830 904 non
845 843 960 904 addatur
974 846 1065 920 aliqua
1080 846 1161 919 sigui·
1202 849 1284 904 Turre
1304 863 1362 904 nor
1375 846 1499 922 prodest
1518 851 1722 915 circumcisio,
1740 863 1809 904 cum
1822 845 1943 919 adoriri
1951 861 2006 920 prr

357 933 465 1000 licatio,
481 949 552 1007 quae
565 933 711 992 falsitatem
726 935 858 1008 includat,
874 937 901 992 in
914 952 968 1011 qua
983 935 1041 993 sola
1055 935 1101 993 illa
1117 951 1159 994 ra·
1194 939 1386 1011 semetipsum
1402 943 1532 1012 putatur
1553 937 1695 995 utilitatis
1717 935 1844 1010 offerre.
1866 935 2006 994 Nihilomi-

357 1025 396 1082 tiu
416 1023 566 1096 fundatur3
588 1040 655 1099 ergo
673 1026 717 1083 ilia
732 1025 859 1098 seclusa,
888 1027 962 1084 nulla
980 1034 1106 1097 superest
1118 1041 1161 1083 ra·
1197 1041 1254 1104 nus
1265 1031 1354 1082 mmen
1369 1028 1395 1082 in
1411 1027 1546 1084 sententia
1557 1019 1700 1100 Augustini
1712 1029 1778 1084 salis
1789 1027 1937 1084 verisimile
1949 1037 2002 1096 est,

356 1113 409 1187 tio,
425 1114 460 1171 ob
474 1130 558 1187 quam
573 1113 709 1189 dicamus,
722 1117 909 1174 caeremonias
924 1117 983 1174 illas
996 1118 1086 1174 iactas
1100 1131 1161 1174 esse
1197 1114 1349 1172 absolutam
1362 1115 1573 1187 prohibitionem
1587 1117 1712 1192 legalium
1725 1115 1751 1173 in
1762 1131 1847 1173 sensu
1858 1115 1938 1172 dicto
1952 1131 2005 1172 non

356 1205 504 1262 intrinsece
519 1205 603 1262 malas
616 1222 650 1264 ex
665 1209 691 1263 ri
706 1207 773 1282 legis
785 1208 890 1281 gratiae
902 1207 1109 1265 sufficienteret
1120 1207 1162 1263 in·
1194 1219 1255 1262 esse
1279 1205 1305 1260 si
1328 1205 1414 1262 solius
1433 1207 1499 1263 iuris
1517 1206 1621 1278 divini,
1643 1206 1690 1264 sed
1709 1222 1758 1280 per
1779 1206 2006 1263 ecclesiasticum

281 1324 290 1350 s
356 1301 433 1370 tegre
448 1295 733 1369 promulgatae.Quod
747 1305 842 1355 autem
856 1297 902 1355 illa
916 1299 984 1354 ratio
997 1313 1052 1354 non
1065 1301 1169 1368 cogat,¹
1195 1294 1337 1367 compleri.
1352 1297 1419 1353 Nam
1433 1313 1468 1354 ea
1481 1298 1541 1354 iure
1554 1297 1645 1355 divino
1658 1303 1702 1354 est
1715 1297 1855 1355 mortifera
1875 1297 2006 1354 obserse-

355 1391 399 1443 est
415 1385 588 1443 maniiestum
603 1401 635 1444 ea
650 1402 735 1460 supra
749 1386 847 1458 dictis,
864 1388 928 1461 quia
943 1387 988 1444 illa
1001 1388 1161 1460 significatio
1196 1385 1234 1441 tio
1259 1385 1343 1458 legis,
1365 1388 1388 1442 si
1407 1387 1454 1443 liat
1467 1386 1509 1443 rel
1531 1385 1565 1442 ab
1579 1386 1625 1443 illa
1639 1386 1773 1459 sperando
1786 1386 1926 1470 iustitiam
1948 1389 2006 1445 sine

355 1483 400 1534 οοι
414 1475 575 1548 sonorabilis
590 1476 623 1534 ab
638 1477 691 1534 illis
705 1477 901 1549 caeremoniis,
915 1479 996 1536 etiam
1010 1478 1090 1534 iactis
1105 1477 1162 1535 ior·
1194 1474 1324 1546 Christo,
1352 1476 1394 1532 vel
1416 1478 1499 1533 etiam
1520 1492 1584 1533 cunr
1604 1477 1734 1548 Christo,
1753 1477 1790 1533 ita
1809 1483 1841 1533 ut
1860 1477 1905 1534 lex
1923 1476 2005 1533 simul

357 1565 485 1638 realiter,
504 1572 535 1623 ut
549 1567 576 1622 in
590 1566 683 1624 mullis
697 1567 797 1626 accidit
810 1567 983 1626 antechristi
998 1573 1160 1636 mortem,et
1194 1563 1367 1622 existimetur
1388 1567 1542 1622 necessaria
1565 1581 1651 1623 eausa
1676 1565 1810 1638 iustiliae3
1831 1565 1875 1622 vel
1898 1565 2006 1622 etiamsi

357 1655 383 1712 in
399 1654 541 1726 pluribus,
560 1657 603 1713 rel
622 1657 751 1714 omnibus
765 1667 826 1731 post
842 1657 1043 1730 mortemeius,
1058 1661 1161 1729 etpost
1195 1669 1270 1714 nune
1294 1652 1424 1712 credatur
1440 1657 1597 1712 necessaria
1615 1671 1648 1712 ex
1662 1657 1688 1712 ri
1702 1656 1863 1728 praecepti,
1884 1661 1914 1712 et
1939 1655 2006 1712 obli·

357 1745 512 1802 inchoatam
527 1746 776 1819 promulgationem
789 1747 1014 1820 evangeliiErgo
1027 1746 1101 1803 nulla
1115 1762 1159 1802 ra·
1194 1743 1311 1816 gationis
1337 1744 1399 1802 talis
1420 1743 1500 1817 legis.
1526 1749 1559 1801 At
1585 1761 1648 1802 uero
1675 1745 1716 1804 lex
1740 1745 1937 1802 ecclesiastica
1959 1744 2005 1801 ad·

356 1833 394 1890 tio
412 1842 553 1907 superest,
569 1835 775 1910 addicendum,
791 1837 861 1894 hanc
876 1838 1087 1910 prohibitionem
1099 1853 1160 1894 esse
1195 1832 1279 1906 didit,
1306 1841 1337 1891 ut
1357 1834 1392 1891 sit
1417 1833 1556 1892 mortifera
1570 1835 1725 1893 observatio
1745 1835 1813 1907 legis
1827 1835 1903 1892 laeta
1918 1851 1953 1891 ex
1968 1835 2006 1890 al·

355 1922 424 1979 iuris
440 1924 586 1982 naturalis.
1195 1922 1271 1980 iaetu
1292 1923 1451 1998 roligionis,
1474 1940 1523 1980 seu
1542 1932 1672 1999 unquam
1692 1940 1740 1997 per
1760 1941 1789 1981 se
1804 1924 1956 1982 conterens
1972 1923 2005 1981 ad

393 2015 421 2070 l.
432 2013 526 2087 Neque
539 2014 620 2070 etiam
634 2013 687 2071 dici
702 2021 868 2086 potestesse
882 2017 949 2072 iuris
963 2016 1046 2074 dirini
1061 2014 1156 2087 positi·
1196 2011 1493 2082 hunestatem,etiamsi
1508 2013 1583 2071 nullo
1597 2029 1629 2071 ex
1643 2012 1726 2070 dictis
1737 2012 1828 2071 modis
1845 2013 2006 2070 necessaria

356 2104 393 2174 si,
409 2102 475 2176 quia
489 2103 516 2159 in
531 2103 674 2175 Scriptura
688 2120 742 2160 nou
757 2106 893 2163 iuvenitur
907 2105 967 2163 talis
982 2105 1126 2178 prohibitio
1142 2120 1158 2162 a
1196 2103 1501 2174 repulerunuamuolis
1515 2103 1671 2161 observatio
1685 2105 1737 2161 ianr
1752 2120 1806 2160 uon
1819 2109 1932 2176 poterat
1946 2119 2005 2160 esse

356 2194 411 2249 ileo
426 2192 510 2261 laeta,
520 2208 609 2267 neque
622 2200 666 2250 est
679 2196 916 2264 testimouium,eu
930 2212 986 2269 quo
997 2196 1157 2268 colligatur,
1195 2192 1269 2249 utilis
1283 2193 1433 2263 Ecclesiae,
1446 2209 1533 2267 aeque
1549 2192 1583 2250 ad
1598 2193 1724 2251 unionem
1740 2195 1892 2265 utriusque
1910 2194 2004 2264 populi

356 2282 566 2340 caeremonialia
588 2299 649 2340 esse
665 2285 815 2353 martilera,
831 2285 881 2342 nisi
895 2285 962 2343 illud
976 2286 1010 2342 ad
1025 2285 1112 2342 Galat.
1131 2290 1157 2342 5:
1194 2281 1296 2340 iudaici
1319 2291 1347 2340 et
1364 2284 1474 2357 gentilis
1493 2283 1648 2356 conterret,
1669 2283 1716 2340 sed
1731 2284 1824 2356 potius
1838 2283 1941 2340 inisset
1959 2299 2004 2339 oc-

357 2373 392 2428 Si
410 2371 688 2440 circumcidamini,
710 2375 848 2432 Christus
866 2374 945 2432 cobis
965 2373 1043 2433 albii
1054 2374 1160 2450 prode·
1195 2375 1270 2429 casio
1295 2373 1476 2431 schismatum
1494 2381 1522 2430 et
1535 2373 1740 2431 scandalorum.
1756 2375 1813 2431 lano
1827 2389 1885 2430 non
1905 2367 2002 2445 pa'rum

355 2462 409 2526 ιιι,-
422 2459 495 2531 quod
510 2467 599 2518 lamen
614 2463 648 2518 ab
663 2464 817 2535 Augustino
831 2466 978 2536 exponitur
991 2463 1023 2521 de
1039 2465 1160 2522 circum·
1195 2462 1291 2519 luisset
1307 2464 1433 2535 periculi,
1450 2471 1480 2520 ut
1495 2463 1562 2520 tales
1575 2465 1764 2522 caeremoniae
1779 2465 1946 2535 saepissime
1960 2465 2003 2520 lie·

356 2549 458 2605 cisione
480 2557 639 2623 assumpta,
656 2552 780 2622 ponendo
795 2569 870 2625 spem
886 2553 985 2626 inilia,
1002 2554 1044 2611 rel
1059 2554 1157 2612 saltem
1194 2561 1256 2610 rent
1269 2553 1377 2610 ludaico
1393 2555 1501 2627 spiritu3
1514 2561 1543 2611 et
1556 2553 1616 2611 ideo
1631 2555 1927 2610 convenientissimum
1942 2553 1999 2620 luit,

357 2642 389 2692 ut
404 2635 494 2695 adbuc
508 2641 674 2712 necessaria,
692 2649 719 2697 et
734 2648 839 2699 uteret
854 2643 920 2715 legis
935 2643 1080 2714 professio,
1096 2659 1159 2700 narn
1193 2643 1253 2700 illas
1265 2646 1374 2700 omniun
1386 2645 1493 2701 abolere
1507 2660 1554 2715 per
1564 2642 1666 2702 dictam
1675 2643 1827 2700 absolutam
1841 2642 2002 2714 prohibitio·

355 2724 389 2782 de
401 2727 444 2784 illa
460 2728 715 2803 intelligitur,quod
728 2731 881 2789 immediate
896 2733 1035 2810 sarbirangil
1047 2733 1156 2790 Paulus:
1194 2751 1267 2792 nem.
1289 2734 1409 2802 Quod-si
1423 2734 1592 2807 inquiratur,
1610 2733 1654 2790 ubi
1669 2734 1731 2791 talis
1746 2732 1899 2804 probibitio
1914 2731 2001 2790 eccla·

360 2815 512 2890 Testifieor
524 2821 606 2874 omni
620 2820 1001 2888 bomiaiclrumoidersttse,
1016 2826 1159 2895 quonium
1193 2824 1304 2881 siastiea
1324 2824 1492 2892 inveniatur3
1513 2823 1711 2896 respondetur,
1731 2837 1786 2880 non
1805 2829 1956 2894 oportere,
1971 2827 2002 2878 ut

356 2903 472 2961 debitor
492 2912 535 2963 est
553 2911 711 2967 universae
732 2909 805 2982 lepis
818 2909 1004 2984 faciendae:
1020 2912 1072 2969 huc
1087 2915 1158 2970 enim
1193 2914 1346 2970 inveniatur
1361 2917 1475 2986 scripta,
1488 2913 1535 2970 sed
1550 2915 1615 2969 satis
1629 2929 1700 2982 esse,
1712 2911 1786 2985 quod
1802 2928 1859 2969 usu
1873 2919 1905 2969 et
1918 2911 2000 2970 uadi·

356 2992 437 3050 habet
452 3009 547 3053 rerum
562 2998 587 3052 iu
603 2997 710 3054 homine
726 3000 942 3057 circumcidente
956 3001 989 3058 de
1007 3005 1106 3075 spiritu
1122 3005 1159 3060 le·
1193 3003 1414 3060 tioneEeclesiae
1424 3009 1542 3073 constet,
1550 3010 1576 3059 et
1586 3001 1660 3075 quod
1672 3003 1705 3058 de
1715 3000 1768 3058 bac
1777 3001 1924 3058 Ecclesiae
1936 3017 1999 3059 coa·

355 3081 397 3156 gis
415 3085 506 3141 animo
527 3085 665 3156 profitendi
687 3086 759 3145 illam
785 3097 816 3146 ut
839 3089 1000 3163 duraptem,
1016 3099 1044 3149 et
1057 3096 1155 3150 viram.
1193 3093 1338 3152 suetudine
1357 3100 1386 3150 et
1407 3092 1551 3150 traditione
1570 3093 1672 3165 antiqui
1690 3100 1786 3164 patres
1800 3093 1997 3151 testificentur.

355 3172 423 3228 llam
440 3171 540 3247 alioqui
553 3175 709 3233 Timotheus
731 3179 906 3236 circumcidit
919 3197 963 3252 se,
980 3187 1008 3238 et
1021 3181 1157 3239 nibilomi·
1193 3185 1284 3240 Potuit
1305 3189 1398 3241 autern
1416 3183 1483 3239 baec
1503 3181 1544 3239 lea
1560 3197 1612 3239 non
1627 3184 1729 3253 scripta
1744 3181 1802 3239 solo
1819 3197 1875 3240 usu
1890 3189 1921 3239 et
1934 3198 1998 3239 con·

354 3277 408 3318 uus
423 3277 476 3350 nou
491 3262 583 3320 iactus
596 3273 639 3320 est
652 3265 759 3322 debitor
771 3268 913 3326 uniuersae
926 3269 991 3344 legis
1003 3271 1155 3344 iaciendas,
1192 3273 1337 3330 suetudine
1357 3271 1517 3334 universalis
1532 3272 1669 3328 Ecclesiae
1684 3271 1825 3329 introduci
1838 3291 1846 3344 ς
1864 3273 1997 3330 verisimi-

354 3353 419 3423 quia
434 3367 489 3407 non
503 3351 548 3409 illo
564 3353 658 3425 spiritu
677 3371 707 3411 se
722 3356 910 3424 circumcidit,
920 3358 966 3415 sed
981 3360 1046 3433 quia
1061 3361 1089 3416 id
1103 3376 1156 3416 non
1192 3363 1243 3419 lius
1258 3370 1348 3420 autem
1361 3370 1415 3433 est,
1428 3361 1500 3418 illam
1514 3362 1646 3434 incepisse
1656 3377 1689 3419 et
1701 3360 1894 3419 declaratione
1906 3369 1998 3434 pastu·

354 3446 413 3496 erat
428 3442 559 3514 retilrrm,
574 3449 601 3500 et
615 3433 729 3502 cedebat
743 3445 768 3500 iu
785 3447 915 3504 honorem
932 3448 1010 3523 legis,
1025 3457 1053 3505 et
1069 3458 1099 3506 ut
1112 3451 1156 3507 lie-
1192 3468 1254 3508 rum
1267 3452 1644 3524 Ecclesiaa,etapostolorum
1654 3457 1777 3523 tempore
1787 3459 1949 3524 opportuno
1962 3453 1997 3509 la·

354 3537 397 3587 ret
410 3537 492 3601 aptus
506 3530 540 3587 ad
551 3540 658 3589 ceteras
668 3537 931 3611 caeremoniaslegis
942 3537 1066 3612 religiose
1077 3556 1157 3598 eaer-
1191 3551 1248 3611 cta,
1263 3541 1373 3614 quaudo
1387 3542 1439 3598 iam
1454 3540 1622 3614 expediebat,
1638 3542 1793 3616 moysaiaas
1806 3544 1996 3599 caeremonias

355 3617 586 3693 condas,quando
601 3621 635 3678 nd
651 3623 779 3680 maiorem
792 3627 919 3682 unionem
933 3633 961 3683 et
975 3643 1070 3699 pacem
1085 3630 1156 3686 iuter
1190 3631 1216 3688 in
1237 3631 1361 3687 Ecclesia
1379 3646 1432 3687 non
1452 3633 1621 3702 permittere.
1644 3631 1679 3686 Et
1693 3631 1729 3687 its
1742 3629 1835 3702 colligi
1851 3638 1947 3702 potest
1964 3648 1995 3686 es

355 3706 464 3777 fideles,
490 3717 519 3766 et
541 3713 744 3786 cona'equenter
763 3713 797 3770 ad
824 3717 953 3772 maiorem
968 3719 1015 3774 bei
1035 3733 1157 3776 amorem
1191 3720 1264 3777 dicta
1277 3718 1391 3792 epistola
1406 3720 1512 3793 ignatii,
1525 3719 1595 3776 hanc
1611 3719 1697 3791 legem
1712 3720 1766 3776 iam
1780 3724 1849 3777 tunc
1861 3719 1950 3778 luisse
1962 3707 1998 3775 la'·

354 3799 584 3873 eoulcrrei.Ergn
597 3817 631 3858 ex
645 3801 692 3859 illu
707 3804 767 3860 loeo
781 3821 834 3861 non
851 3807 993 3878 probatur,
1008 3823 1089 3865 usum
1102 3812 1157 3867 cir·
1192 3816 1246 3868 tam
1264 3812 1289 3866 iu
1304 3809 1446 3881 Ecclesia,
1461 3816 1489 3865 et
1501 3809 1625 3866 Clemens
1640 3808 1686 3865 lib.
1700 3813 1726 3867 a.
1744 3809 1856 3866 constit.
1871 3826 1936 3883 cap.
1954 3815 1996 3869 lt.

354 3888 532 3944 cumeisienis
546 3890 627 3947 etiam
641 3891 798 3965 religiosum
813 3935 820 3964 ,
840 3901 867 3952 et
881 3895 915 3951 ad
929 3897 1038 3954 cultum
1052 3898 1097 3953 bei
1112 3916 1157 3955 or·
1191 3901 1260 3956 inter
1274 3899 1324 3956 alia
1337 3899 1435 3957 tradita
1449 3899 1483 3955 ab
1497 3899 1625 3970 apostolis
1640 3899 1732 3971 ponit,
1755 3913 1819 3954 non·
1829 3915 1894 3956 esse
1914 3900 1998 3958 fideli·

354 3975 488 4048 dinatum,
498 3993 559 4036 csse
573 3980 730 4052 simpliciter
746 3983 802 4040 iure
813 3982 905 4040 dirinn
917 3985 1095 4056 prohibitum.
1105 3991 1157 4046 Ne·
1191 3991 1244 4047 bus
1264 4005 1376 4047 carnem
1390 3987 1652 4046 circumcidendam.
1668 3990 1736 4045 item
1750 3988 1889 4046 Eusebius
1902 3990 1951 4047 lib.
1974 3997 1996 4049 l.

354 4081 408 4140 que
432 4067 512 4122 etiam
537 4067 591 4125 lale
609 4071 652 4126 ius
674 4069 795 4129 divinum
817 4073 934 4131 habetur
948 4091 980 4132 ex
997 4077 1153 4150 traditione,
1191 4078 1227 4136 de
1237 4095 1385 4154 prosper.
1402 4095 1508 4152 eocup.
1530 4094 1592 4151 cap.
1614 4082 1643 4151 3,
1658 4083 1685 4134 οι
1707 4078 1884 4150 Augustinus
1903 4081 1998 4137 statim

354 4157 418 4227 quia
442 4156 565 4213 Ecclesia
590 4174 730 4232 nunquam
754 4160 925 4235 declararit,
950 4167 1157 4224 caeremonialia
1190 4168 1328 4227 citandus.

353 4260 414 4302 esse
426 4247 565 4304 morliiera
575 4263 607 4305 ex
620 4250 645 4305 si
656 4251 722 4308 iuris
733 4251 881 4326 divini,sed
893 4262 1000 4312 tentum
1011 4272 1071 4313 esse
1083 4275 1157 4315 naor·
1228 4264 1255 4316 6.
1271 4259 1366 4316 Solum
1388 4265 1479 4330 potest
1493 4258 1587 4328 obiici,
1604 4259 1669 4332 quia
1684 4259 1828 4332 sequitur,
1844 4275 1930 4332 posse
1945 4261 1996 4318 Ee·

354 4333 647 4409 tiiera,quodpossunt
657 4339 755 4397 habere
768 4358 800 4398 ea
814 4344 841 4400 vi
854 4344 1055 4404 ecclesiasticae
1065 4347 1156 4420 probi·
1190 4349 1301 4406 clesiam
1316 4349 1386 4404 banc
1401 4347 1488 4421 legem
1503 4347 1619 4418 tollere,
1635 4347 1675 4404 rel
1691 4349 1717 4404 in
1730 4362 1764 4405 ea
1776 4347 1954 4420 dispensare,
1970 4359 1996 4407 et

353 4424 478 4497 biliosis,
494 4441 561 4499 ergo
577 4428 629 4486 boc
645 4429 829 4489 videturesse
844 4435 1030 4493 verisimilius.
1189 4454 1270 4495 usum
1282 4438 1520 4496 caeremonialium
1532 4436 1695 4517 concedere,
1705 4438 1768 4510 quia
1780 4439 1996 4511 potestdispen·

395 4517 420 4572 5.
437 4515 495 4573 Hoc
514 4524 649 4590 punctum
674 4535 727 4576 non
746 4522 851 4578 insanio
865 4523 900 4580 ab
915 4527 1090 4597 auctoribus,
1106 4529 1154 4601 qui
1188 4543 1251 4586 sare
1272 4529 1297 4584 in
1318 4543 1496 4602 quocumque
1514 4526 1572 4584 iure
1586 4525 1722 4599 humano,
1739 4532 1770 4584 ut
1784 4542 1872 4598 supra
1886 4527 1996 4586 dictum

354 4607 515 4664 sententiam
527 4609 673 4682 Augustini
685 4617 851 4684 sequuntur,
859 4629 987 4686 expresse
998 4616 1151 4689 delinitum,
1189 4625 1249 4690 est,
1266 4626 1294 4675 et
1307 4616 1418 4675 tradidit
1431 4616 1460 4674 d.
1475 4617 1572 4674 Thom.
1589 4616 1747 4700 quodlibeto
1762 4621 1791 4690 l,
1809 4623 1863 4674 art.
1883 4623 1930 4678 la.
1945 4622 1996 4678 lle·

353 4699 402 4752 aut
415 4694 594 4768 disputatum.
607 4699 675 4756 Nam
689 4701 871 4778 Hieronymus
885 4706 942 4760 sinc
955 4704 1040 4764 dubio
1055 4699 1151 4779 sehsit,
1188 4707 1382 4781 spondebimus
1402 4712 1509 4779 auum,
1525 4709 1650 4780 quamuis
1670 4708 1695 4763 in
1710 4707 1838 4765 Ecclesia
1852 4725 1909 4766 nun
1924 4709 1995 4767 desit

354 4786 561 4843 caeremonialia
571 4803 630 4844 esse
645 4790 784 4848 mortifera
798 4807 831 4849 ex
847 4793 905 4850 iure
920 4794 1072 4868 divino,sel
1083 4814 1116 4854 ex
1129 4799 1153 4856 ri
1187 4798 1314 4857 absoluta
1328 4803 1466 4871 potestas,
1486 4796 1661 4854 nibilominus
1674 4796 1814 4854 moraliter
1827 4806 1857 4854 et
1870 4799 1907 4857 de
1921 4800 1995 4859 iacto

353 4874 525 4949 obligationis
539 4873 605 4951 legis
614 4882 802 4954 evangelicae,
819 4883 861 4940 rei
874 4899 907 4943 ex
922 4887 946 4943 ri
961 4886 1153 4960 redemptionis
1187 4905 1242 4946 non
1254 4903 1335 4961 posse
1346 4887 1480 4962 abrogare
1496 4887 1577 4944 talen
1592 4887 1763 4962 legem,quia
1772 4887 1800 4945 id
1812 4895 1890 4946 esset
1903 4891 1934 4946 in
1948 4891 1994 4947 de·

352 4979 402 5038 per
414 4963 554 5024 Christum
570 4978 787 5030 consummatae:
803 4989 865 5030 nam
880 4975 941 5033 ideo
954 4977 1030 5045 dixit,
1045 4994 1152 5051 semper
1187 4982 1445 5048 structionem,non
1462 4977 1488 5033 in
1503 4977 1727 5049 aedificationem,
1740 4979 1815 5034 sicut
1826 4977 1863 5036 de
1879 4977 1993 5052 prse'es·

352 5051 437 5112 luisse
450 5056 606 5128 mortiers,
628 5060 682 5117 imo
696 5061 760 5119 nibil
774 5061 919 5137 distinguit
930 5066 1003 5123 inter
1014 5075 1153 5127 mortuam
1187 5077 1234 5143 pto
1244 5068 1414 5126 deeimarum
1426 5083 1477 5124 suo
1489 5065 1550 5123 loeo
1559 5066 1687 5124 diximus:
1696 5065 1806 5125 etidem
1815 5073 1861 5125 est
1871 5068 1993 5142 deprae-

352 5150 380 5199 ct
393 5145 569 5204 mortiferam.
584 5149 619 5205 Et
638 5149 674 5206 ita
693 5151 796 5209 eisdem
816 5155 980 5212 testimoniis
995 5157 1153 5230 Scripturas
1186 5167 1267 5232 cepto
1282 5159 1374 5217 ieiunii
1388 5157 1643 5232 quadragesimalis.
1660 5159 1695 5215 El
1708 5159 1735 5216 in
1748 5157 1918 5229 particulari
1934 5177 1992 5218 cer·

354 5239 502 5309 utrumque
515 5237 625 5311 probat,
636 5249 666 5297 et
678 5239 738 5299 ideo
752 5244 779 5298 in
795 5242 861 5302 locis
874 5259 960 5318 supra
973 5246 1064 5305 citatis
1078 5247 1153 5307 ride·
1187 5254 1246 5308 tum
1265 5255 1324 5322 est,
1347 5254 1537 5322 praeceptum,
1553 5254 1585 5306 ut
1599 5245 1704 5306 Pascha
1717 5247 1949 5309 concelebretur
1963 5254 1989 5312 iu
