4232 6220
404 401 480 466 648·
825 461 835 472 .
1117 415 1220 467 amna
1230 411 1271 468 x.

363 549 469 614 puncto
482 543 590 614 mortis,
602 541 650 600 sed
665 543 691 598 in
702 546 805 614 puncto
816 542 1026 599 resurrectionis
1037 543 1162 615 coepisse
1196 543 1259 600 liter
1274 541 1363 614 possit
1380 540 1414 598 ad
1429 539 1501 597 illius
1514 541 1696 614 cognitionem
1709 543 1862 614 pervenire,
1879 557 1944 599 nam
1957 541 2003 598 les

363 631 485 705 obligare
506 633 592 704 legem
607 647 723 700 novam,
748 629 823 703 quod
841 631 925 704 aliqui
939 631 1061 689 moderni
1075 632 1162 688 secuti
1195 633 1319 705 ignorata
1333 647 1387 688 non
1403 623 1520 703 obligat,
1535 638 1648 705 atquae
1662 639 1785 704 exparte
1799 647 1851 690 sua
1866 633 2004 704 cognosci

362 727 436 776 sunt.
452 720 504 778 Sed
519 719 587 776 haec
600 719 751 777 differentia
766 723 840 792 parvi
855 722 985 777 momenti
998 726 1050 790 est,
1063 727 1090 776 at
1105 720 1161 775 sine
1195 738 1247 778 non
1262 730 1367 795 potest,
1385 737 1474 794 neque
1488 721 1609 795 obligare
1625 729 1726 793 potest,
1741 735 1809 795 ergo
1822 721 1886 780 talis
1899 736 2005 794 propo:

361 809 536 866 fundamento
558 810 752 881 constituitur,
773 817 804 866 ut
824 826 909 881 supra
924 811 948 865 in
964 809 1042 866 simili
1055 806 1161 866 ostendi
1195 812 1257 868 sitio
1271 811 1422 883 sufficiens,
1438 818 1481 867 est
1495 827 1528 868 ειι
1543 817 1640 868 natura
1654 812 1693 868 rei
1707 813 1873 882 necessaria,
1884 819 1914 868 et
1929 811 2004 867 hanc

360 899 436 955 circu
450 900 633 956 cessationem
655 899 720 972 legis
735 900 891 977 reteris;·et
905 899 965 956 ideo
978 899 1011 955 de
1026 899 1071 956 illa
1085 898 1161 955 dille·
1195 916 1327 957 vocamns
1349 899 1608 974 promulgationem.
1620 901 1717 957 flodus
1730 909 1822 959 autem
1839 900 2005 973 promulga-

358 988 446 1044 rantia
465 987 531 1044 nihil
546 989 663 1060 amplius
677 988 785 1056 dicam,
802 989 850 1046 sed
864 988 898 1046 da
914 994 971 1046 tota
986 987 1037 1046 hac
1051 994 1160 1045 santan-
1195 991 1274 1047 tionis
1292 990 1361 1048 solet
1380 1005 1442 1048 esse
1461 991 1487 1046 ia
1506 990 1612 1065 legibus
1632 990 1757 1048 humanis
1778 1007 1812 1048 ex
1827 991 2004 1047 institutione

357 1076 395 1133 tia
407 1075 479 1133 idem
495 1076 624 1134 iudicium
639 1076 735 1135 ieram.
1193 1079 1323 1136 bumana.
1339 1083 1394 1138 Nos
1412 1086 1505 1136 antem
1524 1095 1577 1136 non
1599 1079 1770 1151 postulamus
1789 1079 1867 1137 illum
1886 1079 2006 1136 modurn

398 1168 423 1224 7.
441 1167 501 1225 hlihi
519 1182 585 1241 ergo
605 1167 673 1224 iaaac
692 1167 783 1238 opinio
797 1166 873 1224 nullo
887 1165 969 1224 modo
988 1167 1097 1240 probari
1112 1182 1160 1238 po·
1194 1170 1219 1226 in
1234 1170 1293 1244 lega
1304 1169 1456 1236 divinased
1469 1177 1577 1227 tantum
1589 1168 1844 1242 promulgationem
1859 1185 1927 1226 cum
1944 1185 2005 1225 rno-

356 1261 421 1313 test.
429 1257 531 1327 Primo,
546 1257 610 1328 quia
624 1254 732 1313 nullum
746 1263 925 1330 praeceptum
940 1257 1089 1328 positivum
1108 1254 1159 1312 hu·
1193 1260 1260 1316 dum
1278 1259 1386 1317 deliniat
1399 1263 1488 1332 Deus,
1503 1259 1576 1317 siout
1591 1275 1676 1316 unum
1690 1258 1883 1316 determinavit
1899 1260 1928 1314 in
1943 1258 2003 1330 lege

357 1346 400 1403 ius
414 1345 480 1419 legis
500 1347 631 1420 assignari
646 1353 746 1418 potest,
758 1343 832 1418 quod
846 1347 871 1401 in
887 1350 974 1402 morte
984 1343 1082 1401 Christi
1095 1359 1159 1400 coe·
1193 1349 1288 1424 reteri,
1303 1357 1331 1407 et
1344 1350 1425 1407 alium
1440 1347 1578 1406 ordinarit
1590 1349 1615 1405 in
1630 1349 1690 1421 lege
1705 1364 1784 1406 nova.
1800 1351 1836 1406 Et
1852 1349 2004 1406 confirma·

355 1439 427 1508 perit
442 1435 574 1509 obligare3
586 1451 653 1509 ergo
666 1434 752 1492 multo
763 1438 854 1492 minus
865 1437 955 1507 potuit
966 1441 1025 1493 tota
1037 1435 1079 1491 les
1091 1433 1158 1491 obli·
1192 1444 1254 1512 tur,
1274 1453 1306 1496 ac
1321 1439 1496 1512 declaretur,
1514 1439 1579 1513 quia
1593 1437 1636 1495 lex
1649 1436 1742 1495 divina
1754 1453 1809 1495 non
1823 1444 1918 1510 potest
1932 1437 2002 1494 obli·

355 1542 438 1601 gare,
459 1543 525 1583 cuns
547 1527 588 1582 les
608 1527 732 1599 propria,
747 1525 780 1584 de
794 1540 850 1598 qua
862 1531 1036 1594 tractamus,
1052 1539 1105 1580 non
1122 1523 1157 1580 sit
1192 1543 1257 1602 gare
1271 1528 1304 1585 ad
1322 1527 1503 1601 impossibile;
1525 1543 1592 1600 ergo
1611 1535 1661 1584 hec
1676 1533 1765 1600 potest
1778 1528 1901 1601 obligare
1916 1526 2002 1584 modo

355 1618 408 1673 nisi
423 1624 633 1688 praeceptorum
647 1615 959 1672 collectiohntecedens
966 1620 1050 1687 patet,
1059 1615 1124 1686 qula
1134 1613 1156 1668 ai
1192 1618 1363 1689 impossibili,
1379 1617 1426 1675 sad
1440 1617 1607 1688 impossibile
1620 1622 1672 1691 est,
1688 1618 1916 1675 communitatem
1932 1617 2002 1673 ohli-

355 1705 468 1780 ⁸¹¹C¹¹⁰d
480 1713 563 1777 emh
576 1707 692 1762 sslfflml
703 1691 881 1776 praeceptum
893 1703 1031 1776 balliifflii
1044 1703 1092 1759 ⁸⁰11
1103 1717 1157 1757 ¹1⁰ss
1191 1709 1251 1782 gari
1271 1707 1330 1780 lege
1351 1708 1475 1779 privatim
1490 1704 1567 1777 data,
1583 1705 1626 1762 rel
1640 1706 1731 1780 lacta,
1747 1705 1798 1762 nisi
1812 1705 1927 1778 publice
1944 1712 2002 1761 tra-

354 1795 437 1869 illudq
451 1810 519 1869 ergo
535 1809 585 1852 nec
601 1801 702 1852 cetera.
717 1793 800 1852 hlaior
814 1799 904 1866 patet,
920 1798 980 1849 tum
994 1794 1058 1866 quia
1072 1790 1157 1862 bapti·
1191 1794 1308 1867 dantur,
1322 1798 1386 1868 qaia
1400 1804 1444 1854 est
1466 1795 1632 1868 impossibile
1647 1809 1662 1851 a
1676 1795 1874 1852 communitate
1894 1809 2002 1868 cogno·

354 1893 433 1942 smus
451 1891 494 1942 cst
515 1887 598 1942 ianua
612 1884 645 1942 ad
659 1884 828 1957 Ecclesiam
844 1891 901 1942 um
916 1883 1014 1953 etiam,
1030 1883 1092 1956 quia
1107 1881 1158 1938 luit
1190 1887 1241 1958 sci,
1257 1886 1343 1944 donec
1357 1885 1523 1960 divulgetur,
1532 1892 1560 1943 ot
1573 1885 1668 1943 notitia
1677 1886 1737 1942 eius
1747 1887 1794 1942 liat
1804 1884 1903 1959 aliquo
1915 1885 2000 1942 modo

353 1977 471 2048 primurn
488 1976 648 2046 institutus,
662 1980 690 2031 et
702 1973 736 2030 ad
752 1989 834 2030 usum
847 1973 1013 2046 applicatus,
1035 1978 1095 2028 tuns
1110 1971 1158 2028 de·
1191 1975 1315 2048 publica,
1335 1992 1401 2049 ergo
1416 1976 1484 2033 haec
1498 1975 1617 2033 conditio
1633 1976 1789 2032 necessaria
1800 1982 1854 2048 est,
1871 1975 1958 2031 etiarn
1974 1975 2000 2030 in

352 2067 446 2139 nique,
461 2065 524 2138 quia
537 2065 618 2123 etiam
636 2065 693 2121 eius
712 2066 863 2121 necessitas
881 2064 969 2135 primo
988 2069 1032 2118 est
1050 2077 1158 2120 annun·
1191 2063 1296 2138 legibus
1315 2064 1421 2122 divinis.
1438 2068 1507 2123 Cum
1521 2081 1588 2139 crgo
1602 2071 1664 2122 ante
1678 2064 1777 2122 Christi
1791 2071 1911 2122 mortem
1930 2065 2001 2121 haee

353 2157 430 2212 tiata.
447 2157 535 2212 hlinor
550 2170 614 2211 vero
633 2153 685 2211 late
706 2155 819 2225 probata
832 2159 874 2210 est
888 2159 915 2212 3.
932 2161 1000 2210 tom.
1016 2156 1044 2209 3.
1059 2151 1154 2224 partis,
1190 2157 1374 2229 promulgatio
1388 2156 1461 2214 locta
1475 2171 1529 2213 non
1543 2156 1595 2226 sit,
1612 2162 1644 2212 ut
1656 2153 1776 2228 ostendi,
1791 2170 1849 2211 non
1866 2156 2001 2226 potuitin

351 2243 423 2318 disp.
442 2249 491 2316 tt,
506 2252 574 2302 sect.
591 2250 619 2303 l.
635 2246 669 2302 Et
682 2260 757 2302 nunc
771 2244 891 2302 breviter
906 2242 1076 2313 ostenditur,
1091 2243 1155 2315 quia
1190 2244 1217 2302 in
1230 2251 1336 2318 morte,
1354 2247 1394 2303 rel
1410 2247 1613 2303 resurrectione
1625 2245 1726 2303 Christi
1745 2244 1814 2302 haec
1828 2244 1874 2302 lex
1893 2243 2001 2319 obliga-

351 2349 406 2392 non
418 2341 508 2407 potest
518 2341 696 2407 praeceptum
708 2334 845 2408 obligare,
857 2337 935 2406 prius
945 2348 1028 2406 quam
1043 2331 1156 2405 incipiat
1189 2348 1235 2405 re,
1251 2335 1355 2410 donec,
1371 2335 1448 2410 quod
1461 2339 1493 2392 lo
1506 2351 1582 2393 cure
1596 2333 1711 2393 dictum
1724 2338 1799 2402 εειιι,
1815 2349 1906 2409 asper
1918 2338 2002 2391 recta

350 2425 458 2497 publice
474 2425 637 2496 praedicari,
653 2440 702 2482 seu
715 2423 897 2498 prornulgari3
914 2423 962 2480 sed
976 2430 1154 2496 praeceptum
1185 2421 1424 2498 praedicaretur,
1441 2433 1472 2483 ut
1481 2424 1607 2482 Christus
1618 2426 1749 2482 hominus
1760 2422 1856 2482 astu.
1867 2439 1933 2497 cap.
1948 2427 1993 2482 1⁰.

351 2513 479 2586 baptismi
493 2495 555 2570 ‘non
573 2520 616 2571 est
635 2514 841 2588 promulgatum
856 2515 963 2571 vivente
983 2511 1108 2582 Christo,
1123 2518 1156 2570 ut
1190 2513 1341 2586 imperarit.

352 2604 509 2662 constater
524 2603 677 2678 evangelio,
694 2610 723 2660 et
735 2603 816 2660 docet
831 2603 858 2661 d.
874 2604 995 2661 Thomas
1009 2618 1102 2676 supra.
1118 2603 1155 2659 Et
1228 2610 1256 2664 9.
1273 2603 1414 2662 Concludo
1433 2604 1532 2676 igitur,
1555 2603 1748 2677 obligationem
1761 2602 1846 2661 huius
1861 2603 1932 2676 legis
1946 2619 2001 2659 non

351 2692 421 2750 haec
436 2697 505 2752 ratio
520 2696 616 2767 probat
627 2691 662 2749 de
673 2692 799 2749 omnibus
811 2694 964 2765 praeceptis
975 2693 1098 2764 positivis
1114 2690 1154 2748 le·
1187 2695 1322 2766 incepisse
1344 2695 1369 2749 in
1389 2700 1493 2766 morte,
1513 2694 1555 2751 rel
1570 2695 1774 2751 resurrectione
1786 2691 1901 2750 Christi.
1918 2691 2000 2760 Quod

351 2785 394 2858 gis
415 2798 519 2857 novae,
538 2785 603 2858 quia
622 2782 729 2840 nullum
747 2790 806 2853 est,
827 2783 903 2855 quod
918 2783 1024 2839 vivente
1044 2780 1152 2840 Christo
1188 2791 1279 2856 potest
1297 2785 1455 2840 confirmari
1469 2785 1575 2856 primo,
1594 2783 1658 2857 quia
1672 2784 1737 2841 alias
1750 2799 1783 2841 ει
1797 2789 1866 2840 tunc
1881 2782 2000 2855 obligas·

351 2873 436 2931 luerit
457 2873 567 2945 publice
580 2871 796 2946 promulgatum.
810 2874 877 2930 Nam
893 2872 959 2930 licet
973 2873 1048 2929 loan.
1065 2875 1092 2930 6.
1112 2870 1153 2927 di·
1189 2881 1232 2930 set
1248 2875 1391 2932 universos
1406 2873 1537 2944 homines,
1550 2879 1578 2930 ει
1591 2880 1680 2931 totum
1695 2873 1804 2931 orbem:
1820 2887 1999 2946 consequens

281 3009 285 3017 .
351 2963 422 3020 sarit
439 2953 581 3021 Christus:
602 2967 670 3020 Nisi
688 2961 944 3020 manducaveritis
959 2959 1153 3034 ccrnemfilii
1187 2970 1280 3020 autem
1306 2971 1349 3020 εει
1373 2961 1540 3020 incredibile.
1557 2962 1674 3036 sequela
1695 2969 1785 3034 patet,
1806 2965 1945 3035 quianon
1958 2968 1999 3018 est

350 3054 498 3121 homiaem·
516 3052 686 3110 nihilominus
706 3068 760 3108 non
780 3053 870 3123 potuit
888 3058 955 3110 tunc
973 3059 1152 3124 praeceptum
1188 3056 1273 3110 maior
1295 3055 1365 3111 ratio
1383 3051 1417 3110 de
1437 3051 1552 3126 iudaeis,
1567 3068 1650 3124 quam
1663 3051 1697 3110 de
1711 3052 1848 3125 gentihus,
1865 3053 1934 3125 quia
1949 3065 1999 3124 pro

284 3191 288 3198 .
351 3143 435 3216 larri,
457 3161 520 3201 cum
537 3143 659 3200 nondum
671 3153 746 3200 esset
757 3142 934 3200 Eucharistia
949 3143 1089 3212 instituta3
1106 3157 1154 3198 so·
1187 3143 1312 3200 omnihus
1327 3148 1578 3200 consummataest
1592 3140 1851 3214 redemptio,etpro
1869 3141 1997 3196 omnihus

350 3233 408 3291 lum
422 3250 488 3308 ergo
502 3233 553 3291 luit
567 3235 921 3306 praenunciatumhtrero
933 3231 975 3288 lex
987 3247 1040 3287 non
1051 3217 1153 3304 obligat
1185 3234 1310 3291 instituit
1330 3233 1456 3290 Christus
1478 3233 1660 3304 baptismum,
1680 3239 1708 3289 ει
1729 3231 1783 3288 εΙίε
1808 3237 2012 3304 sacramenta„

350 3327 444 3398 prius,
459 3339 543 3399 quam
563 3323 770 3396 promulgetur,
786 3339 853 3396 ergo
868 3338 918 3379 nec
931 3322 974 3379 lar
987 3321 1087 3379 Christi
1103 3337 1152 3394 po·
1186 3330 1214 3381 ει
1230 3337 1280 3395 pro
1294 3322 1421 3380 omnibus
1434 3321 1517 3380 disits
1532 3324 1597 3378 Nisi
1606 3325 1672 3393 quis
1681 3325 1805 3378 remmus
1815 3318 1930 3392 licerit,
1940 3327 1994 3377 etc.

272 3481 274 3488 Α
350 3415 404 3473 tuit
418 3413 537 3488 obligare
548 3413 575 3469 in
586 3415 638 3470 vita
649 3413 719 3484 eius,
731 3427 797 3486 ergo
809 3427 859 3468 nec
870 3414 895 3468 in
909 3417 996 3468 morte
1006 3411 1075 3485 eius,
1088 3411 1152 3484 quio
1185 3418 1228 3470 etr
1249 3416 1317 3470 Nisi
1336 3411 1594 3470 mandamacertts's
1617 3427 1741 3493 caruem
1757 3409 1823 3484 filie·
1849 3411 1992 3476 homins,

348 3520 404 3562 non
418 3505 505 3578 magis
520 3503 572 3560 iuit
584 3502 757 3575 promulgata
768 3502 794 3582 in
807 3508 905 3573 morte,
916 3499 957 3558 vel
971 3501 1152 3559 resurrectio·
1185 3510 1240 3560 eto.
1256 3502 1292 3560 Et
1312 3503 1437 3560 similiter
1458 3519 1512 3558 non
1533 3508 1577 3558 est
1597 3501 1684 3558 maior
1704 3501 1775 3558 ratio
1796 3499 1829 3556 de
1850 3516 1905 3556 una
1920 3506 1997 3572 parte

349 3609 494 3672 ne,quam
507 3595 534 3650 in
548 3594 611 3664 vita,
628 3599 659 3648 ut
673 3593 698 3648 in
713 3591 846 3664 superiori
861 3590 928 3647 libro
941 3592 1024 3648 etiam
1038 3589 1103 3647 disi.
1186 3593 1275 3666 orbis,
1292 3609 1375 3666 quana
1391 3592 1424 3650 de
1437 3592 1582 3666 aliaqquia
1596 3591 1688 3648 sinon
1704 3598 1747 3646 ast
1761 3590 1919 3647 necessaria
1934 3605 1999 3662 pro·

387 3689 413 3742 8.
430 3682 606 3756 Respondent
619 3681 719 3755 aliqui,
739 3682 764 3737 in
782 3679 839 3753 lege
853 3679 942 3736 divina
955 3695 1009 3737 non
1026 3695 1087 3737 esse
1103 3696 1152 3737 ne·
1186 3681 1334 3754 mulgatio,
1357 3681 1404 3739 sed
1419 3679 1545 3739 voluntas
1560 3679 1721 3754 legislatoris
1736 3679 1856 3752 sufficit,
1879 3687 1917 3736 ut
1930 3677 1997 3736 dici-

348 3775 497 3832 cessariam
522 3772 660 3845 publicam
677 3769 944 3843 promulgationem,
965 3771 1039 3826 siout
1057 3769 1085 3826 in
1099 3768 1150 3827 hu·
1185 3776 1305 3845 tur3non
1321 3776 1363 3828 εει
1376 3771 1434 3828 ιιιΙε
1449 3771 1529 3837 ratio,
1542 3771 1577 3827 ob
1590 3784 1674 3843 quarn
1686 3771 1778 3842 potius
1793 3770 1817 3824 in
1833 3785 1997 3842 uno,quam

349 3879 447 3935 mnna;
465 3863 530 3937 quia
543 3863 571 3918 in
586 3863 706 3919 humana
720 3859 811 3918 solum
825 3865 870 3916 est
881 3859 1038 3917 necessaria
1051 3874 1085 3915 ει
1100 3857 1153 3916 hu·
1184 3859 1210 3916 in
1225 3861 1282 3917 aliis
1296 3860 1365 3918 locis
1378 3859 1551 3934 obligaverit,
1566 3875 1633 3916 cuns
1646 3858 1774 3917 noluntas
1789 3859 1836 3916 liei
1853 3859 1888 3916 da
1905 3875 1936 3930 qe
1949 3875 1997 3933 ge-

348 3969 429 4010 mann
452 3952 639 4024 institutione,
661 3965 733 4024 quae
755 3965 808 4007 non
828 3948 984 4007 extenditur
1007 3948 1041 4005 ad
1062 3948 1150 4024 legem
1184 3949 1283 4007 neralis
1298 3950 1390 4023 luerit,
1403 3949 1528 4024 obligans
1542 3964 1638 4007 omnes
1652 3948 1815 4006 homineset
1829 3951 1996 4006 universum

348 4041 477 4114 divinam,
486 4056 537 4098 noc
551 4042 634 4098 etiarn
648 4040 786 4096 invenitur
800 4038 925 4112 specialis
939 4038 985 4094 bei
999 4039 1147 4109 institutio,
1185 4038 1319 4097 mundum
1331 4055 1379 4113 per
1389 4039 1460 4096 hanc
1470 4038 1755 4114 legemConsequeus
1769 4045 1862 4096 autern
1877 4054 1942 4097 esse
1957 4043 1997 4097 in·

348 4147 420 4207 quaa
440 4130 510 4188 banc
531 4128 652 4202 postulet
670 4128 855 4187 conditionem
871 4127 904 4186 ad
924 4143 1038 4184 suarum
1056 4126 1149 4201 legum
1183 4128 1313 4188 credibile
1324 4133 1414 4202 patet,
1432 4135 1491 4187 tum
1506 4144 1520 4185 a
1534 4129 1620 4200 priori
1634 4129 1739 4186 ratione
1752 4127 1837 4202 lacta,
1853 4129 1920 4202 quia
1936 4138 1999 4186 erat

348 4222 549 4296 obligationem.
565 4217 618 4276 Sed
636 4218 689 4275 boo
708 4235 764 4275 uon
782 4217 930 4292 satisfacitq
947 4217 1012 4292 quia
1027 4216 1149 4290 promul·
1182 4219 1348 4294 impossihile
1372 4217 1445 4275 illam
1464 4217 1550 4290 legem
1565 4219 1738 4275 innotescero
1751 4217 1777 4274 in
1792 4217 1839 4274 illo
1853 4227 1997 4276 momento

348 4314 422 4386 gatio
437 4310 505 4385 legis
519 4325 553 4368 aa
568 4315 666 4367 natura
676 4309 715 4366 rei
726 4315 768 4366 εει
778 4309 931 4366 necessaria
942 4307 1040 4366 saltem
1052 4308 1078 4364 in
1090 4307 1148 4382 lege
1182 4311 1233 4367 toti
1245 4308 1409 4382 mundo,vel
1423 4306 1549 4366 omnibus
1564 4307 1730 4376 hominibnss
1743 4313 1801 4364 turn
1813 4323 1830 4363 a
1844 4310 1996 4379 posteriori

347 4401 456 4475 propria
470 4405 548 4458 extra
563 4398 750 4474 legislatorem
761 4401 906 4468 existente,
920 4403 951 4455 ut
965 4397 991 4455 in
1006 4396 1053 4454 lih.
1064 4397 1149 4455 lists
1182 4415 1215 4457 ex
1232 4397 1367 4457 absurdo:
1387 4413 1450 4456 narn
1465 4397 1591 4472 sequitur
1604 4397 1631 4454 in
1643 4395 1738 4454 eodem
1753 4401 1859 4468 puncto
1875 4397 1997 4472 abroga-

348 4491 494 4549 deolarari.
512 4491 580 4547 ilico
597 4495 689 4546 autom
703 4493 793 4547 enirn
806 4478 1008 4562 legislatorem
1021 4490 1149 4546 eateten-
1184 4497 1243 4548 tum
1257 4504 1319 4546 esse
1338 4487 1493 4546 remedium
1506 4487 1646 4561 originalis
1659 4485 1874 4559 peccatidatunr
1894 4502 1945 4558 pro
1956 4491 1997 4544 in-

348 4587 388 4650 te,
407 4588 518 4655 propter
533 4580 789 4654 legemaeternam,
804 4585 837 4638 ut
849 4581 932 4637 etiam
946 4579 1060 4650 exposui
1075 4579 1101 4635 in
1116 4577 1148 4636 li·
1182 4578 1311 4651 lantibus,
1329 4579 1387 4635 sire
1401 4575 1514 4644 iudaeis,
1531 4577 1587 4633 sire
1602 4574 1740 4650 gentihus,
1751 4574 1828 4648 quod
1845 4573 1925 4632 credi
1940 4581 1996 4633 non

346 4670 398 4727 bro
409 4671 502 4742 ll,.nbi
515 4671 598 4727 etiarn
611 4671 639 4725 in
654 4669 712 4742 lege
726 4667 843 4726 naturali
857 4685 940 4726 suum
955 4667 1066 4726 modum
1081 4685 1146 4741 pro·
1183 4673 1274 4741 potest
1289 4667 1322 4725 de
1333 4667 1421 4725 divina
1432 4665 1602 4740 providentia
1614 4672 1643 4724 et
1654 4662 1854 4735 misericordia,
1865 4672 1899 4723 ut
1912 4681 1996 4739 saepe

347 4759 521 4833 mulgationis
539 4759 686 4816 declarari.
702 4759 892 4831 propriissime
913 4751 1005 4815 autem
1020 4773 1148 4815 necessa·
1183 4757 1253 4827 dixi,
1275 4765 1303 4816 et
1323 4760 1422 4816 iterum
1444 4756 1536 4813 statim
1555 4753 1658 4812 dicam.
1673 4753 1791 4827 sequela
1811 4770 1880 4812 vero
1902 4763 1994 4830 patet,

347 4851 388 4910 ria
400 4859 443 4908 est
456 4848 638 4922 promulgatio
651 4849 678 4904 in
693 4848 750 4921 lege
761 4848 949 4920 positiva,non
962 4849 1027 4920 quin
1040 4854 1084 4904 est
1096 4847 1148 4904 hu·
1183 4851 1249 4922 quia
1261 4847 1342 4905 simul
1355 4863 1387 4904 ac
1403 4847 1445 4904 les
1458 4861 1530 4902 nova
1540 4843 1661 4918 obligare
1674 4845 1787 4917 incepit,
1795 4843 1898 4916 incepit
1911 4847 1994 4903 etiarn

347 4955 443 5014 mana,
459 4938 502 4996 rel
515 4938 623 5006 divina,
640 4935 688 4994 sed
701 4937 766 5010 quia
780 4936 933 4994 horninibus
948 4937 1048 5009 datur,
1062 4943 1091 4993 ει
1104 4953 1147 4994 se·
1181 4939 1334 4995 necessitas
1355 4935 1499 5009 baptismi,
1517 4949 1588 5009 quae
1604 4934 1694 4991 statim
1708 4932 1828 4990 exclusit
1843 4933 1994 4991 utilitatem

348 5030 441 5089 cundo
455 5028 619 5087 ordinariam
633 5025 827 5100 providentiam
842 5027 921 5085 debet
934 5026 1016 5084 modo
1032 5026 1147 5086 homini·
1183 5028 1386 5101 cuiuscumque
1406 5025 1519 5082 alterius
1539 5023 1662 5090 remedii,
1680 5029 1711 5112 ut
1725 5023 1750 5079 in
1764 5022 1819 5079 lino
1833 5021 1996 5097 libriprse·

347 5120 400 5178 bus
419 5115 626 5177 accommodato
646 5117 707 5173 iilos
726 5115 856 5189 obligare.
873 5117 933 5174 Non
947 5122 1038 5188 potest
1052 5124 1145 5175 autem
1181 5117 1303 5175 cedentis
1317 5115 1464 5173 declarari.

348 5210 531 5268 communitas
557 5199 698 5264 hominurn
723 5205 833 5278 publica
856 5205 916 5279 lege
938 5204 1072 5279 obligari,
1093 5207 1145 5264 nisi
1222 5213 1265 5266 ιο.
1281 5203 1414 5279 hcoadit,
1436 5202 1511 5279 quod
1530 5203 1638 5261 nullum
1657 5209 1699 5261 εει
1713 5201 1930 5261 laudamentum
1946 5221 1994 5279 po-

348 5298 537 5358 eommunitati
557 5303 726 5372 proponatur
739 5295 923 5370 sufficienter,
939 5297 975 5354 ita
990 5303 1021 5353 ut
1034 5305 1145 5355 natura·
1179 5295 1261 5355 nendi
1278 5303 1382 5354 tantam
1402 5285 1609 5369 obligationem,
1631 5293 1673 5351 rel
1697 5295 1891 5352 necessitatem
1908 5295 1935 5352 in
1950 5299 1991 5352 in·
