4190 6234
779 397 884 450 meur
897 398 996 448 xvm.

97 537 186 598 litionis
206 533 239 592 ad
261 533 392 592 iustitiam
406 533 449 592 rel
465 532 584 592 valorem
603 529 698 590 tributi
714 526 805 604 colligi
822 544 870 600 pe·

97 637 148 688 tert.
162 630 223 684 Naro
238 627 263 681 in
278 625 297 680 l.
315 630 345 695 2,
360 625 403 682 tit.
423 628 448 694 l,
464 640 491 696 p.
508 629 537 690 2,
553 623 629 694 prius
643 621 746 678 dicitur
760 619 869 676 absolu·

1157 520 1297 594 CAPUT
1319 520 1437 592 dess.

97 722 312 792 te,imperetorem
327 715 428 772 babere
439 729 596 786 supremam
608 717 772 786 potestatem
785 717 814 766 et
823 709 869 766 ab·
907 737 1010 798 mmm
1028 733 1106 809 309&
1127 734 1306 792 ,figulorum
1329 732 1454 807 obpqenp
1469 737 1503 794 pn
1520 735 1699 794 mmmm

97 811 193 868 solutam
206 804 360 879 imponendi
376 807 449 863 iusta
460 803 575 872 tributa,
587 809 614 859 et
625 808 720 874 postea
731 799 868 872 subditur,
931 822 974 882 (up
985 823 1106 883 morum
1119 824 1302 892 solutionem,
1319 827 1440 883 etiamsi
1452 842 1511 884 mm
1522 829 1675 900 petantur·

97 903 151 958 banc
165 903 322 970 potestatem
336 899 366 952 in
380 895 422 953 bis
436 896 527 968 regnis
541 892 700 951 translatam
715 907 776 948 esse
788 892 814 948 in
826 905 869 947 re·

97 987 281 1065 grmsimiliter
295 989 323 1043 iu
340 987 359 1043 Ι.
376 990 406 1056 9,
421 987 463 1042 tit.
478 990 505 1055 8,
517 1001 545 1057 p.
560 990 585 1044 5.
599 984 667 1040 hoec
681 988 805 1056 potestas
820 979 870 1037 soli

97 1083 140 1151 regi
158 1079 295 1147 tribuitur,
315 1075 443 1149 idemque
458 1077 624 1149 supponitur
637 1075 664 1129 in
679 1072 698 1129 l.
716 1077 745 1143 5,
762 1071 802 1128 tit.
823 1077 867 1142 10,

96 1172 170 1244 partit.
191 1171 215 1226 l.
231 1166 407 1241 Relinquitur
421 1181 505 1239 ergo,
525 1180 695 1222 concursum
710 1164 802 1236 regui,
819 1179 868 1219 seu

95 1260 167 1333 populi
179 1274 343 1314 consensum
360 1272 409 1329 per
421 1273 461 1326 se,
470 1255 510 1311 rel
523 1271 571 1327 per
582 1261 777 1326 procuratores
788 1268 865 1320 suos,

95 1363 202 1406 nonense
224 1348 413 1404 conditionem
433 1346 613 1402 necessariam
629 1339 661 1402 ad
677 1344 806 1400 iustitiam
821 1344 869 1399 tri·

95 1441 148 1496 buti.
158 1440 210 1494 lmo
223 1440 303 1494 etiam
320 1437 460 1509 sequitur,
472 1435 600 1491 iustitium
615 1435 707 1492 tributi
722 1449 782 1489 esse
797 1433 867 1504 prio·

95 1545 147 1599 rem,
157 1544 185 1585 ex
199 1534 295 1584 notura
311 1527 353 1584 rei
370 1526 416 1582 tali
430 1541 566 1582 consensu
578 1524 806 1597 populi,ideoque
820 1540 868 1579 su·

94 1636 195 1691 preamm
208 1619 359 1690 principem
372 1633 423 1674 sua
432 1621 566 1689 potestate
577 1631 658 1686 posse
670 1616 806 1687 imponere
819 1617 868 1671 tri-

94 1711 169 1768 butum
183 1710 295 1780 iustum,
307 1709 369 1782 lege
386 1709 450 1776 lata,
458 1713 487 1764 et
496 1712 696 1779 consequenter
708 1721 788 1778 posse
799 1705 866 1763 obli-

93 1817 142 1872 gare
160 1799 283 1872 populum
304 1800 342 1856 ad
360 1797 602 1866 consentiendum,
622 1803 650 1854 et
664 1797 865 1868 acceptandum

94 1891 211 1959 tributum,
229 1890 312 1947 ruodo
328 1883 491 1962 eiplicanuo
506 1889 530 1944 in
545 1890 634 1960 capite
649 1887 865 1960 sequentiblias

93 1981 201 2036 tribulum
216 1997 269 2038 non
284 1987 384 2053 posset
397 1979 523 2051 imperari
538 1993 585 2050 per
602 1975 712 2034 modum
728 1979 866 2050 praecepti

92 2077 112 2126 et
124 2070 193 2143 legis,
209 2072 259 2126 nisi
275 2073 359 2143 prius
374 2074 566 2142 acceptaretur
581 2085 596 2125 n
610 2067 729 2125 subditis
743 2085 792 2140 per
805 2084 866 2125 mo·

92 2160 142 2218 dum
156 2166 212 2220 nori
231 2165 304 2234 pacti
320 2169 350 2220 et
364 2161 530 2234 donationis3
548 2158 620 2234 quod
634 2175 687 2215 non
701 2165 864 2232 potestesse

1183 1020 1415 1086 Summamum

904 1209 928 1260 l.
944 1213 1015 1264 Licet
1031 1212 1158 1263 tributum
1175 1223 1224 1263 non
1238 1213 1272 1263 sit
1284 1225 1380 1276 poeno,
1393 1213 1491 1276 obligat
1504 1219 1587 1266 temen
1599 1214 1631 1266 ad
1644 1217 1700 1271 eius

939 1284 1101 1334 solutionem.
1117 1310 1151 1320 —
1165 1279 1191 1334 2.
1210 1283 1284 1333 Multi
1301 1283 1435 1349 sentiunt,
1455 1285 1525 1346 leges
1543 1287 1701 1340 tributorum
1794 1324 1796 1338 ,

937 1367 986 1403 non
1000 1355 1116 1416 obtigere
1129 1353 1154 1403 in
1167 1354 1322 1404 conscientia
1335 1353 1365 1402 sd
1380 1366 1467 1404 eorum
1480 1355 1701 1418 solrrtionenr;iroo
1715 1353 1717 1358 ’

937 1425 981 1474 alii
994 1426 1142 1487 opinentur,
1158 1437 1203 1474 nec
1217 1424 1331 1484 obligare
1344 1423 1446 1488 quidem
1459 1422 1491 1474 ad
1503 1439 1552 1476 non
1566 1429 1697 1480 occulten-

937 1494 997 1544 dum
1010 1495 1092 1545 simile
1106 1495 1231 1554 debitum,
1243 1495 1276 1543 ob
1288 1493 1699 1549 cousuetudinem.-3.Secunda
1761 1540 1769 1554 .

937 1566 1063 1620 sententia
1082 1566 1131 1614 sub
1147 1564 1312 1618 distinctione
1326 1564 1440 1628 loquens.
1455 1591 1490 1602 -
1508 1566 1534 1616 4.
1554 1569 1697 1630 Sententia,

935 1648 1001 1699 quae
1014 1634 1183 1696 sturmoqbss
1196 1635 1267 1696 leges
1280 1633 1436 1685 tributorum
1450 1636 1531 1686 iustas
1543 1639 1657 1703 obtigere
1667 1640 1699 1690 ad

935 1703 1163 1756 solutionem-b.
1174 1704 1256 1766 Leges
1269 1705 1421 1768 simpliciter
1431 1706 1588 1770 imponentes
1598 1710 1698 1760 tributa

936 1777 1002 1826 iusta
1013 1777 1126 1837 obligant
1137 1775 1167 1824 od
1178 1775 1329 1825 solutionem
1340 1776 1432 1825 tributi
1444 1789 1491 1826 nou
1503 1779 1589 1841 petiti,
1597 1781 1697 1843 quando

934 1848 1067 1896 moraliter
1079 1853 1178 1896 constet
1187 1845 1219 1895 de
1233 1846 1359 1895 luiustitia
1374 1845 1600 1910 tegis-eumer,
1613 1849 1696 1901 tribu·

934 1923 1019 1967 torum
1033 1929 1160 1981 nunquam
1174 1915 1288 1976 obligant
1301 1915 1332 1965 ed
1345 1916 1507 1976 solutionem,
1521 1918 1623 1982 quando
1634 1933 1695 1970 con-

934 1994 985 2037 stet
1002 1987 1034 2037 de
1052 1987 1190 2037 iniustitia.
1202 2013 1237 2022 -
1251 1985 1276 2036 7.
1290 1985 1466 2036 limitationes
1479 1988 1623 2052 praedictae
1635 2003 1699 2042 ecn-

932 2057 1055 2108 ciusionis
1070 2069 1101 2108 ex
1117 2063 1190 2121 parte
1207 2068 1299 2106 censae
1312 2062 1339 2106 et
1351 2069 1469 2107 excessus
1481 2059 1649 2110 tributorum.
1660 2089 1696 2099 -

933 2127 958 2178 8.
978 2126 1100 2178 Subditus
1119 2133 1203 2190 potest
1226 2127 1353 2177 tributum
1375 2140 1423 2177 uon
1437 2127 1552 2190 solvere,
1566 2130 1588 2179 si
1601 2129 1694 2183 babeat

932 2199 1043 2248 rationes
1065 2197 1210 2262 probabiles
1231 2195 1263 2247 dc
1285 2197 1412 2246 iniustitia
1434 2198 1528 2248 tributi
1545 2211 1559 2248 a
1577 2201 1692 2262 legitimo

91 2268 166 2309 rerum
185 2269 216 2310 en
235 2260 340 2311 natura
359 2256 414 2324 rei,
436 2267 502 2309 curn
522 2250 656 2308 tributum
676 2251 811 2321 pertineat
829 2248 863 2307 ad

92 2345 255 2416 obligationem
274 2345 413 2415 iustitiae,
428 2358 483 2400 ucu
496 2343 523 2398 iu
538 2357 609 2398 nova
620 2347 649 2396 et
663 2339 766 2396 liberali
779 2339 863 2396 dona·

90 2434 145 2489 tione
162 2435 305 2507 fundatam,
332 2433 381 2491 sed
400 2435 428 2489 in
448 2431 564 2490 naturali
578 2433 648 2504 iure,
663 2445 720 2503 quo
736 2436 862 2488 tenemur

90 2523 279 2581 inelaboranti
299 2523 471 2592 mercedem,
492 2530 520 2580 et
534 2521 697 2596 gubernanti
711 2517 861 2579 subsidium
937 2528 962 2583 1.
978 2525 1105 2592 Quaestio
1120 2524 1188 2581 baec
1202 2523 1295 2582 locum
1309 2523 1408 2582 babere
1421 2528 1633 2600 potest,etiamsi
1648 2529 1691 2588 lex
1713 2521 1717 2531 '

90 2614 114 2668 ad
129 2630 198 2670 onera
216 2616 342 2672 muneris
364 2615 406 2670 sui
429 2614 617 2671 sustentanda.
895 2615 988 2673 tributi
1004 2614 1125 2688 poenalis
1138 2631 1192 2671 noo
1207 2615 1251 2688 sit,
1264 2620 1295 2671 ut
1309 2615 1437 2685 diximus,
1448 2617 1512 2689 quia
1527 2615 1590 2675 lieet
1603 2619 1690 2676 tribu·

117 2704 159 2761 Lex
174 2721 235 2778 ergo
248 2706 295 2763 illa·
307 2711 339 2762 et
352 2705 526 2762 cousuetudo
540 2705 682 2777 Hispaniae
702 2699 858 2777 requirendi
895 2711 954 2762 tum
967 2721 1022 2762 non
1042 2707 1078 2761 sit
1092 2720 1191 2777 poena,
1206 2710 1235 2760 et
1247 2703 1306 2761 ideo
1322 2703 1355 2760 ad
1371 2704 1442 2761 illius
1457 2705 1620 2764 solutionem
1634 2725 1689 2766 non

89 2806 225 2852 eonsensum
245 2798 335 2868 regui,
361 2794 471 2869 quando
492 2794 594 2851 tributa
608 2793 769 2866 imponenda
782 2799 858 2860 suut,
894 2798 929 2852 sit
941 2795 1094 2852 necessaria
1109 2795 1245 2852 sententia
1261 2793 1492 2867 condemnatoris,
1509 2795 1562 2853 imo
1577 2813 1628 2855 nec
1641 2797 1689 2854 de·

89 2885 186 2956 speridis
204 2887 340 2943 institutio
354 2901 454 2958 regum
468 2885 520 2942 luit
534 2901 566 2943 ex
586 2886 696 2943 illorum
710 2883 860 2957 benignita·
894 2885 1054 2960 clarotoria3
1078 2884 1251 2942 nibilominus
1265 2890 1357 2957 potest
1380 2886 1482 2958 requiri
1504 2888 1630 2959 erectio,
1652 2889 1690 2947 its

89 2981 121 3040 ts,
134 2991 183 3046 ¹non
201 2992 233 3033 ex
252 2979 421 3033 necessitate
440 2976 556 3033 iustitiae
574 2990 718 3047 concessa,
734 2981 794 3031 ante
808 2974 859 3030 du·
893 2985 924 3032 ut
938 2977 994 3032 sine
1006 2975 1049 3033 illa
1061 2990 1139 3031 nemo
1149 2981 1266 3048 cogetur
1276 2985 1422 3046 spontanee
1436 2975 1529 3033 offerte
1540 2976 1685 3036 tributum.

89 3073 160 3122 erutos
177 3083 269 3138 anuos,
292 3065 338 3124 rel
361 3067 482 3124 circiter.
498 3067 533 3123 Et
560 3065 618 3123 ideo
638 3071 747 3122 nonest
764 3071 858 3121 exten·
892 3067 969 3124 Sicut
989 3068 1071 3123 etiam
1095 3081 1181 3138 poena
1195 3065 1351 3137 pecuniaria
1366 3065 1430 3139 legis
1450 3073 1513 3138 post
1526 3069 1687 3128 seutentiam

88 3155 154 3212 unde
170 3158 201 3214 nd
219 3159 310 3214 omnin
325 3171 426 3230 regua,
437 3155 485 3212 sed
502 3157 530 3212 iu
544 3171 712 3231 unoquoque
726 3152 858 3211 servande
891 3157 979 3214 debita
1000 3164 1044 3214 est
1063 3157 1119 3213 sine
1140 3156 1193 3212 alia
1214 3171 1284 3213 uora
1300 3159 1447 3230 sententia,
1469 3165 1498 3214 et
1510 3159 1686 3219 nibilominus
1770 3196 1773 3204 ι

88 3249 125 3302 eo't
136 3264 178 3304 sue
191 3248 249 3320 lex,
263 3248 308 3305 rel
323 3245 516 3318 consuetudo,
536 3253 564 3302 et
582 3247 627 3304 ubi
647 3246 722 3303 nulla
735 3245 857 3317 specialis
890 3250 1004 3305 covarr.
1021 3253 1049 3305 et
1062 3246 1105 3304 alii
1120 3246 1249 3318 sentiunt,
1261 3261 1316 3302 non
1330 3246 1438 3318 deberi,
1451 3247 1500 3304 uisi
1511 3255 1633 3322 petatur:
1650 3253 1687 3309 si·

932 2269 1047 2332 principe
1061 2269 1185 2331 positi.—
1191 2267 1311 2318 Auctoris
1325 2267 1460 2320 distinctio
1471 2267 1503 2319 de
1513 2270 1694 2334 probabilitate

932 2339 1025 2390 tributi
1038 2339 1180 2402 obligante,
1194 2337 1235 2388 rel
1249 2349 1308 2388 nou.

88 3336 245 3395 determinatio
266 3338 366 3411 luerit,
387 3337 522 3394 servanda
543 3343 586 3392 est
604 3337 725 3409 aequitas
739 3335 857 3393 iustitiae
890 3338 944 3394 mili
955 3351 1020 3411 ergo
1035 3337 1114 3394 modo
1127 3341 1217 3410 potest
1227 3336 1351 3394 accidere
1362 3338 1390 3394 in
1400 3337 1557 3411 tributis,et
1567 3340 1620 3398 boc
1632 3349 1685 3418 est,

87 3427 200 3485 mturalis.
213 3429 260 3485 llla
285 3445 355 3485 vero
377 3429 520 3501 Hispaniae
540 3427 673 3484 institutio
687 3428 712 3483 iu
728 3427 780 3484 boc
795 3427 856 3482 iun·
891 3428 964 3502 quod
987 3427 1160 3502 inquirimus.
1176 3427 1205 3484 lu
1222 3429 1373 3501 quostiam
1386 3432 1546 3502 quaestione
1560 3431 1684 3508 adverto,
1710 3449 1715 3466 ·

87 3517 133 3574 datr
150 3519 261 3590 ridetur,
284 3517 364 3593 quod
385 3535 418 3575 eo
439 3525 571 3590 ternpore,
593 3519 620 3573 in
640 3521 694 3590 quo
716 3517 759 3574 ille
773 3516 855 3573 stabi·
889 3535 943 3576 non
964 3534 1044 3592 possa
1068 3519 1168 3576 babere
1184 3519 1410 3593 controversiam,
1427 3522 1450 3577 si
1463 3520 1496 3578 de
1510 3517 1684 3594 possibili'lo·

86 3607 118 3664 lita
134 3616 179 3680 ost,
193 3613 246 3667 iam
265 3618 349 3667 eraut
368 3611 394 3664 in
415 3608 542 3680 llispauia
562 3610 688 3681 imposita
709 3607 794 3664 multa
810 3610 856 3664 tri·
890 3624 1018 3681 quumur.
1030 3609 1100 3677 Quid
1113 3609 1183 3664 enim
1198 3616 1282 3680 vetat,
1291 3609 1425 3666 tributum
1440 3610 1540 3684 imponi
1554 3628 1619 3670 cure
1633 3613 1686 3670 hec

86 3697 142 3770 buta,
158 3717 221 3773 quae
241 3701 277 3757 ed
297 3716 384 3756 onera
404 3701 479 3770 regni
501 3691 679 3755 sustentanda
693 3697 854 3754 ridebantur
890 3698 1093 3772 moderatione,
1109 3705 1141 3755 ut
1154 3698 1323 3771 postulatum
1339 3699 1479 3770 solvatur,
1494 3707 1522 3758 et
1535 3718 1590 3760 non
1603 3703 1685 3762 alias?

87 3789 199 3866 sufficere3
213 3798 239 3847 et
249 3790 311 3847 ideo
324 3806 359 3847 ne
370 3790 447 3845 noris
460 3789 587 3845 oneribus
597 3795 758 3862 gravaretur
769 3803 856 3860 popu·
888 3791 947 3847 Non
962 3797 1005 3846 est
1018 3807 1084 3862 ergo
1098 3789 1223 3860 dubium,
1235 3790 1300 3863 quin
1317 3790 1401 3861 possit
1415 3789 1467 3847 boc
1479 3793 1559 3850 modo
1573 3792 1649 3869 terri,
1658 3801 1686 3853 et

87 3877 117 3934 lu
132 3881 180 3938 sine
204 3897 303 3954 magne
325 3889 354 3936 et
374 3879 484 3952 publica
504 3895 607 3958 cause,
630 3886 658 3935 et
671 3886 703 3935 ut
717 3878 807 3935 maiori
822 3893 854 3934 ac
889 3881 963 3954 quod
979 3881 1018 3938 sie
1035 3881 1087 3937 leta
1100 3881 1142 3937 lex
1154 3895 1207 3936 non
1219 3879 1280 3962 plue
1292 3879 1401 3953 obliget,
1414 3883 1478 3954 quia
1488 3882 1620 3958 obligatio
1631 3901 1685 3942 nou

87 3974 181 4028 suaviori
200 3973 369 4045 providentia
389 3971 416 4026 id
436 3971 526 4041 fieret,
546 3968 656 4042 quondo
676 3971 732 4025 fieri
746 3977 854 4040 oporte·
888 3978 931 4028 est
945 3971 1043 4040 maior,
1059 3985 1140 4044 quam
1156 3969 1220 4049 legis
1235 3968 1317 4026 rerba
1330 3970 1479 4043 postulent,
1487 3988 1535 4044 per
1545 3990 1616 4046 quac
1627 3978 1685 4034 ani·

86 4069 129 4128 ret,
145 4063 195 4119 ideo
213 4064 367 4120 rectissime
381 4061 407 4117 id
423 4060 578 4118 institutum
593 4066 644 4117 est.
662 4061 696 4115 Et
710 4066 772 4131 post
786 4075 853 4116 con·
889 4078 951 4120 mus
972 4060 1129 4133 imperantis
1149 4063 1339 4133 cognoscitur.
1361 4061 1395 4117 Et
1415 4061 1537 4119 similiter
1558 4063 1683 4124 dubitare

86 4151 210 4210 cessionem
231 4153 307 4210 illam
329 4168 345 4209 a
360 4152 468 4224 regibus
482 4151 594 4222 iactam,
610 4155 638 4205 et
652 4148 774 4206 moribus
788 4165 855 4206 cou-
887 4167 967 4209 nemo
982 4157 1084 4224 potest,
1096 4152 1162 4223 quin
1177 4152 1306 4223 princeps
1321 4151 1407 4223 possit
1420 4152 1555 4225 imperare
1570 4155 1683 4214 solutio-

85 4241 207 4313 firnatarn,
232 4241 372 4300 servanda
390 4248 441 4298 est.
457 4243 516 4298 llou
536 4247 578 4298 est
597 4247 689 4298 autem
707 4244 744 4298 ita
758 4242 854 4298 iutelli-
888 4258 950 4298 nem
966 4241 1069 4312 tributi,
1086 4240 1162 4297 nullo
1175 4246 1317 4312 expectata
1330 4242 1459 4313 petitione
1475 4243 1517 4300 rel
1528 4244 1682 4304 monitione.

84 4332 161 4404 gnada,
176 4342 205 4391 ut
224 4338 259 4392 sit
280 4335 306 4390 in
330 4333 441 4391 arbitrio
454 4341 679 4405 procuratorum,
692 4348 773 4389 suum
788 4347 853 4390 con·
887 4334 955 4402 Quia
973 4332 1077 4389 etiamsi
1101 4333 1257 4402 imponatur
1274 4327 1326 4387 boc
1345 4330 1426 4388 modo
1445 4339 1473 4390 et
1492 4349 1556 4390 curu
1571 4335 1622 4393 bac
1636 4353 1683 4394 ex·

85 4437 171 4480 sensum
188 4441 240 4481 non
259 4431 414 4498 praestare,
430 4425 534 4480 etiamsi
548 4423 649 4481 iustitia
663 4423 766 4489 tributi,
781 4423 854 4479 eius·
887 4439 982 4496 pressa
1003 4420 1174 4490 conditione,
1190 4426 1281 4492 potest
1294 4418 1357 4495 jesse
1373 4421 1477 4479 iustum
1492 4425 1627 4483 tributum
1640 4441 1683 4483 se·

85 4525 123 4582 que
138 4519 276 4572 necessitas
296 4522 363 4571 nota
384 4515 436 4584 sit,
458 4519 524 4571 tunc
545 4517 616 4570 euim
638 4513 791 4570 consentire
813 4517 851 4568 te-
887 4512 1011 4570 cundum
1025 4527 1120 4568 omues
1135 4509 1307 4568 conditiones
1321 4526 1404 4582 supra
1417 4520 1681 4589 numerulos,utpu·

86 4609 247 4677 oratur,sieut
259 4607 342 4664 etiarn
363 4613 488 4662 tenentur
500 4605 606 4663 sortiter
619 4607 756 4675 resistere,
765 4619 852 4676 qusn-
889 4601 955 4658 tebit
968 4601 1047 4658 iucile
1060 4599 1242 4658 discurrendo
1256 4616 1305 4673 per
1318 4615 1450 4675 eas3ergo
1462 4603 1531 4660 iuste
1543 4611 1633 4677 potest
1643 4608 1681 4665 sic

85 4691 231 4754 loiniustitia
243 4698 337 4754 tributi
349 4703 394 4753 est
406 4695 558 4764 manifesta,
568 4695 609 4752 rel
618 4693 726 4767 quoodo
737 4710 770 4750 ex
782 4692 853 4749 mul·
887 4695 999 4765 impooi3
1011 4708 1078 4765 ergo
1093 4693 1134 4748 sic
1148 4693 1229 4748 etiam
1244 4691 1380 4764 obligabit:
1393 4707 1456 4749 nam
1469 4694 1559 4767 quoad
1574 4695 1625 4753 boc
1641 4705 1683 4755 to·

86 4785 173 4843 titudine
191 4790 359 4846 tributorum
382 4793 436 4844 tam
451 4786 569 4859 graviter
584 4790 732 4842 onerantur
747 4783 849 4857 populi,
886 4790 945 4840 tum
970 4783 1012 4840 lex
1032 4783 1078 4841 illa
1096 4789 1138 4839 cst
1151 4781 1281 4854 moralis,
1297 4789 1325 4838 et
1336 4782 1488 4856 procedunt
1503 4769 1592 4842 omnia
1606 4785 1681 4845 dieta

86 4883 107 4929 ut
118 4880 267 4949 aequitatem
284 4879 351 4936 iusti
367 4877 508 4950 stipendii,
527 4885 554 4934 et
568 4877 663 4934 auxilii
677 4875 791 4950 principi
806 4875 853 4932 de·
886 4876 912 4932 in
932 4891 994 4946 cap.
1010 4876 1055 4932 lil.
1072 4876 1140 4931 ltem
1160 4874 1295 4930 tributum
1309 4873 1457 4945 imponitur
1472 4881 1503 4932 ut
1516 4876 1681 4948 stipendium

87 4963 121 5020 liti
131 4967 242 5026 excedat.
886 4949 989 5021 iu'srmn
1001 5007 1008 5034 ,
1022 4972 1050 5020 et
1063 4963 1185 5020 debitum
1199 4979 1232 5020 ex
1246 4962 1304 5037 lege
1317 4963 1445 5038 iustitiae,
1463 4964 1510 5022 sed
1524 4967 1679 5040 praecipere

887 5056 1050 5113 solutionem
1071 5053 1175 5126 debiti,
1196 5070 1250 5110 uon
1269 5061 1392 5126 spectata
1410 5056 1553 5127 petitione,
1569 5073 1622 5114 nou
1636 5067 1679 5118 est

439 5177 476 5188 -
888 5162 957 5204 onus
976 5145 1092 5219 iustum,
1104 5146 1159 5201 imo
1175 5158 1225 5200 uec
1240 5143 1317 5200 nimis
1333 5160 1426 5218 grave5
1438 5161 1502 5218 ergo
1518 5147 1577 5204 talis
1592 5149 1634 5207 len
1644 5166 1679 5210 ex

888 5238 939 5294 boc
953 5238 1040 5309 capite
1054 5251 1105 5294 nee
1120 5236 1231 5308 iniusta,
1246 5250 1299 5292 noc
1313 5234 1391 5292 nimis
1406 5238 1495 5308 gravis
1510 5242 1615 5298 censeri
1628 5257 1679 5315 po·
1760 5216 1765 5232 ¹

886 5334 952 5403 test,
966 5343 1018 5386 cur
1031 5342 1098 5402 ergo
1112 5341 1167 5385 non
1181 5327 1271 5384 statim
1286 5323 1432 5400 obligabit?
