4256 6224
877 359 984 408 onnus
998 361 1060 409 mr.
1670 349 1729 411 551
1796 392 1803 416 .

134 504 206 556 mas,
221 487 295 545 lrnnc
311 503 466 546 sermonem
478 488 555 546 Pauli
570 503 630 544 esse
642 503 749 558 verum,
762 503 815 543 non
834 493 940 542 tantum
978 485 1108 542 lectorem
1123 487 1244 560 remitt03
1259 487 1411 544 doctrinam
1427 489 1509 560 enirn,
1521 504 1603 562 quam
1618 489 1653 545 ihi
1668 487 1777 560 tradidi,

132 580 227 650 quoad
239 593 321 650 opera
332 578 553 648 caeremonialia,
565 577 613 634 sed
627 579 709 634 etiam
723 576 815 649 quoad
828 574 940 631 muralia
977 591 1050 632 nunc
1064 575 1144 631 etiam
1161 577 1271 632 omnino
1282 592 1372 632 veram
1384 592 1444 632 esse
1458 591 1569 648 censeo,
1583 594 1652 650 quae
1665 578 1690 634 in
1704 595 1780 635 surn-

132 681 168 722 err
190 671 323 725 sententia
348 671 492 740 Augustini
519 668 589 724 libro
613 667 647 724 de
670 668 772 739 Spiritu
793 674 821 722 et
836 665 938 733 littera,
978 672 1087 722 maest.
1104 668 1208 734 Primo,
1225 664 1330 722 nullum
1351 675 1553 723 sacramentnm
1570 670 1712 740 proprium
1734 683 1780 722 ve-

132 771 199 828 cap.
215 762 257 815 tl.
271 765 297 814 et
310 757 502 832 sequentibus3
525 773 556 814 ac
573 759 680 827 merito,
702 763 761 812 tum
787 757 850 827 quia
870 759 943 824 dpe-
977 755 1041 810 teris
1057 755 1134 827 legis,
1150 755 1202 812 hoc
1216 765 1276 826 est,
1293 757 1318 810 in
1336 772 1367 812 ea
1382 759 1553 828 institutum,
1568 758 1698 830 qrrcdque
1712 774 1777 814 curn

133 846 227 902 stolus
248 846 406 918 simpliciter
428 847 550 921 loquitur
568 846 601 904 de
617 853 673 903 tota
690 846 758 917 lege,
776 845 942 914 tumeliam,
977 859 1010 902 ea
1023 845 1139 918 incepit,
1152 846 1290 902 *lrabuisse
1304 845 1431 902 virtutem
1450 847 1629 919 instilicandi,
1651 865 1739 919 neque
1753 848 1779 904 in

134 936 202 1006 quia
223 935 376 1007 specialiter
395 935 512 1008 loquens
533 936 566 993 de
587 943 734 1008 praecepto
756 938 822 990 Non
837 948 943 988 coricu·
979 949 1011 990 eu
1034 934 1124 990 daiam
1146 951 1206 992 esse
1226 937 1361 1006 gratiam,
1383 941 1460 992 extra
1484 938 1610 993 meritum
1632 937 1778 1006 operantis.

130 1027 251 1098 pisces,
277 1025 311 1081 ad
334 1027 472 1082 Romanos
485 1041 546 1096 cap.
562 1027 588 1082 i.
606 1025 689 1094 dicit,
709 1040 762 1080 non
782 1023 871 1078 solum
889 1037 942 1078 nou
977 1025 1053 1080 Hanc
1070 1025 1142 1080 enim
1163 1024 1339 1080 assertionem
1356 1031 1485 1096 tanquam
1500 1033 1603 1082 certam
1627 1026 1780 1084 seeundum

135 1112 315 1184 iustiticasse‚
341 1116 388 1170 sed
413 1117 493 1172 etiam
516 1131 564 1186 per
588 1115 761 1172 occasionem
777 1112 942 1184 spiritualem
977 1112 1145 1170 catholicam
1166 1113 1317 1170 doctrinam
1340 1113 1485 1170 tenendam
1505 1130 1564 1171 esse
1586 1131 1697 1188 censeo,
1718 1132 1781 1188 prn-

136 1211 255 1260 mortem
270 1205 407 1276 attulisse,
423 1212 454 1261 ut
467 1205 658 1276 explicuimus3
674 1211 731 1260 tum
746 1201 862 1274 denique
882 1202 944 1274 quia
979 1210 1038 1275 pter
1054 1202 1228 1259 fundamenta
1243 1202 1302 1258 iidei
1323 1202 1515 1274 supracitata,
1531 1211 1559 1261 et
1579 1213 1690 1276 propter
1705 1222 1781 1262 cum-

137 1296 208 1351 ratio
223 1294 297 1351 Pauli
313 1293 346 1350 ad
365 1294 473 1351 Galatas
487 1311 549 1366 cap.
566 1299 598 1352 2:
620 1296 655 1350 Si
668 1309 706 1350 es
721 1292 782 1365 lege
798 1294 943 1357 iustitiae,¹
979 1307 1090 1349 munem
1106 1308 1272 1349 consensum
1290 1299 1398 1363 patrum
1413 1300 1442 1349 et
1455 1293 1696 1364 scholasticorum,
1709 1311 1781 1368 quos

139 1400 209 1456 erpo
227 1388 324 1458 pratis
346 1387 485 1443 Christus
503 1388 803 1456 mercimoniisque
819 1380 945 1453 procedit
978 1383 1012 1438 ihi
1028 1383 1126 1451 retuli,
1142 1391 1169 1439 et
1184 1383 1268 1438 refert
1285 1381 1430 1438 cardinalis
1444 1383 1624 1440 Bellarminus
1639 1384 1686 1441 lib.
1700 1390 1729 1443 2.
1746 1383 1782 1440 de

138 1476 165 1530 in
184 1481 241 1530 iota
254 1475 313 1547 lege
326 1481 353 1531 et
366 1475 494 1531 omnibus
509 1476 661 1546 praeceptis
675 1477 743 1530 eius.
978 1475 1168 1530 Socrumersl.
1187 1477 1221 1528 io
1234 1489 1352 1545 periere,
1364 1488 1425 1544 cap.
1439 1479 1480 1530 15.
1494 1475 1551 1531 Sub
1566 1475 1616 1530 hac
1632 1482 1724 1531 autem
1739 1489 1783 1529 as·

178 1568 205 1619 3.
222 1564 374 1622 ilillicultas
386 1572 477 1621 autem
488 1571 530 1620 est
541 1565 566 1619 in
581 1565 754 1637 explicando,
767 1579 818 1620 cur
834 1563 944 1620 dicatur
978 1565 1097 1619 sartione
1119 1562 1392 1634 comprehenduntur
1411 1565 1500 1620 omnia
1521 1574 1689 1620 sacramenta
1710 1562 1781 1621 illius

138 1651 182 1708 illa
198 1653 240 1710 lex
255 1669 306 1710 non
322 1655 486 1724 iustificare,
501 1661 529 1710 et
542 1653 679 1726 quomodo
695 1653 900 1726 intelligendum
915 1650 942 1707 id
978 1652 1046 1724 legis
1063 1658 1172 1722 praeter
1186 1653 1437 1708 circumcisionem.
1466 1727 1468 1732 Ι

139 1743 193 1812 sit,
208 1750 321 1815 atquae
336 1743 404 1800 ratio
418 1746 480 1800 eius
495 1744 530 1799 sit
543 1742 690 1800 reddenda.
703 1743 743 1798 nd
758 1757 841 1814 quam
855 1741 943 1797 hreni·
1018 1748 1044 1800 5.
1061 1739 1189 1799 meando
1209 1755 1308 1798 censeo
1329 1743 1439 1798 omnino
1461 1757 1568 1814 rerum,
1590 1743 1783 1801 circumcisio·

138 1838 180 1890 ter
195 1831 249 1888 dici
270 1838 378 1905 potest,
401 1833 487 1905 legem
509 1833 579 1889 illam
601 1848 654 1888 non
676 1833 854 1902 testificasse,
880 1831 944 1903 quia
980 1848 1040 1889 nem
1056 1832 1140 1888 luisse
1155 1830 1340 1903 aliquomodo
1356 1831 1507 1889 institutam
1521 1833 1545 1886 in
1561 1832 1712 1889 remedium
1729 1833 1783 1890 uri·

140 1937 222 1992 opera
236 1923 295 1979 eius
310 1939 362 1978 non
377 1931 457 1979 erant
470 1921 545 1992 talia,
559 1929 590 1978 ut
604 1928 717 1993 possent
729 1921 864 1978 huminem
883 1937 945 1976 san·
978 1921 1074 1994 ginalis
1089 1923 1212 1993 peccati,
1230 1927 1261 1977 ut
1276 1923 1416 1976 innocent.
1429 1923 1474 1976 lll.
1491 1921 1588 1978 docuit
1602 1923 1626 1977 in
1642 1939 1669 1979 c.
1682 1925 1784 1981 Malo·

139 2017 217 2066 ctum
233 2011 358 2080 allicere3
374 2028 436 2067 nam
451 2012 494 2068 len
513 2028 566 2068 non
583 2017 672 2082 potest
694 2012 878 2079 sanctificare,
895 2009 944 2065 nisi
978 2027 1039 2076 res,
1057 2010 1090 2066 de
1104 2010 1256 2082 baptismo,
1278 2025 1311 2067 ex
1331 2013 1465 2066 sententia
1478 2011 1623 2083 Augustini
1643 2011 1689 2068 lilr.
1704 2017 1732 2070 2.
1748 2012 1783 2070 de

139 2115 189 2172 per
210 2116 304 2172 opera,
325 2117 396 2174 quae
417 2101 557 2173 praecipit.
575 2105 754 2171 assumptum
774 2098 944 2172 declaratur,
979 2106 1094 2171 peccatu
1109 2100 1208 2173 origin.
1221 2115 1283 2170 cop.
1294 2104 1340 2168 30,
1353 2107 1381 2155 et
1394 2101 1452 2155 aliis
1467 2099 1535 2156 locis
1549 2099 1585 2155 ihi
1600 2100 1782 2160 citatis.Uude

140 2189 206 2260 quia
220 2205 304 2260 opera
315 2190 382 2263 legis
397 2189 512 2247 alicuius
527 2189 672 2261 dupliciter
684 2197 801 2262 possunt
814 2191 945 2246 iustifica-
979 2190 1018 2259 ot,
1037 2196 1067 2246 ut
1080 2189 1216 2261 applicata
1233 2190 1446 2246 circumcisione
1461 2189 1575 2261 parvulo
1590 2189 1681 2246 dehita
1696 2192 1784 2248 inten-

139 2293 185 2346 re‚
207 2279 316 2336 scilicet
332 2296 364 2336 ca
385 2295 467 2351 opere
481 2286 611 2352 operato,
626 2279 668 2336 vel
683 2295 716 2336 ex
731 2296 813 2351 opere
831 2295 946 2350 operari·
982 2280 1053 2336 tione
1067 2287 1095 2335 et
1110 2279 1201 2348 modo,
1219 2279 1256 2334 illi
1271 2278 1385 2335 daretur
1399 2279 1499 2350 gratia,
1515 2279 1571 2334 aine
1591 2295 1645 2352 qua
1660 2279 1727 2336 nulli
1740 2295 1784 2336 re-

142 2367 191 2437 tis3
208 2383 291 2437 opera
306 2376 399 2424 autem
413 2368 485 2425 illius
500 2370 567 2442 legis
582 2375 680 2425 neutro
695 2383 727 2425 er
743 2368 784 2424 his
804 2368 890 2424 modis
904 2371 946 2425 iu·
981 2370 1098 2424 mittitur
1110 2368 1241 2441 originale
1253 2375 1399 2440 peccatum
1412 2367 1565 2426 secundum
1584 2383 1676 2425 reram
1688 2377 1784 2427 etcer-

141 2458 312 2529 stificabant3
328 2473 394 2530 ergo
409 2457 452 2514 lex
467 2459 510 2514 illa
525 2459 600 2516 nullo
616 2458 696 2515 modo
717 2460 890 2515 iustilicahat.
901 2459 948 2517 lli·
981 2468 1036 2516 tam
1052 2458 1216 2515 doctrinam.
1233 2457 1331 2514 audiui
1347 2473 1411 2514 vero
1425 2460 1452 2514 in
1467 2459 1549 2514 citato
1564 2459 1642 2532 loco,
1659 2467 1687 2517 et
1700 2461 1785 2516 veris·

141 2562 192 2601 nor
206 2545 298 2618 quoad
317 2549 435 2618 priorem
451 2555 555 2619 partem
570 2548 678 2604 videtur
692 2563 820 2619 expressa
836 2550 860 2603 in
883 2547 946 2604 diro
983 2549 1082 2605 simum
1097 2563 1209 2618 censeo,
1221 2550 1247 2603 in
1263 2549 1316 2604 hoc
1331 2564 1385 2604 non
1401 2546 1527 2606 habuisse
1544 2537 1783 2607 circumcisionem

140 2636 226 2692 Paule
241 2637 274 2692 ad
292 2637 397 2693 Galatas
418 2653 444 2693 c.
460 2643 488 2704 t,
505 2637 550 2693 ubi
573 2639 759 2694 caeremonias
774 2638 842 2710 legia
867 2645 948 2694 vocat
982 2641 1068 2697 maius
1091 2639 1283 2712 privilegium,
1306 2638 1347 2693 vel
1368 2640 1499 2694 maiorem
1520 2640 1594 2710 rim,
1616 2655 1698 2712 quarn
1720 2649 1784 2697 ante

140 2739 235 2798 eperia
255 2728 283 2782 et
302 2727 427 2799 infirmo
446 2726 599 2795 eleorente,
623 2730 687 2801 quia
708 2745 762 2784 non
787 2736 948 2800 poteranta
982 2729 1130 2800 Abraham,
1145 2736 1174 2786 et
1196 2735 1258 2799 post
1274 2728 1351 2783 illum
1371 2729 1397 2783 in
1418 2729 1516 2784 ceteris
1531 2729 1686 2786 hominibus
1706 2739 1783 2787 entra

140 2823 257 2886 peccatu
274 2815 423 2884 mundare3
439 2823 468 2873 et
486 2817 520 2873 ad
534 2818 617 2873 llebr.
631 2821 658 2874 o.
675 2818 727 2874 hac
749 2820 853 2874 ratione
869 2817 947 2888 dicii,
983 2819 1159 2877 israeliticum
1172 2817 1303 2890 populum
1316 2816 1442 2874 hahuerit
1453 2827 1668 2882 sacramentum.
1681 2836 1730 2876 seu
1743 2836 1785 2876 re-

141 2905 199 2959 fieri
214 2921 268 2960 non
285 2921 383 2977 posse,
405 2907 536 2978 sanguine
551 2907 713 2975 hircorum,
735 2913 783 2962 aut
800 2906 947 2964 vitulorum
984 2909 1103 2966 inedium
1119 2907 1199 2978 titud,
1215 2923 1271 2980 quo
1287 2907 1391 2980 parvuli
1407 2907 1635 2981 laetificabantur,
1649 2910 1700 2966 hoc
1712 2911 1786 2969 enim

142 2995 246 3051 arrierri
263 2997 436 3066 peccatuEx
449 2996 550 3068 quihus
564 2996 634 3052 locis
644 3004 672 3052 et
686 2996 820 3052 similibus
834 2995 860 3052 id
874 3012 950 3072 com·
983 2998 1139 3056 remedium
1155 2997 1181 3054 in
1195 2996 1272 3054 nullo
1288 3005 1412 3068 tempure
1424 2997 1464 3052 vel
1479 2999 1586 3055 natione
1601 2998 1722 3056 deluitin
1738 3000 1785 3056 ho·

142 3086 262 3142 muniter
284 3085 385 3142 docent
399 3085 517 3159 theologi
533 3088 558 3142 iu
574 3086 676 3158 aaut.
694 3089 760 3156 l‚ac
771 3085 872 3142 definit.
884 3102 948 3142 cun·
984 3088 1114 3156 minibus,
1131 3093 1266 3159 quantum
1281 3093 1325 3143 est
1342 3102 1373 3142 en
1390 3092 1467 3157 parte
1483 3088 1539 3143 liei.
1556 3089 1650 3144 Solum
1665 3088 1718 3146 suit
1736 3088 1786 3146 dii·

142 3175 235 3234 cilium
254 3177 389 3234 ilorentin.
405 3179 432 3232 in
453 3176 564 3233 decreto
578 3177 710 3249 Eugenii,
730 3185 759 3232 et
773 3177 843 3232 lavet
859 3177 949 3233 conci·
984 3177 1106 3246 terentia,
1123 3177 1187 3249 quia
1202 3183 1265 3232 ante
1280 3177 1530 3246 circumcisionem,
1543 3177 1606 3234 licet
1620 3179 1710 3250 aliqua
1723 3194 1786 3251 pro·

142 3265 210 3322 lium
233 3267 372 3323 tridentin.
387 3267 500 3322 sessicn.
517 3270 542 3323 i.
560 3266 652 3322 Altera
673 3282 737 3322 vero
751 3281 815 3336 pars
837 3266 949 3322 minoris
984 3268 1083 3338 lessio,
1102 3264 1145 3321 vel
1160 3265 1308 3336 applicatio
1324 3264 1384 3320 tidei
1399 3281 1447 3336 per
1461 3267 1568 3337 signum
1583 3275 1726 3324 externum
1739 3284 1787 3326 ne-

142 3357 252 3414 videtur
271 3357 440 3413 sullicienter
454 3357 568 3427 probata
583 3356 743 3412 testimoniis
759 3370 843 3426 supra
864 3354 949 3410 addn·
985 3355 1105 3411 cessaria
1125 3354 1209 3410 luerit
1222 3353 1256 3410 ad
1278 3353 1427 3410 remedium
1443 3355 1578 3426 originalis
1596 3357 1716 3426 peccati,
1733 3358 1786 3414 sal·

143 3447 215 3512 ctis,
237 3453 264 3502 et
281 3447 384 3502 ratione
397 3461 430 3501 ex
449 3442 501 3500 illis
515 3444 678 3516 desumpta3
701 3445 764 3516 quia
778 3444 852 3500 nulla
866 3459 949 3514 opera
984 3450 1038 3500 tem
1054 3445 1079 3499 in
1098 3443 1255 3512 infantibus,
1268 3449 1300 3498 ut
1315 3441 1479 3514 probalrilior
1491 3444 1580 3515 opinio
1595 3443 1656 3512 iert;
1670 3461 1722 3501 non
1738 3445 1785 3502 ha·
1876 3499 1880 3507 ,

143 3535 288 3593 iustificam
301 3550 333 3591 ex
357 3548 439 3606 opere
460 3534 608 3605 operantis,
624 3535 675 3589 nisi
696 3548 767 3605 quae
780 3538 847 3588 sunt
866 3547 951 3602 opere
984 3533 1065 3590 behet
1081 3539 1170 3590 tamen
1185 3531 1438 3588 determinationem
1453 3547 1486 3588 ea
1505 3531 1597 3604 aliqua
1613 3534 1784 3592 institutione

145 3623 215 3696 fidei,
233 3631 299 3681 teste
317 3623 400 3681 Paulo
416 3623 440 3678 in
455 3623 557 3680 eisdem
573 3623 652 3694 locis3
669 3621 715 3678 sed
731 3638 813 3694 opera
829 3622 894 3694 legis
909 3622 949 3679 di·
983 3623 1118 3692 dirina‚et
1130 3623 1201 3678 hanc
1212 3621 1467 3678 determinationem
1478 3621 1687 3695 accepitqucad
1699 3639 1786 3697 popu·

145 3715 325 3786 stiugnuntur
343 3712 376 3768 ah
398 3714 526 3785 operibus
541 3711 611 3782 fidei,
629 3719 659 3768 ut
678 3711 748 3768 idem
763 3712 865 3768 Paulus
889 3727 950 3782 pas·
983 3713 1040 3770 lum
1061 3712 1240 3767 israeliticum
1262 3726 1311 3782 per
1336 3711 1535 3767 institutionem
1556 3711 1782 3772 circumcisionis.

146 3803 196 3859 sim
213 3804 309 3875 repetit
327 3802 353 3858 in
368 3802 469 3859 eisdem
484 3802 572 3874 locis,
585 3817 662 3874 ergo.
678 3801 753 3858 Unde
769 3801 802 3858 ad
816 3798 905 3861 Galat.
920 3808 946 3861 3.
983 3805 1013 3858 ln
1027 3801 1138 3874 reliquis
1153 3816 1217 3875 vero
1229 3799 1262 3856 ad
1277 3800 1495 3856 iustificationem
1511 3801 1707 3872 pertinentibus
1723 3805 1785 3862 nul·

146 3909 179 3950 en
193 3893 237 3950 illo
252 3893 314 3949 loco
332 3894 434 3950 histos
447 3908 485 3949 eor
496 3890 562 3964 fide
574 3894 658 3956 uiuit.
677 3892 819 3949 concludit
833 3898 950 3966 Aposto-
984 3893 1040 3950 lum
1053 3891 1235 3964 privilegium,
1246 3889 1357 3948 nullave
1368 3889 1496 3962 perlectis
1508 3891 1713 3951 circumcisioni
1727 3895 1785 3953 col.

146 3982 201 4054 lna,
214 3983 300 4055 legem
319 3999 371 4038 non
386 3983 547 4052 iustificare,
560 3985 638 4038 sicut
650 3985 798 4056 scriptum
812 3988 863 4052 est,
876 3987 951 4058 putu
984 3983 1102 4054 tatami,
1127 3988 1186 4037 tum
1201 3981 1264 4053 utria
1287 3981 1444 4052 oppositum
1460 3981 1485 4037 in
1507 3982 1650 4054 Scriptura
1663 4001 1716 4043 non
1738 3986 1786 4058 lpa-

146 4069 196 4128 lec
208 4088 268 4127 oon
281 4076 324 4128 est
338 4087 375 4128 ex
383 4069 457 4142 fide.
983 4072 1030 4128 het
1040 4071 1262 4140 tundamentum,
1275 4075 1336 4126 tum
1350 4071 1431 4127 etiam
1446 4071 1511 4144 quia
1524 4073 1626 4130 Paulus
1637 4074 1671 4132 ad
1685 4077 1786 4134 nona-

185 4166 211 4220 i.
227 4163 328 4219 Contra
350 4160 472 4234 singulas
494 4177 558 4218 reru
573 4177 606 4218 ex
626 4161 668 4216 his
683 4163 806 4232 partibus
827 4163 949 4236 singulae
984 4177 1035 4218 nos
1050 4177 1112 4232 cap.
1128 4165 1154 4217 3.
1168 4175 1218 4231 per
1233 4160 1473 4217 circumcisionem
1487 4162 1576 4220 solum
1590 4164 1668 4237 dicit,
1680 4168 1785 4226 credita

149 4251 314 4309 abiectiones
329 4255 494 4308 occurrunt.
510 4252 612 4307 Contra
630 4252 745 4322 primam
758 4259 802 4309 est
820 4253 950 4326 frequens
984 4251 1067 4308 luisse
1082 4249 1188 4306 ludaeis
1203 4250 1309 4321 eloquia
1324 4250 1386 4321 Dei,
1399 4249 1452 4306 sub
1465 4251 1517 4307 illis
1531 4253 1646 4326 eloquiis
1660 4271 1786 4329 eompre-

148 4343 263 4400 ohiectio
277 4343 311 4408 de
326 4342 549 4414 circumcisione,
566 4341 630 4413 quie
644 4341 778 4413 perillam
792 4349 841 4399 ant
854 4342 950 4398 saltem
985 4338 1128 4397 hendendo
1145 4340 1249 4412 legem,
1272 4346 1301 4396 et
1315 4339 1395 4396 finem
1409 4341 1486 4410 eius,
1509 4349 1540 4398 ut
1552 4343 1623 4400 idem
1638 4347 1785 4417 apostotus

146 4437 175 4490 in
185 4433 230 4490 illa
243 4432 360 4490 dahatur
375 4433 461 4505 gratia
473 4431 620 4487 infantibus
633 4432 657 4487 in
674 4431 733 4504 lege
748 4433 844 4507 llcysi,
856 4437 883 4488 et
896 4447 950 4488 nun
985 4428 1109 4489 declarat
1123 4429 1157 4486 ad
1176 4431 1291 4485 Roman.
1306 4432 1335 4500 3,
1351 4435 1379 4484 et
1401 4433 1445 4487 lu.
1460 4431 1529 4487 Tum
1548 4433 1663 4507 denique
1677 4437 1741 4509 quia
1758 4440 1786 4496 in

148 4537 182 4578 ex
196 4539 277 4594 opere
291 4523 439 4593 operantis3
459 4536 524 4593 ergo
537 4537 571 4577 ex
585 4536 667 4592 opere
682 4524 884 4595 operatorium
898 4539 951 4578 non
985 4520 1081 4578 ordine
1092 4518 1125 4576 ad
1142 4519 1360 4575 iustificationem
1371 4521 1453 4576 etiam
1468 4523 1646 4581 circumcisio
1661 4541 1787 4598 eoropre·

148 4612 229 4669 datur
246 4613 383 4682 medium,
398 4627 464 4684 ergo
479 4611 588 4684 aliquod
600 4613 672 4682 opus
688 4611 759 4668 illius
773 4613 839 4685 legis
857 4612 951 4668 iustilr-
986 4609 1114 4666 henditur
1129 4608 1180 4665 sub
1194 4609 1305 4665 infirmis
1319 4616 1347 4665 et
1364 4612 1459 4682 egenis
1473 4610 1628 4685 elementis3
1645 4619 1709 4687 quin
1722 4615 1788 4676 licet

148 4703 238 4758 cahat.
250 4703 401 4758 Occasione
420 4701 503 4758 huius
519 4702 677 4758 obiectionis
692 4702 832 4772 disputant
846 4703 889 4758 hic
904 4702 952 4758 ali·
986 4715 1039 4756 nnn
1054 4698 1176 4755 fueritin
1195 4697 1254 4768 lege
1269 4698 1407 4770 instituta,
1424 4716 1439 4756 a
1459 4701 1589 4773 principie
1605 4704 1656 4761 snit
1673 4707 1731 4764 eius
1746 4711 1788 4766 in-

148 4793 196 4865 qui
217 4792 354 4862 moderni‚
380 4808 412 4848 ao
435 4801 606 4848 sacramenta
627 4795 725 4847 veteris
746 4793 826 4864 legis,
849 4793 890 4849 vel
906 4794 953 4850 ali·
987 4789 1107 4860 chenric,
1120 4796 1148 4845 et
1162 4790 1333 4860 praeparatio
1349 4787 1381 4844 ad
1397 4789 1480 4860 illam,
1494 4799 1521 4846 et
1534 4793 1561 4846 in
1577 4793 1621 4848 illu
1636 4801 1788 4866 permansit

149 4881 223 4955 qrrod
242 4883 350 4940 illorum
369 4882 465 4938 saltem
485 4882 660 4938 circumcisio
680 4881 804 4938 hahuerit
824 4885 953 4940 virtutem
986 4886 1116 4952 tanquam
1136 4878 1267 4950 pruiessio
1285 4879 1372 4952 illius,
1392 4885 1420 4936 et
1434 4895 1519 4936 unirm
1534 4895 1567 4938 ex
1586 4884 1731 4954 potissimis
1745 4904 1788 4945 sa·

149 4972 313 5029 iustificandi
330 4971 402 5044 apud
422 4975 537 5028 lleuma
557 4978 690 5042 peccato,
712 4972 806 5027 saltem
821 4972 950 5044 originali.
987 4969 1134 5027 crarrrentis
1148 4968 1216 5024 eins.
1631 5015 1645 5033 ,

151 5062 203 5118 Sed
217 5065 283 5135 quia
304 5063 518 5134 disputationem
537 5061 607 5117 hanc
627 5061 742 5117 alienam
763 5062 796 5118 ah
817 5061 870 5117 hoc
891 5062 953 5119 lucc
1028 5064 1055 5118 6.
1072 5059 1171 5118 Ultimo
1186 5065 1242 5114 tam
1253 5056 1286 5114 de
1299 5060 1358 5129 ipsa
1369 5060 1591 5134 circumcisione,
1604 5067 1687 5138 quam
1698 5067 1731 5126 de
1746 5084 1789 5126 re·

151 5153 287 5222 existimo,
300 5159 329 5208 et
343 5151 407 5225 quia
421 5153 448 5206 in
464 5151 596 5222 principie
613 5152 684 5206 tertii
700 5150 764 5206 torni
780 5153 877 5207 tertiae
892 5165 953 5222 par·
991 5149 1081 5206 medio
1095 5149 1164 5221 legis
1178 5154 1292 5204 naturae
1307 5147 1453 5206 dicendum
1466 5158 1524 5222 est,
1539 5169 1594 5210 non
1608 5155 1715 5215 dedisse
1728 5175 1789 5232 gra·

152 5241 197 5313 tis,
210 5258 265 5314 qua
280 5244 356 5314 potui
372 5240 518 5314 diligentia,
531 5239 609 5297 illam
621 5240 747 5314 tractavi,
761 5239 820 5298 ideo
835 5239 867 5296 ad
882 5239 953 5303 illam
992 5240 1054 5298 tiam
1068 5255 1101 5296 ea
1115 5253 1196 5311 opere
1211 5245 1343 5313 operato,
1358 5241 1484 5312 quantula
1497 5249 1569 5300 esset
1584 5245 1661 5320 lcum
1676 5263 1790 5323 propin.
