4278 6242
421 366 484 432 136
1127 381 1230 460 mann
1246 381 1280 428 v.

381 510 512 582 ostendit,
528 508 596 567 veile
611 509 709 580 punire
724 514 830 579 actum,
846 507 951 564 etiamsi
966 521 1019 563 non
1031 504 1129 563 babeat
1140 505 1180 562 iu·
1217 507 1259 560 nis
1273 507 1298 562 in
1315 506 1447 579 principie
1462 505 1582 578 positae,
1598 507 1662 580 quia
1676 513 1744 565 tune
1757 509 1822 566 satia
1836 512 1963 569 ostendit
1978 513 2020 570 lea

382 601 419 656 ris
440 601 586 670 ellectum,
606 615 672 656 oum
692 601 810 669 ipsamet
828 599 870 654 lex
885 596 961 654 illum
977 596 1114 667 impediat.
1131 596 1181 650 lle·
1217 595 1385 652 voluntatem
1401 597 1529 668 puniendi
1545 613 1645 668 purum
1661 597 1764 654 lactum
1778 613 1812 657 ex
1831 599 1904 656 malo
1920 602 2021 658 ali'eetu

381 704 436 763 que
451 695 550 746 contra
561 688 613 745 boc
626 688 715 745 obstat
726 689 793 744 ratio
804 685 879 744 Baldi
889 688 917 742 in
930 687 982 760 leg.
997 700 1035 743 ec
1046 682 1176 757 quidem,
1216 686 1424 757 procedentem,
1440 701 1504 742 cum
1520 686 1650 760 loquatur
1662 687 1696 742 de
1710 696 1793 759 actu,
1808 690 1856 762 qui
1872 689 1943 746 iuris
1958 691 2022 746 elle-

379 779 411 836 C.
429 779 450 834 si
467 776 643 848 mancipium,
659 777 811 852 arguentis,
828 792 877 848 per
891 781 985 832 actum
1000 773 1105 832 nullum
1117 787 1182 844 poa·
1216 783 1293 832 ctum
1312 774 1411 832 babere
1426 791 1478 831 non
1493 781 1595 847 potest.
1609 778 1675 833 item
1690 777 1754 849 quia
1768 777 1833 834 alias
1846 777 1891 834 lex
1905 777 1950 834 illa
1965 778 2024 834 iru-

299 865 302 870 ’
379 883 443 925 nam
463 882 518 923 non
538 867 662 940 incurri,
684 869 749 941 quia
767 883 800 923 ex
821 865 903 921 nihilo
917 863 981 920 nibil
995 864 1033 921 lit.
1051 865 1125 934 Hoc,
1142 861 1182 917 in·
1216 864 1343 921 stratoria
1356 870 1440 935 esset,
1454 880 1594 938 nunquam
1608 867 1681 923 enim
1696 868 1784 938 puniri
1798 874 1891 938 posset
1907 867 2020 925 meleia-

379 971 475 1031 quam,
491 972 544 1013 non
560 956 662 1028 obstat,
679 958 744 1031 quia
756 963 838 1013 actus
848 954 940 1012 nulius
952 969 1006 1010 non
1018 959 1061 1009 cst
1071 953 1182 1008 omnino
1216 961 1280 1012 otor
1292 971 1325 1010 ea
1340 953 1366 1010 vi
1379 953 1465 1020 illius,
1481 956 1546 1027 quia
1560 962 1657 1027 sotus,
1672 954 1706 1012 de
1726 971 1781 1028 que
1796 957 1856 1014 talis
1873 956 1917 1013 lex
1933 957 2023 1029 loqui·

379 1044 461 1119 nibil,
483 1061 544 1102 nam
559 1045 623 1103 licet
637 1048 663 1102 in
678 1046 783 1102 ratione
797 1043 970 1113 venditionis,
986 1058 1012 1098 v.
1028 1058 1055 1114 g.
1072 1043 1107 1098 sit
1121 1038 1182 1098 nul·
1217 1052 1276 1114 tur,
1289 1052 1320 1102 ut
1334 1045 1508 1116 supponitur,
1522 1060 1660 1117 nunquam
1674 1051 1827 1117 petestnon
1840 1061 1905 1103 esse
1916 1044 2022 1118 nullus,

378 1135 433 1206 lus,
448 1140 492 1191 est
504 1135 593 1191 ta'men
604 1134 723 1192 venditio
733 1135 864 1190 intentata
873 1147 906 1189 ex
918 1147 1003 1204 pravo
1015 1131 1103 1188 animo
1117 1145 1182 1201 pro·
1215 1135 1259 1193 vet
1273 1152 1306 1193 ex
1320 1151 1368 1208 se,
1382 1135 1424 1193 vel
1438 1150 1472 1192 ex
1491 1134 1615 1192 efficacia
1631 1136 1728 1206 prioris
1742 1136 1825 1208 legia3
1841 1151 1912 1210 ergo
1928 1141 1961 1192 ut
1981 1135 2024 1192 lez

378 1225 466 1296 lecta,
483 1224 599 1297 ideoque
614 1227 711 1281 merito
726 1225 817 1297 puniri
830 1228 936 1295 potest,
952 1220 1025 1279 etde
1039 1220 1113 1277 iacto
1130 1235 1183 1291 pu·
1216 1226 1278 1285 talis
1289 1226 1361 1284 utilis
1375 1226 1419 1296 sit,
1430 1232 1460 1284 et
1473 1225 1572 1282 babere
1583 1227 1668 1298 possit
1678 1226 1819 1296 ellectum,
1831 1239 1949 1284 neeesse
1963 1235 2018 1294 est,

379 1316 455 1372 nitur
475 1329 523 1387 per
545 1313 627 1370 talem
649 1313 746 1386 legem.
769 1315 863 1386 Neque
882 1312 964 1369 etiam
985 1313 1181 1368 eritiaoonva·
1215 1323 1247 1373 ut
1265 1323 1358 1373 actum
1379 1315 1486 1373 nntium
1507 1315 1611 1387 puniat.
1622 1318 1765 1374 Praeterea
1782 1317 1846 1391 quia
1863 1316 1962 1374 eadem
1981 1322 2025 1374 est

378 1407 469 1474 niens,
486 1402 560 1478 quod
576 1402 618 1460 lex
633 1403 714 1459 simul
729 1404 817 1460 irritet
832 1407 939 1473 actum,
952 1408 981 1457 ct
994 1401 1101 1473 puniti,
1116 1397 1181 1470 itui!
1215 1409 1285 1463 ratio
1302 1405 1423 1462 huiuset
1436 1404 1624 1478 praecedentis
1638 1407 1878 1464 assertionistdeo
1892 1408 1966 1463 enim
1981 1406 2024 1463 lex

378 1495 493 1582 stillim
508 1500 601 1566 potest
614 1509 668 1550 ¹1⁰ss
682 1508 743 1550 0⁸⁸⁰
758 1507 861 1564 poena,
878 1491 925 1548 ⁵0⁸1
940 1506 990 1563 per
1003 1505 1033 1547 ⁸⁰
1047 1489 1177 1546 ⁰⁰sstfflll·
1214 1497 1323 1555 irritans
1345 1511 1473 1568 expresse
1488 1503 1593 1567 actum,
1608 1501 1636 1553 et
1649 1495 1778 1553 adiiciens
1792 1511 1922 1568 poenam,
1939 1497 2020 1570 punit

378 1601 420 1655 re,
436 1590 484 1640 aut
497 1590 608 1656 prepter
622 1597 770 1640 commune
783 1582 898 1653 bonum,
914 1580 1010 1637 autad
1025 1581 1179 1636 resarcien·
1214 1593 1308 1644 actum
1328 1584 1446 1654 nultum,
1461 1586 1526 1658 quta
1540 1587 1671 1656 supponit
1684 1585 1760 1642 inum
1775 1585 1895 1657 nultum,
1911 1593 1939 1642 ει
1952 1585 2023 1641 nihi.

378 1675 445 1734 dum
459 1674 571 1748 aliquod
585 1673 732 1745 damnum,
749 1671 820 1729 ultra
831 1687 914 1745 quam
926 1671 1126 1728 restitutionem
1136 1674 1180 1726 cal
1215 1673 1485 1746 iominnspunit3sed
1494 1675 1519 1731 in
1531 1675 1668 1746 praesenti
1679 1673 1812 1732 etiamlez
1821 1674 1948 1745 poenalis
1957 1691 2025 1746 sup·

281 1829 285 1834 ,
378 1772 458 1823 actus
473 1763 609 1838 punibilia,
624 1762 665 1819 vel
680 1763 745 1819 licet
758 1762 793 1819 sit
806 1777 903 1835 poena,
920 1767 1012 1834 potest
1024 1766 1105 1818 actus
1119 1773 1180 1815 esse
1215 1763 1293 1837 ponit
1305 1771 1400 1821 actum
1413 1763 1539 1834 nullum,
1553 1769 1582 1820 et
1598 1763 1631 1822 dc
1645 1761 1691 1821 illo
1706 1763 1844 1838 loquitur3
1860 1780 1931 1837 ergo
1946 1763 2023 1820 iiluna

377 1853 480 1929 dignus
493 1871 526 1911 ea
540 1852 684 1925 multipiici
696 1851 789 1909 modo.
802 1851 887 1909 Priori
899 1851 981 1908 modo
993 1850 1112 1908 irritavit
1122 1864 1180 1906 ma·
1214 1855 1293 1926 punit
1305 1868 1359 1910 uon
1373 1852 1500 1910 obstante
1514 1852 1647 1926 nullitate,
1659 1868 1723 1910 nam
1737 1852 1813 1927 quod
1823 1852 1893 1911 haec
1908 1855 2022 1911 auilites

378 1945 538 2003 trimonium
557 1941 759 2000 clandestinum
777 1941 925 1999 concilium
940 1940 1134 2012 tridentinum,
1152 1943 1181 1997 el
1214 1948 1387 2015 supponatur
1399 1958 1434 2000 ex
1451 1942 1504 2000 alia
1517 1941 1590 2015 lege,
1605 1942 1647 2000 sel
1661 1958 1710 2015 per
1732 1942 1856 2000 eamdem
1871 1944 1935 2015 liat,
1952 1943 2020 2000 nibil

378 2033 552 2093 nibilominus
572 2032 647 2090 iubet
665 2033 758 2104 puniri
780 2031 820 2088 sie
842 2031 953 2089 nulliter
970 2029 1176 2088 contrahentes.
1214 2033 1325 2090 omnino
1345 2031 1439 2090 reiert.
1460 2031 1581 2105 lienique
1605 2031 1764 2089 declaratur
1783 2033 1934 2105 exemplis,
1959 2048 2021 2089 narn

380 2125 526 2184 Posteriori
547 2129 639 2180 autem
660 2121 741 2180 modo
763 2122 918 2179 irritatura
937 2121 996 2178 iure
1010 2118 1128 2177 venditio
1143 2119 1181 2174 si·
1214 2137 1304 2195 poene
1318 2121 1384 2195 legis
1395 2129 1496 2179 contra
1509 2121 1722 2195 rebaptizentem
1738 2122 1802 2196 lata,
1814 2124 1872 2180 sine
1883 2122 1970 2180 dubio
1984 2122 2023 2178 in·

380 2215 505 2274 meniana
515 2213 688 2283 beneficii,et
698 2210 873 2269 nihilominus
882 2210 1024 2284 multipiici
1033 2209 1085 2266 alia
1093 2223 1180 2282 poena
1215 2213 1340 2271 curritur
1355 2227 1403 2284 per
1423 2201 1523 2268 actum
1540 2212 1659 2284 nullum,
1680 2212 1745 2286 quia
1759 2227 1808 2284 per
1828 2212 2024 2286 rebaptizatio·

379 2304 534 2378 puniretur.
547 2303 582 2359 Et
596 2307 727 2360 consonat
741 2303 842 2374 optime
857 2299 897 2358 lez
917 2307 942 2373 t,
957 2302 987 2358 C.
1001 2299 1035 2358 de
1050 2299 1179 2371 sepulcro
1216 2317 1278 2359 nem
1292 2317 1346 2358 non
1369 2307 1459 2374 potest
1471 2302 1528 2358 beri
1550 2307 1628 2359 actus
1644 2300 1770 2374 validus,
1791 2301 1918 2361 similiter
1936 2317 2023 2375 poena

378 2395 472 2453 violat.
488 2391 582 2449 dicens
594 2435 602 2465 ,
615 2407 696 2463 aum,
712 2392 760 2463 qui
781 2388 872 2448 vendit
891 2405 949 2446 rem
970 2403 1096 2457 sacram,
1119 2387 1181 2445 licet
1214 2392 1281 2478 legis
1296 2391 1430 2464 punientis
1444 2389 1581 2448 secundas
1600 2392 1723 2465 nuptias,
1739 2393 1846 2460 vivente
1861 2395 1954 2464 prime
1976 2406 2024 2449 eo·

380 2486 440 2543 iure
456 2479 575 2539 venditio
591 2497 643 2537 non
664 2480 814 2552 subsistat,
830 2479 918 2537 laesae
933 2486 1024 2537 umen
1044 2477 1181 2550 religionis
1216 2485 1308 2556 ninge,
1328 2481 1480 2538 incurritur
1499 2495 1548 2553 per
1568 2483 1775 2539 matrimonium
1796 2481 1906 2540 nullum
1920 2498 1955 2540 ex
1976 2498 2023 2540 eo·

380 2571 499 2631 incidere
518 2572 546 2626 in
564 2570 678 2627 crimen.
693 2568 769 2626 Idem
789 2569 944 2627 eontirmari
964 2575 1056 2640 potest
1068 2584 1102 2626 ez
1123 2567 1181 2642 lege
1217 2571 1278 2630 dem
1293 2571 1396 2643 capite,
1416 2569 1491 2644 quod
1505 2569 1660 2629 secundum
1681 2571 1887 2628 matrimonium
1901 2588 1955 2629 non
1976 2587 2024 2643 po-

379 2665 406 2721 si
419 2665 484 2736 quis
497 2659 625 2735 lepntea,
645 2661 671 2716 in
686 2661 773 2730 princ.
792 2659 820 2716 ff.
835 2657 869 2715 ad
888 2659 942 2730 leg.
958 2657 1067 2716 Comei.
1082 2657 1116 2714 de
1134 2658 1183 2715 ial-
1218 2667 1271 2718 test
1284 2674 1344 2717 essa
1365 2657 1485 2715 validum
1498 2657 1615 2716 durante
1630 2660 1733 2732 primo,
1746 2667 1776 2718 et
1795 2661 1920 2719 similiter
1936 2674 2022 2734 poena

380 2754 429 2823 sle,
445 2758 472 2810 et
486 2765 518 2807 ez
533 2766 595 2824 cap.
607 2752 639 2807 Si
650 2747 815 2822 reliqiosus,
832 2748 866 2805 de
879 2749 1013 2806 electione
1027 2750 1053 2805 in
1069 2751 1097 2821 6,
1108 2754 1136 2805 et
1150 2763 1183 2806 ex
1218 2749 1285 2823 legis
1296 2747 1430 2819 punientis
1440 2747 1573 2804 clericum
1585 2748 1612 2804 in
1624 2751 1723 2824 saeris,
1733 2749 1775 2806 vel
1786 2749 1948 2823 religiosum
1960 2765 2023 2822 pro·

381 2842 543 2902 Clementia.
561 2846 584 2898 t.
602 2839 636 2896 de
652 2837 887 2911 consanguinitate
901 2843 929 2895 et
942 2837 1083 2895 affinitate.
1218 2840 1321 2897 sessum
1333 2853 1446 2896 uxorem
1463 2838 1623 2909 ducentem,
1636 2854 1684 2911 per
1696 2842 1902 2898 matrimonium
1913 2841 2022 2898 irritum

420 2938 447 2989 5.
462 2928 549 2988 Obiici
562 2943 626 2985 vero
640 2935 731 2999 potest
745 2926 787 2984 lex
800 2925 977 2998 ecquidem,
996 2926 1028 2983 C.
1044 2927 1067 2983 si
1080 2929 1184 2984 manci·
1219 2930 1387 3001 incurritur,
1399 2929 1464 3002 quia
1478 2944 1532 2985 nun
1547 2933 1638 3000 potest
1651 2929 1730 2986 aliter
1741 2928 1775 2986 ab
1789 2929 1948 2988 huiusmodi
1962 2944 2023 3002 per·

379 3023 455 3097 pium
473 3017 619 3087 italuerit,
634 3023 688 3074 etc.
703 3016 748 3073 ubi
763 3014 964 3090 dieitur,quod
979 3015 1076 3088 siquis
1091 3016 1184 3073 vendi·
1218 3022 1291 3076 sonis
1311 3020 1378 3076 lieri.
1395 3017 1469 3075 idem
1489 3033 1557 3090 ergo
1575 3019 1657 3074 estin
1678 3019 1804 3077 omnibus
1824 3019 1973 3088 similibus,
1995 3018 2022 3074 in

380 3113 421 3170 dit
435 3126 546 3168 servum
561 3108 612 3165 sub
626 3105 791 3176 conditione,
809 3113 907 3163 utnon
922 3111 1015 3178 posset
1027 3106 1052 3163 ei
1072 3105 1184 3164 libertas
1218 3109 1319 3183 quibus
1332 3105 1427 3165 eadem
1444 3107 1513 3164 rntio
1528 3107 1695 3166 militaverit.

380 3200 507 3272 concedi,
521 3214 607 3271 poena
620 3197 726 3254 adiecta
736 3211 789 3254 non
804 3196 923 3254 servanti
938 3193 1138 3268 conditionem,
1151 3195 1184 3253 ii·
1258 3202 1284 3258 l.
1296 3196 1373 3257 Unde
1383 3197 1463 3254 etiam
1474 3196 1584 3270 colligo,
1597 3196 1752 3271 ampliando
1763 3200 1955 3273 assertionem,
1965 3211 2019 3256 non

380 3299 426 3350 cet
439 3298 534 3365 postea
543 3288 671 3346 dominus
683 3288 870 3359 manumittat,
883 3302 936 3345 non
951 3287 1053 3344 tenebit
1065 3286 1181 3360 lactum,
1218 3288 1308 3346 solum
1322 3287 1427 3364 incurpi
1446 3292 1512 3344 tune
1526 3302 1643 3358 posnam
1657 3302 1705 3359 per
1726 3294 1820 3346 aetum
1834 3289 1961 3358 irritum,
1978 3301 2023 3343 ve·

379 3399 430 3441 neo
443 3396 540 3440 servus
551 3384 738 3450 consequetur
751 3377 915 3448 libertatem3
929 3376 1005 3450 prior
1016 3382 1107 3434 eutem
1120 3391 1184 3433 ven·
1217 3393 1280 3437 runa
1298 3379 1381 3435 etiam
1401 3390 1454 3433 non
1475 3390 1557 3448 posse
1578 3377 1681 3434 incurri
1701 3393 1751 3450 per
1771 3385 1864 3437 actum
1883 3378 2019 3448 validum3

380 3473 452 3531 ditor
466 3471 538 3528 servi
554 3485 607 3526 non
630 3467 731 3540 poterit
743 3467 852 3542 erigere
873 3482 987 3540 poenam
1003 3483 1018 3524 a
1038 3467 1183 3526 manumit·
1218 3485 1282 3526 narn
1295 3467 1318 3524 ai
1331 3466 1480 3540 contingat,
1496 3472 1603 3540 actum,
1615 3467 1662 3540 qui
1675 3468 1826 3538 putabatur
1839 3468 1946 3542 nulius,
1957 3480 2017 3525 esse

380 3571 465 3634 tento,
482 3561 546 3635 quia
559 3568 638 3617 aetus
654 3558 707 3615 luit
720 3556 921 3616 lmstratorius.
935 3557 973 3615 lbi
987 3565 1080 3615 eutem
1094 3556 1185 3615 luerat
1217 3557 1351 3628 validum,
1367 3573 1421 3613 nou
1440 3557 1602 3614 incurratur
1616 3562 1707 3629 'poena
1728 3557 1811 3632 legis,
1826 3559 1902 3633 quod
1921 3561 2022 3618 mirum

381 3653 471 3726 posita
490 3665 577 3724 poena
590 3651 617 3706 in
635 3647 732 3706 eodem
746 3655 895 3705 contractu
914 3647 1072 3706 annullaate
1086 3663 1185 3706 manus
1218 3647 1302 3706 videri
1315 3653 1420 3720 potest,
1435 3653 1478 3703 est
1493 3652 1583 3702 umen
1598 3661 1705 3704 verum.
1720 3647 1897 3720 Explicatun
1916 3662 1980 3706 nam
1999 3645 2023 3701 si

382 3743 549 3811 missionem
561 3747 589 3797 et
603 3739 639 3796 ita
652 3738 778 3795 Bartolus
791 3738 826 3794 ibi
841 3737 903 3794 inde
917 3736 1030 3812 colligit,
1047 3752 1101 3794 non
1116 3737 1184 3794 satis
1218 3740 1280 3812 quis
1294 3743 1404 3811 putens,
1419 3735 1537 3809 aliquam
1552 3749 1614 3793 essa
1628 3734 1811 3810 baptizatum,
1827 3738 1905 3796 illum
1919 3739 2020 3796 iterum

383 3847 444 3890 esse
458 3831 491 3888 de
506 3830 580 3888 iacto
594 3836 691 3886 eontra
705 3829 762 3884 fieri
774 3827 808 3885 ad
824 3841 938 3899 poenam
959 3825 1184 3885 contrahendam.
1219 3827 1368 3900 baptizaret
1382 3827 1472 3884 animo
1487 3825 1686 3899 rebaptizandi,
1701 3834 1730 3885 et
1749 3834 1844 3899 postea
1857 3828 1885 3884 in
1905 3845 1936 3886 re
1951 3841 2018 3886 con·

382 3919 557 3994 Respondes,
580 3918 616 3974 ibi
638 3933 691 3973 non
706 3931 766 3973 esse
786 3931 940 3974 samonem
957 3915 990 3973 de
1010 3915 1070 3990 lege
1088 3915 1187 3973 annul·
1220 3924 1315 3986 staret,
1331 3917 1408 3974 illum
1422 3932 1476 3974 non
1492 3916 1576 3974 luisse
1589 3915 1767 3989 baptizatum,
1783 3917 1825 3974 rel
1839 3919 1960 3990 priorem
1975 3915 2021 3973 be·

381 4012 454 4070 lante
468 4016 495 4068 ct
515 4009 657 4081 puniente,
680 4005 729 4063 sed
747 4005 781 4063 de
801 4008 907 4079 privato
926 4013 1007 4078 pacto
1027 4005 1186 4078 probibente
1220 3995 1352 4080 ptismum
1364 4004 1493 4064 babuisse
1504 4005 1673 4064 essentialem
1683 4004 1833 4080 delectum,
1842 4014 1870 4065 et
1880 4009 1967 4066 luisse
1977 4007 2017 4062 in·

384 4102 593 4161 concessionem
605 4095 739 4155 libertatis
750 4096 802 4153 sub
816 4095 860 4153 tali
875 4110 971 4168 poena,
985 4095 1059 4171 quod
1074 4103 1186 4167 pactum
1220 4095 1353 4167 validum,
1367 4095 1412 4153 ille
1432 4095 1496 4153 talis
1508 4110 1562 4152 non
1582 4096 1736 4153 incurreret
1751 4110 1865 4169 poenam
1887 4095 1954 4170 legis
1969 4110 2020 4166 pu·

383 4209 417 4250 ex
436 4191 460 4248 vi
481 4190 584 4248 iormae
606 4201 673 4244 auae
692 4187 785 4258 potius
806 4185 949 4243 videbatur
970 4201 1023 4243 non
1044 4184 1186 4244 annullare
1220 4186 1316 4244 aientis
1330 4185 1547 4259 rebaptizantes,
1561 4185 1626 4259 quia
1640 4185 1683 4243 ille
1703 4200 1756 4242 aon
1770 4183 1822 4242 luit
1834 4184 2020 4258 rebaptizator

383 4288 488 4353 actum,
500 4277 547 4338 sed
561 4278 659 4351 punire
672 4280 792 4348 tautum,
804 4275 880 4333 iuxta
895 4274 967 4332 dicta
978 4275 1011 4332 de
1025 4274 1107 4333 modo
1127 4273 1186 4332 irri-
1220 4291 1284 4334 vere
1297 4282 1326 4334 et
1338 4277 1366 4332 in
1380 4291 1411 4332 re
1423 4315 1431 4348 ,
1443 4276 1491 4334 sed
1506 4281 1612 4332 tanturn
1622 4276 1756 4349 putative,
1768 4291 1818 4333 seu
1828 4289 1862 4334 ex
1875 4277 2020 4334 eonscien-

382 4372 458 4431 tandi
471 4370 562 4444 legum
584 4366 794 4442 prohibentium.
809 4363 885 4423 Unde
906 4365 969 4439 quia
984 4365 1029 4424 illa
1050 4366 1109 4440 lex,
1132 4365 1185 4423 boo
1220 4367 1258 4424 tia
1271 4379 1401 4424 erronea:
1419 4365 1462 4423 lez
1479 4369 1572 4422 nartem
1586 4364 1666 4437 punit
1683 4380 1779 4422 verum
1794 4366 2019 4438 rebaptizantenr,

383 4477 438 4521 non
453 4461 595 4534 obstante,
609 4456 777 4527 declaravit,
792 4456 1031 4515 manumissionem
1047 4471 1107 4514 esse
1124 4455 1186 4514 nul·
1221 4465 1279 4512 non
1288 4453 1509 4528 putatumldem
1523 4467 1588 4510 eum
1602 4454 1777 4527 proportione
1790 4461 1834 4512 sat
1845 4453 1880 4512 da
1895 4453 1954 4525 illo,
1970 4449 2018 4526 qui

382 4553 449 4624 lam,
462 4551 550 4610 noluit
564 4563 678 4624 poenam
693 4546 826 4605 adiectam
840 4547 922 4620 erigi,
935 4562 988 4604 non
1003 4545 1068 4620 quia
1080 4545 1185 4604 lactum
1221 4541 1359 4605 contrabit
1371 4545 1486 4602 alterum
1501 4543 1717 4614 matrimonium,
1730 4549 1831 4616 putans
1848 4561 1909 4603 esse
1922 4557 2022 4604 secun·

274 4697 281 4706 .
382 4641 507 4700 inelllcnr
527 4656 576 4697 seu
594 4637 804 4696 frustratorium
829 4651 882 4693 non
903 4637 990 4709 possit
1003 4636 1110 4709 puniri,
1137 4635 1185 4694 sed
1219 4635 1337 4708 dum,et
1349 4640 1445 4708 postea
1459 4632 1726 4707 intelligit,primum
1738 4633 2020 4708 luissenullum3nnm

382 4733 445 4807 quia
465 4733 510 4788 illo
525 4727 606 4788 modo
625 4734 736 4802 paetum
751 4727 850 4785 luisset
867 4725 948 4788 nimis
967 4727 1141 4801 rigoroaum,
1157 4732 1186 4785 st
1221 4733 1289 4785 tune
1302 4741 1357 4783 non
1379 4724 1497 4782 incurrit
1515 4737 1626 4794 poenas.
1643 4723 1717 4784 idem
1737 4722 1791 4782 disi
1806 4724 1832 4780 in
1853 4727 1966 4781 materia
1985 4718 2021 4776 de

384 4821 536 4896 inaequale.
985 4877 989 4886 ,
1221 4819 1356 4874 camuris
1371 4815 1404 4873 de
1425 4814 1483 4885 ilio,
1498 4815 1547 4887 qui
1561 4813 1693 4886 celebrat,
1708 4813 1752 4872 vel
1773 4813 1931 4872 solemniter
1945 4809 2021 4870 miul-

422 4916 450 4971 6.
466 4911 533 4968 iiico
548 4907 680 4967 secundo:
693 4907 807 4976 Quando
819 4906 861 4965 lex
873 4907 951 4980 punit
963 4911 1057 4964 aetum
1068 4905 1122 4963 sub
1135 4919 1185 4964 no·
1220 4913 1291 4965 strat
1311 4912 1526 4976 sacramentum,
1547 4909 1647 4976 putans
1668 4918 1697 4961 se
1717 4902 1778 4962 esse
1797 4905 2019 4964 excommunica·

382 5003 454 5060 mine
475 4999 631 5057 includente
651 4998 804 5055 uirilitatem
823 5011 856 5055 ex
877 4999 903 5054 vi
917 4997 1035 5054 alieuius
1048 4995 1115 5069 legis
1136 5001 1186 5054 aut
1219 5003 1289 5070 tum;
1302 5011 1365 5054 nam
1377 4995 1399 5052 si
1411 5001 1506 5067 postea
1519 4979 1787 5067 intelligat,prio'rem
1797 4995 2019 5054 exeommunica-

379 5091 570 5158 institutionis,
587 5095 654 5146 tune
669 5103 755 5162 poena
770 5087 838 5162 legis
856 5087 1007 5146 incurritur
1021 5101 1069 5159 per
1089 5092 1184 5145 aetum
1220 5085 1321 5144 tionem
1333 5086 1418 5144 luisse
1429 5083 1544 5155 nullam,
1557 5099 1611 5141 non
1622 5090 1664 5142 est
1674 5084 1762 5142 laetus
1773 5085 1945 5159 irregularis,
1957 5083 2019 5158 quia
2125 5079 2126 5086 ’

381 5181 487 5238 irritum
501 5187 529 5238 et
547 5179 647 5236 ellectu
662 5186 811 5236 carentem.
827 5177 975 5235 Conclusio
989 5183 1032 5236 est
1047 5176 1139 5248 clara,
1155 5183 1185 5235 et
1222 5175 1291 5233 baec
1306 5191 1393 5248 poena
1405 5190 1458 5233 non
1473 5181 1517 5234 est
1532 5174 1658 5247 imposita
1671 5177 1908 5233 excommunicato
1922 5179 2015 5249 putato

383 5269 510 5346 sequitur
522 5274 617 5346 aperte
628 5283 661 5326 ex
675 5269 701 5326 vt
715 5268 814 5343 prioris
828 5267 916 5343 pertis
930 5265 1043 5340 regulae
1056 5279 1184 5338 eommu-
1218 5265 1385 5328 ministranti
1393 5303 1402 5341 ,
1417 5265 1466 5325 sed
1487 5279 1551 5324 vere
1565 5264 1659 5340 ligato.
1675 5265 1714 5322 ita
1733 5279 1800 5340 argo
1813 5271 1855 5324 est
1874 5279 1940 5324 oum
1954 5277 2016 5338 pro·
