<?xml version="1.0" encoding="UTF-8"?>
<!DOCTYPE html PUBLIC "-//W3C//DTD XHTML 1.0 Transitional//EN"
    "http://www.w3.org/TR/xhtml1/DTD/xhtml1-transitional.dtd">
<html xmlns="http://www.w3.org/1999/xhtml" xml:lang="en" lang="en">
 <head>
  <title>
</title>
<meta http-equiv="Content-Type" content="text/html;charset=utf-8" />
  <meta name='ocr-system' content='tesseract 3.04.00' />
  <meta name='ocr-capabilities' content='ocr_page ocr_carea ocr_par ocr_line ocrx_word'/>
</head>
<body>
  <div class='ocr_page' id='page_1' title='image "./tractatusdelegi00sugoog_0462.png"; bbox 0 0 4260 6222; ppageno 0'>
   <div class='ocr_carea' id='block_1_1' title="bbox 847 389 1715 462">
    <p class='ocr_par' dir='ltr' id='par_1_1' title="bbox 847 389 1715 462">
     <span class='ocr_line' id='line_1_1' title="bbox 847 389 1715 462; baseline -0.008 -1"><span class='ocrx_word' id='word_1_1' title='bbox 847 409 1053 462; x_wconf 77' lang='lat' dir='ltr'><strong>canorus.</strong></span> <span class='ocrx_word' id='word_1_2' title='bbox 1654 389 1715 455; x_wconf 74' lang='grc'><strong>437</strong></span> 
     </span>
    </p>
   </div>
   <div class='ocr_carea' id='block_1_2' title="bbox 118 531 1764 2136">
    <p class='ocr_par' dir='ltr' id='par_1_2' title="bbox 118 531 1764 2136">
     <span class='ocr_line' id='line_1_2' title="bbox 119 531 1764 613; baseline -0.003 -19"><span class='ocrx_word' id='word_1_3' title='bbox 119 553 173 595; x_wconf 84' lang='grc' dir='ltr'><strong>ιιι</strong></span> <span class='ocrx_word' id='word_1_4' title='bbox 189 535 304 595; x_wconf 84' lang='lat' dir='ltr'><strong>verbum</strong></span> <span class='ocrx_word' id='word_1_5' title='bbox 319 535 351 595; x_wconf 90' lang='lat' dir='ltr'><strong>de</strong></span> <span class='ocrx_word' id='word_1_6' title='bbox 370 538 465 596; x_wconf 82' lang='lat' dir='ltr'><strong>tuturo</strong></span> <span class='ocrx_word' id='word_1_7' title='bbox 480 538 613 613; x_wconf 83' lang='lat' dir='ltr'><strong>significat</strong></span> <span class='ocrx_word' id='word_1_8' title='bbox 623 539 754 596; x_wconf 83' lang='lat' dir='ltr'><strong>&#39;ellectum</strong></span> <span class='ocrx_word' id='word_1_9' title='bbox 769 545 925 611; x_wconf 89' lang='lat' dir='ltr'><strong>praesenta·</strong></span> <span class='ocrx_word' id='word_1_10' title='bbox 961 539 1088 595; x_wconf 88' lang='lat' dir='ltr'><strong>maiorem</strong></span> <span class='ocrx_word' id='word_1_11' title='bbox 1103 535 1319 611; x_wconf 75' lang='lat' dir='ltr'><strong>probabilitatem</strong></span> <span class='ocrx_word' id='word_1_12' title='bbox 1331 535 1413 592; x_wconf 89' lang='lat' dir='ltr'><strong>babet</strong></span> <span class='ocrx_word' id='word_1_13' title='bbox 1426 533 1518 608; x_wconf 86' lang='lat' dir='ltr'><strong>quoad</strong></span> <span class='ocrx_word' id='word_1_14' title='bbox 1535 534 1579 592; x_wconf 89' lang='lat' dir='ltr'><strong>ius</strong></span> <span class='ocrx_word' id='word_1_15' title='bbox 1602 531 1636 590; x_wconf 94' lang='lat' dir='ltr'><strong>ad</strong></span> <span class='ocrx_word' id='word_1_16' title='bbox 1651 547 1719 607; x_wconf 88' lang='lat' dir='ltr'><strong>rem,</strong></span> <span class='ocrx_word' id='word_1_17' title='bbox 1732 537 1764 589; x_wconf 89' lang='lat' dir='ltr'><strong>ut</strong></span> 
     </span>
     <span class='ocr_line' id='line_1_3' title="bbox 119 623 1762 702; baseline -0.004 -18"><span class='ocrx_word' id='word_1_18' title='bbox 119 644 215 696; x_wconf 73' lang='lat' dir='ltr'><strong>rac11m3</strong></span> <span class='ocrx_word' id='word_1_19' title='bbox 229 627 293 684; x_wconf 90' lang='lat' dir='ltr'><strong>licet</strong></span> <span class='ocrx_word' id='word_1_20' title='bbox 307 643 372 700; x_wconf 90' lang='lat' dir='ltr'><strong>ergo</strong></span> <span class='ocrx_word' id='word_1_21' title='bbox 388 627 526 685; x_wconf 79' lang='lat' dir='ltr'><strong>lordicat:</strong></span> <span class='ocrx_word' id='word_1_22' title='bbox 541 628 588 702; x_wconf 83' lang='lat' dir='ltr'><strong>qrri</strong></span> <span class='ocrx_word' id='word_1_23' title='bbox 602 629 654 686; x_wconf 88' lang='lat' dir='ltr'><strong>boc</strong></span> <span class='ocrx_word' id='word_1_24' title='bbox 672 630 775 700; x_wconf 85' lang='lat' dir='ltr'><strong>iecerit,</strong></span> <span class='ocrx_word' id='word_1_25' title='bbox 789 630 834 685; x_wconf 87' lang='lat' dir='ltr'><strong>liat</strong></span> <span class='ocrx_word' id='word_1_26' title='bbox 847 628 924 684; x_wconf 89' lang='lat' dir='ltr'><strong>nobi·</strong></span> <span class='ocrx_word' id='word_1_27' title='bbox 960 628 1076 699; x_wconf 87' lang='lat' dir='ltr'><strong>seilicet,</strong></span> <span class='ocrx_word' id='word_1_28' title='bbox 1089 627 1235 699; x_wconf 87' lang='lat' dir='ltr'><strong>adimpleta</strong></span> <span class='ocrx_word' id='word_1_29' title='bbox 1249 627 1403 683; x_wconf 88' lang='lat' dir='ltr'><strong>conditione</strong></span> <span class='ocrx_word' id='word_1_30' title='bbox 1418 628 1445 682; x_wconf 91' lang='lat' dir='ltr'><strong>in</strong></span> <span class='ocrx_word' id='word_1_31' title='bbox 1460 626 1518 698; x_wconf 88' lang='lat' dir='ltr'><strong>lege</strong></span> <span class='ocrx_word' id='word_1_32' title='bbox 1542 623 1690 697; x_wconf 86' lang='lat' dir='ltr'><strong>postulata,</strong></span> <span class='ocrx_word' id='word_1_33' title='bbox 1707 628 1762 680; x_wconf 88' lang='lat' dir='ltr'><strong>sta·</strong></span> 
     </span>
     <span class='ocr_line' id='line_1_4' title="bbox 118 715 1761 791; baseline -0.003 -17"><span class='ocrx_word' id='word_1_34' title='bbox 118 717 164 789; x_wconf 87' lang='lat' dir='ltr'><strong>lis,</strong></span> <span class='ocrx_word' id='word_1_35' title='bbox 183 725 232 775; x_wconf 87' lang='lat' dir='ltr'><strong>aul</strong></span> <span class='ocrx_word' id='word_1_36' title='bbox 245 717 268 773; x_wconf 90' lang='lat' dir='ltr'><strong>ei</strong></span> <span class='ocrx_word' id='word_1_37' title='bbox 284 718 451 788; x_wconf 90' lang='lat' dir='ltr'><strong>promittitur</strong></span> <span class='ocrx_word' id='word_1_38' title='bbox 465 718 526 775; x_wconf 87' lang='lat' dir='ltr'><strong>talis</strong></span> <span class='ocrx_word' id='word_1_39' title='bbox 542 719 710 791; x_wconf 86' lang='lat' dir='ltr'><strong>immunitas,</strong></span> <span class='ocrx_word' id='word_1_40' title='bbox 723 735 774 774; x_wconf 93' lang='lat' dir='ltr'><strong>non</strong></span> <span class='ocrx_word' id='word_1_41' title='bbox 792 720 834 776; x_wconf 81' lang='lat' dir='ltr'><strong>det</strong></span> <span class='ocrx_word' id='word_1_42' title='bbox 849 718 924 774; x_wconf 87' lang='lat' dir='ltr'><strong>nobi·</strong></span> <span class='ocrx_word' id='word_1_43' title='bbox 960 720 1005 774; x_wconf 92' lang='lat' dir='ltr'><strong>tim</strong></span> <span class='ocrx_word' id='word_1_44' title='bbox 1021 718 1181 791; x_wconf 69' lang='lat' dir='ltr'><strong>acquiratur</strong></span> <span class='ocrx_word' id='word_1_45' title='bbox 1197 717 1330 790; x_wconf 72' lang='lat' dir='ltr'><strong>ignoranti</strong></span> <span class='ocrx_word' id='word_1_46' title='bbox 1345 722 1473 788; x_wconf 86' lang='lat' dir='ltr'><strong>respectu</strong></span> <span class='ocrx_word' id='word_1_47' title='bbox 1489 716 1550 772; x_wconf 88' lang='lat' dir='ltr'><strong>talis</strong></span> <span class='ocrx_word' id='word_1_48' title='bbox 1567 715 1694 787; x_wconf 86' lang='lat' dir='ltr'><strong>praemii,</strong></span> <span class='ocrx_word' id='word_1_49' title='bbox 1712 728 1761 769; x_wconf 89' lang='lat' dir='ltr'><strong>seu</strong></span> 
     </span>
     <span class='ocr_line' id='line_1_5' title="bbox 119 800 1762 880; baseline -0.004 -17"><span class='ocrx_word' id='word_1_50' title='bbox 119 806 165 873; x_wconf 90' lang='lat' dir='ltr'><strong>lis,</strong></span> <span class='ocrx_word' id='word_1_51' title='bbox 178 806 220 862; x_wconf 83' lang='lat' dir='ltr'><strong>vel</strong></span> <span class='ocrx_word' id='word_1_52' title='bbox 235 808 364 862; x_wconf 91' lang='lat' dir='ltr'><strong>immunis</strong></span> <span class='ocrx_word' id='word_1_53' title='bbox 377 806 435 878; x_wconf 88' lang='lat' dir='ltr'><strong>ipso</strong></span> <span class='ocrx_word' id='word_1_54' title='bbox 447 808 529 879; x_wconf 83' lang='lat' dir='ltr'><strong>iactor,</strong></span> <span class='ocrx_word' id='word_1_55' title='bbox 543 808 596 864; x_wconf 90' lang='lat' dir='ltr'><strong>imo</strong></span> <span class='ocrx_word' id='word_1_56' title='bbox 606 823 657 865; x_wconf 87' lang='lat' dir='ltr'><strong>nec</strong></span> <span class='ocrx_word' id='word_1_57' title='bbox 672 809 763 865; x_wconf 89' lang='lat' dir='ltr'><strong>sciens</strong></span> <span class='ocrx_word' id='word_1_58' title='bbox 775 810 862 880; x_wconf 87' lang='lat' dir='ltr'><strong>legem</strong></span> <span class='ocrx_word' id='word_1_59' title='bbox 878 824 925 880; x_wconf 85' lang='lat' dir='ltr'><strong>po·</strong></span> <span class='ocrx_word' id='word_1_60' title='bbox 959 807 1105 880; x_wconf 85' lang='lat' dir='ltr'><strong>privilegii,</strong></span> <span class='ocrx_word' id='word_1_61' title='bbox 1120 807 1192 863; x_wconf 90' lang='lat' dir='ltr'><strong>sicut</strong></span> <span class='ocrx_word' id='word_1_62' title='bbox 1206 807 1321 863; x_wconf 83' lang='lat' dir='ltr'><strong>violator</strong></span> <span class='ocrx_word' id='word_1_63' title='bbox 1335 806 1401 878; x_wconf 87' lang='lat' dir='ltr'><strong>legis</strong></span> <span class='ocrx_word' id='word_1_64' title='bbox 1421 805 1538 876; x_wconf 88' lang='lat' dir='ltr'><strong>poenalis</strong></span> <span class='ocrx_word' id='word_1_65' title='bbox 1560 807 1653 861; x_wconf 90' lang='lat' dir='ltr'><strong>statim</strong></span> <span class='ocrx_word' id='word_1_66' title='bbox 1669 803 1697 859; x_wconf 87' lang='lat' dir='ltr'><strong>lit</strong></span> <span class='ocrx_word' id='word_1_67' title='bbox 1714 800 1762 857; x_wconf 92' lang='lat' dir='ltr'><strong>de-</strong></span> 
     </span>
     <span class='ocr_line' id='line_1_6' title="bbox 120 893 1761 971; baseline -0.004 -19"><span class='ocrx_word' id='word_1_68' title='bbox 120 897 189 952; x_wconf 90' lang='lat' dir='ltr'><strong>terit</strong></span> <span class='ocrx_word' id='word_1_69' title='bbox 209 893 301 952; x_wconf 87' lang='lat' dir='ltr'><strong>statim</strong></span> <span class='ocrx_word' id='word_1_70' title='bbox 322 911 372 952; x_wconf 90' lang='lat' dir='ltr'><strong>sua</strong></span> <span class='ocrx_word' id='word_1_71' title='bbox 392 898 559 954; x_wconf 89' lang='lat' dir='ltr'><strong>auctoritate</strong></span> <span class='ocrx_word' id='word_1_72' title='bbox 581 897 754 970; x_wconf 76' lang='lat' dir='ltr'><strong>pririlcgium</strong></span> <span class='ocrx_word' id='word_1_73' title='bbox 777 912 922 970; x_wconf 88' lang='lat' dir='ltr'><strong>usurpare,</strong></span> <span class='ocrx_word' id='word_1_74' title='bbox 959 898 1030 956; x_wconf 87' lang='lat' dir='ltr'><strong>bitor</strong></span> <span class='ocrx_word' id='word_1_75' title='bbox 1045 897 1270 969; x_wconf 88' lang='lat' dir='ltr'><strong>poecac,etiamsi</strong></span> <span class='ocrx_word' id='word_1_76' title='bbox 1284 896 1358 953; x_wconf 89' lang='lat' dir='ltr'><strong>illam</strong></span> <span class='ocrx_word' id='word_1_77' title='bbox 1372 897 1572 971; x_wconf 80' lang='lat' dir='ltr'><strong>ignorcl,iurta</strong></span> <span class='ocrx_word' id='word_1_78' title='bbox 1589 910 1682 951; x_wconf 82' lang='lat' dir='ltr'><strong>veram</strong></span> <span class='ocrx_word' id='word_1_79' title='bbox 1700 909 1761 950; x_wconf 92' lang='lat' dir='ltr'><strong>sen-</strong></span> 
     </span>
     <span class='ocr_line' id='line_1_7' title="bbox 119 975 1761 1059; baseline -0.003 -17"><span class='ocrx_word' id='word_1_80' title='bbox 119 988 187 1058; x_wconf 83' lang='lat' dir='ltr'><strong>quia</strong></span> <span class='ocrx_word' id='word_1_81' title='bbox 201 1001 235 1042; x_wconf 86' lang='lat' dir='ltr'><strong>ex</strong></span> <span class='ocrx_word' id='word_1_82' title='bbox 255 984 388 1042; x_wconf 89' lang='lat' dir='ltr'><strong>vitalium</strong></span> <span class='ocrx_word' id='word_1_83' title='bbox 404 987 552 1045; x_wconf 87' lang='lat' dir='ltr'><strong>verborum</strong></span> <span class='ocrx_word' id='word_1_84' title='bbox 566 988 590 1044; x_wconf 92' lang='lat' dir='ltr'><strong>ei</strong></span> <span class='ocrx_word' id='word_1_85' title='bbox 611 1003 665 1044; x_wconf 93' lang='lat' dir='ltr'><strong>non</strong></span> <span class='ocrx_word' id='word_1_86' title='bbox 680 985 844 1044; x_wconf 79' lang='lat' dir='ltr'><strong>conceditur</strong></span> <span class='ocrx_word' id='word_1_87' title='bbox 864 987 924 1043; x_wconf 86' lang='lat' dir='ltr'><strong>talis</strong></span> <span class='ocrx_word' id='word_1_88' title='bbox 961 988 1083 1056; x_wconf 71' lang='grc' dir='ltr'>ιιιιιιιις</span> <span class='ocrx_word' id='word_1_89' title='bbox 1095 1002 1160 1059; x_wconf 86' lang='lat' dir='ltr'><strong>ergo</strong></span> <span class='ocrx_word' id='word_1_90' title='bbox 1172 985 1243 1042; x_wconf 90' lang='lat' dir='ltr'><strong>idem</strong></span> <span class='ocrx_word' id='word_1_91' title='bbox 1253 986 1378 1042; x_wconf 90' lang='lat' dir='ltr'><strong>eritcum</strong></span> <span class='ocrx_word' id='word_1_92' title='bbox 1393 975 1605 1057; x_wconf 83' lang='lat' dir='ltr'><strong>proportionem</strong></span> <span class='ocrx_word' id='word_1_93' title='bbox 1625 984 1683 1056; x_wconf 89' lang='lat' dir='ltr'><strong>lege</strong></span> <span class='ocrx_word' id='word_1_94' title='bbox 1699 997 1761 1054; x_wconf 89' lang='lat' dir='ltr'><strong>pro·</strong></span> 
     </span>
     <span class='ocr_line' id='line_1_8' title="bbox 120 1072 1609 1154; baseline -0.001 -22"><span class='ocrx_word' id='word_1_95' title='bbox 120 1075 250 1132; x_wconf 77' lang='lat' dir='ltr'><strong>facultas.</strong></span> <span class='ocrx_word' id='word_1_96' title='bbox 266 1072 337 1132; x_wconf 80' lang='lat' dir='ltr'><strong>Raro</strong></span> <span class='ocrx_word' id='word_1_97' title='bbox 359 1083 470 1148; x_wconf 90' lang='lat' dir='ltr'><strong>autem,</strong></span> <span class='ocrx_word' id='word_1_98' title='bbox 494 1085 525 1134; x_wconf 90' lang='lat' dir='ltr'><strong>ut</strong></span> <span class='ocrx_word' id='word_1_99' title='bbox 538 1078 682 1149; x_wconf 84' lang='lat' dir='ltr'><strong>existimo,</strong></span> <span class='ocrx_word' id='word_1_100' title='bbox 704 1077 856 1134; x_wconf 83' lang='lat' dir='ltr'><strong>invenietur</strong></span> <span class='ocrx_word' id='word_1_101' title='bbox 870 1077 922 1154; x_wconf 82' lang='lat' dir='ltr'><strong>lea,</strong></span> <span class='ocrx_word' id='word_1_102' title='bbox 958 1076 1081 1132; x_wconf 84' lang='lat' dir='ltr'><strong>mittente</strong></span> <span class='ocrx_word' id='word_1_103' title='bbox 1097 1076 1259 1147; x_wconf 91' lang='lat' dir='ltr'><strong>praemium.</strong></span> <span class='ocrx_word' id='word_1_104' title='bbox 1608 1105 1609 1108; x_wconf 18' lang='grc' dir='ltr'>ι</span> 
     </span>
     <span class='ocr_line' id='line_1_9' title="bbox 121 1163 1761 1240; baseline -0.001 -18"><span class='ocrx_word' id='word_1_105' title='bbox 121 1181 194 1238; x_wconf 84' lang='lat' dir='ltr'><strong>quac</strong></span> <span class='ocrx_word' id='word_1_106' title='bbox 219 1179 266 1237; x_wconf 88' lang='lat' dir='ltr'><strong>per</strong></span> <span class='ocrx_word' id='word_1_107' title='bbox 289 1165 447 1223; x_wconf 88' lang='lat' dir='ltr'><strong>huiusmodi</strong></span> <span class='ocrx_word' id='word_1_108' title='bbox 472 1167 554 1223; x_wconf 85' lang='lat' dir='ltr'><strong>rerba</strong></span> <span class='ocrx_word' id='word_1_109' title='bbox 579 1167 726 1240; x_wconf 84' lang='lat' dir='ltr'><strong>privilegia¹</strong></span> <span class='ocrx_word' id='word_1_110' title='bbox 739 1164 874 1223; x_wconf 88' lang='lat' dir='ltr'><strong>concedat</strong></span> <span class='ocrx_word' id='word_1_111' title='bbox 897 1166 924 1220; x_wconf 94' lang='lat' dir='ltr'><strong>in</strong></span> <span class='ocrx_word' id='word_1_112' title='bbox 1000 1167 1043 1224; x_wconf 87' lang='lat' dir='ltr'><strong>tt.</strong></span> <span class='ocrx_word' id='word_1_113' title='bbox 1060 1164 1113 1221; x_wconf 88' lang='lat' dir='ltr'><strong>Sed</strong></span> <span class='ocrx_word' id='word_1_114' title='bbox 1127 1163 1207 1221; x_wconf 90' lang='lat' dir='ltr'><strong>obiici</strong></span> <span class='ocrx_word' id='word_1_115' title='bbox 1222 1170 1331 1237; x_wconf 86' lang='lat' dir='ltr'><strong>potest:</strong></span> <span class='ocrx_word' id='word_1_116' title='bbox 1348 1171 1391 1220; x_wconf 90' lang='lat' dir='ltr'><strong>est</strong></span> <span class='ocrx_word' id='word_1_117' title='bbox 1413 1179 1509 1236; x_wconf 88' lang='lat' dir='ltr'><strong>magna</strong></span> <span class='ocrx_word' id='word_1_118' title='bbox 1522 1163 1672 1220; x_wconf 78' lang='lat' dir='ltr'><strong>differentia</strong></span> <span class='ocrx_word' id='word_1_119' title='bbox 1689 1164 1761 1220; x_wconf 92' lang='lat' dir='ltr'><strong>inter</strong></span> 
     </span>
     <span class='ocr_line' id='line_1_10' title="bbox 122 1254 1762 1329; baseline -0.001 -19"><span class='ocrx_word' id='word_1_120' title='bbox 122 1257 277 1327; x_wconf 87' lang='lat' dir='ltr'><strong>praemium</strong></span> <span class='ocrx_word' id='word_1_121' title='bbox 298 1255 456 1312; x_wconf 81' lang='lat' dir='ltr'><strong>futurorum</strong></span> <span class='ocrx_word' id='word_1_122' title='bbox 477 1272 609 1328; x_wconf 78' lang='lat' dir='ltr'><strong>operum3</strong></span> <span class='ocrx_word' id='word_1_123' title='bbox 631 1256 757 1329; x_wconf 85' lang='lat' dir='ltr'><strong>qrramris</strong></span> <span class='ocrx_word' id='word_1_124' title='bbox 785 1254 924 1328; x_wconf 84' lang='lat' dir='ltr'><strong>probabile</strong></span> <span class='ocrx_word' id='word_1_125' title='bbox 958 1269 1073 1328; x_wconf 87' lang='lat' dir='ltr'><strong>poenam</strong></span> <span class='ocrx_word' id='word_1_126' title='bbox 1087 1261 1114 1310; x_wconf 94' lang='lat' dir='ltr'><strong>et</strong></span> <span class='ocrx_word' id='word_1_127' title='bbox 1128 1256 1289 1327; x_wconf 68' lang='lat' dir='ltr'><strong>praemium,</strong></span> <span class='ocrx_word' id='word_1_128' title='bbox 1306 1271 1368 1311; x_wconf 91' lang='lat' dir='ltr'><strong>nam</strong></span> <span class='ocrx_word' id='word_1_129' title='bbox 1383 1255 1429 1328; x_wconf 89' lang='lat' dir='ltr'><strong>qui</strong></span> <span class='ocrx_word' id='word_1_130' title='bbox 1444 1255 1524 1310; x_wconf 86' lang='lat' dir='ltr'><strong>violat</strong></span> <span class='ocrx_word' id='word_1_131' title='bbox 1538 1255 1642 1325; x_wconf 85' lang='lat' dir='ltr'><strong>legem,</strong></span> <span class='ocrx_word' id='word_1_132' title='bbox 1660 1255 1718 1324; x_wconf 88' lang='lat' dir='ltr'><strong>ipsc</strong></span> <span class='ocrx_word' id='word_1_133' title='bbox 1732 1255 1762 1309; x_wconf 87' lang='lat' dir='ltr'><strong>lit</strong></span> 
     </span>
     <span class='ocr_line' id='line_1_11' title="bbox 124 1341 1761 1420; baseline -0.001 -21"><span class='ocrx_word' id='word_1_134' title='bbox 124 1347 170 1414; x_wconf 83' lang='lat' dir='ltr'><strong>sit,</strong></span> <span class='ocrx_word' id='word_1_135' title='bbox 186 1345 208 1400; x_wconf 86' lang='lat' dir='ltr'><strong>si</strong></span> <span class='ocrx_word' id='word_1_136' title='bbox 224 1345 267 1402; x_wconf 82' lang='lat' dir='ltr'><strong>lex</strong></span> <span class='ocrx_word' id='word_1_137' title='bbox 280 1343 353 1402; x_wconf 87' lang='lat' dir='ltr'><strong>dicat</strong></span> <span class='ocrx_word' id='word_1_138' title='bbox 367 1345 400 1402; x_wconf 88' lang='lat' dir='ltr'><strong>de</strong></span> <span class='ocrx_word' id='word_1_139' title='bbox 415 1349 568 1418; x_wconf 86' lang='lat' dir='ltr'><strong>praesenti,</strong></span> <span class='ocrx_word' id='word_1_140' title='bbox 584 1346 692 1402; x_wconf 78' lang='lat' dir='ltr'><strong>facienti</strong></span> <span class='ocrx_word' id='word_1_141' title='bbox 706 1345 758 1402; x_wconf 89' lang='lat' dir='ltr'><strong>tale</strong></span> <span class='ocrx_word' id='word_1_142' title='bbox 773 1361 844 1417; x_wconf 89' lang='lat' dir='ltr'><strong>opus</strong></span> <span class='ocrx_word' id='word_1_143' title='bbox 858 1360 925 1402; x_wconf 90' lang='lat' dir='ltr'><strong>con·</strong></span> <span class='ocrx_word' id='word_1_144' title='bbox 958 1344 1074 1418; x_wconf 84' lang='lat' dir='ltr'><strong>debitor,</strong></span> <span class='ocrx_word' id='word_1_145' title='bbox 1086 1351 1113 1400; x_wconf 92' lang='lat' dir='ltr'><strong>et</strong></span> <span class='ocrx_word' id='word_1_146' title='bbox 1127 1360 1190 1401; x_wconf 90' lang='lat' dir='ltr'><strong>reus</strong></span> <span class='ocrx_word' id='word_1_147' title='bbox 1205 1360 1425 1420; x_wconf 63' lang='lat' dir='ltr'><strong>poemanensis</strong></span> <span class='ocrx_word' id='word_1_148' title='bbox 1442 1345 1464 1401; x_wconf 88' lang='lat' dir='ltr'><strong>vi</strong></span> <span class='ocrx_word' id='word_1_149' title='bbox 1479 1345 1596 1400; x_wconf 89' lang='lat' dir='ltr'><strong>alicuius</strong></span> <span class='ocrx_word' id='word_1_150' title='bbox 1618 1345 1700 1415; x_wconf 91' lang='lat' dir='ltr'><strong>pacti,</strong></span> <span class='ocrx_word' id='word_1_151' title='bbox 1713 1341 1761 1398; x_wconf 89' lang='lat' dir='ltr'><strong>scd</strong></span> 
     </span>
     <span class='ocr_line' id='line_1_12' title="bbox 123 1427 1761 1507; baseline -0.002 -17"><span class='ocrx_word' id='word_1_152' title='bbox 123 1435 248 1492; x_wconf 89' lang='lat' dir='ltr'><strong>cedimus</strong></span> <span class='ocrx_word' id='word_1_153' title='bbox 264 1435 344 1492; x_wconf 90' lang='lat' dir='ltr'><strong>talem</strong></span> <span class='ocrx_word' id='word_1_154' title='bbox 359 1437 572 1506; x_wconf 84' lang='lat' dir='ltr'><strong>immunitatem,</strong></span> <span class='ocrx_word' id='word_1_155' title='bbox 587 1435 629 1492; x_wconf 88' lang='lat' dir='ltr'><strong>vel</strong></span> <span class='ocrx_word' id='word_1_156' title='bbox 644 1437 802 1507; x_wconf 85' lang='lat' dir='ltr'><strong>imperative</strong></span> <span class='ocrx_word' id='word_1_157' title='bbox 817 1435 870 1490; x_wconf 89' lang='lat' dir='ltr'><strong>boc</strong></span> <span class='ocrx_word' id='word_1_158' title='bbox 887 1434 925 1490; x_wconf 86' lang='lat' dir='ltr'><strong>ia·</strong></span> <span class='ocrx_word' id='word_1_159' title='bbox 958 1449 991 1490; x_wconf 86' lang='lat' dir='ltr'><strong>ex</strong></span> <span class='ocrx_word' id='word_1_160' title='bbox 1006 1433 1030 1488; x_wconf 84' lang='lat' dir='ltr'><strong>ri</strong></span> <span class='ocrx_word' id='word_1_161' title='bbox 1043 1433 1151 1504; x_wconf 88' lang='lat' dir='ltr'><strong>culpas:</strong></span> <span class='ocrx_word' id='word_1_162' title='bbox 1167 1439 1195 1490; x_wconf 90' lang='lat' dir='ltr'><strong>et</strong></span> <span class='ocrx_word' id='word_1_163' title='bbox 1209 1433 1268 1488; x_wconf 89' lang='lat' dir='ltr'><strong>ideo</strong></span> <span class='ocrx_word' id='word_1_164' title='bbox 1284 1435 1305 1488; x_wconf 85' lang='lat' dir='ltr'><strong>sl</strong></span> <span class='ocrx_word' id='word_1_165' title='bbox 1328 1427 1478 1506; x_wconf 88' lang='lat' dir='ltr'><strong>ignorantia</strong></span> <span class='ocrx_word' id='word_1_166' title='bbox 1494 1449 1546 1489; x_wconf 92' lang='lat' dir='ltr'><strong>non</strong></span> <span class='ocrx_word' id='word_1_167' title='bbox 1571 1431 1688 1489; x_wconf 76' lang='lat' dir='ltr'><strong>excusat</strong></span> <span class='ocrx_word' id='word_1_168' title='bbox 1701 1430 1761 1487; x_wconf 91' lang='lat' dir='ltr'><strong>cul·</strong></span> 
     </span>
     <span class='ocr_line' id='line_1_13' title="bbox 122 1521 1760 1600; baseline -0.002 -21"><span class='ocrx_word' id='word_1_169' title='bbox 122 1523 200 1580; x_wconf 87' lang='lat' dir='ltr'><strong>ciens</strong></span> <span class='ocrx_word' id='word_1_170' title='bbox 216 1523 251 1580; x_wconf 88' lang='lat' dir='ltr'><strong>sit</strong></span> <span class='ocrx_word' id='word_1_171' title='bbox 265 1525 394 1580; x_wconf 90' lang='lat' dir='ltr'><strong>immunis</strong></span> <span class='ocrx_word' id='word_1_172' title='bbox 408 1525 442 1580; x_wconf 92' lang='lat' dir='ltr'><strong>ab</strong></span> <span class='ocrx_word' id='word_1_173' title='bbox 456 1526 600 1597; x_wconf 88' lang='lat' dir='ltr'><strong>oneribus,</strong></span> <span class='ocrx_word' id='word_1_174' title='bbox 616 1525 656 1581; x_wconf 84' lang='grc' dir='ltr'><strong>ιιι</strong></span> <span class='ocrx_word' id='word_1_175' title='bbox 677 1525 741 1600; x_wconf 79' lang='lat' dir='ltr'><strong>quid</strong></span> <span class='ocrx_word' id='word_1_176' title='bbox 756 1525 856 1588; x_wconf 81' lang='lat' dir='ltr'><strong>simile,</strong></span> <span class='ocrx_word' id='word_1_177' title='bbox 872 1523 924 1580; x_wconf 88' lang='lat' dir='ltr'><strong>boc</strong></span> <span class='ocrx_word' id='word_1_178' title='bbox 960 1541 1039 1596; x_wconf 89' lang='lat' dir='ltr'><strong>pam,</strong></span> <span class='ocrx_word' id='word_1_179' title='bbox 1062 1524 1126 1580; x_wconf 88' lang='lat' dir='ltr'><strong>licet</strong></span> <span class='ocrx_word' id='word_1_180' title='bbox 1145 1523 1267 1580; x_wconf 84' lang='lat' dir='ltr'><strong>occultet</strong></span> <span class='ocrx_word' id='word_1_181' title='bbox 1286 1539 1417 1595; x_wconf 89' lang='lat' dir='ltr'><strong>poenam,</strong></span> <span class='ocrx_word' id='word_1_182' title='bbox 1440 1540 1492 1580; x_wconf 80' lang='lat' dir='ltr'><strong>raon</strong></span> <span class='ocrx_word' id='word_1_183' title='bbox 1514 1521 1625 1594; x_wconf 87' lang='lat' dir='ltr'><strong>impedit</strong></span> <span class='ocrx_word' id='word_1_184' title='bbox 1651 1529 1760 1578; x_wconf 87' lang='lat' dir='ltr'><strong>reatum</strong></span> 
     </span>
     <span class='ocr_line' id='line_1_14' title="bbox 123 1610 1762 1687; baseline -0.002 -19"><span class='ocrx_word' id='word_1_185' title='bbox 123 1615 193 1669; x_wconf 88' lang='lat' dir='ltr'><strong>satis</strong></span> <span class='ocrx_word' id='word_1_186' title='bbox 210 1628 281 1684; x_wconf 82' lang='lat' dir='ltr'><strong>esse,</strong></span> <span class='ocrx_word' id='word_1_187' title='bbox 305 1620 335 1670; x_wconf 91' lang='lat' dir='ltr'><strong>ut</strong></span> <span class='ocrx_word' id='word_1_188' title='bbox 349 1613 518 1687; x_wconf 79' lang='lat' dir='ltr'><strong>privilegium</strong></span> <span class='ocrx_word' id='word_1_189' title='bbox 540 1621 687 1672; x_wconf 87' lang='lat' dir='ltr'><strong>censeatur</strong></span> <span class='ocrx_word' id='word_1_190' title='bbox 702 1615 738 1672; x_wconf 92' lang='lat' dir='ltr'><strong>illi</strong></span> <span class='ocrx_word' id='word_1_191' title='bbox 759 1629 925 1671; x_wconf 89' lang='lat' dir='ltr'><strong>conoessum</strong></span> <span class='ocrx_word' id='word_1_192' title='bbox 959 1613 1028 1670; x_wconf 87' lang='lat' dir='ltr'><strong>eius.</strong></span> <span class='ocrx_word' id='word_1_193' title='bbox 1046 1617 1078 1669; x_wconf 83' lang='lat' dir='ltr'><strong>nt</strong></span> <span class='ocrx_word' id='word_1_194' title='bbox 1092 1618 1219 1684; x_wconf 90' lang='lat' dir='ltr'><strong>respectu</strong></span> <span class='ocrx_word' id='word_1_195' title='bbox 1238 1611 1348 1684; x_wconf 88' lang='lat' dir='ltr'><strong>proemii</strong></span> <span class='ocrx_word' id='word_1_196' title='bbox 1367 1612 1503 1686; x_wconf 86' lang='lat' dir='ltr'><strong>legislator</strong></span> <span class='ocrx_word' id='word_1_197' title='bbox 1524 1613 1580 1682; x_wconf 90' lang='lat' dir='ltr'><strong>ipse</strong></span> <span class='ocrx_word' id='word_1_198' title='bbox 1596 1610 1762 1683; x_wconf 78' lang='lat' dir='ltr'><strong>est,r1uidl</strong></span> 
     </span>
     <span class='ocr_line' id='line_1_15' title="bbox 123 1701 1761 1775; baseline -0.001 -17"><span class='ocrx_word' id='word_1_199' title='bbox 123 1717 158 1759; x_wconf 84' lang='lat' dir='ltr'><strong>ex</strong></span> <span class='ocrx_word' id='word_1_200' title='bbox 173 1704 198 1758; x_wconf 86' lang='lat' dir='ltr'><strong>ri</strong></span> <span class='ocrx_word' id='word_1_201' title='bbox 214 1703 273 1759; x_wconf 86' lang='lat' dir='ltr'><strong>talis</strong></span> <span class='ocrx_word' id='word_1_202' title='bbox 289 1703 365 1775; x_wconf 85' lang='lat' dir='ltr'><strong>legis.</strong></span> <span class='ocrx_word' id='word_1_203' title='bbox 960 1703 1067 1762; x_wconf 91' lang='lat' dir='ltr'><strong>debitor</strong></span> <span class='ocrx_word' id='word_1_204' title='bbox 1079 1719 1113 1758; x_wconf 83' lang='lat' dir='ltr'><strong>ex</strong></span> <span class='ocrx_word' id='word_1_205' title='bbox 1134 1704 1158 1757; x_wconf 86' lang='lat' dir='ltr'><strong>vi</strong></span> <span class='ocrx_word' id='word_1_206' title='bbox 1173 1717 1239 1759; x_wconf 85' lang='lat' dir='ltr'><strong>suae</strong></span> <span class='ocrx_word' id='word_1_207' title='bbox 1259 1703 1457 1774; x_wconf 81' lang='lat' dir='ltr'><strong>promissionis,</strong></span> <span class='ocrx_word' id='word_1_208' title='bbox 1472 1708 1520 1760; x_wconf 88' lang='lat' dir='ltr'><strong>aut</strong></span> <span class='ocrx_word' id='word_1_209' title='bbox 1545 1701 1697 1758; x_wconf 90' lang='lat' dir='ltr'><strong>donationis</strong></span> <span class='ocrx_word' id='word_1_210' title='bbox 1712 1715 1761 1771; x_wconf 91' lang='lat' dir='ltr'><strong>per</strong></span> 
     </span>
     <span class='ocr_line' id='line_1_16' title="bbox 169 1783 1760 1866; baseline -0.004 -16"><span class='ocrx_word' id='word_1_211' title='bbox 169 1796 213 1850; x_wconf 85' lang='lat' dir='ltr'><strong>tt.</strong></span> <span class='ocrx_word' id='word_1_212' title='bbox 228 1791 349 1849; x_wconf 78' lang='lat' dir='ltr'><strong>Ulterius</strong></span> <span class='ocrx_word' id='word_1_213' title='bbox 363 1799 455 1849; x_wconf 89' lang='lat' dir='ltr'><strong>autem</strong></span> <span class='ocrx_word' id='word_1_214' title='bbox 470 1790 593 1864; x_wconf 81' lang='lat' dir='ltr'><strong>adverto,</strong></span> <span class='ocrx_word' id='word_1_215' title='bbox 608 1792 688 1849; x_wconf 88' lang='lat' dir='ltr'><strong>etiam</strong></span> <span class='ocrx_word' id='word_1_216' title='bbox 705 1792 791 1864; x_wconf 89' lang='lat' dir='ltr'><strong>posita</strong></span> <span class='ocrx_word' id='word_1_217' title='bbox 806 1792 852 1848; x_wconf 90' lang='lat' dir='ltr'><strong>tali</strong></span> <span class='ocrx_word' id='word_1_218' title='bbox 867 1791 926 1865; x_wconf 86' lang='lat' dir='ltr'><strong>lege</strong></span> <span class='ocrx_word' id='word_1_219' title='bbox 960 1792 1046 1866; x_wconf 90' lang='lat' dir='ltr'><strong>legem</strong></span> <span class='ocrx_word' id='word_1_220' title='bbox 1061 1793 1159 1866; x_wconf 84' lang='lat' dir='ltr'><strong>sactae,</strong></span> <span class='ocrx_word' id='word_1_221' title='bbox 1173 1809 1224 1848; x_wconf 91' lang='lat' dir='ltr'><strong>non</strong></span> <span class='ocrx_word' id='word_1_222' title='bbox 1240 1799 1331 1865; x_wconf 89' lang='lat' dir='ltr'><strong>potest</strong></span> <span class='ocrx_word' id='word_1_223' title='bbox 1346 1783 1436 1850; x_wconf 86' lang='lat' dir='ltr'><strong>aulem</strong></span> <span class='ocrx_word' id='word_1_224' title='bbox 1451 1791 1494 1849; x_wconf 89' lang='lat' dir='ltr'><strong>ille</strong></span> <span class='ocrx_word' id='word_1_225' title='bbox 1509 1793 1565 1850; x_wconf 83' lang='lat' dir='ltr'><strong>deri</strong></span> <span class='ocrx_word' id='word_1_226' title='bbox 1581 1791 1698 1860; x_wconf 87' lang='lat' dir='ltr'><strong>debitor,</strong></span> <span class='ocrx_word' id='word_1_227' title='bbox 1712 1789 1760 1844; x_wconf 91' lang='lat' dir='ltr'><strong>nisi</strong></span> 
     </span>
     <span class='ocr_line' id='line_1_17' title="bbox 122 1880 1762 1960; baseline -0.001 -24"><span class='ocrx_word' id='word_1_228' title='bbox 122 1880 244 1946; x_wconf 83' lang='lat' dir='ltr'><strong>dubitari</strong></span> <span class='ocrx_word' id='word_1_229' title='bbox 257 1897 348 1954; x_wconf 89' lang='lat' dir='ltr'><strong>posse,</strong></span> <span class='ocrx_word' id='word_1_230' title='bbox 359 1898 393 1937; x_wconf 91' lang='lat' dir='ltr'><strong>an</strong></span> <span class='ocrx_word' id='word_1_231' title='bbox 406 1882 576 1955; x_wconf 85' lang='lat' dir='ltr'><strong>privilegium</strong></span> <span class='ocrx_word' id='word_1_232' title='bbox 588 1881 751 1954; x_wconf 88' lang='lat' dir='ltr'><strong>illudquoad</strong></span> <span class='ocrx_word' id='word_1_233' title='bbox 763 1880 924 1953; x_wconf 90' lang='lat' dir='ltr'><strong>dominium,</strong></span> <span class='ocrx_word' id='word_1_234' title='bbox 959 1883 1106 1954; x_wconf 89' lang='lat' dir='ltr'><strong>impleatur</strong></span> <span class='ocrx_word' id='word_1_235' title='bbox 1120 1882 1251 1952; x_wconf 89' lang='lat' dir='ltr'><strong>conditio,</strong></span> <span class='ocrx_word' id='word_1_236' title='bbox 1268 1883 1319 1960; x_wconf 91' lang='lat' dir='ltr'><strong>sub</strong></span> <span class='ocrx_word' id='word_1_237' title='bbox 1334 1898 1389 1956; x_wconf 79' lang='lat' dir='ltr'><strong>qaia</strong></span> <span class='ocrx_word' id='word_1_238' title='bbox 1402 1882 1539 1954; x_wconf 89' lang='lat' dir='ltr'><strong>promisit.</strong></span> <span class='ocrx_word' id='word_1_239' title='bbox 1563 1883 1597 1938; x_wconf 79' lang='lat' dir='ltr'><strong>at</strong></span> <span class='ocrx_word' id='word_1_240' title='bbox 1612 1880 1678 1936; x_wconf 89' lang='lat' dir='ltr'><strong>haec</strong></span> <span class='ocrx_word' id='word_1_241' title='bbox 1695 1895 1762 1936; x_wconf 91' lang='lat' dir='ltr'><strong>con·</strong></span> 
     </span>
     <span class='ocr_line' id='line_1_18' title="bbox 123 1970 1760 2047; baseline -0.001 -22"><span class='ocrx_word' id='word_1_242' title='bbox 123 1978 154 2026; x_wconf 88' lang='lat' dir='ltr'><strong>et</strong></span> <span class='ocrx_word' id='word_1_243' title='bbox 178 1985 272 2025; x_wconf 89' lang='lat' dir='ltr'><strong>omncs</strong></span> <span class='ocrx_word' id='word_1_244' title='bbox 296 1971 412 2027; x_wconf 80' lang='lat' dir='ltr'><strong>edbctus</strong></span> <span class='ocrx_word' id='word_1_245' title='bbox 431 1987 497 2028; x_wconf 90' lang='lat' dir='ltr'><strong>suos</strong></span> <span class='ocrx_word' id='word_1_246' title='bbox 519 1973 680 2043; x_wconf 81' lang='lat' dir='ltr'><strong>acquiratur</strong></span> <span class='ocrx_word' id='word_1_247' title='bbox 701 1973 759 2041; x_wconf 89' lang='lat' dir='ltr'><strong>ipso</strong></span> <span class='ocrx_word' id='word_1_248' title='bbox 782 1970 854 2027; x_wconf 86' lang='lat' dir='ltr'><strong>iacto</strong></span> <span class='ocrx_word' id='word_1_249' title='bbox 869 1971 926 2026; x_wconf 88' lang='lat' dir='ltr'><strong>sine</strong></span> <span class='ocrx_word' id='word_1_250' title='bbox 960 1973 1025 2030; x_wconf 87' lang='lat' dir='ltr'><strong>ditio</strong></span> <span class='ocrx_word' id='word_1_251' title='bbox 1036 1989 1088 2029; x_wconf 91' lang='lat' dir='ltr'><strong>non</strong></span> <span class='ocrx_word' id='word_1_252' title='bbox 1104 1971 1210 2029; x_wconf 87' lang='lat' dir='ltr'><strong>ridetur</strong></span> <span class='ocrx_word' id='word_1_253' title='bbox 1222 1972 1325 2043; x_wconf 89' lang='lat' dir='ltr'><strong>impleri</strong></span> <span class='ocrx_word' id='word_1_254' title='bbox 1337 1974 1369 2030; x_wconf 92' lang='lat' dir='ltr'><strong>nb</strong></span> <span class='ocrx_word' id='word_1_255' title='bbox 1383 1975 1537 2047; x_wconf 82' lang='lat' dir='ltr'><strong>ignorante,</strong></span> <span class='ocrx_word' id='word_1_256' title='bbox 1555 1987 1617 2028; x_wconf 92' lang='lat' dir='ltr'><strong>nam</strong></span> <span class='ocrx_word' id='word_1_257' title='bbox 1631 1973 1760 2042; x_wconf 88' lang='lat' dir='ltr'><strong>ignorans</strong></span> 
     </span>
     <span class='ocr_line' id='line_1_19' title="bbox 123 2059 1751 2136; baseline 0.001 -22"><span class='ocrx_word' id='word_1_258' title='bbox 123 2059 221 2115; x_wconf 89' lang='lat' dir='ltr'><strong>notitia</strong></span> <span class='ocrx_word' id='word_1_259' title='bbox 239 2068 267 2116; x_wconf 90' lang='lat' dir='ltr'><strong>ct</strong></span> <span class='ocrx_word' id='word_1_260' title='bbox 286 2059 471 2116; x_wconf 80' lang='lat' dir='ltr'><strong>declaratione</strong></span> <span class='ocrx_word' id='word_1_261' title='bbox 493 2061 633 2132; x_wconf 87' lang='lat' dir='ltr'><strong>principis.</strong></span> <span class='ocrx_word' id='word_1_262' title='bbox 651 2061 728 2116; x_wconf 89' lang='lat' dir='ltr'><strong>Sicut</strong></span> <span class='ocrx_word' id='word_1_263' title='bbox 745 2062 816 2116; x_wconf 87' lang='lat' dir='ltr'><strong>enim</strong></span> <span class='ocrx_word' id='word_1_264' title='bbox 838 2075 925 2132; x_wconf 85' lang='lat' dir='ltr'><strong>poena</strong></span> <span class='ocrx_word' id='word_1_265' title='bbox 960 2063 1408 2136; x_wconf 82' lang='lat' dir='ltr'><strong>privilegiumpromissum,etiam</strong></span> <span class='ocrx_word' id='word_1_266' title='bbox 1425 2063 1533 2135; x_wconf 87' lang='lat' dir='ltr'><strong>ignorat</strong></span> <span class='ocrx_word' id='word_1_267' title='bbox 1546 2060 1751 2133; x_wconf 85' lang='lat' dir='ltr'><strong>promissionem</strong></span> 
     </span>
    </p>
   </div>
   <div class='ocr_carea' id='block_1_3' title="bbox 20 2140 1756 2227">
    <p class='ocr_par' dir='ltr' id='par_1_3' title="bbox 20 2140 1756 2227">
     <span class='ocr_line' id='line_1_20' title="bbox 20 2140 1756 2227; baseline 0.001 -23"><span class='ocrx_word' id='word_1_268' title='bbox 20 2150 26 2158; x_wconf 88' lang='lat'>&#39;</span> <span class='ocrx_word' id='word_1_269' title='bbox 123 2148 195 2221; x_wconf 87' lang='lat' dir='ltr'><strong>legis</strong></span> <span class='ocrx_word' id='word_1_270' title='bbox 207 2140 226 2212; x_wconf 70' lang='grc'><strong>,’</strong></span> <span class='ocrx_word' id='word_1_271' title='bbox 239 2147 301 2204; x_wconf 85' lang='grc' dir='ltr'>Ιιιιι</span> <span class='ocrx_word' id='word_1_272' title='bbox 325 2147 383 2220; x_wconf 90' lang='lat' dir='ltr'><strong>ipso</strong></span> <span class='ocrx_word' id='word_1_273' title='bbox 403 2148 475 2205; x_wconf 84' lang='lat' dir='ltr'><strong>lacto</strong></span> <span class='ocrx_word' id='word_1_274' title='bbox 495 2149 670 2222; x_wconf 89' lang='lat' dir='ltr'><strong>imponatur,</strong></span> <span class='ocrx_word' id='word_1_275' title='bbox 689 2148 851 2223; x_wconf 83' lang='lat' dir='ltr'><strong>regulariter</strong></span> <span class='ocrx_word' id='word_1_276' title='bbox 873 2165 926 2206; x_wconf 87' lang='lat' dir='ltr'><strong>non</strong></span> <span class='ocrx_word' id='word_1_277' title='bbox 960 2161 986 2210; x_wconf 90' lang='lat' dir='ltr'><strong>et</strong></span> <span class='ocrx_word' id='word_1_278' title='bbox 1001 2159 1122 2226; x_wconf 70' lang='lat' dir='ltr'><strong>pactum,</strong></span> <span class='ocrx_word' id='word_1_279' title='bbox 1139 2167 1206 2227; x_wconf 91' lang='lat' dir='ltr'><strong>ergo</strong></span> <span class='ocrx_word' id='word_1_280' title='bbox 1222 2168 1275 2208; x_wconf 91' lang='lat' dir='ltr'><strong>non</strong></span> <span class='ocrx_word' id='word_1_281' title='bbox 1291 2159 1382 2224; x_wconf 88' lang='lat' dir='ltr'><strong>potest</strong></span> <span class='ocrx_word' id='word_1_282' title='bbox 1395 2154 1502 2224; x_wconf 89' lang='lat' dir='ltr'><strong>operari</strong></span> <span class='ocrx_word' id='word_1_283' title='bbox 1516 2167 1548 2208; x_wconf 85' lang='lat' dir='ltr'><strong>cx</strong></span> <span class='ocrx_word' id='word_1_284' title='bbox 1562 2153 1588 2206; x_wconf 86' lang='lat' dir='ltr'><strong>vi</strong></span> <span class='ocrx_word' id='word_1_285' title='bbox 1601 2151 1674 2219; x_wconf 78' lang='lat' dir='ltr'><strong>eius3</strong></span> <span class='ocrx_word' id='word_1_286' title='bbox 1690 2166 1756 2223; x_wconf 88' lang='lat' dir='ltr'><strong>ergo</strong></span> 
     </span>
    </p>
   </div>
   <div class='ocr_carea' id='block_1_4' title="bbox 120 2237 1794 3478">
    <p class='ocr_par' dir='ltr' id='par_1_4' title="bbox 120 2237 1794 3478">
     <span class='ocr_line' id='line_1_21' title="bbox 124 2237 1755 2316; baseline 0.001 -24"><span class='ocrx_word' id='word_1_287' title='bbox 124 2237 542 2309; x_wconf 85' lang='lat' dir='ltr'><strong>mandaturexecutioai,donec</strong></span> <span class='ocrx_word' id='word_1_288' title='bbox 554 2239 707 2296; x_wconf 89' lang='lat' dir='ltr'><strong>causacius</strong></span> <span class='ocrx_word' id='word_1_289' title='bbox 719 2238 926 2297; x_wconf 86' lang='lat' dir='ltr'><strong>authenticede·</strong></span> <span class='ocrx_word' id='word_1_290' title='bbox 961 2257 1048 2316; x_wconf 84' lang='lat' dir='ltr'><strong>neque</strong></span> <span class='ocrx_word' id='word_1_291' title='bbox 1062 2241 1127 2298; x_wconf 92' lang='lat' dir='ltr'><strong>illud</strong></span> <span class='ocrx_word' id='word_1_292' title='bbox 1147 2241 1273 2314; x_wconf 83' lang='lat' dir='ltr'><strong>implere;</strong></span> <span class='ocrx_word' id='word_1_293' title='bbox 1289 2258 1354 2314; x_wconf 88' lang='lat' dir='ltr'><strong>ergo</strong></span> <span class='ocrx_word' id='word_1_294' title='bbox 1374 2257 1427 2298; x_wconf 92' lang='lat' dir='ltr'><strong>non</strong></span> <span class='ocrx_word' id='word_1_295' title='bbox 1447 2241 1542 2314; x_wconf 91' lang='lat' dir='ltr'><strong>implet</strong></span> <span class='ocrx_word' id='word_1_296' title='bbox 1564 2240 1755 2308; x_wconf 87' lang='lat' dir='ltr'><strong>conditionem,</strong></span> 
     </span>
     <span class='ocr_line' id='line_1_22' title="bbox 123 2327 1756 2404; baseline 0.001 -21"><span class='ocrx_word' id='word_1_297' title='bbox 123 2328 303 2399; x_wconf 80' lang='lat' dir='ltr'><strong>claretur3ita</strong></span> <span class='ocrx_word' id='word_1_298' title='bbox 316 2327 496 2386; x_wconf 88' lang='lat' dir='ltr'><strong>verisimiliter</strong></span> <span class='ocrx_word' id='word_1_299' title='bbox 510 2329 587 2386; x_wconf 87' lang='lat' dir='ltr'><strong>credi</strong></span> <span class='ocrx_word' id='word_1_300' title='bbox 600 2337 762 2402; x_wconf 88' lang='lat' dir='ltr'><strong>potest,non</strong></span> <span class='ocrx_word' id='word_1_301' title='bbox 776 2345 836 2385; x_wconf 86' lang='lat' dir='ltr'><strong>esse</strong></span> <span class='ocrx_word' id='word_1_302' title='bbox 851 2344 926 2385; x_wconf 91' lang='lat' dir='ltr'><strong>men·</strong></span> <span class='ocrx_word' id='word_1_303' title='bbox 960 2339 989 2388; x_wconf 89' lang='lat' dir='ltr'><strong>ct</strong></span> <span class='ocrx_word' id='word_1_304' title='bbox 1000 2337 1200 2404; x_wconf 84' lang='lat' dir='ltr'><strong>consequenter</strong></span> <span class='ocrx_word' id='word_1_305' title='bbox 1211 2347 1263 2386; x_wconf 92' lang='lat' dir='ltr'><strong>non</strong></span> <span class='ocrx_word' id='word_1_306' title='bbox 1278 2331 1396 2404; x_wconf 82' lang='lat' dir='ltr'><strong>acqrrtrll</strong></span> <span class='ocrx_word' id='word_1_307' title='bbox 1408 2334 1451 2388; x_wconf 86' lang='lat' dir='ltr'><strong>ius</strong></span> <span class='ocrx_word' id='word_1_308' title='bbox 1462 2331 1496 2388; x_wconf 88' lang='lat' dir='ltr'><strong>ad</strong></span> <span class='ocrx_word' id='word_1_309' title='bbox 1511 2329 1671 2402; x_wconf 86' lang='lat' dir='ltr'><strong>praemium.</strong></span> <span class='ocrx_word' id='word_1_310' title='bbox 1683 2331 1756 2386; x_wconf 87' lang='lat' dir='ltr'><strong>llaec</strong></span> 
     </span>
     <span class='ocr_line' id='line_1_23' title="bbox 125 2417 1755 2492; baseline 0.001 -20"><span class='ocrx_word' id='word_1_311' title='bbox 125 2423 182 2472; x_wconf 92' lang='lat' dir='ltr'><strong>tem</strong></span> <span class='ocrx_word' id='word_1_312' title='bbox 203 2417 349 2488; x_wconf 88' lang='lat' dir='ltr'><strong>principis,</strong></span> <span class='ocrx_word' id='word_1_313' title='bbox 371 2423 401 2474; x_wconf 91' lang='lat' dir='ltr'><strong>ut</strong></span> <span class='ocrx_word' id='word_1_314' title='bbox 417 2417 468 2474; x_wconf 90' lang='lat' dir='ltr'><strong>tale</strong></span> <span class='ocrx_word' id='word_1_315' title='bbox 484 2419 654 2491; x_wconf 88' lang='lat' dir='ltr'><strong>privilegium</strong></span> <span class='ocrx_word' id='word_1_316' title='bbox 670 2420 760 2474; x_wconf 90' lang='lat' dir='ltr'><strong>statim</strong></span> <span class='ocrx_word' id='word_1_317' title='bbox 776 2424 926 2491; x_wconf 84' lang='lat' dir='ltr'><strong>usurpetur</strong></span> <span class='ocrx_word' id='word_1_318' title='bbox 961 2437 1024 2479; x_wconf 84' lang='lat' dir='ltr'><strong>vero</strong></span> <span class='ocrx_word' id='word_1_319' title='bbox 1044 2421 1160 2479; x_wconf 86' lang='lat' dir='ltr'><strong>obiectio</strong></span> <span class='ocrx_word' id='word_1_320' title='bbox 1181 2422 1303 2492; x_wconf 90' lang='lat' dir='ltr'><strong>postulat</strong></span> <span class='ocrx_word' id='word_1_321' title='bbox 1324 2421 1411 2478; x_wconf 90' lang='lat' dir='ltr'><strong>lusam</strong></span> <span class='ocrx_word' id='word_1_322' title='bbox 1434 2421 1591 2490; x_wconf 84' lang='lat' dir='ltr'><strong>materiam,</strong></span> <span class='ocrx_word' id='word_1_323' title='bbox 1611 2435 1681 2492; x_wconf 87' lang='lat' dir='ltr'><strong>qaae</strong></span> <span class='ocrx_word' id='word_1_324' title='bbox 1703 2435 1755 2474; x_wconf 90' lang='lat' dir='ltr'><strong>non</strong></span> 
     </span>
     <span class='ocr_line' id='line_1_24' title="bbox 124 2506 1757 2585; baseline 0.004 -27"><span class='ocrx_word' id='word_1_325' title='bbox 124 2507 234 2576; x_wconf 87' lang='lat' dir='ltr'><strong>privata</strong></span> <span class='ocrx_word' id='word_1_326' title='bbox 248 2506 424 2578; x_wconf 75' lang='lat' dir='ltr'><strong>clamositate,</strong></span> <span class='ocrx_word' id='word_1_327' title='bbox 437 2515 584 2581; x_wconf 86' lang='lat' dir='ltr'><strong>antequam</strong></span> <span class='ocrx_word' id='word_1_328' title='bbox 599 2508 631 2563; x_wconf 90' lang='lat' dir='ltr'><strong>de</strong></span> <span class='ocrx_word' id='word_1_329' title='bbox 646 2522 797 2576; x_wconf 87' lang='lat' dir='ltr'><strong>causa,seu</strong></span> <span class='ocrx_word' id='word_1_330' title='bbox 813 2506 845 2564; x_wconf 88' lang='lat' dir='ltr'><strong>de</strong></span> <span class='ocrx_word' id='word_1_331' title='bbox 859 2524 926 2565; x_wconf 91' lang='lat' dir='ltr'><strong>con·</strong></span> <span class='ocrx_word' id='word_1_332' title='bbox 960 2516 1083 2567; x_wconf 89' lang='lat' dir='ltr'><strong>arctatur</strong></span> <span class='ocrx_word' id='word_1_333' title='bbox 1097 2509 1129 2565; x_wconf 90' lang='lat' dir='ltr'><strong>ad</strong></span> <span class='ocrx_word' id='word_1_334' title='bbox 1151 2510 1304 2583; x_wconf 80' lang='lat' dir='ltr'><strong>privilegia,</strong></span> <span class='ocrx_word' id='word_1_335' title='bbox 1320 2510 1368 2567; x_wconf 92' lang='lat' dir='ltr'><strong>sed</strong></span> <span class='ocrx_word' id='word_1_336' title='bbox 1384 2511 1539 2584; x_wconf 88' lang='lat' dir='ltr'><strong>eommunis</strong></span> <span class='ocrx_word' id='word_1_337' title='bbox 1559 2509 1649 2585; x_wconf 85' lang='lat' dir='ltr'><strong>estad</strong></span> <span class='ocrx_word' id='word_1_338' title='bbox 1673 2515 1757 2565; x_wconf 83' lang='lat' dir='ltr'><strong>anate·</strong></span> 
     </span>
     <span class='ocr_line' id='line_1_25' title="bbox 124 2594 1756 2672; baseline 0.002 -22"><span class='ocrx_word' id='word_1_339' title='bbox 124 2594 228 2651; x_wconf 87' lang='lat' dir='ltr'><strong>ditione</strong></span> <span class='ocrx_word' id='word_1_340' title='bbox 253 2596 363 2667; x_wconf 84' lang='lat' dir='ltr'><strong>impleta</strong></span> <span class='ocrx_word' id='word_1_341' title='bbox 388 2597 502 2654; x_wconf 87' lang='lat' dir='ltr'><strong>iuridlce</strong></span> <span class='ocrx_word' id='word_1_342' title='bbox 526 2605 633 2655; x_wconf 85' lang='lat' dir='ltr'><strong>constet</strong></span> <span class='ocrx_word' id='word_1_343' title='bbox 652 2613 701 2670; x_wconf 94' lang='lat' dir='ltr'><strong>per</strong></span> <span class='ocrx_word' id='word_1_344' title='bbox 714 2595 926 2656; x_wconf 81' lang='lat' dir='ltr'><strong>declarationem</strong></span> <span class='ocrx_word' id='word_1_345' title='bbox 960 2601 1028 2656; x_wconf 90' lang='lat' dir='ltr'><strong>riam</strong></span> <span class='ocrx_word' id='word_1_346' title='bbox 1043 2598 1076 2654; x_wconf 91' lang='lat' dir='ltr'><strong>de</strong></span> <span class='ocrx_word' id='word_1_347' title='bbox 1097 2599 1194 2656; x_wconf 85' lang='lat' dir='ltr'><strong>merito</strong></span> <span class='ocrx_word' id='word_1_348' title='bbox 1208 2607 1235 2656; x_wconf 88' lang='grc' dir='ltr'><strong>ιι</strong></span> <span class='ocrx_word' id='word_1_349' title='bbox 1256 2594 1391 2672; x_wconf 80' lang='lat' dir='ltr'><strong>praemio,</strong></span> <span class='ocrx_word' id='word_1_350' title='bbox 1413 2600 1459 2656; x_wconf 93' lang='lat' dir='ltr'><strong>ubi</strong></span> <span class='ocrx_word' id='word_1_351' title='bbox 1481 2600 1563 2656; x_wconf 89' lang='lat' dir='ltr'><strong>latius</strong></span> <span class='ocrx_word' id='word_1_352' title='bbox 1584 2598 1756 2655; x_wconf 86' lang='lat' dir='ltr'><strong>discutienda</strong></span> 
     </span>
     <span class='ocr_line' id='line_1_26' title="bbox 123 2683 1758 2762; baseline 0.002 -22"><span class='ocrx_word' id='word_1_353' title='bbox 123 2685 270 2757; x_wconf 87' lang='lat' dir='ltr'><strong>principis,</strong></span> <span class='ocrx_word' id='word_1_354' title='bbox 288 2687 330 2742; x_wconf 87' lang='lat' dir='ltr'><strong>rel</strong></span> <span class='ocrx_word' id='word_1_355' title='bbox 349 2686 477 2760; x_wconf 84' lang='lat' dir='ltr'><strong>alterius,</strong></span> <span class='ocrx_word' id='word_1_356' title='bbox 502 2689 549 2761; x_wconf 89' lang='lat' dir='ltr'><strong>qui</strong></span> <span class='ocrx_word' id='word_1_357' title='bbox 565 2683 624 2745; x_wconf 82' lang='lat' dir='ltr'><strong>eius</strong></span> <span class='ocrx_word' id='word_1_358' title='bbox 639 2692 799 2760; x_wconf 87' lang='lat' dir='ltr'><strong>potestatem</strong></span> <span class='ocrx_word' id='word_1_359' title='bbox 816 2686 922 2745; x_wconf 87' lang='lat' dir='ltr'><strong>habeat.</strong></span> <span class='ocrx_word' id='word_1_360' title='bbox 959 2696 1011 2746; x_wconf 88' lang='lat' dir='ltr'><strong>est.</strong></span> <span class='ocrx_word' id='word_1_361' title='bbox 1032 2690 1109 2746; x_wconf 86' lang='lat' dir='ltr'><strong>Nunc</strong></span> <span class='ocrx_word' id='word_1_362' title='bbox 1130 2703 1194 2744; x_wconf 83' lang='lat' dir='ltr'><strong>vero</strong></span> <span class='ocrx_word' id='word_1_363' title='bbox 1215 2695 1414 2762; x_wconf 78' lang='lat' dir='ltr'><strong>consequenter</strong></span> <span class='ocrx_word' id='word_1_364' title='bbox 1434 2688 1643 2745; x_wconf 84' lang='lat' dir='ltr'><strong>adsentantium</strong></span> <span class='ocrx_word' id='word_1_365' title='bbox 1659 2687 1758 2744; x_wconf 81' lang='lat' dir='ltr'><strong>bartoli</strong></span> 
     </span>
     <span class='ocr_line' id='line_1_27' title="bbox 123 2775 1757 2850; baseline 0.002 -20"><span class='ocrx_word' id='word_1_366' title='bbox 123 2777 194 2831; x_wconf 83' lang='lat' dir='ltr'><strong>Nam</strong></span> <span class='ocrx_word' id='word_1_367' title='bbox 220 2775 273 2832; x_wconf 90' lang='lat' dir='ltr'><strong>hoc</strong></span> <span class='ocrx_word' id='word_1_368' title='bbox 299 2777 419 2847; x_wconf 91' lang='lat' dir='ltr'><strong>postulat</strong></span> <span class='ocrx_word' id='word_1_369' title='bbox 444 2780 611 2833; x_wconf 84' lang='lat' dir='ltr'><strong>conveniens</strong></span> <span class='ocrx_word' id='word_1_370' title='bbox 626 2778 695 2832; x_wconf 90' lang='lat' dir='ltr'><strong>ratio</strong></span> <span class='ocrx_word' id='word_1_371' title='bbox 709 2778 922 2850; x_wconf 71' lang='lat' dir='ltr'><strong>gubernationis,</strong></span> <span class='ocrx_word' id='word_1_372' title='bbox 960 2778 1076 2834; x_wconf 86' lang='lat' dir='ltr'><strong>breviter</strong></span> <span class='ocrx_word' id='word_1_373' title='bbox 1096 2776 1148 2834; x_wconf 92' lang='lat' dir='ltr'><strong>dici</strong></span> <span class='ocrx_word' id='word_1_374' title='bbox 1168 2784 1270 2850; x_wconf 91' lang='lat' dir='ltr'><strong>polest.</strong></span> <span class='ocrx_word' id='word_1_375' title='bbox 1286 2779 1400 2846; x_wconf 82' lang='lat' dir='ltr'><strong>Quando</strong></span> <span class='ocrx_word' id='word_1_376' title='bbox 1421 2781 1462 2836; x_wconf 83' lang='lat' dir='ltr'><strong>len</strong></span> <span class='ocrx_word' id='word_1_377' title='bbox 1483 2779 1590 2836; x_wconf 89' lang='lat' dir='ltr'><strong>coniert</strong></span> <span class='ocrx_word' id='word_1_378' title='bbox 1606 2779 1757 2850; x_wconf 90' lang='lat' dir='ltr'><strong>praemium</strong></span> 
     </span>
     <span class='ocr_line' id='line_1_28' title="bbox 124 2866 1756 2941; baseline 0.002 -20"><span class='ocrx_word' id='word_1_379' title='bbox 124 2879 189 2921; x_wconf 91' lang='lat' dir='ltr'><strong>nam</strong></span> <span class='ocrx_word' id='word_1_380' title='bbox 205 2867 227 2920; x_wconf 89' lang='lat' dir='ltr'><strong>si</strong></span> <span class='ocrx_word' id='word_1_381' title='bbox 244 2866 462 2939; x_wconf 85' lang='lat' dir='ltr'><strong>uniuscuiusque</strong></span> <span class='ocrx_word' id='word_1_382' title='bbox 477 2866 589 2923; x_wconf 87' lang='lat' dir='ltr'><strong>arbitrio</strong></span> <span class='ocrx_word' id='word_1_383' title='bbox 600 2873 628 2922; x_wconf 89' lang='lat' dir='ltr'><strong>et</strong></span> <span class='ocrx_word' id='word_1_384' title='bbox 641 2867 768 2938; x_wconf 87' lang='lat' dir='ltr'><strong>potestati</strong></span> <span class='ocrx_word' id='word_1_385' title='bbox 787 2867 838 2922; x_wconf 90' lang='lat' dir='ltr'><strong>boc</strong></span> <span class='ocrx_word' id='word_1_386' title='bbox 850 2883 925 2922; x_wconf 91' lang='lat' dir='ltr'><strong>com·</strong></span> <span class='ocrx_word' id='word_1_387' title='bbox 961 2869 1019 2939; x_wconf 88' lang='lat' dir='ltr'><strong>ipso</strong></span> <span class='ocrx_word' id='word_1_388' title='bbox 1039 2869 1129 2933; x_wconf 86' lang='lat' dir='ltr'><strong>sacto,</strong></span> <span class='ocrx_word' id='word_1_389' title='bbox 1145 2883 1198 2924; x_wconf 91' lang='lat' dir='ltr'><strong>non</strong></span> <span class='ocrx_word' id='word_1_390' title='bbox 1215 2867 1322 2924; x_wconf 83' lang='lat' dir='ltr'><strong>larudari</strong></span> <span class='ocrx_word' id='word_1_391' title='bbox 1337 2884 1365 2925; x_wconf 89' lang='lat' dir='ltr'><strong>re</strong></span> <span class='ocrx_word' id='word_1_392' title='bbox 1380 2883 1444 2926; x_wconf 85' lang='lat' dir='ltr'><strong>vera</strong></span> <span class='ocrx_word' id='word_1_393' title='bbox 1460 2869 1485 2925; x_wconf 92' lang='lat' dir='ltr'><strong>iu</strong></span> <span class='ocrx_word' id='word_1_394' title='bbox 1500 2875 1590 2941; x_wconf 90' lang='lat' dir='ltr'><strong>pacto,</strong></span> <span class='ocrx_word' id='word_1_395' title='bbox 1607 2868 1694 2924; x_wconf 85' lang='lat' dir='ltr'><strong>sedin</strong></span> <span class='ocrx_word' id='word_1_396' title='bbox 1710 2869 1756 2924; x_wconf 90' lang='lat' dir='ltr'><strong>ab·</strong></span> 
     </span>
     <span class='ocr_line' id='line_1_29' title="bbox 125 2955 1794 3030; baseline 0.002 -20"><span class='ocrx_word' id='word_1_397' title='bbox 125 2956 298 3026; x_wconf 87' lang='lat' dir='ltr'><strong>mitteretur,</strong></span> <span class='ocrx_word' id='word_1_398' title='bbox 321 2955 564 3012; x_wconf 83' lang='lat' dir='ltr'><strong>intinitaclrandes</strong></span> <span class='ocrx_word' id='word_1_399' title='bbox 585 2963 614 3011; x_wconf 88' lang='lat' dir='ltr'><strong>ct</strong></span> <span class='ocrx_word' id='word_1_400' title='bbox 636 2956 764 3012; x_wconf 89' lang='lat' dir='ltr'><strong>scandala</strong></span> <span class='ocrx_word' id='word_1_401' title='bbox 781 2957 845 3012; x_wconf 90' lang='lat' dir='ltr'><strong>oriri</strong></span> <span class='ocrx_word' id='word_1_402' title='bbox 865 2973 923 3029; x_wconf 38' lang='lat' dir='ltr'><strong>pos*</strong></span> <span class='ocrx_word' id='word_1_403' title='bbox 962 2957 1051 3014; x_wconf 88' lang='lat' dir='ltr'><strong>soluta</strong></span> <span class='ocrx_word' id='word_1_404' title='bbox 1073 2957 1216 3014; x_wconf 87' lang='lat' dir='ltr'><strong>voluntate</strong></span> <span class='ocrx_word' id='word_1_405' title='bbox 1238 2958 1367 3029; x_wconf 83' lang='lat' dir='ltr'><strong>principis</strong></span> <span class='ocrx_word' id='word_1_406' title='bbox 1395 2957 1552 3016; x_wconf 84' lang='lat' dir='ltr'><strong>conterendi</strong></span> <span class='ocrx_word' id='word_1_407' title='bbox 1576 2956 1628 3015; x_wconf 86' lang='lat' dir='ltr'><strong>tale</strong></span> <span class='ocrx_word' id='word_1_408' title='bbox 1646 2957 1757 3030; x_wconf 80' lang='lat' dir='ltr'><strong>privile·</strong></span> <span class='ocrx_word' id='word_1_409' title='bbox 1790 2991 1794 2999; x_wconf 50' lang='grc' dir='ltr'>ι</span> 
     </span>
     <span class='ocr_line' id='line_1_30' title="bbox 120 3044 1755 3122; baseline 0.002 -23"><span class='ocrx_word' id='word_1_410' title='bbox 120 3050 198 3122; x_wconf 79' lang='lat' dir='ltr'><strong>sent.</strong></span> <span class='ocrx_word' id='word_1_411' title='bbox 215 3044 284 3100; x_wconf 88' lang='lat' dir='ltr'><strong>Satis</strong></span> <span class='ocrx_word' id='word_1_412' title='bbox 302 3059 368 3117; x_wconf 85' lang='lat' dir='ltr'><strong>ergo</strong></span> <span class='ocrx_word' id='word_1_413' title='bbox 383 3051 441 3118; x_wconf 91' lang='lat' dir='ltr'><strong>est,</strong></span> <span class='ocrx_word' id='word_1_414' title='bbox 456 3045 532 3118; x_wconf 87' lang='lat' dir='ltr'><strong>qaod</strong></span> <span class='ocrx_word' id='word_1_415' title='bbox 545 3061 578 3102; x_wconf 82' lang='lat' dir='ltr'><strong>ex</strong></span> <span class='ocrx_word' id='word_1_416' title='bbox 593 3047 618 3100; x_wconf 84' lang='lat' dir='ltr'><strong>ri</strong></span> <span class='ocrx_word' id='word_1_417' title='bbox 633 3046 678 3101; x_wconf 86' lang='lat' dir='ltr'><strong>tali</strong></span> <span class='ocrx_word' id='word_1_418' title='bbox 694 3045 778 3118; x_wconf 89' lang='lat' dir='ltr'><strong>legis,</strong></span> <span class='ocrx_word' id='word_1_419' title='bbox 793 3052 822 3102; x_wconf 89' lang='lat' dir='ltr'><strong>ct</strong></span> <span class='ocrx_word' id='word_1_420' title='bbox 835 3051 925 3117; x_wconf 89' lang='lat' dir='ltr'><strong>operis</strong></span> <span class='ocrx_word' id='word_1_421' title='bbox 960 3049 1035 3121; x_wconf 88' lang='lat' dir='ltr'><strong>glum</strong></span> <span class='ocrx_word' id='word_1_422' title='bbox 1050 3047 1158 3103; x_wconf 79' lang='lat' dir='ltr'><strong>facienti</strong></span> <span class='ocrx_word' id='word_1_423' title='bbox 1174 3047 1239 3118; x_wconf 86' lang='lat' dir='ltr'><strong>boc,</strong></span> <span class='ocrx_word' id='word_1_424' title='bbox 1256 3047 1296 3102; x_wconf 87' lang='lat' dir='ltr'><strong>vel</strong></span> <span class='ocrx_word' id='word_1_425' title='bbox 1315 3048 1398 3118; x_wconf 69' lang='lat' dir='ltr'><strong>ituro,</strong></span> <span class='ocrx_word' id='word_1_426' title='bbox 1414 3047 1458 3104; x_wconf 91' lang='lat' dir='ltr'><strong>illa</strong></span> <span class='ocrx_word' id='word_1_427' title='bbox 1472 3049 1545 3103; x_wconf 86' lang='lat' dir='ltr'><strong>enim</strong></span> <span class='ocrx_word' id='word_1_428' title='bbox 1562 3046 1688 3104; x_wconf 84' lang='lat' dir='ltr'><strong>voluntas</strong></span> <span class='ocrx_word' id='word_1_429' title='bbox 1703 3065 1755 3104; x_wconf 93' lang='lat' dir='ltr'><strong>non</strong></span> 
     </span>
     <span class='ocr_line' id='line_1_31' title="bbox 123 3122 1756 3209; baseline 0.002 -19"><span class='ocrx_word' id='word_1_430' title='bbox 123 3122 151 3191; x_wconf 81' lang='lat' dir='ltr'><strong>in</strong></span> <span class='ocrx_word' id='word_1_431' title='bbox 166 3149 199 3189; x_wconf 90' lang='lat' dir='ltr'><strong>ea</strong></span> <span class='ocrx_word' id='word_1_432' title='bbox 212 3134 350 3206; x_wconf 88' lang='lat' dir='ltr'><strong>postulati</strong></span> <span class='ocrx_word' id='word_1_433' title='bbox 363 3135 526 3207; x_wconf 86' lang='lat' dir='ltr'><strong>acquiratur</strong></span> <span class='ocrx_word' id='word_1_434' title='bbox 539 3151 573 3192; x_wconf 83' lang='lat' dir='ltr'><strong>ex</strong></span> <span class='ocrx_word' id='word_1_435' title='bbox 590 3143 655 3191; x_wconf 83' lang='lat' dir='ltr'><strong>trano</strong></span> <span class='ocrx_word' id='word_1_436' title='bbox 672 3134 713 3190; x_wconf 91' lang='lat' dir='ltr'><strong>ius</strong></span> <span class='ocrx_word' id='word_1_437' title='bbox 729 3134 763 3191; x_wconf 91' lang='lat' dir='ltr'><strong>ad</strong></span> <span class='ocrx_word' id='word_1_438' title='bbox 778 3135 829 3190; x_wconf 90' lang='lat' dir='ltr'><strong>lale</strong></span> <span class='ocrx_word' id='word_1_439' title='bbox 845 3137 927 3206; x_wconf 85' lang='lat' dir='ltr'><strong>priri·</strong></span> <span class='ocrx_word' id='word_1_440' title='bbox 960 3135 1011 3192; x_wconf 86' lang='grc' dir='ltr'>ιιιιι</span> <span class='ocrx_word' id='word_1_441' title='bbox 1031 3137 1157 3192; x_wconf 87' lang='lat' dir='ltr'><strong>restricta</strong></span> <span class='ocrx_word' id='word_1_442' title='bbox 1178 3135 1211 3192; x_wconf 92' lang='lat' dir='ltr'><strong>nd</strong></span> <span class='ocrx_word' id='word_1_443' title='bbox 1236 3136 1380 3192; x_wconf 83' lang='lat' dir='ltr'><strong>lactentem</strong></span> <span class='ocrx_word' id='word_1_444' title='bbox 1400 3153 1464 3193; x_wconf 92' lang='lat' dir='ltr'><strong>cum</strong></span> <span class='ocrx_word' id='word_1_445' title='bbox 1489 3137 1582 3194; x_wconf 81' lang='lat' dir='ltr'><strong>aalide</strong></span> <span class='ocrx_word' id='word_1_446' title='bbox 1609 3137 1690 3209; x_wconf 84' lang='lat' dir='ltr'><strong>legis,</strong></span> <span class='ocrx_word' id='word_1_447' title='bbox 1707 3153 1756 3194; x_wconf 90' lang='lat' dir='ltr'><strong>seu</strong></span> 
     </span>
     <span class='ocr_line' id='line_1_32' title="bbox 124 3222 1757 3299; baseline 0.001 -19"><span class='ocrx_word' id='word_1_448' title='bbox 124 3224 242 3295; x_wconf 73' lang='lat' dir='ltr'><strong>legium,</strong></span> <span class='ocrx_word' id='word_1_449' title='bbox 265 3226 301 3279; x_wconf 91' lang='lat' dir='ltr'><strong>ita</strong></span> <span class='ocrx_word' id='word_1_450' title='bbox 324 3230 354 3280; x_wconf 91' lang='lat' dir='ltr'><strong>ut</strong></span> <span class='ocrx_word' id='word_1_451' title='bbox 373 3224 445 3288; x_wconf 81' lang='lat' dir='ltr'><strong>iacta</strong></span> <span class='ocrx_word' id='word_1_452' title='bbox 466 3223 581 3280; x_wconf 89' lang='lat' dir='ltr'><strong>iuridica</strong></span> <span class='ocrx_word' id='word_1_453' title='bbox 596 3222 780 3280; x_wconf 88' lang='lat' dir='ltr'><strong>declaratione</strong></span> <span class='ocrx_word' id='word_1_454' title='bbox 794 3223 828 3280; x_wconf 89' lang='lat' dir='ltr'><strong>de</strong></span> <span class='ocrx_word' id='word_1_455' title='bbox 841 3223 927 3280; x_wconf 89' lang='lat' dir='ltr'><strong>adim·</strong></span> <span class='ocrx_word' id='word_1_456' title='bbox 962 3227 1083 3298; x_wconf 90' lang='lat' dir='ltr'><strong>praemii,</strong></span> <span class='ocrx_word' id='word_1_457' title='bbox 1097 3227 1137 3282; x_wconf 84' lang='lat' dir='ltr'><strong>rel</strong></span> <span class='ocrx_word' id='word_1_458' title='bbox 1155 3227 1214 3282; x_wconf 91' lang='lat' dir='ltr'><strong>talis</strong></span> <span class='ocrx_word' id='word_1_459' title='bbox 1230 3226 1376 3283; x_wconf 81' lang='lat' dir='ltr'><strong>voltrntatis</strong></span> <span class='ocrx_word' id='word_1_460' title='bbox 1392 3226 1589 3299; x_wconf 89' lang='lat' dir='ltr'><strong>principis,sed</strong></span> <span class='ocrx_word' id='word_1_461' title='bbox 1606 3226 1757 3283; x_wconf 81' lang='lat' dir='ltr'><strong>indideren-</strong></span> 
     </span>
     <span class='ocr_line' id='line_1_33' title="bbox 122 3303 1757 3388; baseline 0.001 -19"><span class='ocrx_word' id='word_1_462' title='bbox 122 3313 199 3384; x_wconf 88' lang='lat' dir='ltr'><strong>pleto</strong></span> <span class='ocrx_word' id='word_1_463' title='bbox 213 3303 295 3384; x_wconf 83' lang='lat' dir='ltr'><strong>opero</strong></span> <span class='ocrx_word' id='word_1_464' title='bbox 312 3313 336 3368; x_wconf 86' lang='lat' dir='ltr'><strong>in</strong></span> <span class='ocrx_word' id='word_1_465' title='bbox 353 3313 411 3386; x_wconf 88' lang='lat' dir='ltr'><strong>lege</strong></span> <span class='ocrx_word' id='word_1_466' title='bbox 427 3315 570 3386; x_wconf 83' lang='lat' dir='ltr'><strong>requisito,</strong></span> <span class='ocrx_word' id='word_1_467' title='bbox 586 3313 789 3370; x_wconf 79' lang='lat' dir='ltr'><strong>retrotrahatur</strong></span> <span class='ocrx_word' id='word_1_468' title='bbox 804 3313 926 3371; x_wconf 87' lang='lat' dir='ltr'><strong>declara·</strong></span> <span class='ocrx_word' id='word_1_469' title='bbox 963 3323 1003 3372; x_wconf 91' lang='lat' dir='ltr'><strong>ter</strong></span> <span class='ocrx_word' id='word_1_470' title='bbox 1015 3317 1155 3388; x_wconf 83' lang='lat' dir='ltr'><strong>positaest</strong></span> <span class='ocrx_word' id='word_1_471' title='bbox 1170 3315 1222 3371; x_wconf 87' lang='lat' dir='ltr'><strong>sub</strong></span> <span class='ocrx_word' id='word_1_472' title='bbox 1236 3315 1282 3371; x_wconf 91' lang='lat' dir='ltr'><strong>illa</strong></span> <span class='ocrx_word' id='word_1_473' title='bbox 1294 3315 1451 3372; x_wconf 89' lang='lat' dir='ltr'><strong>conditione</strong></span> <span class='ocrx_word' id='word_1_474' title='bbox 1464 3315 1525 3371; x_wconf 91' lang='lat' dir='ltr'><strong>talis</strong></span> <span class='ocrx_word' id='word_1_475' title='bbox 1537 3316 1638 3386; x_wconf 88' lang='lat' dir='ltr'><strong>operis,</strong></span> <span class='ocrx_word' id='word_1_476' title='bbox 1649 3315 1757 3371; x_wconf 88' lang='lat' dir='ltr'><strong>abstra-</strong></span> 
     </span>
     <span class='ocr_line' id='line_1_34' title="bbox 124 3401 1755 3478; baseline 0.001 -19"><span class='ocrx_word' id='word_1_477' title='bbox 124 3405 164 3459; x_wconf 89' lang='lat' dir='ltr'><strong>tic</strong></span> <span class='ocrx_word' id='word_1_478' title='bbox 185 3417 275 3474; x_wconf 80' lang='lat' dir='ltr'><strong>usque</strong></span> <span class='ocrx_word' id='word_1_479' title='bbox 295 3402 329 3459; x_wconf 91' lang='lat' dir='ltr'><strong>ad</strong></span> <span class='ocrx_word' id='word_1_480' title='bbox 343 3401 413 3459; x_wconf 92' lang='lat' dir='ltr'><strong>diem</strong></span> <span class='ocrx_word' id='word_1_481' title='bbox 429 3403 527 3475; x_wconf 86' lang='lat' dir='ltr'><strong>patrati</strong></span> <span class='ocrx_word' id='word_1_482' title='bbox 541 3405 648 3475; x_wconf 87' lang='lat' dir='ltr'><strong>operis,</strong></span> <span class='ocrx_word' id='word_1_483' title='bbox 664 3409 691 3458; x_wconf 85' lang='lat' dir='ltr'><strong>et</strong></span> <span class='ocrx_word' id='word_1_484' title='bbox 706 3417 739 3459; x_wconf 82' lang='lat' dir='ltr'><strong>ea</strong></span> <span class='ocrx_word' id='word_1_485' title='bbox 755 3410 820 3459; x_wconf 90' lang='lat' dir='ltr'><strong>tunc</strong></span> <span class='ocrx_word' id='word_1_486' title='bbox 835 3405 926 3475; x_wconf 87' lang='lat' dir='ltr'><strong>perci·</strong></span> <span class='ocrx_word' id='word_1_487' title='bbox 961 3404 1050 3460; x_wconf 89' lang='lat' dir='ltr'><strong>heudo</strong></span> <span class='ocrx_word' id='word_1_488' title='bbox 1072 3419 1087 3459; x_wconf 89' lang='lat' dir='ltr'><strong>a</strong></span> <span class='ocrx_word' id='word_1_489' title='bbox 1109 3404 1153 3461; x_wconf 86' lang='lat' dir='ltr'><strong>tall</strong></span> <span class='ocrx_word' id='word_1_490' title='bbox 1175 3406 1306 3474; x_wconf 89' lang='lat' dir='ltr'><strong>scientia,</strong></span> <span class='ocrx_word' id='word_1_491' title='bbox 1328 3404 1367 3460; x_wconf 88' lang='lat' dir='ltr'><strong>rel</strong></span> <span class='ocrx_word' id='word_1_492' title='bbox 1384 3408 1544 3478; x_wconf 78' lang='lat' dir='ltr'><strong>ignorantia.</strong></span> <span class='ocrx_word' id='word_1_493' title='bbox 1560 3406 1673 3473; x_wconf 84' lang='lat' dir='ltr'><strong>erando</strong></span> <span class='ocrx_word' id='word_1_494' title='bbox 1690 3421 1755 3461; x_wconf 82' lang='lat' dir='ltr'><strong>vero</strong></span> 
     </span>
    </p>
   </div>
   <div class='ocr_carea' id='block_1_5' title="bbox 122 3491 1847 3566">
    <p class='ocr_par' dir='ltr' id='par_1_5' title="bbox 122 3491 1847 3566">
     <span class='ocr_line' id='line_1_35' title="bbox 122 3491 1847 3566; baseline 0.002 -20"><span class='ocrx_word' id='word_1_495' title='bbox 122 3493 181 3563; x_wconf 91' lang='lat' dir='ltr'><strong>piat</strong></span> <span class='ocrx_word' id='word_1_496' title='bbox 195 3491 392 3564; x_wconf 84' lang='lat' dir='ltr'><strong>privilegiarius</strong></span> <span class='ocrx_word' id='word_1_497' title='bbox 410 3492 520 3548; x_wconf 84' lang='lat' dir='ltr'><strong>srtrclus</strong></span> <span class='ocrx_word' id='word_1_498' title='bbox 534 3491 667 3565; x_wconf 89' lang='lat' dir='ltr'><strong>privilegii</strong></span> <span class='ocrx_word' id='word_1_499' title='bbox 682 3491 775 3564; x_wconf 89' lang='lat' dir='ltr'><strong>quoad</strong></span> <span class='ocrx_word' id='word_1_500' title='bbox 791 3493 846 3548; x_wconf 88' lang='lat' dir='ltr'><strong>lieri</strong></span> <span class='ocrx_word' id='word_1_501' title='bbox 862 3508 925 3564; x_wconf 94' lang='lat' dir='ltr'><strong>pos·</strong></span> <span class='ocrx_word' id='word_1_502' title='bbox 962 3491 1003 3549; x_wconf 87' lang='lat' dir='ltr'><strong>lex</strong></span> <span class='ocrx_word' id='word_1_503' title='bbox 1022 3491 1061 3548; x_wconf 89' lang='lat' dir='ltr'><strong>sin</strong></span> <span class='ocrx_word' id='word_1_504' title='bbox 1082 3493 1200 3564; x_wconf 80' lang='lat' dir='ltr'><strong>loqriitur</strong></span> <span class='ocrx_word' id='word_1_505' title='bbox 1214 3492 1413 3564; x_wconf 90' lang='lat' dir='ltr'><strong>promittendo,</strong></span> <span class='ocrx_word' id='word_1_506' title='bbox 1436 3503 1501 3551; x_wconf 91' lang='lat' dir='ltr'><strong>tunc</strong></span> <span class='ocrx_word' id='word_1_507' title='bbox 1518 3493 1558 3551; x_wconf 83' lang='lat' dir='ltr'><strong>lea</strong></span> <span class='ocrx_word' id='word_1_508' title='bbox 1575 3493 1632 3566; x_wconf 88' lang='lat' dir='ltr'><strong>ipsa</strong></span> <span class='ocrx_word' id='word_1_509' title='bbox 1647 3493 1754 3551; x_wconf 90' lang='lat' dir='ltr'><strong>videtur</strong></span> <span class='ocrx_word' id='word_1_510' title='bbox 1845 3563 1847 3566; x_wconf 16' lang='grc' dir='ltr'>Ι</span> 
     </span>
    </p>
   </div>
   <div class='ocr_carea' id='block_1_6' title="bbox 122 3581 1754 4106">
    <p class='ocr_par' dir='ltr' id='par_1_6' title="bbox 122 3581 1754 4106">
     <span class='ocr_line' id='line_1_36' title="bbox 123 3581 1754 3656; baseline 0.002 -20"><span class='ocrx_word' id='word_1_511' title='bbox 123 3581 170 3636; x_wconf 91' lang='lat' dir='ltr'><strong>sit.</strong></span> <span class='ocrx_word' id='word_1_512' title='bbox 186 3583 259 3647; x_wconf 76' lang='lat' dir='ltr'><strong>Quae</strong></span> <span class='ocrx_word' id='word_1_513' title='bbox 279 3582 368 3637; x_wconf 88' lang='lat' dir='ltr'><strong>omnia</strong></span> <span class='ocrx_word' id='word_1_514' title='bbox 389 3596 436 3654; x_wconf 88' lang='lat' dir='ltr'><strong>per</strong></span> <span class='ocrx_word' id='word_1_515' title='bbox 450 3581 600 3653; x_wconf 82' lang='lat' dir='ltr'><strong>analogiam</strong></span> <span class='ocrx_word' id='word_1_516' title='bbox 617 3581 651 3637; x_wconf 89' lang='lat' dir='ltr'><strong>ad</strong></span> <span class='ocrx_word' id='word_1_517' title='bbox 665 3596 778 3653; x_wconf 89' lang='lat' dir='ltr'><strong>poenam</strong></span> <span class='ocrx_word' id='word_1_518' title='bbox 795 3581 860 3654; x_wconf 88' lang='lat' dir='ltr'><strong>legis</strong></span> <span class='ocrx_word' id='word_1_519' title='bbox 874 3583 926 3638; x_wconf 92' lang='lat' dir='ltr'><strong>im·</strong></span> <span class='ocrx_word' id='word_1_520' title='bbox 961 3583 1086 3638; x_wconf 82' lang='lat' dir='ltr'><strong>conterre</strong></span> <span class='ocrx_word' id='word_1_521' title='bbox 1101 3583 1143 3637; x_wconf 88' lang='lat' dir='ltr'><strong>ius</strong></span> <span class='ocrx_word' id='word_1_522' title='bbox 1158 3583 1290 3653; x_wconf 88' lang='lat' dir='ltr'><strong>operanti,</strong></span> <span class='ocrx_word' id='word_1_523' title='bbox 1301 3590 1329 3639; x_wconf 90' lang='lat' dir='ltr'><strong>et</strong></span> <span class='ocrx_word' id='word_1_524' title='bbox 1343 3584 1464 3655; x_wconf 88' lang='lat' dir='ltr'><strong>implenti</strong></span> <span class='ocrx_word' id='word_1_525' title='bbox 1481 3582 1754 3656; x_wconf 71' lang='lat' dir='ltr'><strong>conditionemque</strong></span> 
     </span>
     <span class='ocr_line' id='line_1_37' title="bbox 122 3664 1751 3744; baseline 0.002 -19"><span class='ocrx_word' id='word_1_526' title='bbox 122 3671 252 3741; x_wconf 87' lang='lat' dir='ltr'><strong>ponentis</strong></span> <span class='ocrx_word' id='word_1_527' title='bbox 273 3669 346 3732; x_wconf 82' lang='lat' dir='ltr'><strong>illam</strong></span> <span class='ocrx_word' id='word_1_528' title='bbox 367 3671 427 3742; x_wconf 86' lang='lat' dir='ltr'><strong>ipso</strong></span> <span class='ocrx_word' id='word_1_529' title='bbox 449 3672 534 3740; x_wconf 89' lang='lat' dir='ltr'><strong>iacto,</strong></span> <span class='ocrx_word' id='word_1_530' title='bbox 548 3669 622 3727; x_wconf 87' lang='lat' dir='ltr'><strong>dicta</strong></span> <span class='ocrx_word' id='word_1_531' title='bbox 637 3677 715 3742; x_wconf 89' lang='lat' dir='ltr'><strong>sunl,</strong></span> <span class='ocrx_word' id='word_1_532' title='bbox 730 3676 758 3726; x_wconf 89' lang='lat' dir='ltr'><strong>et</strong></span> <span class='ocrx_word' id='word_1_533' title='bbox 772 3686 841 3743; x_wconf 78' lang='lat' dir='ltr'><strong>ortae</strong></span> <span class='ocrx_word' id='word_1_534' title='bbox 856 3670 926 3727; x_wconf 88' lang='lat' dir='ltr'><strong>inter</strong></span> <span class='ocrx_word' id='word_1_535' title='bbox 961 3688 1012 3726; x_wconf 91' lang='lat' dir='ltr'><strong>non</strong></span> <span class='ocrx_word' id='word_1_536' title='bbox 1037 3678 1080 3727; x_wconf 91' lang='lat' dir='ltr'><strong>est</strong></span> <span class='ocrx_word' id='word_1_537' title='bbox 1103 3687 1263 3742; x_wconf 74' lang='lat' dir='ltr'><strong>expressum</strong></span> <span class='ocrx_word' id='word_1_538' title='bbox 1287 3664 1313 3727; x_wconf 79' lang='lat' dir='ltr'><strong>in</strong></span> <span class='ocrx_word' id='word_1_539' title='bbox 1338 3688 1390 3742; x_wconf 89' lang='lat' dir='ltr'><strong>ea,</strong></span> <span class='ocrx_word' id='word_1_540' title='bbox 1416 3679 1445 3729; x_wconf 93' lang='lat' dir='ltr'><strong>ut</strong></span> <span class='ocrx_word' id='word_1_541' title='bbox 1464 3673 1582 3728; x_wconf 89' lang='lat' dir='ltr'><strong>scienter</strong></span> <span class='ocrx_word' id='word_1_542' title='bbox 1598 3672 1751 3744; x_wconf 90' lang='lat' dir='ltr'><strong>impleatur.</strong></span> 
     </span>
     <span class='ocr_line' id='line_1_38' title="bbox 122 3759 1753 3833; baseline 0.002 -19"><span class='ocrx_word' id='word_1_543' title='bbox 122 3775 156 3815; x_wconf 89' lang='lat' dir='ltr'><strong>ea</strong></span> <span class='ocrx_word' id='word_1_544' title='bbox 172 3766 298 3831; x_wconf 87' lang='lat' dir='ltr'><strong>spectant</strong></span> <span class='ocrx_word' id='word_1_545' title='bbox 317 3759 349 3816; x_wconf 85' lang='lat' dir='ltr'><strong>ad</strong></span> <span class='ocrx_word' id='word_1_546' title='bbox 370 3760 572 3831; x_wconf 89' lang='lat' dir='ltr'><strong>ampliationem</strong></span> <span class='ocrx_word' id='word_1_547' title='bbox 585 3768 613 3817; x_wconf 89' lang='lat' dir='ltr'><strong>et</strong></span> <span class='ocrx_word' id='word_1_548' title='bbox 626 3761 853 3818; x_wconf 86' lang='lat' dir='ltr'><strong>consecutionem</strong></span> <span class='ocrx_word' id='word_1_549' title='bbox 870 3762 924 3833; x_wconf 89' lang='lat' dir='ltr'><strong>pri·</strong></span> <span class='ocrx_word' id='word_1_550' title='bbox 959 3761 1036 3828; x_wconf 80' lang='lat' dir='ltr'><strong>Otrod</strong></span> <span class='ocrx_word' id='word_1_551' title='bbox 1052 3763 1095 3816; x_wconf 88' lang='lat' dir='ltr'><strong>ius</strong></span> <span class='ocrx_word' id='word_1_552' title='bbox 1117 3768 1246 3832; x_wconf 90' lang='lat' dir='ltr'><strong>respectu</strong></span> <span class='ocrx_word' id='word_1_553' title='bbox 1261 3761 1418 3819; x_wconf 81' lang='lat' dir='ltr'><strong>interiorum</strong></span> <span class='ocrx_word' id='word_1_554' title='bbox 1433 3761 1554 3818; x_wconf 89' lang='lat' dir='ltr'><strong>iudicum</strong></span> <span class='ocrx_word' id='word_1_555' title='bbox 1569 3763 1621 3818; x_wconf 89' lang='lat' dir='ltr'><strong>erit</strong></span> <span class='ocrx_word' id='word_1_556' title='bbox 1635 3761 1753 3818; x_wconf 88' lang='lat' dir='ltr'><strong>iustitiae</strong></span> 
     </span>
     <span class='ocr_line' id='line_1_39' title="bbox 123 3847 1753 3924; baseline 0.004 -21"><span class='ocrx_word' id='word_1_557' title='bbox 123 3847 215 3922; x_wconf 84' lang='lat' dir='ltr'><strong>vilegii</strong></span> <span class='ocrx_word' id='word_1_558' title='bbox 236 3865 250 3904; x_wconf 93' lang='grc' dir='ltr'><strong>ι</strong></span> <span class='ocrx_word' id='word_1_559' title='bbox 270 3848 314 3905; x_wconf 91' lang='lat' dir='ltr'><strong>die</strong></span> <span class='ocrx_word' id='word_1_560' title='bbox 334 3849 397 3906; x_wconf 91' lang='lat' dir='ltr'><strong>boni</strong></span> <span class='ocrx_word' id='word_1_561' title='bbox 411 3853 512 3922; x_wconf 91' lang='lat' dir='ltr'><strong>operis,</strong></span> <span class='ocrx_word' id='word_1_562' title='bbox 529 3867 542 3906; x_wconf 93' lang='lat' dir='ltr'><strong>a</strong></span> <span class='ocrx_word' id='word_1_563' title='bbox 558 3851 663 3908; x_wconf 86' lang='lat' dir='ltr'><strong>iorliori</strong></span> <span class='ocrx_word' id='word_1_564' title='bbox 678 3859 846 3924; x_wconf 85' lang='lat' dir='ltr'><strong>sequuntur,</strong></span> <span class='ocrx_word' id='word_1_565' title='bbox 860 3853 925 3924; x_wconf 84' lang='lat' dir='ltr'><strong>quia</strong></span> <span class='ocrx_word' id='word_1_566' title='bbox 959 3852 1184 3922; x_wconf 87' lang='lat' dir='ltr'><strong>commutativae,</strong></span> <span class='ocrx_word' id='word_1_567' title='bbox 1210 3851 1274 3924; x_wconf 85' lang='lat' dir='ltr'><strong>quia</strong></span> <span class='ocrx_word' id='word_1_568' title='bbox 1297 3867 1329 3908; x_wconf 85' lang='lat' dir='ltr'><strong>ex</strong></span> <span class='ocrx_word' id='word_1_569' title='bbox 1353 3851 1443 3908; x_wconf 88' lang='lat' dir='ltr'><strong>cilicio</strong></span> <span class='ocrx_word' id='word_1_570' title='bbox 1457 3858 1584 3908; x_wconf 89' lang='lat' dir='ltr'><strong>tencatur</strong></span> <span class='ocrx_word' id='word_1_571' title='bbox 1599 3851 1753 3909; x_wconf 89' lang='lat' dir='ltr'><strong>secundum</strong></span> 
     </span>
     <span class='ocr_line' id='line_1_40' title="bbox 122 3938 1754 4014; baseline 0.002 -20"><span class='ocrx_word' id='word_1_572' title='bbox 122 3939 287 4010; x_wconf 87' lang='lat' dir='ltr'><strong>supponitur</strong></span> <span class='ocrx_word' id='word_1_573' title='bbox 307 3938 455 3996; x_wconf 76' lang='lat' dir='ltr'><strong>similitudo</strong></span> <span class='ocrx_word' id='word_1_574' title='bbox 469 3940 636 4012; x_wconf 86' lang='lat' dir='ltr'><strong>verborum,</strong></span> <span class='ocrx_word' id='word_1_575' title='bbox 655 3947 683 3996; x_wconf 90' lang='lat' dir='ltr'><strong>et</strong></span> <span class='ocrx_word' id='word_1_576' title='bbox 696 3948 738 3997; x_wconf 91' lang='lat' dir='ltr'><strong>est</strong></span> <span class='ocrx_word' id='word_1_577' title='bbox 751 3957 882 3998; x_wconf 81' lang='lat' dir='ltr'><strong>excessus</strong></span> <span class='ocrx_word' id='word_1_578' title='bbox 899 3941 924 3997; x_wconf 90' lang='lat' dir='ltr'><strong>in</strong></span> <span class='ocrx_word' id='word_1_579' title='bbox 960 3940 1032 4012; x_wconf 88' lang='lat' dir='ltr'><strong>leges</strong></span> <span class='ocrx_word' id='word_1_580' title='bbox 1053 3940 1188 3996; x_wconf 87' lang='lat' dir='ltr'><strong>iudicare:</strong></span> <span class='ocrx_word' id='word_1_581' title='bbox 1212 3947 1339 4010; x_wconf 89' lang='lat' dir='ltr'><strong>respectu</strong></span> <span class='ocrx_word' id='word_1_582' title='bbox 1361 3957 1425 3998; x_wconf 85' lang='lat' dir='ltr'><strong>aero</strong></span> <span class='ocrx_word' id='word_1_583' title='bbox 1446 3943 1574 4014; x_wconf 90' lang='lat' dir='ltr'><strong>principis</strong></span> <span class='ocrx_word' id='word_1_584' title='bbox 1592 3941 1644 3998; x_wconf 90' lang='lat' dir='ltr'><strong>erit</strong></span> <span class='ocrx_word' id='word_1_585' title='bbox 1659 3941 1754 3999; x_wconf 86' lang='lat' dir='ltr'><strong>saltem</strong></span> 
     </span>
     <span class='ocr_line' id='line_1_41' title="bbox 122 4027 1754 4106; baseline 0.004 -23"><span class='ocrx_word' id='word_1_586' title='bbox 122 4028 238 4083; x_wconf 90' lang='lat' dir='ltr'><strong>materia</strong></span> <span class='ocrx_word' id='word_1_587' title='bbox 257 4028 405 4084; x_wconf 74' lang='lat' dir='ltr'><strong>favorabili.</strong></span> <span class='ocrx_word' id='word_1_588' title='bbox 422 4030 559 4096; x_wconf 84' lang='lat' dir='ltr'><strong>Quantum</strong></span> <span class='ocrx_word' id='word_1_589' title='bbox 581 4029 613 4084; x_wconf 92' lang='lat' dir='ltr'><strong>ad</strong></span> <span class='ocrx_word' id='word_1_590' title='bbox 636 4045 667 4085; x_wconf 87' lang='lat' dir='ltr'><strong>ea</strong></span> <span class='ocrx_word' id='word_1_591' title='bbox 682 4045 758 4106; x_wconf 74' lang='lat' dir='ltr'><strong>vero,</strong></span> <span class='ocrx_word' id='word_1_592' title='bbox 776 4047 846 4103; x_wconf 84' lang='lat' dir='ltr'><strong>quae</strong></span> <span class='ocrx_word' id='word_1_593' title='bbox 863 4047 923 4103; x_wconf 90' lang='lat' dir='ltr'><strong>spe-</strong></span> <span class='ocrx_word' id='word_1_594' title='bbox 958 4027 1163 4100; x_wconf 67' lang='lat' dir='ltr'><strong>distributivae,</strong></span> <span class='ocrx_word' id='word_1_595' title='bbox 1189 4045 1250 4086; x_wconf 90' lang='lat' dir='ltr'><strong>nam</strong></span> <span class='ocrx_word' id='word_1_596' title='bbox 1272 4031 1424 4104; x_wconf 84' lang='lat' dir='ltr'><strong>obligationi</strong></span> <span class='ocrx_word' id='word_1_597' title='bbox 1448 4047 1481 4088; x_wconf 83' lang='lat' dir='ltr'><strong>ex</strong></span> <span class='ocrx_word' id='word_1_598' title='bbox 1506 4027 1754 4089; x_wconf 58' lang='lat' dir='ltr'><strong>commutativa&#39;vi·</strong></span> 
     </span>
    </p>
   </div>
   <div class='ocr_carea' id='block_1_7' title="bbox 121 4111 1861 4193">
    <p class='ocr_par' dir='ltr' id='par_1_7' title="bbox 121 4111 1861 4193">
     <span class='ocr_line' id='line_1_42' title="bbox 121 4111 1861 4193; baseline 0.007 -21"><span class='ocrx_word' id='word_1_599' title='bbox 121 4123 202 4172; x_wconf 87' lang='lat' dir='ltr'><strong>olant</strong></span> <span class='ocrx_word' id='word_1_600' title='bbox 216 4115 249 4172; x_wconf 87' lang='lat' dir='ltr'><strong>ad</strong></span> <span class='ocrx_word' id='word_1_601' title='bbox 266 4117 469 4186; x_wconf 88' lang='lat' dir='ltr'><strong>limitationem,</strong></span> <span class='ocrx_word' id='word_1_602' title='bbox 495 4124 526 4173; x_wconf 90' lang='lat' dir='ltr'><strong>ut</strong></span> <span class='ocrx_word' id='word_1_603' title='bbox 539 4125 582 4173; x_wconf 86' lang='lat' dir='ltr'><strong>cst</strong></span> <span class='ocrx_word' id='word_1_604' title='bbox 595 4118 738 4189; x_wconf 84' lang='lat' dir='ltr'><strong>suspensio</strong></span> <span class='ocrx_word' id='word_1_605' title='bbox 753 4120 932 4176; x_wconf 82' lang='lat' dir='ltr'><strong>executionis·</strong></span> <span class='ocrx_word' id='word_1_606' title='bbox 959 4111 1039 4177; x_wconf 81' lang='lat' dir='ltr'><strong>detur</strong></span> <span class='ocrx_word' id='word_1_607' title='bbox 1051 4121 1162 4176; x_wconf 86' lang='lat' dir='ltr'><strong>obstare</strong></span> <span class='ocrx_word' id='word_1_608' title='bbox 1173 4120 1289 4177; x_wconf 91' lang='lat' dir='ltr'><strong>obiectio</strong></span> <span class='ocrx_word' id='word_1_609' title='bbox 1303 4120 1383 4191; x_wconf 71' lang='lat' dir='ltr'><strong>lacta,</strong></span> <span class='ocrx_word' id='word_1_610' title='bbox 1397 4121 1447 4176; x_wconf 91' lang='lat' dir='ltr'><strong>nisi</strong></span> <span class='ocrx_word' id='word_1_611' title='bbox 1462 4122 1669 4191; x_wconf 87' lang='lat' dir='ltr'><strong>dicamus,satis</strong></span> <span class='ocrx_word' id='word_1_612' title='bbox 1681 4138 1752 4193; x_wconf 87' lang='lat' dir='ltr'><strong>esse,</strong></span> <span class='ocrx_word' id='word_1_613' title='bbox 1859 4178 1861 4184; x_wconf 82' lang='grc'>,</span> 
     </span>
    </p>
   </div>
   <div class='ocr_carea' id='block_1_8' title="bbox 110 4206 1756 5359">
    <p class='ocr_par' dir='ltr' id='par_1_8' title="bbox 120 4206 1756 4638">
     <span class='ocr_line' id='line_1_43' title="bbox 123 4206 1754 4286; baseline 0.002 -22"><span class='ocrx_word' id='word_1_614' title='bbox 123 4223 214 4280; x_wconf 88' lang='lat' dir='ltr'><strong>usquc</strong></span> <span class='ocrx_word' id='word_1_615' title='bbox 231 4206 263 4263; x_wconf 91' lang='lat' dir='ltr'><strong>ad</strong></span> <span class='ocrx_word' id='word_1_616' title='bbox 278 4206 422 4263; x_wconf 90' lang='lat' dir='ltr'><strong>iuridicam</strong></span> <span class='ocrx_word' id='word_1_617' title='bbox 437 4207 660 4278; x_wconf 89' lang='lat' dir='ltr'><strong>declarationem,</strong></span> <span class='ocrx_word' id='word_1_618' title='bbox 674 4209 698 4262; x_wconf 90' lang='lat' dir='ltr'><strong>in</strong></span> <span class='ocrx_word' id='word_1_619' title='bbox 714 4208 764 4265; x_wconf 89' lang='lat' dir='ltr'><strong>illis</strong></span> <span class='ocrx_word' id='word_1_620' title='bbox 780 4210 923 4280; x_wconf 89' lang='lat' dir='ltr'><strong>respicitur</strong></span> <span class='ocrx_word' id='word_1_621' title='bbox 959 4209 1034 4283; x_wconf 82' lang='lat' dir='ltr'><strong>qarod</strong></span> <span class='ocrx_word' id='word_1_622' title='bbox 1052 4211 1195 4283; x_wconf 86' lang='lat' dir='ltr'><strong>promissio</strong></span> <span class='ocrx_word' id='word_1_623' title='bbox 1210 4211 1292 4266; x_wconf 85' lang='lat' dir='ltr'><strong>luerit</strong></span> <span class='ocrx_word' id='word_1_624' title='bbox 1305 4213 1375 4268; x_wconf 89' lang='lat' dir='ltr'><strong>laeta</strong></span> <span class='ocrx_word' id='word_1_625' title='bbox 1387 4212 1586 4284; x_wconf 89' lang='lat' dir='ltr'><strong>communitati,</strong></span> <span class='ocrx_word' id='word_1_626' title='bbox 1596 4219 1624 4268; x_wconf 89' lang='lat' dir='ltr'><strong>et</strong></span> <span class='ocrx_word' id='word_1_627' title='bbox 1634 4213 1709 4286; x_wconf 83' lang='lat' dir='ltr'><strong>qarod</strong></span> <span class='ocrx_word' id='word_1_628' title='bbox 1721 4213 1754 4268; x_wconf 91' lang='lat' dir='ltr'><strong>ab</strong></span> 
     </span>
     <span class='ocr_line' id='line_1_44' title="bbox 121 4295 1756 4374; baseline 0.003 -21"><span class='ocrx_word' id='word_1_629' title='bbox 121 4295 158 4353; x_wconf 93' lang='lat' dir='ltr'><strong>ad</strong></span> <span class='ocrx_word' id='word_1_630' title='bbox 179 4297 281 4352; x_wconf 92' lang='lat' dir='ltr'><strong>bonum</strong></span> <span class='ocrx_word' id='word_1_631' title='bbox 302 4311 464 4368; x_wconf 90' lang='lat' dir='ltr'><strong>commune,</strong></span> <span class='ocrx_word' id='word_1_632' title='bbox 484 4302 512 4352; x_wconf 92' lang='grc' dir='ltr'><strong>ιι</strong></span> <span class='ocrx_word' id='word_1_633' title='bbox 526 4298 732 4354; x_wconf 82' lang='lat' dir='ltr'><strong>convenientem</strong></span> <span class='ocrx_word' id='word_1_634' title='bbox 747 4297 923 4370; x_wconf 88' lang='lat' dir='ltr'><strong>gubernatio·</strong></span> <span class='ocrx_word' id='word_1_635' title='bbox 957 4299 1003 4356; x_wconf 89' lang='lat' dir='ltr'><strong>illa</strong></span> <span class='ocrx_word' id='word_1_636' title='bbox 1018 4299 1100 4356; x_wconf 75' lang='lat' dir='ltr'><strong>scierit</strong></span> <span class='ocrx_word' id='word_1_637' title='bbox 1114 4305 1265 4372; x_wconf 87' lang='lat' dir='ltr'><strong>acceptata,</strong></span> <span class='ocrx_word' id='word_1_638' title='bbox 1278 4299 1387 4372; x_wconf 87' lang='lat' dir='ltr'><strong>quando</strong></span> <span class='ocrx_word' id='word_1_639' title='bbox 1403 4299 1444 4356; x_wconf 79' lang='lat' dir='ltr'><strong>lea</strong></span> <span class='ocrx_word' id='word_1_640' title='bbox 1456 4301 1630 4374; x_wconf 88' lang='lat' dir='ltr'><strong>promulgata</strong></span> <span class='ocrx_word' id='word_1_641' title='bbox 1644 4302 1705 4372; x_wconf 87' lang='lat' dir='ltr'><strong>luit,</strong></span> <span class='ocrx_word' id='word_1_642' title='bbox 1724 4308 1756 4358; x_wconf 90' lang='lat' dir='ltr'><strong>ut</strong></span> 
     </span>
     <span class='ocr_line' id='line_1_45' title="bbox 120 4373 1753 4464; baseline 0.002 -22"><span class='ocrx_word' id='word_1_643' title='bbox 120 4401 197 4456; x_wconf 85' lang='lat' dir='ltr'><strong>nem,</strong></span> <span class='ocrx_word' id='word_1_644' title='bbox 209 4389 348 4458; x_wconf 82' lang='lat' dir='ltr'><strong>quae&#39;non</strong></span> <span class='ocrx_word' id='word_1_645' title='bbox 364 4386 453 4442; x_wconf 88' lang='lat' dir='ltr'><strong>minus</strong></span> <span class='ocrx_word' id='word_1_646' title='bbox 468 4373 497 4442; x_wconf 74' lang='lat' dir='ltr'><strong>in&#39;</strong></span> <span class='ocrx_word' id='word_1_647' title='bbox 508 4386 680 4444; x_wconf 82' lang='lat' dir='ltr'><strong>conferendis</strong></span> <span class='ocrx_word' id='word_1_648' title='bbox 692 4388 922 4460; x_wconf 84' lang='lat' dir='ltr'><strong>praemiis,quam</strong></span> <span class='ocrx_word' id='word_1_649' title='bbox 959 4390 1080 4460; x_wconf 89' lang='lat' dir='ltr'><strong>operanti</strong></span> <span class='ocrx_word' id='word_1_650' title='bbox 1096 4387 1228 4444; x_wconf 88' lang='lat' dir='ltr'><strong>debeatur</strong></span> <span class='ocrx_word' id='word_1_651' title='bbox 1240 4391 1389 4459; x_wconf 89' lang='lat' dir='ltr'><strong>praemium</strong></span> <span class='ocrx_word' id='word_1_652' title='bbox 1402 4381 1532 4464; x_wconf 81' lang='lat' dir='ltr'><strong>tanquam</strong></span> <span class='ocrx_word' id='word_1_653' title='bbox 1545 4390 1664 4447; x_wconf 90' lang='lat' dir='ltr'><strong>membro</strong></span> <span class='ocrx_word' id='word_1_654' title='bbox 1676 4405 1753 4446; x_wconf 92' lang='lat' dir='ltr'><strong>corn·</strong></span> 
     </span>
     <span class='ocr_line' id='line_1_46' title="bbox 120 4471 1750 4553; baseline 0.002 -22"><span class='ocrx_word' id='word_1_655' title='bbox 120 4478 148 4532; x_wconf 90' lang='lat' dir='ltr'><strong>in</strong></span> <span class='ocrx_word' id='word_1_656' title='bbox 166 4476 260 4547; x_wconf 90' lang='lat' dir='ltr'><strong>poenis</strong></span> <span class='ocrx_word' id='word_1_657' title='bbox 274 4475 457 4532; x_wconf 84' lang='lat' dir='ltr'><strong>retribuendis</strong></span> <span class='ocrx_word' id='word_1_658' title='bbox 473 4471 606 4532; x_wconf 80' lang='lat' dir='ltr'><strong>servanda</strong></span> <span class='ocrx_word' id='word_1_659' title='bbox 621 4477 758 4544; x_wconf 81' lang='lat' dir='ltr'><strong>est.Quod</strong></span> <span class='ocrx_word' id='word_1_660' title='bbox 773 4477 795 4531; x_wconf 88' lang='lat' dir='ltr'><strong>sl</strong></span> <span class='ocrx_word' id='word_1_661' title='bbox 811 4474 863 4532; x_wconf 93' lang='lat' dir='ltr'><strong>boc</strong></span> <span class='ocrx_word' id='word_1_662' title='bbox 877 4491 921 4533; x_wconf 87' lang='lat' dir='ltr'><strong>ve·</strong></span> <span class='ocrx_word' id='word_1_663' title='bbox 959 4479 1115 4548; x_wconf 91' lang='lat' dir='ltr'><strong>munitatis,</strong></span> <span class='ocrx_word' id='word_1_664' title='bbox 1132 4478 1212 4535; x_wconf 89' lang='lat' dir='ltr'><strong>cuius</strong></span> <span class='ocrx_word' id='word_1_665' title='bbox 1226 4479 1381 4550; x_wconf 82' lang='lat' dir='ltr'><strong>ignorantia</strong></span> <span class='ocrx_word' id='word_1_666' title='bbox 1395 4495 1448 4535; x_wconf 92' lang='lat' dir='ltr'><strong>uon</strong></span> <span class='ocrx_word' id='word_1_667' title='bbox 1463 4479 1586 4551; x_wconf 88' lang='lat' dir='ltr'><strong>impedit,</strong></span> <span class='ocrx_word' id='word_1_668' title='bbox 1603 4478 1750 4553; x_wconf 85' lang='lat' dir='ltr'><strong>quominus</strong></span> 
     </span>
     <span class='ocr_line' id='line_1_47' title="bbox 120 4565 1379 4638; baseline 0.001 -17"><span class='ocrx_word' id='word_1_669' title='bbox 120 4581 185 4622; x_wconf 89' lang='lat' dir='ltr'><strong>rum</strong></span> <span class='ocrx_word' id='word_1_670' title='bbox 205 4571 263 4633; x_wconf 86' lang='lat' dir='ltr'><strong>est,</strong></span> <span class='ocrx_word' id='word_1_671' title='bbox 288 4565 331 4621; x_wconf 82' lang='lat' dir='ltr'><strong>rix</strong></span> <span class='ocrx_word' id='word_1_672' title='bbox 346 4565 472 4621; x_wconf 84' lang='lat' dir='ltr'><strong>accidere</strong></span> <span class='ocrx_word' id='word_1_673' title='bbox 487 4568 600 4638; x_wconf 88' lang='lat' dir='ltr'><strong>poterit,</strong></span> <span class='ocrx_word' id='word_1_674' title='bbox 617 4574 649 4622; x_wconf 93' lang='lat' dir='ltr'><strong>ut</strong></span> <span class='ocrx_word' id='word_1_675' title='bbox 662 4567 700 4622; x_wconf 88' lang='lat' dir='ltr'><strong>sic</strong></span> <span class='ocrx_word' id='word_1_676' title='bbox 716 4581 832 4637; x_wconf 89' lang='lat' dir='ltr'><strong>operans</strong></span> <span class='ocrx_word' id='word_1_677' title='bbox 847 4581 922 4622; x_wconf 90' lang='lat' dir='ltr'><strong>com·</strong></span> <span class='ocrx_word' id='word_1_678' title='bbox 959 4567 1037 4624; x_wconf 90' lang='lat' dir='ltr'><strong>bonis</strong></span> <span class='ocrx_word' id='word_1_679' title='bbox 1051 4565 1246 4624; x_wconf 90' lang='lat' dir='ltr'><strong>communibus</strong></span> <span class='ocrx_word' id='word_1_680' title='bbox 1261 4566 1379 4624; x_wconf 78' lang='lat' dir='ltr'><strong>latratur.</strong></span> 
     </span>
    </p>

    <p class='ocr_par' dir='ltr' id='par_1_9' title="bbox 110 4653 1752 5359">
     <span class='ocr_line' id='line_1_48' title="bbox 120 4653 1749 4728; baseline 0.002 -18"><span class='ocrx_word' id='word_1_681' title='bbox 120 4661 200 4728; x_wconf 89' lang='lat' dir='ltr'><strong>paret</strong></span> <span class='ocrx_word' id='word_1_682' title='bbox 210 4653 381 4727; x_wconf 83' lang='lat' dir='ltr'><strong>privilegium</strong></span> <span class='ocrx_word' id='word_1_683' title='bbox 399 4661 459 4710; x_wconf 87' lang='lat' dir='ltr'><strong>onte</strong></span> <span class='ocrx_word' id='word_1_684' title='bbox 472 4657 592 4712; x_wconf 89' lang='lat' dir='ltr'><strong>notitiam</strong></span> <span class='ocrx_word' id='word_1_685' title='bbox 604 4656 746 4728; x_wconf 83' lang='lat' dir='ltr'><strong>eius,quts</strong></span> <span class='ocrx_word' id='word_1_686' title='bbox 758 4654 923 4726; x_wconf 87' lang='lat' dir='ltr'><strong>praeoedere</strong></span> <span class='ocrx_word' id='word_1_687' title='bbox 1001 4661 1044 4714; x_wconf 76' lang='lat' dir='ltr'><strong>ta,</strong></span> <span class='ocrx_word' id='word_1_688' title='bbox 1060 4654 1205 4712; x_wconf 87' lang='lat' dir='ltr'><strong>Petebatur</strong></span> <span class='ocrx_word' id='word_1_689' title='bbox 1219 4661 1309 4712; x_wconf 89' lang='lat' dir='ltr'><strong>autem</strong></span> <span class='ocrx_word' id='word_1_690' title='bbox 1329 4657 1353 4712; x_wconf 93' lang='lat' dir='ltr'><strong>in</strong></span> <span class='ocrx_word' id='word_1_691' title='bbox 1374 4659 1544 4728; x_wconf 87' lang='lat' dir='ltr'><strong>argumentis</strong></span> <span class='ocrx_word' id='word_1_692' title='bbox 1558 4657 1635 4716; x_wconf 87' lang='lat' dir='ltr'><strong>iactis</strong></span> <span class='ocrx_word' id='word_1_693' title='bbox 1650 4665 1749 4715; x_wconf 90' lang='lat' dir='ltr'><strong>eontra</strong></span> 
     </span>
     <span class='ocr_line' id='line_1_49' title="bbox 120 4743 1749 4818; baseline 0.002 -18"><span class='ocrx_word' id='word_1_694' title='bbox 120 4744 203 4800; x_wconf 88' lang='lat' dir='ltr'><strong>debet</strong></span> <span class='ocrx_word' id='word_1_695' title='bbox 224 4744 331 4816; x_wconf 88' lang='lat' dir='ltr'><strong>publica</strong></span> <span class='ocrx_word' id='word_1_696' title='bbox 347 4745 457 4816; x_wconf 89' lang='lat' dir='ltr'><strong>notitia,</strong></span> <span class='ocrx_word' id='word_1_697' title='bbox 480 4753 508 4802; x_wconf 88' lang='lat' dir='ltr'><strong>et</strong></span> <span class='ocrx_word' id='word_1_698' title='bbox 523 4745 670 4802; x_wconf 88' lang='lat' dir='ltr'><strong>declaratio</strong></span> <span class='ocrx_word' id='word_1_699' title='bbox 685 4743 812 4817; x_wconf 91' lang='lat' dir='ltr'><strong>principis</strong></span> <span class='ocrx_word' id='word_1_700' title='bbox 826 4743 860 4800; x_wconf 94' lang='lat' dir='ltr'><strong>de</strong></span> <span class='ocrx_word' id='word_1_701' title='bbox 875 4743 922 4800; x_wconf 90' lang='lat' dir='ltr'><strong>ad·</strong></span> <span class='ocrx_word' id='word_1_702' title='bbox 958 4747 1065 4804; x_wconf 89' lang='lat' dir='ltr'><strong>tertiam</strong></span> <span class='ocrx_word' id='word_1_703' title='bbox 1081 4745 1244 4816; x_wconf 88' lang='lat' dir='ltr'><strong>opinionem,</strong></span> <span class='ocrx_word' id='word_1_704' title='bbox 1260 4761 1294 4800; x_wconf 89' lang='lat' dir='ltr'><strong>an</strong></span> <span class='ocrx_word' id='word_1_705' title='bbox 1308 4744 1379 4801; x_wconf 90' lang='lat' dir='ltr'><strong>idem</strong></span> <span class='ocrx_word' id='word_1_706' title='bbox 1393 4745 1540 4802; x_wconf 87' lang='lat' dir='ltr'><strong>dicendum</strong></span> <span class='ocrx_word' id='word_1_707' title='bbox 1555 4747 1628 4803; x_wconf 91' lang='lat' dir='ltr'><strong>sitin</strong></span> <span class='ocrx_word' id='word_1_708' title='bbox 1643 4748 1749 4818; x_wconf 84' lang='lat' dir='ltr'><strong>privile·</strong></span> 
     </span>
     <span class='ocr_line' id='line_1_50' title="bbox 120 4833 1747 4910; baseline 0.001 -19"><span class='ocrx_word' id='word_1_709' title='bbox 120 4835 230 4906; x_wconf 88' lang='lat' dir='ltr'><strong>impleta</strong></span> <span class='ocrx_word' id='word_1_710' title='bbox 251 4849 336 4891; x_wconf 88' lang='lat' dir='ltr'><strong>cansa</strong></span> <span class='ocrx_word' id='word_1_711' title='bbox 359 4833 506 4908; x_wconf 73' lang='lat' dir='ltr'><strong>privilegii,</strong></span> <span class='ocrx_word' id='word_1_712' title='bbox 522 4850 588 4907; x_wconf 89' lang='lat' dir='ltr'><strong>ergo</strong></span> <span class='ocrx_word' id='word_1_713' title='bbox 610 4835 748 4891; x_wconf 89' lang='lat' dir='ltr'><strong>moraliter</strong></span> <span class='ocrx_word' id='word_1_714' title='bbox 763 4851 815 4890; x_wconf 94' lang='lat' dir='ltr'><strong>non</strong></span> <span class='ocrx_word' id='word_1_715' title='bbox 831 4839 923 4906; x_wconf 87' lang='lat' dir='ltr'><strong>potest</strong></span> <span class='ocrx_word' id='word_1_716' title='bbox 956 4837 1000 4910; x_wconf 89' lang='lat' dir='ltr'><strong>glo</strong></span> <span class='ocrx_word' id='word_1_717' title='bbox 1012 4851 1060 4893; x_wconf 87' lang='lat' dir='ltr'><strong>seu</strong></span> <span class='ocrx_word' id='word_1_718' title='bbox 1073 4835 1194 4907; x_wconf 90' lang='lat' dir='ltr'><strong>praemio</strong></span> <span class='ocrx_word' id='word_1_719' title='bbox 1205 4833 1338 4906; x_wconf 89' lang='lat' dir='ltr'><strong>promisso</strong></span> <span class='ocrx_word' id='word_1_720' title='bbox 1350 4849 1397 4906; x_wconf 90' lang='lat' dir='ltr'><strong>per</strong></span> <span class='ocrx_word' id='word_1_721' title='bbox 1410 4837 1601 4895; x_wconf 86' lang='lat' dir='ltr'><strong>transitorium</strong></span> <span class='ocrx_word' id='word_1_722' title='bbox 1615 4835 1747 4896; x_wconf 83' lang='lat' dir='ltr'><strong>edictum.</strong></span> 
     </span>
     <span class='ocr_line' id='line_1_51' title="bbox 121 4923 1750 4998; baseline 0.001 -19"><span class='ocrx_word' id='word_1_723' title='bbox 121 4923 267 4997; x_wconf 86' lang='lat' dir='ltr'><strong>accidere,</strong></span> <span class='ocrx_word' id='word_1_724' title='bbox 288 4931 319 4980; x_wconf 91' lang='lat' dir='ltr'><strong>ut</strong></span> <span class='ocrx_word' id='word_1_725' title='bbox 335 4931 397 4996; x_wconf 92' lang='lat' dir='ltr'><strong>post</strong></span> <span class='ocrx_word' id='word_1_726' title='bbox 413 4924 494 4982; x_wconf 90' lang='lat' dir='ltr'><strong>talem</strong></span> <span class='ocrx_word' id='word_1_727' title='bbox 509 4924 722 4982; x_wconf 88' lang='lat' dir='ltr'><strong>declarationem</strong></span> <span class='ocrx_word' id='word_1_728' title='bbox 737 4923 827 4980; x_wconf 89' lang='lat' dir='ltr'><strong>adbuc</strong></span> <span class='ocrx_word' id='word_1_729' title='bbox 842 4924 921 4996; x_wconf 84' lang='lat' dir='ltr'><strong>priri·</strong></span> <span class='ocrx_word' id='word_1_730' title='bbox 957 4941 1006 4983; x_wconf 82' lang='grc' dir='ltr'><strong>ιιι</strong></span> <span class='ocrx_word' id='word_1_731' title='bbox 1020 4923 1145 4998; x_wconf 88' lang='lat' dir='ltr'><strong>generale</strong></span> <span class='ocrx_word' id='word_1_732' title='bbox 1165 4923 1342 4994; x_wconf 88' lang='lat' dir='ltr'><strong>rescriptum.</strong></span> <span class='ocrx_word' id='word_1_733' title='bbox 1358 4925 1392 4980; x_wconf 83' lang='lat' dir='ltr'><strong>Et</strong></span> <span class='ocrx_word' id='word_1_734' title='bbox 1404 4939 1468 4979; x_wconf 90' lang='lat' dir='ltr'><strong>sane</strong></span> <span class='ocrx_word' id='word_1_735' title='bbox 1483 4923 1602 4994; x_wconf 89' lang='lat' dir='ltr'><strong>videtur,</strong></span> <span class='ocrx_word' id='word_1_736' title='bbox 1622 4925 1642 4979; x_wconf 90' lang='lat' dir='ltr'><strong>sl</strong></span> <span class='ocrx_word' id='word_1_737' title='bbox 1663 4926 1688 4979; x_wconf 94' lang='lat' dir='ltr'><strong>in</strong></span> <span class='ocrx_word' id='word_1_738' title='bbox 1704 4940 1750 4981; x_wconf 87' lang='lat' dir='ltr'><strong>ce·</strong></span> 
     </span>
     <span class='ocr_line' id='line_1_52' title="bbox 119 5011 1749 5088; baseline 0 -18"><span class='ocrx_word' id='word_1_739' title='bbox 119 5014 250 5085; x_wconf 83' lang='lat' dir='ltr'><strong>legierius</strong></span> <span class='ocrx_word' id='word_1_740' title='bbox 272 5015 377 5086; x_wconf 88' lang='lat' dir='ltr'><strong>ignoret</strong></span> <span class='ocrx_word' id='word_1_741' title='bbox 398 5015 500 5088; x_wconf 90' lang='lat' dir='ltr'><strong>legem,</strong></span> <span class='ocrx_word' id='word_1_742' title='bbox 523 5022 552 5072; x_wconf 91' lang='grc' dir='ltr'><strong>ιι</strong></span> <span class='ocrx_word' id='word_1_743' title='bbox 566 5015 734 5088; x_wconf 79' lang='lat' dir='ltr'><strong>praemium,</strong></span> <span class='ocrx_word' id='word_1_744' title='bbox 750 5029 800 5071; x_wconf 88' lang='lat' dir='ltr'><strong>sau</strong></span> <span class='ocrx_word' id='word_1_745' title='bbox 815 5013 922 5086; x_wconf 87' lang='lat' dir='ltr'><strong>privile·</strong></span> <span class='ocrx_word' id='word_1_746' title='bbox 957 5016 1020 5072; x_wconf 88' lang='lat' dir='ltr'><strong>teris</strong></span> <span class='ocrx_word' id='word_1_747' title='bbox 1040 5019 1164 5070; x_wconf 85' lang='lat' dir='ltr'><strong>servetur</strong></span> <span class='ocrx_word' id='word_1_748' title='bbox 1179 5013 1336 5084; x_wconf 88' lang='lat' dir='ltr'><strong>proportio,</strong></span> <span class='ocrx_word' id='word_1_749' title='bbox 1352 5013 1421 5069; x_wconf 92' lang='lat' dir='ltr'><strong>idem</strong></span> <span class='ocrx_word' id='word_1_750' title='bbox 1442 5029 1502 5070; x_wconf 88' lang='lat' dir='ltr'><strong>esse</strong></span> <span class='ocrx_word' id='word_1_751' title='bbox 1516 5011 1671 5083; x_wconf 88' lang='lat' dir='ltr'><strong>dicendum,</strong></span> <span class='ocrx_word' id='word_1_752' title='bbox 1687 5031 1749 5071; x_wconf 85' lang='lat' dir='ltr'><strong>rram</strong></span> 
     </span>
     <span class='ocr_line' id='line_1_53' title="bbox 110 5092 1750 5177; baseline 0 -19"><span class='ocrx_word' id='word_1_753' title='bbox 110 5092 197 5176; x_wconf 73' lang='lat' dir='ltr'><strong>&#39;glum</strong></span> <span class='ocrx_word' id='word_1_754' title='bbox 218 5103 287 5159; x_wconf 91' lang='lat' dir='ltr'><strong>eius.</strong></span> <span class='ocrx_word' id='word_1_755' title='bbox 303 5103 482 5161; x_wconf 84' lang='lat' dir='ltr'><strong>Nihilominus</strong></span> <span class='ocrx_word' id='word_1_756' title='bbox 497 5113 586 5162; x_wconf 90' lang='lat' dir='ltr'><strong>tamen</strong></span> <span class='ocrx_word' id='word_1_757' title='bbox 607 5108 632 5162; x_wconf 88' lang='lat' dir='ltr'><strong>ln</strong></span> <span class='ocrx_word' id='word_1_758' title='bbox 647 5104 737 5177; x_wconf 86' lang='lat' dir='ltr'><strong>aliquo</strong></span> <span class='ocrx_word' id='word_1_759' title='bbox 752 5119 820 5160; x_wconf 88' lang='lat' dir='ltr'><strong>casu</strong></span> <span class='ocrx_word' id='word_1_760' title='bbox 835 5105 859 5162; x_wconf 93' lang='lat' dir='ltr'><strong>id</strong></span> <span class='ocrx_word' id='word_1_761' title='bbox 876 5119 922 5161; x_wconf 89' lang='lat' dir='ltr'><strong>ac·</strong></span> <span class='ocrx_word' id='word_1_762' title='bbox 956 5104 1009 5161; x_wconf 91' lang='lat' dir='ltr'><strong>boo</strong></span> <span class='ocrx_word' id='word_1_763' title='bbox 1031 5102 1148 5176; x_wconf 89' lang='lat' dir='ltr'><strong>probant</strong></span> <span class='ocrx_word' id='word_1_764' title='bbox 1167 5101 1286 5159; x_wconf 89' lang='lat' dir='ltr'><strong>rationes</strong></span> <span class='ocrx_word' id='word_1_765' title='bbox 1305 5101 1338 5157; x_wconf 90' lang='lat' dir='ltr'><strong>ibi</strong></span> <span class='ocrx_word' id='word_1_766' title='bbox 1352 5101 1447 5158; x_wconf 88' lang='lat' dir='ltr'><strong>iactae.</strong></span> <span class='ocrx_word' id='word_1_767' title='bbox 1465 5103 1500 5157; x_wconf 84' lang='lat' dir='ltr'><strong>Et</strong></span> <span class='ocrx_word' id='word_1_768' title='bbox 1514 5101 1670 5158; x_wconf 88' lang='lat' dir='ltr'><strong>declaratur</strong></span> <span class='ocrx_word' id='word_1_769' title='bbox 1686 5119 1701 5160; x_wconf 92' lang='lat' dir='ltr'><strong>a</strong></span> <span class='ocrx_word' id='word_1_770' title='bbox 1716 5105 1750 5158; x_wconf 75' lang='lat' dir='ltr'><strong>si·</strong></span> 
     </span>
     <span class='ocr_line' id='line_1_54' title="bbox 119 5190 1748 5270; baseline 0.001 -22"><span class='ocrx_word' id='word_1_771' title='bbox 119 5194 211 5250; x_wconf 89' lang='lat' dir='ltr'><strong>cidere</strong></span> <span class='ocrx_word' id='word_1_772' title='bbox 232 5202 337 5268; x_wconf 87' lang='lat' dir='ltr'><strong>posset,</strong></span> <span class='ocrx_word' id='word_1_773' title='bbox 360 5197 520 5267; x_wconf 88' lang='lat' dir='ltr'><strong>praesertim</strong></span> <span class='ocrx_word' id='word_1_774' title='bbox 543 5203 656 5270; x_wconf 88' lang='lat' dir='ltr'><strong>propter</strong></span> <span class='ocrx_word' id='word_1_775' title='bbox 675 5196 801 5254; x_wconf 89' lang='lat' dir='ltr'><strong>locorum</strong></span> <span class='ocrx_word' id='word_1_776' title='bbox 816 5196 921 5253; x_wconf 86' lang='lat' dir='ltr'><strong>disten·</strong></span> <span class='ocrx_word' id='word_1_777' title='bbox 956 5193 1010 5250; x_wconf 92' lang='lat' dir='ltr'><strong>mili</strong></span> <span class='ocrx_word' id='word_1_778' title='bbox 1024 5193 1057 5250; x_wconf 93' lang='lat' dir='ltr'><strong>de</strong></span> <span class='ocrx_word' id='word_1_779' title='bbox 1072 5207 1157 5264; x_wconf 87' lang='lat' dir='ltr'><strong>poena</strong></span> <span class='ocrx_word' id='word_1_780' title='bbox 1172 5190 1225 5248; x_wconf 88' lang='lat' dir='ltr'><strong>lala</strong></span> <span class='ocrx_word' id='word_1_781' title='bbox 1239 5207 1286 5262; x_wconf 90' lang='lat' dir='ltr'><strong>per</strong></span> <span class='ocrx_word' id='word_1_782' title='bbox 1300 5197 1451 5256; x_wconf 88' lang='lat' dir='ltr'><strong>statutum,</strong></span> <span class='ocrx_word' id='word_1_783' title='bbox 1469 5190 1509 5248; x_wconf 85' lang='lat' dir='ltr'><strong>rel</strong></span> <span class='ocrx_word' id='word_1_784' title='bbox 1526 5205 1573 5262; x_wconf 88' lang='lat' dir='ltr'><strong>per</strong></span> <span class='ocrx_word' id='word_1_785' title='bbox 1588 5195 1748 5250; x_wconf 86' lang='lat' dir='ltr'><strong>sententiam</strong></span> 
     </span>
     <span class='ocr_line' id='line_1_55' title="bbox 122 5279 1752 5359; baseline -0.001 -19"><span class='ocrx_word' id='word_1_786' title='bbox 122 5285 198 5358; x_wconf 72' lang='lat' dir='ltr'><strong>tiam3</strong></span> <span class='ocrx_word' id='word_1_787' title='bbox 214 5291 243 5346; x_wconf 87' lang='lat' dir='ltr'><strong>el</strong></span> <span class='ocrx_word' id='word_1_788' title='bbox 258 5291 321 5344; x_wconf 83' lang='lat' dir='ltr'><strong>tuor</strong></span> <span class='ocrx_word' id='word_1_789' title='bbox 336 5284 436 5344; x_wconf 87' lang='lat' dir='ltr'><strong>habere</strong></span> <span class='ocrx_word' id='word_1_790' title='bbox 448 5292 539 5359; x_wconf 86' lang='lat' dir='ltr'><strong>posset</strong></span> <span class='ocrx_word' id='word_1_791' title='bbox 554 5286 646 5344; x_wconf 91' lang='lat' dir='ltr'><strong>locum</strong></span> <span class='ocrx_word' id='word_1_792' title='bbox 661 5285 794 5343; x_wconf 86' lang='lat' dir='ltr'><strong>sententia</strong></span> <span class='ocrx_word' id='word_1_793' title='bbox 810 5287 918 5343; x_wconf 82' lang='lat' dir='ltr'><strong>Bartet</strong></span> <span class='ocrx_word' id='word_1_794' title='bbox 955 5283 1107 5359; x_wconf 87' lang='lat' dir='ltr'><strong>generalem</strong></span> <span class='ocrx_word' id='word_1_795' title='bbox 1123 5283 1157 5339; x_wconf 88' lang='lat' dir='ltr'><strong>ab</strong></span> <span class='ocrx_word' id='word_1_796' title='bbox 1170 5281 1363 5338; x_wconf 80' lang='lat' dir='ltr'><strong>bominellam</strong></span> <span class='ocrx_word' id='word_1_797' title='bbox 1375 5280 1400 5338; x_wconf 87' lang='lat' dir='ltr'><strong>la</strong></span> <span class='ocrx_word' id='word_1_798' title='bbox 1412 5279 1535 5340; x_wconf 81' lang='lat' dir='ltr'><strong>efficacia</strong></span> <span class='ocrx_word' id='word_1_799' title='bbox 1545 5279 1674 5340; x_wconf 90' lang='lat' dir='ltr'><strong>ialereudi</strong></span> <span class='ocrx_word' id='word_1_800' title='bbox 1686 5298 1752 5355; x_wconf 87' lang='lat' dir='ltr'><strong>poe·</strong></span> 
     </span>
    </p>
   </div>
   <div class='ocr_carea' id='block_1_9' title="bbox 0 0 2134 6213">
    <p class='ocr_par' dir='ltr' id='par_1_10' title="bbox 0 0 2134 6213">
     <span class='ocr_line' id='line_1_56' title="bbox 0 0 2134 6213; baseline 0 0"><span class='ocrx_word' id='word_1_801' title='bbox 0 0 2134 6213; x_wconf 95' lang='lat' dir='ltr'><strong> </strong></span> 
     </span>
    </p>
   </div>
  </div>
 </body>
</html>
