4260 6222
857 375 1103 428 ctaurxxrrn.
1694 361 1754 424 tet

154 501 200 572 gio
214 499 384 574 iniusto,rel
399 499 491 575 iniquo
507 501 599 575 quoad
614 501 786 562 usum.Talis
800 501 872 560 enim
887 502 959 558 inlu·
996 510 1126 578 sumpta,
1145 501 1179 562 'et
1202 500 1263 562 ideo
1286 504 1395 578 quando
1416 505 1450 563 de
1469 504 1521 561 boc
1536 491 1618 562 luerit
1634 502 1798 577 probabilior

155 588 232 646 stitia
247 591 364 648 maxime
382 591 490 648 vitanda
503 599 547 648 est
566 593 591 649 in
612 593 776 666 privilegiis,
798 593 863 666 quia
883 607 959 648 sum-
997 595 1196 666 praesumptio,
1213 595 1287 652 iuxta
1301 601 1422 652 mentem
1437 594 1612 653 concedentis
1634 595 1800 666 restringen-

155 697 229 736 mam
244 681 440 740 absurditatem
455 684 625 757 continctpet
638 686 698 742 idco
712 685 817 742 etiamsi
832 687 960 755 oporteat
997 684 1062 741 dum
1082 691 1125 740 est
1139 684 1328 757 privilegium,
1344 685 1409 758 quia
1422 685 1456 740 ab
1471 685 1515 741 illa
1528 683 1717 756 principaliter
1734 697 1800 754 pen-

153 771 273 827 maxime
291 773 471 844 impropriam
487 775 584 846 verba,
606 782 638 831 ut
652 791 667 831 a
681 774 729 831 tali
743 773 886 846 iniquitate
902 775 957 845 pri·
997 773 1052 830 det.
1060 775 1148 830 Prima
1162 791 1227 832 vero
1242 775 1402 832 coniectura
1415 775 1498 833 hrrius
1514 775 1664 832 voluntatis
1674 790 1735 830 esse
1748 788 1798 852 po·¹

155 861 286 935 vilegium
301 871 468 934 ereusetur,
486 879 551 920 curn
565 870 621 921 tota
636 864 680 922 illa
695 863 901 936 improprietate
915 878 961 919 ra·
998 869 1152 936 test,quam
1168 864 1193 919 in
1208 865 1258 920 fine
1269 864 1457 936 praecedentis
1469 866 1565 936 puncti
1581 863 1799 938 assignabnmus,

155 954 268 1009 strictio
289 952 412 1009 iacienda
426 964 477 1010 est.
497 955 563 1010 Nam
580 954 646 1010 baec
661 963 705 1010 est
725 953 806 1010 etiarn
820 951 959 1024 generalis
997 954 1136 1024 nimirum,
1146 955 1167 1010 si
1181 939 1339 1011 necessaria
1355 954 1390 1012 sit
1404 957 1540 1010 restrictio
1553 954 1586 1010 ad
1598 953 1740 1010 vitandum
1751 953 1799 1009 ali·

156 1041 254 1116 regula
269 1042 532 1116 interpretandarum
547 1043 690 1118 legum,ut
705 1059 802 1100 sensus
818 1040 958 1099 absurdus
997 1043 1070 1114 quod
1087 1043 1250 1113 absurdum,
1266 1043 1308 1099 vel
1323 1043 1453 1100 delictum
1468 1049 1496 1100 et
1510 1044 1680 1116 iniquitatem
1699 1044 1724 1098 in
1739 1044 1799 1115 ipso

156 1132 272 1203 vitetur,
281 1133 335 1205 quo
350 1132 393 1190 lex
406 1133 482 1190 lieret
495 1133 585 1204 noris,
600 1135 640 1190 vel
654 1136 757 1205 iniqua.
770 1133 883 1190 llarirne
894 1131 960 1204 quia
997 1123 1188 1204 principe,sut
1200 1133 1307 1190 nimiam
1320 1133 1530 1205 imprudentiam
1541 1141 1639 1192 contra
1653 1147 1800 1190 commune

156 1219 223 1277 licet
241 1221 329 1278 verbis
343 1223 481 1294 expressis
496 1223 667 1296 privilegium
683 1222 849 1279 concederet
864 1227 958 1278 actum
996 1221 1110 1280 bocum.
1130 1223 1245 1294 Oportet
1261 1230 1374 1294 autem,
1395 1230 1427 1280 ut
1445 1226 1593 1280 necessitas
1608 1225 1644 1279 sit
1664 1221 1802 1280 moraliter

157 1311 299 1384 iniquum,
321 1311 423 1368 nullius
438 1319 513 1369 esset
526 1311 959 1383 momenti,autellicaciae;ergo
997 1311 1108 1368 evidens
1132 1320 1160 1368 et
1185 1313 1349 1382 manifesta,
1370 1314 1435 1386 quie
1457 1314 1479 1369 si
1499 1328 1542 1368 res
1562 1313 1644 1369 luerit
1657 1313 1740 1368 dubia
1755 1310 1798 1368 vel

156 1401 206 1457 ubi
228 1400 309 1457 rerba
332 1417 385 1458 non
407 1409 471 1458 stant
491 1405 529 1459 ita
542 1418 688 1476 expressa,
705 1409 733 1459 et
746 1417 857 1459 sensum
873 1401 957 1457 alium
1000 1400 1128 1474 utrinque
1153 1401 1316 1472 probabilis,
1343 1402 1428 1457 tenori
1449 1402 1579 1474 privilegii
1600 1400 1729 1458 standum
1744 1406 1798 1472 εει,

155 1487 325 1558 admittunt,
342 1491 407 1548 licet
422 1492 614 1564 improprium,
631 1495 668 1548 ita
682 1497 725 1548 εει
740 1489 961 1563 restringendum
997 1491 1128 1563 quiahoc
1143 1496 1186 1547 est
1201 1491 1514 1548 consentaneumlavori
1534 1499 1563 1549 ει
1579 1483 1648 1562 iur‘i,
1664 1497 1693 1548 et
1709 1491 1734 1546 in
1749 1490 1801 1548 du·
1858 1563 1861 1572 Ι

155 1579 351 1652 privilegium,
377 1586 408 1637 ut
426 1580 517 1654 aliquo
541 1582 623 1640 modo
641 1583 687 1639 fiat
702 1581 767 1638 utile
781 1597 829 1654 per
844 1581 962 1655 applica·
997 1581 1041 1636 bio
1062 1582 1105 1638 ius
1123 1582 1334 1653 praeterendum
1349 1588 1404 1638 est:
1431 1581 1527 1639 melior
1541 1582 1612 1638 eninr
1626 1587 1670 1638 est
1682 1581 1801 1638 conditio

155 1672 262 1728 tionem
285 1670 320 1728 ad
341 1671 459 1744 aliquem
474 1671 580 1728 licitum
594 1688 694 1745 usum3
709 1673 788 1731 etita
803 1687 873 1752 quae
887 1670 961 1728 ride·
996 1669 1076 1740 eius,
1100 1673 1146 1727 eui
1162 1671 1204 1727 ius
1219 1672 1306 1742 lavet,
1330 1671 1404 1728 sicut
1416 1674 1498 1728 etiam
1513 1672 1662 1729 meliorest
1675 1671 1799 1730 conditio

154 1769 205 1817 tur
221 1776 282 1816 esse
300 1763 456 1833 restrictio,
479 1765 533 1819 erit
547 1763 637 1834 potius
651 1762 727 1819 lavor
741 1768 768 1818 et
782 1762 959 1833 sustentatio,
997 1760 1171 1835 possidentis.
1190 1761 1248 1818 allia
1262 1762 1424 1819 coniectura
1437 1768 1494 1836 est,
1509 1762 1619 1836 quando
1633 1761 1802 1834 privilegium

155 1859 190 1906 ut
205 1851 245 1905 sie
260 1849 363 1922 dicem,
379 1851 465 1922 ipsius
481 1852 621 1924 privilegii.
998 1851 1136 1919 posterius
1159 1853 1330 1922 contrarium
1349 1857 1391 1908 est
1411 1851 1510 1922 priori,
1533 1852 1583 1908 nisi
1602 1852 1799 1925 restringatur,

135 1943 139 1950 “
199 1945 226 1997 8.
239 1943 275 1996 nt
289 1955 353 1996 vero
367 1939 477 2012 quando
492 1957 526 1998 ex
540 1942 629 1999 verbis
645 1941 777 2016 privilegii
792 1942 817 1998 in
833 1957 883 1998 sua
898 1956 961 2014 pro·
996 1941 1061 2012 quia
1082 1947 1148 1996 tunc
1168 1940 1391 2013 restringendum
1411 1946 1452 1997 est
1470 1943 1552 1998 etiam
1572 1949 1681 2014 praeter
1702 1941 1801 1999 aerbo·

154 2027 273 2099 prietate
287 2030 414 2102 retentis,
436 2045 489 2086 non
504 2033 629 2104 sequitur
644 2033 788 2104 iniustitia,
806 2031 848 2088 rel
862 2032 959 2106 iniqui·
997 2045 1059 2086 rum
1076 2025 1290 2102 proprietatem,
1305 2031 1436 2103 quianon
1452 2033 1653 2104 praesumitur,
1670 2034 1800 2103 princeps

155 2124 200 2173 tas
220 2120 247 2174 in
263 2135 316 2175 usu
333 2119 472 2194 privilegii,
489 2119 613 2195 sequitur
628 2129 717 2180 tamen
732 2123 757 2179 in
771 2122 960 2196 concessione,
997 2120 1065 2178 velle
1080 2121 1212 2193 derogare
1226 2121 1369 2194 privilegio
1385 2122 1477 2193 priori,
1493 2123 1548 2178 imo
1563 2137 1613 2178 uec
1628 2120 1695 2178 illud
1714 2123 1797 2191 scire,

155 2211 225 2282 quia
247 2209 354 2267 videtur
372 2227 432 2268 esse
447 2213 526 2269 nimia
541 2213 735 2287 prodigalitas,
756 2222 805 2270 aut
819 2212 959 2287 relaxati03
996 2211 1045 2267 nisi
1062 2210 1133 2266 illius
1150 2211 1317 2268 mentionem
1331 2211 1423 2267 iaciat.
1440 2211 1558 2284 ideoque
1572 2218 1631 2279 est,
1646 2214 1669 2267 si
1685 2211 1801 2283 deroget

154 2307 225 2356 tunc
242 2300 353 2357 ridetur
367 2317 419 2357 uon
435 2317 495 2358 erse
510 2302 628 2360 dandam
643 2310 746 2360 tantam
762 2303 900 2360 licentiam
918 2317 961 2359 re·
996 2299 1154 2374 particulari
1177 2305 1295 2372 statuto,
1318 2302 1395 2358 iuxta
1414 2301 1539 2375 regulam
1561 2316 1623 2373 cap.
1644 2304 1668 2357 l.
1685 2299 1720 2357 de
1734 2315 1801 2356 con·

154 2389 312 2464 stringendi
322 2390 494 2464 privilegium
506 2406 570 2450 cum
582 2393 786 2464 improprietate
797 2393 959 2464 verborum,
996 2391 1050 2447 stit.
1067 2390 1093 2446 in
1109 2393 1135 2447 6.
1149 2389 1223 2446 idern
1237 2389 1259 2445 si
1275 2397 1410 2464 repugnet
1423 2389 1629 2461 consuetudini,
1645 2390 1695 2446 nisi
1709 2389 1741 2446 de
1756 2389 1801 2446 ille
1912 2435 1920 2441 .

153 2480 224 2551 quia
245 2479 382 2552 loquendo
403 2479 528 2537 absolute
548 2497 602 2538 non
616 2482 692 2540 deest
707 2489 828 2555 potestas
843 2485 869 2540 in
888 2483 960 2555 prin·
996 2495 1153 2552 expressam
1174 2479 1340 2536 mentionem
1361 2479 1457 2550 saciat,
1473 2481 1549 2536 iuxta
1563 2478 1718 2536 doctrinam
1734 2481 1800 2536 Bar·

155 2571 219 2640 cipe
234 2569 268 2625 ad
283 2569 489 2627 concedendum
503 2570 556 2627 tale
571 2571 754 2643 privilegium,
765 2579 793 2630 et
806 2571 917 2646 qrrando
934 2573 959 2629 in
996 2568 1045 2626 tol.
1063 2569 1087 2624 iu
1102 2567 1266 2626 nuthentlca
1286 2572 1371 2644 Quos
1385 2571 1527 2636 actiones,
1541 2569 1571 2624 C.
1581 2567 1614 2624 de
1631 2583 1736 2626 sacros.
1753 2585 1800 2625 ec·

156 2674 213 2715 usu
228 2659 286 2714 eius
300 2675 354 2715 non
367 2666 481 2732 apparet
495 2660 633 2732 iniquitas,
647 2662 689 2717 vir
701 2668 793 2734 potest
805 2677 865 2717 esse
884 2669 961 2719 certa
996 2659 1110 2715 etesia
1130 2657 1651 2732 fine,rerbottempcoeritGlossu,
1671 2658 1798 2717 ettradit
1878 2727 1888 2735 .

155 2749 184 2805 in
204 2752 401 2820 concessione,
422 2753 486 2823 quia
502 2751 629 2824 princeps
643 2757 735 2824 polest
750 2737 850 2810 babere
867 2752 961 2824 plures
997 2749 1049 2805 late
1065 2747 1148 2805 Felin.
1163 2748 1188 2802 in
1207 2749 1284 2805 rubr.
1301 2747 1333 2803 de
1349 2749 1475 2818 rescript.
1493 2764 1521 2804 n.
1542 2753 1586 2819 ta,
1603 2748 1686 2804 verbo
1701 2751 1799 2805 const·

155 2855 259 2896 causas
275 2846 304 2896 et
317 2841 449 2910 rationes,
461 2839 563 2912 quibus
579 2847 734 2912 moveatur,
751 2849 779 2898 et
799 2850 959 2912 excusetur,
996 2837 1072 2896 dere
1085 2836 1246 2900 ἐεειιιιάο,
1270 2853 1334 2895 cum
1357 2843 1432 2894 Aret.
1449 2851 1527 2893 cons.
1549 2841 1593 2894 15.
1612 2839 1688 2894 circa
1706 2838 1800 2901 linem,

156 2945 230 3002 quac
246 2946 300 2986 non
315 2931 368 2985 sint
382 2929 439 2986 aliis
454 2937 545 2986 notae.
563 2930 680 3000 Aliunde
695 2947 759 2988 vero
773 2934 891 2988 rationes
909 2948 960 3003 pro
997 2928 1070 2986 ldem
1086 2928 1206 3001 danique
1219 2928 1271 2983 erit
1284 2929 1318 2983 de
1332 2943 1512 3001 quocumque
1523 2927 1576 2984 elio
1589 2928 1722 2998 lacto,rel
1738 2930 1798 2984 iure
1818 2994 1821 3001 Ι

156 3018 341 3076 conclusione
355 3019 428 3076 lacta
443 3017 571 3075 videntur
585 3021 719 3098 probare,
735 3038 789 3079 non
804 3039 866 3079 esse
881 3039 961 3095 prae-
996 3017 1196 3090 privato,quod
1212 3017 1398 3088 praesumitur
1408 3017 1538 3088 princeps
1549 3017 1723 3090 ignorare3et
1735 3016 1797 3074 ideo

155 3108 319 3168 sumendam
337 3103 505 3178 iniustitiam,
517 3108 558 3166 vel
576 3109 846 3183 iniquitatem,etiam
861 3113 885 3168 in
902 3113 961 3170 sols
995 3114 1125 3164 censetur
1138 3106 1202 3163 illud
1215 3105 1413 3178 nolle,quando
1425 3106 1485 3163 inde
1496 3105 1797 3180 redditurprivilegipm

155 3199 355 3268 concessione,
378 3197 424 3254 ssd
443 3199 661 3272 restringendam
682 3217 743 3259 esse
758 3202 790 3257 ad
806 3201 882 3258 illum
898 3219 960 3275 grn-
996 3199 1074 3255 nimis
1084 3197 1213 3254 'odiosum
1228 3196 1270 3252 rel
1284 3212 1432 3253 onerosum
1448 3195 1515 3255 eliis.

154 3289 234 3356 duna,
253 3289 350 3361 inquo
367 3287 439 3344 licita
453 3304 514 3344 esse
531 3292 662 3359 potuerit.
673 3292 740 3346 ltem
755 3289 882 3348 videntur
896 3307 962 3363 pro·
1037 3293 1079 3345 to.
1096 3291 1186 3360 Atque
1204 3285 1266 3343 hinc
1286 3285 1395 3342 tandem
1411 3287 1589 3343 constituitur
1603 3285 1698 3343 eadem
1714 3303 1795 3346 erca-

154 3378 232 3448 bare,
252 3377 284 3433 de
300 3377 345 3434 tali
366 3381 547 3436 concessione
567 3379 593 3435 in
614 3396 646 3437 eo
662 3395 763 3452 sensu,
778 3382 804 3437 in
819 3373 874 3452 q'uo
888 3388 962 3438 esset
998 3379 1065 3450 ptib,
1082 3377 1189 3449 quoties
1204 3376 1378 3448 privilegium
1393 3374 1509 3447 derogat
1522 3369 1723 3448 iuri'aoquisilo
1741 3383 1796 3434 ter·

154 3467 261 3539 iniqua,
279 3465 456 3523 iudicandum
471 3483 551 3538 esse,
567 3475 598 3525 ut
612 3469 645 3525 de
661 3483 689 3524 re
705 3469 845 3526 moraliter
859 3470 961 3541 impos·
997 3467 1095 3537 tii,nisi
1110 3467 1304 3536 restringatur,
1315 3471 1380 3520 tunc
1395 3463 1466 3520 enim
1479 3463 1541 3520 licet
1551 3462 1603 3520 tale
1615 3465 1702 3522 silius
1718 3465 1796 3538 illud,

154 3555 237 3626 sibili,
255 3571 288 3612 ει
305 3555 348 3612 illo
363 3557 508 3628 principio,
521 3557 596 3630 quod
608 3558 635 3614 id
647 3558 888 3632 possumus,quod
901 3560 960 3616 iure
996 3564 1027 3614 ut
1039 3557 1126 3630 possit
1136 3555 1263 3628 princeps
1274 3554 1341 3611 illud
1356 3553 1449 3611 tollere
1460 3555 1516 3609 sinc
1525 3553 1655 3610 iniustitia
1669 3570 1703 3610 ειι
1713 3556 1795 3612 ιειιο·

154 3661 326 3717 possumus,
351 3655 379 3702 ει
400 3645 471 3701 ideo·
483 3664 536 3702 non
557 3663 618 3705 esse
641 3647 675 3704 ad
699 3648 770 3706 illam
790 3646 960 3706 extendenda
996 3647 1080 3703 nobili
1091 3660 1186 3717 opusc,
1200 3661 1254 3700 non
1266 3651 1397 3700 censetur
1410 3643 1476 3700 velle
1489 3642 1554 3699 illud
1567 3644 1673 3716 tollere,
1686 3645 1795 3718 quando

156 3735 240 3792 rerba
256 3735 396 3808 priuilegii.
406 3738 474 3792 Dico
489 3737 600 3810 ergo,ia
614 3737 684 3794 hauc
699 3739 880 3810 posteriorem
896 3754 958 3810 par·
996 3733 1061 3792 illud
1073 3751 1203 3806 expresse
1214 3749 1269 3790 non
1281 3732 1414 3802 declarat,
1428 3732 1544 3806 ideoque
1555 3733 1618 3791 licet
1634 3735 1797 3806 generaliter

157 3833 213 3882 tem
231 3825 420 3882 inclinandum
433 3827 517 3898 magis
528 3842 600 3900 esse,
613 3843 677 3884 cum
690 3844 787 3898 magna
798 3837 888 3884 tamen
900 3843 959 3884 mo·
995 3826 1135 3900 loquatur,
1156 3841 1210 3881 non
1227 3821 1437 3895 comprehendit
1454 3821 1588 3879 damnum
1606 3824 1678 3879 tertii
1692 3824 1717 3879 in
1736 3825 1796 3882 iure

154 3915 297 3972 deratione
314 3914 457 3986 prudentis
472 3917 591 3985 arbitrii,
606 3919 644 3973 ita
659 3925 690 3973 ut
703 3918 759 3975 lere
774 3919 807 3974 sit
821 3918 959 3975 moraliter
993 3919 1046 3973 iarn
1068 3915 1216 3988 acquisito,
1238 3912 1292 3970 imo
1314 3913 1499 3984 praesumitur
1520 3913 1587 3970 illud
1608 3915 1746 3988 ignorare,
1768 3922 1812 3986 et,

155 4005 318 4061 inevitabilis
336 4006 468 4078 iniquitas
480 4007 738 4078 concessionis,nisi
750 4007 832 4064 verbe
846 4009 959 4065 restrin-
994 4011 1196 4080 consequenter
1217 4005 1297 4061 nolle.
1311 4008 1401 4077 Atque
1420 4003 1472 4060 lrao
1493 4007 1599 4062 ratione
1618 4005 1679 4062 talis
1700 4009 1797 4063 restri-

154 4101 267 4167 gantur,
287 4101 352 4150 tune
367 4095 438 4152 enim
452 4097 580 4169 restringi
595 4102 725 4168 poterunt
738 4089 818 4153 etiam
832 4112 897 4153 cum
909 4098 958 4154 ali·
994 4097 1048 4153 ctio
1059 4103 1102 4153 εει
1112 4095 1196 4152 ιειιιιι
1211 4093 1331 4152 conditio
1343 4100 1370 4150 et
1383 4094 1511 4166 exceptio
1525 4095 1672 4153 intrinsece
1687 4097 1795 4154 inclusa

153 4199 211 4257 qua
229 4183 445 4256 improprietate,
457 4185 607 4241 dummodo
622 4185 689 4242 haec
704 4192 779 4243 tanta
794 4202 847 4242 non
864 4189 911 4260 sit,
927 4194 959 4244 ut
993 4187 1019 4242 ln
1031 4185 1203 4259 generalibus
1217 4185 1316 4254 verbis,
1329 4184 1393 4241 licet
1403 4200 1457 4240 non
1472 4187 1655 4256 exprimatur.
1665 4186 1738 4252 Quae
1753 4193 1797 4245 est

153 4273 282 4329 videatur
302 4275 393 4345 potius
412 4274 519 4346 illusio,
540 4275 581 4330 rel
596 4277 703 4332 eversio
717 4277 859 4351 privilegii,
875 4293 957 4349 quam
993 4278 1149 4333 communis
1163 4274 1299 4344 doctrina,
1314 4280 1343 4329 ut
1354 4277 1380 4330 in
1397 4274 1532 4344 superiori
1547 4283 1725 4346 captantum
1740 4281 1793 4348 est,

153 4364 356 4435 interpretatio.
372 4365 440 4420 Nam
461 4364 483 4419 si
502 4364 634 4421 evidentia
652 4366 801 4424 verborum
821 4375 897 4424 tanta
911 4369 956 4437 sit,
992 4375 1021 4423 et
1032 4365 1149 4422 traditur
1161 4367 1228 4421 satis
1240 4380 1369 4435 expresse
1381 4364 1406 4419 in
1418 4364 1436 4420 l.
1448 4369 1475 4434 2,
1487 4366 1600 4437 §siquis
1615 4381 1636 4421 c
1649 4368 1791 4438 principe,

153 4460 188 4510 ut
210 4452 287 4509 aliter
311 4454 389 4510 vitari
414 4469 468 4508 non
494 4457 598 4524 possit,
619 4455 748 4512 standum
767 4461 810 4512 est
825 4456 959 4515 voluntati
993 4455 1172 4528 ll.nequidin
1187 4453 1661 4525 locopub.etc.ldemdocatBart.in
1678 4455 1797 4527 la'ntpu·

153 4542 301 4615 principis,
321 4543 426 4598 etiamsi
444 4544 513 4599 male
528 4544 625 4615 saciet,
641 4547 704 4618 quia
718 4547 895 4603 nibilominus
912 4565 958 4604 va·
995 4545 1455 4614 deri,li.deadmin.tut.n.t,etin
1471 4543 1488 4598 l.
1501 4543 1670 4614 Galluspet
1685 4544 1795 4615 quidsi

154 4631 210 4688 lide
231 4632 310 4702 lacit,
333 4639 361 4688 et
381 4631 428 4688 dat
447 4634 499 4689 ius.
516 4635 634 4708 ideoque
654 4635 686 4691 ad
709 4636 786 4693 illum
806 4645 849 4694 est
870 4641 897 4693 in
912 4638 958 4695 tall
992 4641 1123 4702 tantaene,
1133 4637 1159 4692 ll.
1168 4635 1201 4691 da
1215 4635 1290 4691 liber.
1301 4641 1328 4692 et
1342 4633 1496 4705 postumia
1511 4635 1680 4702 fine,Punor.
1692 4636 1754 4690 inc.
1767 4640 1791 4692 l.

153 4738 225 4778 casu
250 4722 474 4792 recurrendum,
494 4730 521 4778 et
541 4740 593 4780 non
614 4732 657 4782 εει
675 4741 723 4797 per
740 4726 895 4784 violentiam
916 4729 958 4784 acl
992 4725 1093 4782 deind.
1105 4726 1167 4781 loan
1179 4724 1297 4780 Andria
1310 4723 1687 4796 oap.Simotuproprio,de
1700 4723 1792 4794 praeb.

153 4817 349 4882 contemptum
363 4820 462 4869 contra
476 4812 549 4869 illius
564 4815 732 4872 voluntatem
748 4817 895 4888 agendum.
992 4819 1018 4873 in
1036 4821 1063 4886 t,
1076 4816 1150 4892 Sylv.
1164 4817 1247 4872 verbo
1258 4813 1457 4889 privilegium,
1471 4829 1504 4894 51.
1517 4818 1544 4881 3,
1559 4811 1623 4868 dist.
1638 4817 1664 4881 l,
1680 4819 1706 4868 ει
1721 4817 1791 4885 (1.9,

196 4906 227 4958 9.·
242 4901 334 4957 Altera
349 4918 414 4957 vero
430 4903 551 4959 limitatio
566 4906 654 4975 posita
673 4905 697 4960 in
714 4905 810 4962 ultima
825 4917 901 4978 parte
915 4922 958 4962 ns·
992 4910 1019 4962 in
1033 4907 1173 4978 tremor.
1184 4914 1250 4962 lom.
1265 4909 1289 4974 l,
1302 4921 1330 4977 q.
1342 4909 1353 4961 i
1363 4909 1386 4969 l,
1398 4911 1449 4960 art.
1460 4907 1488 4972 9,
1498 4905 1580 4959 Sanc.
1592 4902 1638 4958 lib.
1649 4907 1676 4971 8,
1687 4901 1793 4972 dispi,

153 4991 285 5047 sertionis
296 4993 412 5062 pertinet
423 4992 456 5048 ad
467 4993 637 5050 voluntatem
648 4995 788 5066 principis,
798 5013 868 5069 quae
879 5013 958 5068 prae·
994 5014 1069 5053 num.
1083 5001 1111 5065 6,
1128 4998 1152 5052 in
1169 4999 1231 5064 bne,
1247 5002 1274 5051 et
1288 4995 1366 5066 plura
1382 4993 1464 5050 relert
1479 4993 1586 5050 Rebull.
1600 4993 1626 5048 in
1640 4992 1659 5048 l.
1677 4997 1704 5061 l,
1721 4992 1747 5048 tt.
1760 4990 1794 5048 de

155 5089 200 5138 ter
219 5088 385 5152 potestatem
410 5083 564 5139 necessaria
583 5088 640 5156 est;
661 5085 795 5158 contingit
814 5085 887 5142 enim
904 5103 958 5142 non
992 5088 1068 5143 verb.
1082 5085 1564 5161 signino.guestmosepttmotlatio
1577 5099 1640 5158 vero
1654 5081 1730 5138 reddi
1743 5096 1795 5153 po·

153 5187 239 5243 raro,
262 5178 360 5228 utnon
376 5172 412 5229 sit
427 5172 554 5230 voluntas
570 5175 698 5246 principis
713 5180 800 5231 totum
815 5174 840 5232 id
856 5191 957 5232 conce-
994 5184 1064 5248 test,
1084 5177 1126 5233 val
1143 5193 1175 5234 er
1191 5175 1310 5250 generali
1324 5176 1477 5248 principio,
1495 5173 1569 5248 quod
1584 5173 1646 5229 odia
1667 5178 1732 5228 saint
1751 5187 1795 5229 re·

154 5263 238 5336 dere,
259 5261 333 5337 quod
348 5263 430 5320 rerba
447 5264 638 5337 praeseferunt
651 5265 730 5322 etiam
748 5267 774 5322 in
790 5266 957 5338 proprietate
993 5267 1169 5343 stringenda,
1185 5266 1357 5340 privilegium
1371 5265 1443 5324 enim
1458 5280 1561 5323 nocens
1576 5264 1676 5337 tertio,
1692 5268 1724 5319 ut
1738 5262 1791 5333 sic,
1823 5335 1828 5346 ι
