4284 6246
894 338 1090 389 cneurxrx.
1699 323 1762 383 225

154 465 232 521 nialis
246 467 284 524 sit
297 483 347 540 per
363 483 410 540 se,
425 474 453 524 et
466 483 500 524 ex
514 467 639 539 obiecto,
655 465 804 538 probatur,
820 465 883 538 quia
899 471 964 522 tunc
1003 463 1125 536 pensatio
1145 463 1249 534 valida,
1268 463 1332 536 quia
1350 463 1416 519 dum
1437 461 1534 532 durat,
1556 462 1646 519 nrrlcrt
1665 461 1807 518 vinculum

152 554 199 611 ille
218 556 349 614 subditus
375 573 428 614 non
449 564 541 629 potest
561 557 615 613 dici
630 558 748 628 turpiter
764 569 846 628 agere
859 553 963 610 discor·
1001 553 1085 627 legis,
1103 553 1184 618 iuxta
1192 551 1360 624 praedictam
1374 553 1541 626 opinionem,
1559 552 1735 609 nibilominus
1750 568 1804 608 non

152 643 245 701 dando
271 662 287 702 a
307 653 365 703 toto
386 647 413 703 in
429 645 476 702 tali
490 661 583 718 opera,
599 647 663 718 quia
677 646 758 701 etiarn
772 652 815 701 ast
831 643 925 714 dispar
937 644 963 698 in
1002 645 1097 700 transit
1110 645 1137 699 io
1149 643 1264 711 lactum,
1279 650 1310 699 ut
1321 643 1361 700 sic
1371 641 1472 714 dicam,
1484 643 1595 700 omnino
1611 645 1801 718 praeteritum,

153 733 321 807 obligatione
344 735 428 808 legis,
449 751 539 808 neque
559 742 673 807 apparet
686 734 758 792 unde
775 735 880 790 oriatur
895 732 963 790 obli·
1001 731 1048 789 sed
1063 747 1170 804 sempor
1185 733 1285 804 pendet
1298 747 1329 787 εε
1345 732 1485 789 voluntate
1500 731 1586 803 ipsius
1604 731 1745 803 principis,
1757 732 1804 804 qui

151 825 229 895 gatio
243 824 278 880 ad
300 830 404 882 tantam
420 825 630 882 uniformitatem
645 826 670 880 in
685 839 778 897 opere,
795 825 841 880 ubi
855 828 897 881 εει
911 823 961 880 dil·
1000 829 1101 894 potest,
1117 828 1145 878 et
1158 822 1239 880 debat
1252 820 1325 877 illam
1337 828 1500 891 retractare,
1511 819 1609 877 etideo
1622 820 1647 875 in
1665 837 1719 876 usu
1731 819 1802 876 illius

152 913 280 970 lorrnitas
301 917 328 970 in
346 915 513 988 obligatione
527 915 604 987 legis.
621 915 688 972 item
704 931 757 970 non
772 920 897 987 apparet,
911 927 961 970 eu·
1000 928 1053 968 non
1075 912 1165 969 minus
1186 920 1299 985 peccat,
1315 925 1398 984 qnam
1413 911 1438 966 in
1453 909 1577 966 eiusdem
1592 909 1802 982 dispensationis

152 1003 198 1058 ios
212 1006 316 1075 speciei
335 1019 395 1061 esse
411 1005 498 1076 possit
511 1005 610 1061 malitia
623 1004 697 1062 illius
712 1005 823 1076 culpae,
835 1003 961 1076 quianon
1001 1002 1190 1074 usurpatione.
1211 1002 1246 1058 lit
1264 1000 1334 1058 idem
1349 998 1494 1057 dicendum
1508 1007 1550 1056 εει
1563 999 1637 1055 iuxta
1650 996 1721 1054 hanc
1739 1014 1801 1054 sen·

152 1099 196 1150 est
214 1101 312 1150 contra
333 1096 481 1168 iustitiam,
503 1100 533 1151 nt
553 1109 602 1167 per
619 1110 649 1152 se
662 1101 760 1152 notum
772 1093 894 1168 videtur,
910 1107 961 1150 nec
997 1091 1126 1162 tentiam,
1147 1091 1169 1146 si
1190 1092 1348 1162 princepsa
1363 1089 1497 1161 principio
1512 1086 1695 1159 terretlegem
1710 1087 1800 1143 anirno

151 1182 238 1238 etiarn
253 1190 353 1241 contra
367 1186 522 1254 caritatem,
535 1186 599 1256 quin
611 1184 721 1241 secluso
733 1182 874 1257 scandalo,
889 1183 962 1240 nulla
998 1180 1137 1255 obligandi
1151 1181 1229 1252 alios,
1244 1189 1270 1237 et
1284 1196 1338 1237 non
1353 1180 1489 1252 seipsum,
1503 1193 1566 1234 narn
1577 1179 1701 1249 exceptio
1715 1175 1750 1234 do
1761 1175 1800 1233 la·

150 1272 304 1328 intervenit
323 1273 392 1330 ratio
406 1273 468 1331 talis
482 1273 667 1346 obligationis.
683 1275 733 1330 Est
746 1289 813 1345 ergo
828 1273 961 1329 verisimi·
997 1281 1043 1328 cto
1059 1271 1146 1330 valida
1164 1277 1253 1342 esset,
1269 1279 1399 1342 peccaret
1413 1276 1503 1327 tamen
1518 1269 1636 1341 graviter
1650 1267 1676 1322 in
1692 1266 1736 1323 illa
1750 1281 1799 1321 vo·

151 1360 218 1430 lius,
235 1361 301 1417 nibil
320 1377 437 1434 peccare
450 1379 525 1432 euni,
541 1365 589 1436 qui
605 1370 710 1420 secrete
722 1368 750 1420 et
761 1364 818 1420 sine
830 1361 959 1419 scandolo
998 1360 1119 1434 luntate,
1139 1370 1167 1419 et
1182 1377 1291 1433 semper
1304 1366 1442 1422 teneretur
1456 1358 1579 1415 eamdem
1593 1363 1756 1446 retractare,
1771 1361 1799 1412 et

152 1451 247 1508 utitur
267 1467 318 1532 srva
340 1452 557 1525 dispensatione,
577 1453 688 1526 quando
702 1452 803 1525 alioqui
818 1452 865 1508 ille
879 1467 958 1523 usus,
997 1451 1032 1508 ob
1047 1452 1073 1508 id
1088 1466 1196 1523 semper
1209 1453 1330 1524 graviter
1344 1454 1471 1521 peccaret
1486 1463 1540 1504 non
1552 1453 1650 1504 contra
1663 1447 1750 1518 ipsam
1761 1445 1799 1503 le-

152 1555 204 1597 seu
218 1547 299 1598 aetus
320 1542 429 1614 utendi,
440 1541 517 1602 dese
532 1558 585 1599 non
600 1549 643 1599 est
656 1542 756 1613 malus,
768 1548 795 1598 ct
808 1542 838 1599 it
850 1548 962 1615 propter
996 1557 1057 1614 gem
1072 1541 1231 1614 positivam,
1246 1539 1294 1596 sed
1308 1546 1407 1597 contra
1420 1537 1583 1596 naturalem.

150 1631 301 1689 honesturn
323 1633 415 1704 tinem,
430 1631 573 1705 quiaillud
588 1648 639 1690 neo
654 1639 697 1689 est
709 1648 810 1689 novum
825 1630 960 1704 praeiudi·
1033 1632 1062 1689 ld
1077 1647 1156 1703 vero,
1172 1629 1246 1705 quod
1261 1630 1328 1687 haec
1342 1629 1475 1686 sententia
1489 1628 1635 1700 supponit,
1654 1627 1796 1701 nimirum,

150 1721 229 1778 cium
248 1721 326 1794 legis,
342 1737 430 1794 neque
444 1723 524 1778 etiam
538 1723 609 1778 bono
622 1723 762 1779 communi
776 1721 956 1795 praeiudicat.
996 1719 1110 1793 obligari
1122 1721 1272 1792 principem
1284 1736 1335 1776 sna
1346 1720 1402 1792 lege
1413 1733 1446 1776 err
1459 1718 1483 1773 vi
1494 1731 1559 1774 suae
1577 1715 1735 1790 voluntatis,
1748 1717 1798 1774 dil·

197 1815 227 1868 a.
243 1811 378 1878 Quartum
393 1819 587 1884 argumentum
601 1814 683 1885 petit,
699 1827 734 1868 an
749 1811 889 1884 legislator
903 1811 960 1884 ipse
995 1809 1144 1866 fieillimum
1158 1809 1267 1867 creditu
1280 1816 1333 1881 est,
1345 1808 1409 1882 quia
1419 1807 1548 1880 obligatio
1562 1807 1642 1879 legis,
1655 1814 1795 1880 quatenus
1852 1881 1855 1888 .

150 1902 243 1972 possit
257 1901 310 1957 boc
330 1899 412 1958 modo
422 1916 517 1958 secum
528 1901 687 1975 dispensare
698 1901 785 1958 valide
796 1903 824 1959 ln
836 1917 888 1958 sua
899 1900 958 1976 lege
995 1898 1126 1958 tundatur
1138 1901 1167 1955 in
1178 1898 1316 1957 voluntate
1331 1898 1441 1956 terentis
1452 1895 1587 1971 illam,est
1603 1896 1727 1970 obligatio
1740 1913 1797 1974 roa·

151 1990 321 2054 sineeausa.
341 1992 371 2048 ln
386 2007 441 2064 quo
456 1991 541 2049 Caiet.
559 2008 643 2065 supra
657 1991 787 2064 ailirmat,
802 1998 830 2049 et
842 2007 957 2064 prorsus
995 2005 1063 2046 nans
1077 1991 1111 2048 ab
1125 1991 1249 2062 imperio.
1259 1987 1334 2047 Unde
1348 1993 1391 2045 est
1405 1987 1532 2060 obligatio
1547 1986 1649 2043 subditi
1661 1986 1695 2043 ad
1714 2001 1797 2060 supe·

150 2080 251 2138 eodem
273 2079 356 2137 modo
377 2087 474 2138 censet
490 2081 523 2138 de
537 2083 598 2153 ipse
613 2081 780 2156 legislatore,
797 2096 829 2138 ac
844 2081 878 2138 de
893 2081 958 2138 sub·
993 2079 1105 2151 rioram,
1122 2079 1189 2136 hoec
1204 2079 1276 2136 enim
1290 2077 1384 2136 relatio
1398 2084 1441 2133 est
1453 2078 1603 2134 intrinseca
1620 2077 1733 2148 proprio
1747 2076 1796 2133 im·

150 2169 209 2228 dito
225 2168 394 2250 dispensato3
408 2172 541 2243 abanim,
557 2188 610 2229 noo
626 2187 742 2245 peccare
758 2179 852 2242 postea
863 2178 959 2229 contra
994 2169 1068 2240 perio
1083 2168 1190 2226 morali.
1208 2168 1284 2228 Unda
1306 2166 1492 2255 licetdieatur
1507 2168 1568 2240 quis
1583 2165 1697 2239 sibiipsi
1713 2167 1817 2239 impe·

151 2259 243 2333 legem
263 2276 343 2317 suam
355 2303 362 2331 ,
376 2275 494 2332 peceare
508 2268 601 2318 autam
616 2267 711 2318 contra
724 2261 877 2320 naturalem
891 2261 958 2319 obli·
993 2276 1055 2318 rare
1069 2259 1182 2335 physice
1196 2275 1225 2316 sa
1240 2258 1384 2330 movendo,
1395 2273 1444 2314 sen
1456 2255 1628 2329 impellendo,
1637 2272 1690 2312 non
1703 2263 1794 2313 tamen

151 2353 308 2422 gailonem,
323 2366 407 2423 quam
422 2357 507 2422 eaput
521 2349 603 2408 habet
617 2367 671 2406 non
684 2349 858 2423 discrepandi
870 2365 885 2406 a
896 2366 959 2407 cor·
996 2350 1131 2407 moraliter
1146 2365 1174 2406 se
1190 2347 1347 2422 obligando,
1363 2349 1436 2405 sicut
1449 2349 1531 2404 etiam
1546 2345 1740 2419 promittendo,
1753 2344 1797 2402 vel

152 2455 230 2510 pore.
247 2441 283 2496 Et
297 2439 409 2512 quidem
427 2439 511 2498 (laist.
528 2446 728 2512 consequenter
742 2439 877 2513 loquitur,
894 2456 959 2511 sup·
994 2437 1198 2510 contrahendo,
1215 2455 1268 2494 non
1284 2445 1373 2511 potest
1387 2452 1417 2494 se
1431 2437 1549 2510 obligare
1563 2436 1625 2510 sibi,
1641 2435 1792 2512 sedaiteri3
1906 2441 1913 2456 ·

150 2527 295 2600 ponendo,
318 2526 505 2603 legislatorem
530 2528 647 2602 obligari
668 2545 718 2584 sua
735 2529 795 2602 lege
810 2531 919 2601 proprie
932 2537 961 2585 et
993 2544 1060 2602 ergo
1074 2529 1156 2586 etiam
1171 2529 1197 2586 in
1212 2517 1409 2600 praesentinon
1421 2534 1511 2600 potest
1522 2525 1565 2582 illa
1577 2525 1703 2600 obligatio
1714 2525 1795 2599 legis·

151 2633 201 2689 per
215 2633 260 2690 ae,
277 2633 328 2675 seu
342 2618 497 2675 immediata
510 2619 675 2693 obligatione
689 2618 756 2690 legis
767 2619 896 2690 positivae
908 2618 959 2678 bu·
993 2618 1089 2675 latoris
1101 2634 1150 2691 per
1165 2617 1252 2690 legem
1263 2632 1341 2674 suam
1362 2632 1378 2673 a
1399 2617 1507 2689 propria
1518 2615 1640 2673 eiusdem
1653 2615 1793 2673 voluntate

152 2721 267 2777 amnne,
289 2722 352 2763 nam
375 2716 442 2765 tuno
458 2707 614 2784 procedunt¹
625 2708 744 2766 rationes
759 2724 843 2780 supra
858 2709 957 2780 laetae,
993 2723 1113 2765 manare.
1131 2709 1166 2764 Et
1186 2708 1375 2778 contirrnatur3
1392 2722 1455 2763 nam
1470 2705 1600 2780 obligatio
1615 2705 1681 2779 legis
1693 2705 1794 2762 buma-

151 2793 229 2868 qood
247 2797 311 2852 talis
327 2796 456 2868 obligatio
466 2795 619 2854 efficaciter
629 2797 734 2854 tollitur
745 2812 793 2869 per
805 2797 959 2855 absolutam
993 2813 1062 2870 nae,
1076 2804 1110 2855 ut
1123 2803 1165 2856 est
1179 2798 1213 2854 ab
1228 2796 1348 2856 humana
1362 2797 1512 2867 voluntate,
1528 2801 1571 2852 est
1584 2795 1714 2868 obligatio
1728 2795 1794 2852 obc-

151 2885 325 2942 roluntatsm
351 2886 427 2957 eius,
449 2887 495 2959 qui
516 2886 590 2942 illata
605 2887 707 2958 posuit.
723 2886 904 2945 Nihilomiuus
919 2893 959 2945 ta·
993 2887 1126 2960 dientiao,
1145 2887 1186 2945 val
1201 2887 1296 2945 saltem
1312 2887 1384 2944 illam
1398 2887 1544 2943 intrinsece
1558 2885 1687 2958 includit,
1703 2901 1753 2942 seu
1767 2885 1792 2943 in

152 2991 214 3030 men
238 2975 266 3032 in
287 2991 340 3032 usu
361 2973 424 3032 talis
442 2974 650 3047 dispensationis
663 2977 819 3034 necessario
834 2983 878 3056 ast
891 2993 958 3034 con·
993 2975 1038 3033 ilia
1052 2977 1204 3048 radicatur,
1214 2993 1267 3034 non
1279 2983 1370 3049 potest
1380 2982 1473 3032 auteur
1483 2974 1606 3032 eiusdem
1618 2973 1652 3030 ad
1662 2990 1691 3030 se
1703 2975 1792 3048 ipsum

150 3065 295 3122 stituenda
311 3064 461 3121 differentia
479 3066 552 3122 inter
565 3064 747 3139 legislatorem
762 3075 790 3123 et
804 3065 956 3141 subditum3
992 3080 1053 3122 esse
1071 3081 1137 3122 vera
1151 3065 1326 3139 obediantia3
1347 3080 1425 3138 ergo.
1441 3067 1555 3136 Propter
1574 3063 1649 3138 quod
1665 3081 1749 3136 supra
1762 3065 1794 3121 li·

152 3169 216 3210 nam
238 3155 266 3209 in
288 3151 446 3228 legislatore
461 3154 521 3212 talis
536 3171 605 3212 usus
619 3155 829 3227 peccaminosus
843 3163 903 3216 est.
919 3163 959 3214 et·
993 3156 1043 3213 bro
1057 3157 1104 3226 lli,
1120 3171 1182 3228 cap.
1200 3155 1251 3213 ult.
1269 3156 1376 3227 censui,
1388 3154 1458 3212 bano
1473 3153 1668 3228 obligationem
1684 3155 1793 3228 legisla-

151 3243 230 3300 iamsi
256 3243 284 3299 in
306 3242 415 3300 subdito
434 3245 522 3316 possit
541 3260 602 3301 esse
616 3245 673 3302 sine
689 3253 822 3319 peceato,
837 3247 880 3304 vel
895 3246 959 3307 licet
994 3239 1115 3302 toris'ad
1134 3261 1205 3318 opus
1225 3251 1405 3318 praeceptum
1420 3260 1468 3317 per
1483 3244 1569 3317 legero
1584 3261 1674 3316 snam,
1689 3260 1794 3317 suppo·

151 3331 251 3389 demus
268 3333 295 3388 in
310 3331 422 3390 subdito
440 3349 500 3390 esse
519 3341 665 3406 peccatum
680 3335 794 3408 veniale,
813 3336 838 3392 in
853 3335 959 3410 legisla-
993 3335 1046 3393 sita
1066 3335 1206 3393 voluntate
1226 3334 1328 3392 serendi
1350 3334 1432 3392 talem
1447 3334 1545 3408 legem,
1558 3351 1611 3392 non
1626 3334 1744 3407 pendere
1758 3349 1793 3392 ex

151 3429 212 3482 tore
231 3431 276 3480 est
293 3421 408 3481 mortale
421 3438 454 3480 ex
468 3439 520 3480 sno
534 3439 644 3498 genere.
660 3425 695 3481 lit
708 3426 778 3482 ratio
792 3423 959 3483 differentiae
993 3425 1105 3497 speciali
1126 3424 1269 3482 voluntate
1289 3423 1412 3481 eiusdem
1431 3425 1595 3498 legislatoris
1612 3423 1793 3497 eomprehen-

151 3515 273 3572 sumitnr
288 3529 322 3571 ex
340 3512 436 3586 dictis,
451 3515 516 3587 quia
531 3517 656 3587 superior
670 3521 770 3588 peccat
782 3509 902 3590 graviter
916 3531 958 3572 se·
993 3514 1073 3574 dandi
1089 3517 1208 3588 seipsum
1223 3515 1275 3572 snb
1288 3515 1335 3572 tali
1350 3514 1423 3588 lege,
1439 3515 1503 3587 quia
1517 3515 1672 3570 necessario
1689 3513 1793 3586 obliga·

151 3619 218 3662 cum
244 3600 429 3675 dispensando
447 3603 504 3660 sine
519 3618 617 3676 causa,
632 3610 663 3660 ut
676 3619 760 3678 supra
773 3604 956 3678 ostendimus,
993 3610 1057 3676 tur,
1077 3605 1185 3663 etiamsi
1207 3603 1293 3676 nolit,
1307 3619 1341 3660 err
1355 3605 1381 3659 vi
1394 3602 1460 3676 legis
1474 3609 1589 3662 naturae
1603 3602 1793 3677 praecipientis

151 3699 179 3750 et
192 3698 304 3765 potest,
322 3699 581 3766 consequenterque
596 3699 716 3766 tenetur,
731 3693 805 3751 iliam
819 3693 958 3768 dispensa·
993 3693 1046 3768 itti,
1062 3701 1094 3752 ut
1107 3695 1234 3753 observet
1247 3693 1313 3751 illud
1327 3692 1447 3750 medium
1461 3693 1586 3767 virtutis,
1602 3692 1677 3767 quod
1692 3707 1740 3765 per
1756 3693 1793 3750 la·

152 3783 257 3839 tionem
276 3795 417 3853 revocare3
432 3788 462 3838 et
474 3783 584 3856 quoties
599 3783 750 3840 voluntarie
765 3785 791 3840 in
805 3799 838 3841 ea
853 3799 959 3856 perma-
993 3801 1055 3859 gem
1069 3801 1149 3842 suam
1160 3785 1257 3844 statuit
1268 3799 1317 3857 pro
1328 3788 1385 3846 tota
1396 3771 1722 3857 eommuniuu,qnando
1734 3797 1791 3839 rna·
1883 3834 1886 3840 .

152 3878 210 3941 net,
227 3876 377 3942 peccatum
394 3870 460 3928 illud
474 3873 662 3945 prosequitur,
677 3887 727 3930 seu
740 3875 893 3947 repetit„ut
906 3875 959 3932 iam
993 3876 1062 3932 teria
1076 3874 1144 3948 legis
1158 3875 1314 3932 communis
1327 3879 1380 3944 est,
1397 3880 1426 3932 et
1441 3873 1655 3931 uniformitatem
1671 3861 1793 3944 postulat

150 3959 326 4017 declaratum
339 3965 390 4016 est.
402 3959 510 4018 Utendo
522 3969 614 4018 nutem
625 3961 670 4018 tali
680 3961 894 4036 dispensatione,
906 3963 959 4021 vir·
993 3963 1018 4019 in
1033 3965 1121 4035 eapite
1141 3979 1207 4020 eom
1225 3977 1361 4035 corpore,
1382 3961 1429 4019 ubi
1443 3962 1519 4021 nulla
1531 3963 1600 4021 ratio
1613 3965 1687 4020 iusta
1700 3977 1792 4019 erem·

152 4058 211 4107 tute
227 4049 301 4106 illam
315 4049 468 4122 confirmat,
486 4051 540 4106 imo
554 4050 652 4108 iterum
667 4050 741 4108 illam
755 4052 805 4109 sibi
820 4051 957 4127 concedit,
993 4053 1093 4125 ptionis
1111 4053 1269 4110 intervenit.

151 4155 220 4213 ergo
238 4139 336 4195 saltem
351 4138 403 4195 boc
422 4137 504 4196 titulo
517 4146 615 4211 peccat
628 4139 779 4198 mortaliter
793 4141 819 4197 in
834 4140 878 4197 illo
892 4157 956 4199 usu.
1036 4147 1081 4200 to.
1096 4143 1155 4200 lloc
1169 4145 1251 4216 igitur
1266 4142 1363 4199 veriori
1376 4141 1508 4215 principio
1524 4133 1678 4217 supposito,
1696 4161 1792 4203 conse·

152 4231 187 4286 lit
208 4229 235 4284 in
259 4227 313 4285 boc
332 4235 378 4286 est
393 4227 487 4300 dispar
501 4229 572 4286 ratio
586 4230 614 4284 in
629 4230 748 4302 subdito,
765 4236 798 4288 ut
810 4229 957 4288 declaravi.
993 4238 1110 4306 quenter
1130 4231 1276 4289 dicendum
1297 4237 1356 4304 est,
1378 4231 1621 4304 dispensationem,
1643 4250 1728 4307 quarn
1742 4236 1791 4292 sibi

152 4319 248 4391 lisque
269 4324 313 4375 est
326 4318 445 4389 mirum,
460 4317 535 4392 quod
549 4319 575 4374 in
590 4318 644 4376 hoc
659 4319 694 4376 sit
708 4321 796 4377 maius
810 4337 959 4394 gravamen
994 4321 1135 4395 legislator
1148 4321 1276 4379 concedit
1288 4321 1315 4377 in
1329 4337 1381 4378 sua
1394 4320 1453 4394 lege
1468 4321 1524 4378 sine
1538 4337 1623 4380 causa
1638 4323 1720 4398 iusta,
1732 4326 1793 4382 nul·

152 4407 295 4481 principis,
315 4423 398 4480 quam
413 4408 525 4480 subditi,
537 4410 602 4482 quia
612 4409 741 4484 princeps
752 4416 863 4470 tenetur
873 4429 907 4470 ex
919 4414 958 4471 oi·
993 4410 1048 4468 lam
1064 4426 1141 4484 esse,
1163 4410 1326 4484 nullumque
1341 4411 1470 4468 effectum
1482 4412 1510 4468 in
1523 4413 1583 4484 ipso
1597 4410 1710 4472 habere.
1726 4415 1792 4472 Pro·

152 4497 213 4554 ticio
228 4503 258 4554 et
271 4513 305 4555 ex
320 4498 422 4554 iustitia
436 4497 610 4556 distributiva
620 4499 708 4557 vitare
719 4501 792 4558 illam
803 4501 959 4575 impropor·
993 4500 1089 4575 batur,
1116 4502 1183 4576 quia
1201 4515 1250 4573 per
1269 4499 1500 4574 dispensationem
1522 4501 1613 4558 dnum
1629 4502 1686 4560 sine
1706 4518 1792 4562 causa

155 4589 277 4658 tionem,
298 4602 370 4660 quae
390 4593 434 4644 est
454 4587 480 4642 iu
495 4585 541 4644 tali
555 4587 771 4660 dispensatione,
786 4607 841 4663 qua
856 4591 958 4666 obliga·
994 4608 1049 4649 non
1065 4591 1191 4650 aulertur
1204 4590 1333 4663 obligatio
1352 4591 1420 4665 legis
1439 4591 1587 4666 naturaiis3
1605 4593 1653 4650 sod
1665 4593 1791 4668 obligatio

154 4681 228 4734 tione
241 4676 370 4734 subditus
382 4691 435 4734 non
448 4682 567 4734 tenetur.
581 4679 615 4734 lit
625 4679 804 4737 confirmatur
814 4681 879 4753 quia
892 4680 958 4737 alias
993 4682 1124 4755 principis
1138 4679 1172 4738 ad
1191 4681 1392 4739 observantiam
1406 4681 1472 4754 legis
1487 4695 1552 4738 suae
1566 4687 1609 4738 est
1621 4682 1655 4740 de
1670 4684 1730 4740 iure
1744 4697 1792 4739 na·

154 4766 195 4822 rel
210 4766 324 4840 nullius,
342 4765 384 4822 vel
399 4767 476 4838 parvi
490 4767 618 4824 momenti
633 4776 706 4827 esset
720 4767 847 4843 obligatio
858 4771 959 4842 prinei·
992 4771 1086 4842 turali,
1102 4780 1131 4829 et
1144 4786 1198 4827 non
1212 4787 1227 4827 a
1242 4770 1385 4828 voluntate
1399 4770 1533 4843 humana,
1549 4787 1616 4844 ergo
1631 4788 1685 4829 non
1700 4774 1793 4831 auler-
1840 4845 1848 4852 .

154 4859 195 4928 pis
218 4872 268 4931 per
285 4872 365 4914 suana
379 4855 486 4929 legem,
500 4855 563 4929 quia
578 4857 635 4914 sola
651 4857 792 4916 voluntate
808 4865 900 4931 potest
913 4874 958 4916 va·
993 4869 1041 4918 tur
1062 4877 1110 4934 per
1131 4860 1205 4918 illam
1224 4859 1454 4933 dispensationem
1462 4877 1476 4930 ς,
1486 4875 1551 4932 ergo
1566 4860 1655 4918 valida
1669 4877 1721 4918 non
1735 4869 1788 4921 est.

154 4945 206 5003 lide
226 4946 335 5004 auterre
353 4963 370 5003 a
389 4963 418 5002 se
438 4945 630 5020 obligationem
649 4948 737 5017 iliam,
753 4955 782 5006 et
795 4957 890 5021 postea
903 4967 957 5007 non
993 4951 1028 5008 Et
1041 4951 1234 5008 confirmatur:
1248 4965 1312 5032 nam
1324 4948 1490 5022 dispensatio
1505 4949 1569 5006 data
1583 4950 1616 5007 ab
1632 4950 1749 5008 interiori
1764 4953 1790 5008 in

155 5051 287 5110 peccare,
310 5037 407 5093 saltem
426 5039 565 5109 graviter,
587 5036 661 5112 illam
682 5039 768 5112 legem
789 5054 843 5096 non
863 5047 959 5097 cristo·
993 5039 1791 5114 legasuperiorissineeausanonestvalida,sadqnando

154 5127 263 5186 diendo.
281 5129 461 5201 Consequens
475 5135 568 5184 autam
583 5135 626 5184 est
640 5135 736 5184 eontra
748 5128 957 5200 superinsdicta
992 5132 1119 5203 princeps
1141 5145 1238 5186 secum
1258 5128 1399 5199 dispensat
1418 5130 1495 5188 eirca
1515 5129 1715 5188 observantiam
1740 5149 1790 5188 sen

155 5215 200 5276 lib.
216 5219 267 5288 lli,
282 5234 344 5290 cap.
363 5216 469 5273 ultimo.
488 5218 617 5284 Quamvis
633 5233 699 5293 ergo
713 5218 823 5276 dicatur
838 5217 888 5276 iila
900 5218 952 5277 dis·
993 5221 1181 5279 executionem
1193 5235 1259 5276 suae
1271 5218 1411 5294 legis,non
1422 5219 1560 5293 dispensat
1574 5236 1600 5276 re
1614 5237 1676 5278 vera
1691 5223 1717 5278 in
1729 5223 1787 5296 iege
1868 5219 1869 5222 ’

231 5322 613 5380 eoaers‚ttstsottav-asutr.
1578 5328 1605 5373 pp
