4294 6238
876 361 1076 428 mrur'xru.
1687 361 1750 426 307

192 505 342 576 Potestque
361 499 430 558 baec
451 500 584 560 ιιιιιιιιιι
604 499 713 558 suaderi
732 499 820 573 primo
833 515 866 559 eu
880 501 900 558 l.
917 498 954 558 de
990 517 1085 574 presso
1104 479 1261 572 consensu,
1283 515 1349 574 ergo
1370 500 1478 574 signum
1492 506 1550 572 est,
1566 507 1650 560 totam
1665 507 1788 576 potesta·

151 592 271 666 quibus¹
287 592 315 650 u.
328 592 361 650 de
376 591 456 664 legib.
474 591 518 648 ubi
533 596 590 647 tota
604 591 673 648 ratio
686 589 894 648 consuetudinis
908 606 956 663 po·
994 596 1046 648 tem
1067 591 1159 664 legum
1182 590 1355 648 ferendarum
1375 606 1554 664 quocumque
1569 591 1650 650 modo
1664 583 1748 650 luisse
1762 593 1788 650 in

153 683 232 740 nitur
252 682 280 738 iu
299 695 436 738 consensu
452 680 561 752 populi,
577 681 623 753 qui
638 686 727 752 potest
742 679 847 753 legibus
863 681 915 736 uim
929 685 957 735 et
992 682 1143 753 principem
1158 680 1329 738 translatam.

152 771 309 828 efficaciam
322 769 473 842 durqergo
489 769 558 826 haec
573 775 634 825 erat
647 769 774 840 primaria
790 769 829 824 ris
839 782 960 824 consue-
1032 775 1058 828 5.
1075 773 1125 828 Est
1144 786 1211 844 ergo
1232 772 1308 827 tertia
1321 776 1350 826 et
1363 785 1427 826 vera
1440 773 1595 844 sententia,
1611 788 1682 846 quae
1696 773 1721 830 in
1737 775 1791 846 pri·

154 858 256 917 tudinis
271 860 298 914 in
319 857 435 930 populo,
451 857 561 932 quando
576 858 689 916 babebat
702 861 729 914 in
744 873 773 914 sc
793 865 955 931 potestatem
993 861 1044 917 mis
1064 861 1160 918 statuit
1173 860 1340 933 generatim,
1362 860 1489 933 principis
1503 876 1670 918 consensum
1685 862 1718 923 ud
1734 866 1788 920 vim

154 962 400 1020 supremam3ergo
415 953 561 1021 postquam
576 947 649 1004 illam
665 948 804 1004 transtulit
818 949 843 1004 in
858 947 959 1019 prinoi-
992 948 1198 1007 consuetudinis
1217 963 1277 1004 esse
1289 950 1550 1007 necessariumlloc
1561 951 1632 1009 enim
1643 967 1789 1010 commune

154 1053 229 1110 pem,
246 1037 281 1093 ab
303 1035 373 1092 illius
393 1036 475 1092 etiam
496 1052 634 1094 consensu
656 1036 840 1109 principaliter
860 1039 959 1108 pendet
992 1045 1036 1096 est
1054 1037 1126 1110 apud
1147 1036 1292 1106 doctores,
1315 1045 1348 1094 ut
1365 1036 1434 1108 dixi,
1450 1046 1478 1096 et
1491 1041 1642 1098 efficaciter
1657 1043 1789 1114 probatur

155 1127 194 1183 vis
209 1123 434 1194 consuetudinis,
450 1131 479 1180 et
498 1132 701 1198 consequenter
720 1125 832 1182 necesse
848 1132 910 1196 est,
928 1132 959 1181 ut
993 1125 1094 1184 ratione
1119 1127 1191 1185 lacta
1210 1128 1236 1182 in
1257 1127 1344 1199 prima
1364 1129 1506 1186 sententia.
1522 1129 1621 1188 Deinde
1636 1148 1701 1188 vero
1716 1119 1795 1191 addit

157 1214 303 1290 praecedat
317 1215 442 1286 scientia,
455 1214 511 1271 sine
524 1230 580 1288 qua
594 1231 647 1271 non
662 1221 826 1287 potestesse
842 1230 959 1272 consen·
994 1217 1061 1274 haec
1083 1217 1190 1290 opinio,
1211 1217 1285 1274 hunc
1304 1232 1471 1274 consensum
1485 1218 1594 1277 duobus
1610 1223 1696 1279 modis
1711 1239 1791 1295 posse

157 1324 216 1364 eus.
233 1304 361 1364 &cundo
376 1303 554 1377 probaturos
568 1304 641 1361 diota
656 1305 712 1370 ld,
729 1306 770 1362 ιιι.
781 1309 810 1374 2,
828 1307 918 1376 partit.
932 1307 956 1374 l,
994 1307 1125 1380 intelligi,
1145 1323 1229 1364 unum
1244 1323 1314 1364 voco
1329 1309 1509 1381 personalem,
1525 1310 1589 1382 quia
1602 1311 1685 1368 datur
1700 1329 1715 1369 a
1728 1329 1789 1385 per·
1805 1343 1806 1346 ι

159 1400 205 1456 ubi
219 1399 291 1456 inter
305 1395 476 1454 conditiones
491 1394 525 1452 nd
544 1394 770 1452 consuetudinem
785 1394 911 1466 ponitur,
928 1400 960 1450 ιιι
996 1413 1063 1454 sona
1077 1397 1225 1470 principis,
1240 1396 1283 1452 rel
1296 1411 1424 1468 expresse
1438 1401 1645 1472 consentientis,
1662 1402 1703 1459 vel
1717 1410 1792 1460 ιιιι·

158 1490 205 1546 ιιι
221 1487 408 1546 consentiente
426 1485 557 1558 principe.
573 1484 662 1541 Tertio
682 1491 858 1556 argumentor
876 1484 960 1540 ratio·
995 1485 1125 1545 cedenter
1139 1485 1229 1542 dando
1245 1485 1379 1542 licentiam
1391 1486 1425 1543 ad
1436 1487 1662 1547 introducendam
1673 1507 1791 1549 consue·

159 1594 204 1648 ne,
216 1580 283 1652 quis
295 1593 348 1635 non
358 1577 450 1632 minus
461 1581 503 1631 est
514 1575 668 1631 necessaria
679 1579 800 1645 potestas
812 1571 959 1646 legislativa
996 1575 1134 1642 tudinem,
1157 1576 1198 1633 vol
1213 1583 1430 1648 consequenter,
1452 1583 1500 1634 aut
1513 1581 1729 1637 concomitantor
1742 1598 1790 1654 ap·

159 1666 193 1724 ad
209 1665 397 1724 inducendum
411 1667 454 1722 ius
469 1679 524 1720 non
542 1664 693 1736 scriptum,
708 1679 791 1736 quarn
810 1663 960 1734 scripturn,
995 1665 1135 1739 probando
1154 1664 1242 1735 illam,
1264 1671 1312 1721 aut
1331 1679 1475 1736 expresse,
1492 1672 1541 1722 aut
1554 1666 1679 1742 videndo,
1695 1677 1721 1726 et
1735 1688 1790 1728 non
1863 1702 1865 1706 .

158 1765 191 1816 ut
209 1762 321 1814 constat
335 1773 369 1814 ex
388 1754 468 1811 dictis
483 1754 516 1811 de
536 1753 640 1826 legibus
655 1754 680 1808 in
699 1752 855 1824 communi,
871 1751 920 1808 sed
934 1751 961 1808 in
996 1753 1177 1828 impediendo.
1193 1752 1283 1810 Alium
1297 1769 1395 1812 vocare
1411 1771 1558 1827 possumus
1569 1773 1736 1816 consensum
1751 1761 1789 1817 le·

158 1849 200 1904 lais
214 1847 326 1920 populis
342 1860 396 1902 non
411 1851 453 1900 est
467 1849 588 1916 potestas
603 1843 767 1917 legislativa,
785 1849 816 1899 ut
831 1844 962 1914 supponi·
996 1844 1083 1916 galem
1098 1859 1148 1900 son
1161 1840 1319 1912 iuridicurn,
1333 1844 1399 1916 qnia
1414 1858 1467 1900 non
1483 1844 1565 1901 datur
1580 1847 1760 1918 personaliter
1775 1867 1791 1907 a
1805 1905 1812 1912 ,

160 1953 235 2002 mus.
254 1937 320 2010 quia
333 1933 375 1992 rel
389 1949 530 2006 nunquam
546 1933 616 1989 illurn
632 1932 798 2003 babuerunt,
814 1932 882 1988 utin
897 1930 961 2005 legi·
995 1934 1129 2006 principe,
1145 1931 1193 1988 sed
1206 1946 1255 2004 per
1270 1932 1357 2002 ipsum
1372 1933 1423 1987 ius.
1436 1933 1505 2000 Quia
1519 1934 1541 1989 si
1555 1937 1683 2008 princeps
1697 1941 1793 1997 statuit

158 2027 212 2084 bus
225 2025 378 2094 canonicis,
389 2023 432 2081 vel
447 2023 511 2096 quia
525 2022 550 2078 in
565 2021 715 2093 principem
727 2019 799 2078 illam
815 2021 962 2077 transtule·
997 2023 1099 2096 tegern,
1113 2029 1153 2092 ‚ut
1171 2020 1345 2079 consuetudo
1360 2021 1463 2078 habens
1478 2021 1552 2093 illas,
1569 2025 1611 2082 vel
1625 2025 1682 2083 illas
1697 2030 1792 2087 condi·

159 2123 245 2186 runt,
269 2122 299 2171 ιιι
312 2115 338 2170 ιι
358 2112 478 2182 civibus3
493 2127 560 2182 ergo
581 2109 767 2166 necessarium
781 2115 838 2180 est,
856 2114 887 2164 ut
907 2108 960 2181 illo,
996 2113 1084 2167 tiones
1104 2110 1207 2182 valeat,
1229 2125 1263 2166 en
1283 2117 1351 2167 tunc
1371 2113 1526 2180 consentit,
1546 2119 1574 2169 ιι
1592 2115 1617 2170 in
1633 2117 1793 2187 particulari

159 2205 232 2278 apud
248 2220 331 2278 quem
346 2210 390 2260 est
403 2216 531 2274 suprema
547 2205 683 2272 potestas,
698 2198 829 2255 det·vires
843 2214 961 2255 consue·
997 2202 1150 2274 applicatur
1171 2201 1213 2256 ille
1233 2197 1388 2258 consensus
1403 2200 1438 2257 ad
1453 2202 1552 2259 similes
1566 2205 1791 2276 consuetudines,

159 2295 245 2353 tudini
264 2310 313 2367 per
326 2307 405 2350 suam
420 2291 591 2347 voluntatem
603 2296 632 2347 et
646 2303 823 2346 consensum.
996 2291 1106 2366 quando
1120 2289 1338 2347 introducuntur
1347 2292 1374 2346 in
1387 2291 1488 2348 virtuts
1499 2291 1570 2349 illius
1581 2292 1658 2366 legis.
1672 2297 1793 2354 Dicimus

197 2390 225 2443 ι.
241 2384 330 2457 Aliqui
351 2398 416 2441 rero
436 2380 582 2449 doctores,
600 2378 665 2436 licet
678 2380 770 2450 pauci,
787 2375 956 2449 praedictam
996 2395 1062 2452 ergo
1076 2396 1131 2436 non
1143 2393 1250 2450 semper
1261 2393 1323 2435 esse
1335 2381 1524 2436 necessarium
1535 2396 1701 2439 consensum
1714 2386 1795 2456 priori

159 2475 321 2531 sententiam
344 2472 370 2528 in
390 2471 495 2544 legibus
511 2468 648 2526 canonicis
664 2466 805 2532 admittere
820 2467 960 2540 videntur,
997 2469 1077 2528 modo
1092 2469 1252 2540 praestitum
1268 2485 1283 2525 ι
1298 2470 1439 2542 principe,
1459 2469 1507 2526 sed
1522 2472 1700 2542 posteriorem
1714 2475 1793 2532 suui-
1893 2505 1898 2514 ·

160 2571 190 2621 et
204 2579 305 2636 negare
323 2563 349 2618 in
368 2560 505 2618 civilibus.
521 2560 557 2616 Et
570 2559 703 2614 rationem
717 2555 882 2614 differentiae
897 2557 958 2614 red·
996 2575 1070 2616 cere.
1087 2561 1155 2614 Nam
1175 2557 1249 2630 quod
1270 2559 1346 2629 prior
1367 2558 1503 2628 sufficiat,
1523 2575 1571 2631 per
1585 2577 1614 2618 se
1629 2569 1725 2619 notum
1740 2570 1793 2637 est,

162 2654 243 2723 dunt,
253 2651 317 2726 quia
331 2648 562 2723 potestaslerendi
573 2647 648 2720 leges
659 2647 808 2702 canonicas
819 2662 961 2720 nunquam
995 2649 1070 2724 quod
1085 2653 1176 2706 autem
1191 2663 1245 2704 non
1259 2649 1295 2704 eit
1305 2649 1547 2720 necessarius,sed
1558 2650 1697 2707 secundus
1712 2654 1794 2710 etiam

163 2743 213 2800 luit
233 2742 259 2798 in
278 2739 390 2813 populo,
406 2737 453 2794 sed
472 2738 497 2794 in
513 2735 655 2809 praelatis,
678 2741 800 2808 potestas
814 2741 906 2792 autem
922 2736 962 2793 ie·
996 2737 1127 2811 sufficiat,
1143 2739 1285 2811 probatur,
1297 2739 1363 2811 quia
1375 2736 1540 2810 lex.semper
1553 2738 1687 2812 loquitur,
1697 2746 1725 2797 et
1740 2758 1795 2800 non

161 2831 239 2888 rendi
253 2831 325 2902 leges
341 2827 434 2884 civiles
448 2828 576 2899 primario
599 2825 651 2882 iuit
671 2825 696 2882 in
711 2824 823 2897 populo.
839 2826 880 2882 lta
897 2842 958 2882 sen·
997 2831 1087 2886 minus
1107 2827 1205 2884 efficax
1224 2833 1269 2882 est
1288 2827 1415 2884 uoluntas
1435 2827 1565 2899 principis
1584 2843 1634 2900 per
1653 2828 1741 2902 legem
1755 2832 1793 2888 lo·

163 2923 195 2978 tit
213 2923 312 2976 Anton.
334 2922 358 2976 l.
375 2933 403 2989 p.
427 2919 469 2972 tit.
489 2920 533 2985 16,
549 2920 608 2984 52,
624 2913 749 2987 seqnitur
768 2915 867 2970 Gerar.
888 2919 911 2971 t.
929 2921 960 2986 2,
996 2934 1099 2992 quens,
1125 2932 1210 2990 quarn
1231 2915 1386 2974 immediate
1402 2932 1450 2988 per
1470 2933 1499 2972 se
1514 2917 1608 2974 volens
1623 2926 1672 2975 aut
1692 2925 1797 2991 praeci·

160 3027 209 3083 qu.
226 3011 273 3078 er,
289 3009 370 3063 artic.
387 3010 414 3076 3,
429 3011 457 3061 et
474 3003 576 3060 clarius
592 3003 681 3060 Dried.
699 3002 745 3059 lib.
765 3008 789 3061 t.
812 3003 845 3061 de
869 3004 958 3062 libert.
995 3005 1197 3081 piensQuando
1209 3013 1301 3062 autem
1317 3021 1389 3063 unus
1404 3005 1445 3062 vel
1461 3006 1529 3064 olins
1543 3012 1696 3066 consensus
1715 3011 1797 3069 inter·

160 3098 302 3154 cbristian.
319 3093 372 3152 Sed
394 3094 462 3151 baec
482 3091 617 3150 distinctio
640 3107 692 3148 non
718 3093 822 3164 placet,
847 3109 898 3150 nec
923 3096 962 3150 ιι·
996 3098 1090 3168 cedat,
1107 3096 1285 3169 sequentibus
1300 3095 1468 3153 illationibus
1482 3096 1634 3168 explicabo.

160 3187 241 3244 detur
262 3200 343 3258 posse
367 3183 538 3253 subsistere,
566 3197 628 3238 nam
648 3179 712 3237 licet
732 3187 854 3253 potestas
875 3183 961 3240 civilis
1035 3191 1062 3245 6.
1077 3188 1118 3244 Ex
1132 3186 1173 3242 his
1187 3185 1258 3241 enim
1273 3184 1360 3241 iniero
1375 3187 1481 3257 primo,
1498 3188 1608 3259 quando
1622 3194 1796 3253 consuetudo

162 3275 293 3349 primario
317 3274 400 3331 tuerit
426 3273 451 3328 in
476 3273 693 3342 communitate,
719 3277 867 3343 postquam
887 3272 961 3330 illam
996 3279 1168 3350 praescripta
1183 3275 1226 3331 ins
1240 3274 1364 3342 inducit,
1381 3281 1448 3332 tunc
1463 3292 1516 3332 non
1532 3280 1668 3347 postulari
1682 3299 1801 3344 consen·

162 3364 302 3422 transtulit
322 3364 348 3419 in
363 3361 530 3436 principem,
551 3362 605 3418 iam
619 3375 673 3416 non
687 3360 768 3417 babet
791 3361 862 3417 illam
876 3363 903 3418 in
919 3379 958 3436 ιιι
996 3383 1057 3423 sum
1071 3365 1241 3438 personalem
1256 3362 1396 3436 principis,
1409 3380 1441 3421 ao
1457 3366 1573 3424 subinde
1584 3385 1635 3426 nec
1651 3375 1798 3443 specialem

161 3471 227 3528 crgo
247 3470 302 3512 non
324 3453 415 3508 minus
435 3465 451 3506 a
471 3450 593 3521 principe
613 3449 728 3520 pendet,
749 3451 870 3522 quamsi
891 3467 962 3508 nun·
996 3453 1249 3513 scientiumeiusde
1264 3453 1309 3509 tuli
1325 3453 1538 3526 consuetudine,
1550 3456 1598 3513 sed
1613 3458 1747 3530 ipsonihil
1762 3464 1798 3522 de

161 3560 243 3617 quam
268 3543 340 3599 illam
368 3539 518 3596 habuisset.
545 3541 671 3594 Fortasse
696 3537 789 3595 dicent
813 3539 840 3595 hi
864 3548 960 3597 aucto·
994 3561 1065 3600 novo
1081 3545 1201 3613 sciente,
1216 3549 1266 3598 aut
1287 3541 1408 3614 volente,
1425 3543 1505 3599 tacite
1521 3545 1563 3601 rel
1583 3545 1712 3619 expre'sse
1731 3569 1797 3611 con·

162 3650 222 3704 res,
244 3631 355 3706 quondo
376 3621 494 3702 populus
516 3627 654 3686 transtulit
667 3634 831 3699 potestatem
845 3630 871 3684 in
886 3633 961 3701 prin·
995 3632 1168 3691 suetudinem
1189 3631 1340 3688 efficaciter
1360 3631 1465 3688 induci.
1487 3634 1560 3691 llaec
1581 3643 1624 3692 est
1644 3646 1799 3702 communis

162 3725 271 3795 siponi,
293 3738 347 3778 nnn
368 3718 478 3776 omnino
501 3733 531 3774 se
556 3717 599 3774 illa
628 3720 768 3790 privasse,
796 3716 844 3773 sed
870 3718 959 3776 solum
995 3724 1129 3781 sententia
1144 3723 1377 3794 iurisperitorum,
1392 3727 1461 3777 testo
1476 3723 1667 3796 Panormitano
1681 3730 1706 3786 in
1722 3731 1796 3791 dicto

162 3814 188 3870 in
209 3811 304 3870 ordine
325 3809 358 3867 ad
379 3808 602 3883 gubernationem
622 3799 795 3879 exp'ressam,
816 3812 848 3863 ut
866 3809 905 3865 sic
920 3807 960 3865 di·
994 3812 1122 3884 capuit.
1139 3826 1216 3867 nrum.
1230 3813 1273 3867 te.
1290 3810 1357 3866 Eam
1373 3812 1462 3868 tenuit
1474 3811 1665 3872 Gloss.ult.in
1678 3825 1694 3884 d
1705 3819 1790 3895 leges,

161 3919 235 3976 cam,
245 3908 274 3959 ιι
287 3902 313 3956 ιι
328 3898 422 3956 ordine
437 3897 470 3954 ad
483 3897 556 3970 leges
571 3896 736 3969 scriptas,et
750 3895 867 3952 verbalia
882 3913 960 3969 prae·
995 3909 1057 3974 post
1071 3917 1133 3973 cap.
1147 3903 1185 3957 In
1197 3901 1272 3964 istis,
1291 3897 1352 3954 dist.
1368 3903 1396 3970 t,
1413 3900 1477 3956 item
1492 3901 1588 3959 Glossa
1603 3905 1628 3958 in
1645 3923 1706 3980 cap.
1719 3896 1798 3968 mu.

62 4039 65 4044 .
162 3999 259 4064 cepta,
280 4003 387 4062 semper
402 3993 492 4044 tamen
509 3987 558 4042 sibi
573 3989 958 4058 reservassepotestatem.in·
994 3997 1068 4060 stro,
1086 3990 1149 4047 dist.
1165 3996 1192 4058 8,
1209 3989 1234 4044 in
1251 3987 1352 4046 ultimis
1366 3990 1468 4059 verbis,
1484 3992 1506 4046 si
1521 3999 1621 4050 ιιιιιιιι
1635 3995 1754 4072 legatur,
1768 4008 1797 4060 et

162 4079 324 4139 troduceudi
339 4074 624 4136 consuetudines.Sed
637 4075 689 4132 hoc
704 4075 729 4131 in
740 4077 836 4147 primis
847 4076 959 4134 inodori
994 4083 1032 4138 ibi
1046 4079 1156 4138 Cardin.
1170 4078 1248 4135 illex.
1261 4078 1288 4134 in
1307 4078 1369 4135 line.
1386 4077 1459 4135 ldcm
1475 4083 1575 4138 dnton.
1588 4085 1699 4164 Barbat,
1710 4096 1739 4146 et
1752 4091 1798 4149 alii

161 4189 215 4228 non
229 4175 337 4244 potest,
357 4167 421 4240 quia
435 4165 511 4223 nullo
525 4165 585 4222 iure
600 4169 724 4226 constat,
741 4180 792 4221 nee
807 4173 958 4223 consuctu-
988 4159 1022 4226 'in
1033 4169 1061 4226 d.
1073 4167 1250 4240 cap.ult.ubi
1264 4166 1376 4223 Rochue
1390 4169 1469 4225 Curt.
1487 4176 1555 4228 sect.
1566 4177 1594 4244 t,
1607 4190 1683 4232 num.
1695 4183 1742 4250 24,
1754 4195 1798 4237 ro.

161 4262 234 4330 dine,
242 4265 292 4316 aut
305 4257 398 4330 aliquo
413 4254 464 4312 alio
479 4256 557 4328 signo
572 4253 677 4311 ostendi
691 4261 782 4327 potest
795 4255 821 4311 in
839 4257 960 4327 perlecta
995 4259 1047 4316 ιιιι
1067 4257 1170 4332 plures.
1188 4256 1262 4314 ldem
1283 4263 1356 4313 tenet
1375 4259 1481 4317 Domin.
1496 4259 1561 4318 dist.
1584 4267 1626 4321 tt.
1644 4265 1669 4320 in
1684 4268 1797 4328 Summa

162 4345 466 4413 monarchiatluamuis
480 4344 552 4400 enim
564 4345 590 4399 in
601 4333 693 4416 aliq'uo
706 4359 791 4417 regno
801 4347 889 4416 possit
899 4359 959 4402 esse
994 4349 1070 4404 circo
1082 4349 1172 4417 linem,
1186 4344 1281 4418 Augei.
1295 4346 1320 4401 in
1332 4348 1455 4418 Summa,
1465 4349 1549 4406 verbo
1560 4351 1713 4424 consessio,
1724 4372 1751 4414 n.
1766 4363 1796 4432 9,

161 4445 282 4512 potestas
303 4436 377 4508 regis
396 4433 460 4504 illo,
480 4431 522 4488 uel
543 4431 595 4488 alio
611 4432 689 4488 simili
704 4431 784 4488 modo
799 4433 912 4490 limitata
926 4450 959 4491 ox
996 4437 1114 4513 sylvest.
1128 4451 1156 4508 q.
1170 4440 1199 4507 ι,
1216 4440 1333 4507 uterque
1347 4435 1418 4491 enim
1438 4439 1583 4510 supponit,
1598 4444 1794 4517 praescriptam

162 4527 245 4584 tacita
259 4525 355 4582 saltem
369 4523 571 4592 conventione,
587 4519 708 4590 scilicet,
735 4521 780 4578 ubi
800 4523 960 4581 monarchia
995 4523 1224 4584 consuetudinem
1243 4524 1390 4596 sufficere,
1407 4525 1548 4598 ignorante
1562 4529 1648 4602 Papa,
1665 4533 1749 4590 nstin.
1768 4536 1795 4593 in

161 4617 283 4691 perlecta
297 4630 349 4671 non
364 4612 464 4678 luerit,
478 4610 526 4669 sed
541 4610 625 4666 mixta
637 4626 670 4667 en
686 4610 871 4684 democratia,
886 4614 960 4672 siout
994 4630 1055 4688 cap.
1074 4617 1152 4672 Cum
1167 4630 1205 4672 es
1218 4611 1324 4687 officii,
1343 4614 1376 4670 de
1391 4617 1524 4688 prescrip.
1538 4633 1564 4674 n.
1581 4621 1629 4690 tt,
1645 4619 1710 4680 licet
1728 4642 1797 4682 non·

161 4721 244 4777 suoru
264 4704 382 4760 diximus
401 4702 475 4758 circe
494 4701 708 4778 acceptationem
725 4701 801 4774 legis.
817 4703 960 4762 Ordinarie
996 4707 1086 4764 nullas
1098 4706 1271 4762 limitationes
1282 4702 1366 4760 addat
1377 4704 1411 4761 de
1422 4705 1559 4778 aliquibus
1570 4709 1679 4767 casibus
1691 4715 1796 4785 specia-

161 4804 251 4853 tamen
266 4809 320 4850 non
334 4793 372 4849 ita
385 4797 442 4862 est,
463 4796 492 4848 ιι
505 4790 549 4846 ilia
563 4791 690 4862 exceptio
706 4793 795 4861 potius
810 4794 902 4850 tirmst
915 4810 959 4850 re·
995 4796 1083 4867 libus,
1104 4796 1152 4867 qui
1165 4793 1197 4850 ad
1219 4794 1285 4851 alias
1300 4795 1428 4850 materias
1449 4803 1585 4868 spectant.
1601 4798 1641 4855 Ex
1661 4800 1797 4877 theologis

161 4886 251 4960 gulam
273 4885 300 4940 in
321 4881 505 4940 contrarium.
522 4879 623 4938 Deinde
646 4895 698 4936 non
720 4889 834 4953 apparet
847 4883 874 4940 id
889 4884 959 4941 veri·
996 4892 1087 4942 autem
1100 4883 1274 4940 tenentbanc
1287 4884 1446 4940 seutentiam
1458 4884 1794 4968 Palud.t,dist.42,q.3‚

162 4975 260 5047 siurilo,
275 4975 341 5047 quia
359 4987 407 5028 rer
422 4968 578 5042 temporalis
592 4976 683 5042 potest
696 4985 827 5030 reuocare
841 4987 959 5032 consue·
993 4981 1045 5030 art.
1059 4979 1082 5046 t,
1095 4989 1172 5030 num.
1183 4977 1209 5044 7,
1226 4972 1436 5046 supplemenq.
1446 4977 1475 5045 2,
1491 4981 1580 5046 arte,
1597 4980 1687 5036 concl.
1699 4985 1726 5052 3,
1739 4986 1794 5040 nn-

163 5067 271 5124 todincs
290 5064 411 5136 priuatas
425 5076 540 5117 suorum
555 5059 744 5132 populorum,
758 5069 786 5118 ιι
804 5062 957 5136 prohibere,
993 5053 1088 5124 tonsi.
1100 5080 1127 5136 p.
1141 5064 1185 5121 tit.
1200 5066 1244 5132 lb,
1258 5066 1311 5136 gt,
1327 5063 1409 5120 Sanc.
1423 5063 1543 5121 reserens
1556 5065 1650 5138 plures
1664 5069 1711 5128 lib.
1721 5073 1747 5130 ι.
1760 5073 1795 5131 dp

161 5172 194 5213 ne
207 5151 433 5222 introducantur,
447 5150 471 5206 si
485 5151 554 5208 ratic
568 5150 666 5206 subsit.
682 5151 717 5206 lit
735 5149 829 5207 eadem
851 5153 958 5211 ratione
993 5152 1189 5227 matrimdisp.
1199 5158 1227 5222 t,
1240 5169 1267 5209 n.
1281 5156 1289 5209 t
1302 5158 1309 5211 t
1320 5193 1328 5223 ,
1340 5159 1368 5210 et
1384 5158 1429 5225 tt,
1443 5159 1471 5211 et
1484 5153 1586 5227 disput.
1597 5162 1644 5230 82,
1657 5167 1791 5222 numud.

162 5251 252 5319 potest
269 5242 446 5316 praecipere,
467 5245 498 5296 ut
511 5238 564 5296 vim
578 5255 632 5296 non
647 5240 765 5300 babeant
778 5241 834 5296 sinc
846 5257 897 5298 suo
909 5257 957 5300 ex·
1031 5242 1252 5302 Fundamentum
1263 5243 1534 5316 praecipuumhuius
1544 5249 1695 5308 sententiae
1707 5255 1792 5312 sumi-
