4294 6238
337 348 401 414 318
1012 305 1208 402 ‘annana

298 489 332 550 de
352 485 573 557 consuetudine,
592 484 619 539 in
640 497 694 556 qua
713 479 808 538 clerici
823 493 876 534 non
890 472 1099 534 considerantur
1137 477 1172 532 sit
1189 473 1318 550 obligatio
1332 475 1498 552 quibusdam
1513 477 1627 550 imponi,
1644 484 1673 537 at
1687 493 1740 535 aaa
1756 476 1829 549 aliis,
1842 483 1872 536 at
1885 493 1943 534 ma·

214 581 216 593 '
299 587 331 639 ut
344 577 451 648 clerici,
467 575 516 634 sed
527 580 634 632 tantum
645 573 774 640 uteives,
787 569 861 626 etita
872 569 897 624 in
909 565 1006 624 eodem
1017 581 1100 623 sensu
1140 565 1210 624 xime
1225 564 1335 641 quando
1352 572 1427 624 totus
1442 567 1562 639 populus
1576 567 1710 626 laicorum
1725 567 1878 640 conspirat.
1891 568 1943 637 Qui

298 666 455 740 accipienda
480 671 532 722 est.
548 662 626 732 Quod
645 662 667 718 si
687 661 801 718 materia
813 659 892 716 etiam
907 659 992 714 mixta
1006 656 1055 729 sit,
1070 661 1102 714 ut
1140 662 1271 728 respectu
1291 657 1352 716 talis
1371 656 1588 732 consuetudinis,
1606 666 1638 716 ut
1650 658 1791 728 dicebam,
1806 673 1860 714 non
1874 673 1943 714 corr·

299 761 322 816 ei
336 757 475 832 pertineat
487 755 521 812 ad
536 753 656 826 politiam
670 750 778 808 civilem
792 755 821 806 et
834 747 1061 819 ecclesiasticam,
1073 751 1102 804 et
1139 747 1296 804 siderentur
1310 753 1342 806 ut
1355 746 1427 818 laici,
1444 746 1492 804 sed
1507 752 1537 805 ut
1549 749 1706 823 christiani,
1721 755 1749 806 et
1760 747 1820 805 ideo
1831 750 1943 806 vincere

299 847 325 904 io
348 854 467 920 utraque
486 847 612 904 servetur
630 855 679 914 per
692 853 868 898 communem
890 837 1034 910 utriusque
1054 852 1103 908 po·
1137 842 1256 908 possunt
1266 835 1394 910 clericos,
1407 843 1435 894 et
1444 853 1496 910 pro
1507 836 1560 895 illis
1571 839 1652 895 etiam
1662 836 1888 895 consuetudinem
1899 839 1943 894 in-

298 937 376 1010 puli,
398 951 448 992 sau
469 941 559 992 statue
580 928 825 1000 consuetudinem,
843 933 909 983 tuno
923 933 1005 984 eruat
1018 926 1103 984 veluti
1139 923 1298 998 troducere,
1309 927 1495 984 consentiente
1507 927 1639 1000 praelato.
1651 926 1805 1002 Aliquando
1815 942 1880 984 aero
1892 943 1942 998 pa·

299 1025 371 1083 duas
393 1021 624 1092 eonsuetudines,
640 1027 668 1076 et
682 1033 711 1076 re
726 1033 790 1075 aera
804 1016 859 1075 duo
875 1016 946 1087 iura,
962 1030 1049 1072 unum
1064 1016 1105 1072 ci·
1140 1021 1195 1074 test
1209 1031 1270 1072 ease
1284 1015 1459 1074 consuetudo
1474 1019 1561 1091 magis
1575 1018 1683 1092 propria
1698 1017 1842 1090 laicorum,
1854 1017 1942 1074 velex

298 1115 349 1171 rile
368 1113 470 1171 babens
486 1111 538 1168 rim
562 1126 577 1167 a
596 1123 736 1166 consensu
750 1106 879 1178 principis
894 1104 971 1177 laici,
987 1111 1015 1162 et
1028 1103 1103 1161 aliud
1140 1103 1239 1176 modo,
1261 1120 1316 1177 qno
1335 1103 1541 1178 introducitur,
1557 1123 1584 1163 r.
1599 1123 1628 1179 g.
1650 1121 1698 1179 per
1713 1105 1831 1178 speciale
1844 1111 1942 1164 votum

298 1187 523 1263 ecclesiasticum
545 1201 646 1257 babens
667 1198 721 1254 vim
741 1211 758 1253 a
778 1210 914 1253 consensu
929 1194 1042 1265 praelati
1057 1209 1103 1251 ec·
1140 1193 1274 1266 ipsoram,
1288 1201 1337 1252 aut
1350 1209 1383 1252 ex
1397 1201 1474 1266 parte
1489 1197 1631 1268 materiae,
1643 1195 1784 1268 quaeillos
1794 1195 1874 1253 decet
1884 1209 1942 1252 ma·

298 1293 453 1364 clesiastici,
475 1299 503 1350 et
518 1301 699 1362 unaquaeque
713 1284 839 1358 obligabit
852 1299 919 1341 suos
930 1283 1064 1355 subditos,
1077 1288 1105 1341 et
1138 1284 1196 1356 gis,
1211 1299 1295 1358 quam
1313 1283 1448 1356 clericos,
1464 1291 1493 1342 et
1511 1291 1578 1342 tunc
1593 1285 1692 1357 poterit
1705 1284 1783 1342 iacile
1796 1283 1857 1342 illos
1871 1283 1941 1341 obli·

300 1399 355 1443 uns
374 1383 475 1454 poterit
500 1381 558 1436 aine
579 1378 631 1436 alia
651 1376 786 1434 revocari.
802 1375 938 1447 lienique,
954 1372 977 1429 si
992 1372 1104 1430 materia
1137 1388 1220 1446 gare,
1240 1380 1270 1430 at
1289 1389 1341 1430 non
1357 1373 1489 1444 clericos,
1505 1382 1533 1433 et
1546 1375 1582 1431 ita
1595 1375 1677 1432 etiam
1689 1374 1848 1448 approbari,
1863 1373 1941 1448 qnod

271 1461 283 1474 ⁸
301 1470 512 1532 consuetudinis
534 1468 569 1524 sit
589 1465 753 1539 spiritualis,
775 1471 803 1522 et
823 1461 855 1519 ad
876 1462 978 1519 bonurn
1000 1463 1104 1519 animae
1137 1478 1170 1520 ex
1185 1465 1244 1536 ipso
1259 1479 1314 1520 usn
1327 1471 1355 1520 et
1368 1463 1585 1532 circumstantiis
1597 1462 1810 1523 discernendum
1823 1469 1877 1520 cst.

299 1561 412 1632 tendat,
428 1568 460 1617 ut
472 1559 615 1622 ieiunium,
631 1562 687 1613 etc.
704 1551 837 1626 siqnidem
853 1567 905 1608 una
919 1551 980 1622 erit,
997 1555 1024 1608 ct
1037 1550 1104 1608 obli·
1179 1554 1223 1609 ts.
1239 1553 1360 1610 Pertinet
1378 1560 1522 1625 praeterea
1542 1553 1576 1610 ad
1592 1554 1708 1611 allectus
1727 1552 1938 1612 consuetudinis

298 1652 372 1726 gabit
384 1650 509 1707 clericos
523 1652 552 1705 et
567 1646 664 1718 laicos,
679 1644 742 1718 quia
756 1642 858 1699 nitetur
872 1641 898 1696 in
914 1646 1059 1712 potestate,
1074 1645 1105 1698 et
1139 1642 1191 1699 alia
1205 1643 1352 1716 quaestio,
1371 1657 1454 1716 qrram
1469 1641 1535 1700 dicti
1547 1643 1696 1716 iurisperiti
1710 1649 1844 1714 tractant,
1866 1643 1942 1702 scili·

300 1755 440 1799 consensu
461 1736 577 1812 praelati
590 1732 770 1793 ecclesiastici
785 1735 908 1802 tantum,
923 1736 950 1787 et
964 1730 988 1786 io
1003 1745 1035 1786 ea
1049 1743 1104 1785 nora
1138 1738 1236 1805 cet,an
1251 1732 1320 1790 haec
1335 1731 1463 1806 obligatio
1477 1731 1682 1790 consuetudinis
1703 1733 1738 1790 ab
1752 1749 1808 1791 noo
1822 1748 1892 1791 casa
1905 1733 1943 1791 ad
1964 1737 1967 1742 '

301 1838 360 1889 um
375 1827 586 1888 considerantur
601 1823 704 1882 subditi
718 1827 749 1879 ut
763 1819 834 1891 laici,
847 1817 889 1876 rel
903 1817 1006 1890 clerici,
1020 1832 1103 1892 quarn
1139 1819 1221 1877 aliam
1236 1826 1350 1893 propter
1368 1820 1571 1879 similitudinem
1586 1822 1698 1880 rationis
1717 1821 1888 1881 extendatur.
1903 1825 1943 1882 lit

301 1933 397 1976 ornnes
416 1926 448 1975 ut
460 1915 612 1974 christiani.
1138 1910 1196 1968 iere
1209 1911 1394 1968 communiter
1407 1905 1752 1984 deliniunt,admittendanr
1766 1927 1828 1969 esse
1842 1911 1942 1969 badua-

276 2010 281 2020 '
342 2010 419 2066 Tunc
442 2012 533 2064 autem
553 1998 673 2060 dubitari
686 2005 794 2075 potest,
809 2011 843 2054 an
859 1995 938 2054 simili
952 2001 1104 2054 consuetu·
1139 1998 1213 2058 modi
1227 2000 1428 2072 extensionem,
1444 2001 1509 2059 licet
1527 2009 1622 2073 postea
1636 2001 1725 2060 varias
1738 2001 1939 2060 declarationes

301 2099 364 2157 dine
381 2095 530 2169 spirituali,
547 2100 579 2151 at
591 2091 630 2148 sic
644 2090 751 2161 dicam,
770 2104 837 2145 usus
851 2093 958 2144 tantum
971 2085 1104 2142 laieorum
1140 2095 1169 2145 et
1184 2089 1358 2147 limitationes
1373 2089 1570 2163 multiplicent,
1582 2098 1613 2149 nt
1626 2091 1717 2150 ridere
1733 2091 1832 2150 licetin
1842 2092 1941 2152 Recita

302 2185 392 2260 possit
407 2183 584 2242 introducere
598 2178 837 2249 consuetudinem,
851 2192 922 2250 quae
936 2175 1053 2232 clericos
1063 2181 1104 2233 et·
1139 2179 1218 2236 Curt.
1240 2179 1267 2234 io
1288 2177 1362 2236 dicta
1381 2185 1450 2236 sect.
1466 2184 1495 2252 t,
1510 2179 1567 2237 iere
1581 2196 1598 2236 a
1611 2181 1763 2255 principio,
1787 2183 1894 2256 Burgos
1906 2181 1943 2240 de

303 2277 356 2335 iam
370 2275 480 2346 obliget
492 2274 560 2330 Naro
570 2273 647 2329 iuxta
660 2265 782 2342 regillam
793 2265 931 2324 dictorum
941 2266 1104 2322 iuristarnm
1139 2269 1192 2326 Par
1205 2267 1230 2324 ia
1245 2267 1264 2324 l.
1285 2271 1308 2326 t.
1321 2271 1424 2335 Tauri,
1433 2285 1461 2324 o.
1471 2271 1516 2326 il.
1525 2270 1719 2328 Verumtamen
1735 2271 1804 2330 baec
1818 2273 1941 2329 extensio

303 2364 459 2439 negandum
479 2370 538 2434 est,
560 2367 589 2419 et
607 2375 640 2419 ex
659 2357 792 2431 theologis
813 2362 894 2429 negat
907 2356 989 2413 etiam
1005 2353 1100 2412 Palud.
1140 2363 1314 2430 raraest,ut
1329 2358 1541 2416 existimabam
1556 2359 1688 2431 inprimis
1708 2376 1762 2417 noa
1775 2367 1942 2432 potestesse

304 2458 331 2514 in
345 2462 378 2526 t,
401 2454 429 2513 d.
450 2459 499 2524 ti,
514 2469 542 2526 q.
560 2455 592 2523 t,
615 2457 667 2508 art.
684 2453 711 2507 a.
734 2449 802 2504 Turn
821 2447 886 2521 quia
900 2443 993 2501 clerici
1007 2442 1108 2500 habent
1142 2447 1231 2503 maior
1250 2448 1374 2504 extensio
1394 2449 1421 2504 in
1442 2447 1500 2504 iura
1519 2448 1739 2517 consuetudinis,
1755 2464 1839 2523 quam
1852 2453 1942 2522 possit

303 2560 386 2602 suom
407 2542 519 2601 modum
540 2537 647 2598 vivendi
669 2537 825 2610 proprium,
848 2542 879 2592 ut
892 2550 918 2590 r.
934 2549 963 2608 g.
980 2535 1105 2605 proprias
1141 2551 1203 2594 esse
1216 2538 1242 2592 in
1258 2536 1333 2612 lage,
1358 2537 1423 2610 qnia
1441 2552 1496 2593 non
1510 2542 1554 2593 est
1566 2537 1651 2594 maior
1666 2538 1706 2596 vis
1721 2540 1941 2613 consuetudinis,

303 2633 495 2704 abstinentias,
511 2637 567 2689 etc.
583 2631 652 2686 Turn
666 2628 759 2698 etiam,
774 2626 839 2699 quia
852 2629 917 2681 sunt
930 2623 1013 2680 veluti
1027 2636 1105 2679 sena·
1141 2642 1225 2700 quam
1236 2625 1415 2700 legis,qnoad
1426 2624 1720 2700 obligationemquam
1734 2627 1864 2686 inducere
1878 2645 1942 2702 pos-

304 2730 390 2794 tores,
410 2737 481 2796 qrros
495 2735 548 2776 non
561 2717 680 2790 obligant
690 2714 843 2788 plebiscita,
856 2714 907 2768 nisi
919 2711 1103 2768 consentiant.
1141 2723 1215 2785 suot,
1224 2716 1398 2788 proportione
1414 2721 1533 2787 serram,
1542 2721 1573 2773 ut
1583 2715 1703 2773 audictis
1714 2717 1942 2778 consutlleiode

302 2815 371 2871 Tum
389 2811 518 2885 denique,
534 2810 598 2882 quia
612 2804 739 2865 monachi
753 2818 808 2861 non
819 2801 976 2877 obligantur
985 2817 1107 2858 consue·
1142 2804 1224 2874 addo,
1245 2803 1380 2862 difficilius
1401 2804 1458 2862 tisri
1478 2805 1664 2862 extenderem
1683 2807 1711 2862 io
1729 2807 1941 2880 consuetudins,

306 2902 445 2961 tudinibas
459 2897 643 2956 saecularium
655 2894 832 2964 clericorum,
844 2890 950 2948 ebernei
962 2891 1106 2965 religiosae
1141 2909 1223 2968 quana
1231 2895 1257 2950 in
1269 2893 1327 2965 lege
1339 2893 1551 2964 scripta.Primo
1559 2895 1622 2967 quia
1633 2894 1675 2951 lex
1687 2896 1803 2954 maxime
1813 2897 1883 2954 solet
1893 2912 1941 2956 ex-

110 3035 114 3042 .
201 3042 205 3048 ,
304 2992 371 3064 sint,
386 2996 415 3048 et
439 2984 678 3057 sanctae3eadem
693 2989 783 3040 autern
797 2989 840 3038 est
854 2981 935 3050 ratio,
951 2985 980 3036 et
994 2995 1105 3052 compa·
1141 2983 1214 3040 tendi
1228 2979 1381 3054 ampliando
1394 2982 1942 3061 verba,iuxtasignibcatiooemetusum,

304 3082 384 3138 ratio.
411 3079 463 3136 Sed
479 3077 528 3134 bae
542 3075 663 3133 rationes
677 3088 720 3130 me
734 3086 788 3128 non
803 3077 923 3143 cogunt,
938 3071 1003 3142 qaia
1016 3069 1059 3126 ius
1074 3085 1106 3128 ex
1141 3087 1224 3146 quem
1242 3070 1399 3130 secundum
1419 3073 1462 3129 ius
1478 3072 1578 3131 lrabeat
1595 3073 1621 3130 in
1636 3074 1681 3132 tali
1695 3075 1737 3132 vel
1753 3076 1800 3133 tuli
1817 3080 1940 3135 materia.

304 3171 351 3227 tali
373 3165 572 3225 consuetudine
592 3162 729 3222 resultans
751 3168 794 3216 est
812 3158 984 3233 episcopale,
1008 3173 1070 3216 nam
1091 3173 1107 3215 a
1143 3161 1220 3220 Unde
1235 3176 1300 3219 cum
1314 3162 1341 3218 in
1354 3160 1553 3218 consuetudine
1568 3161 1658 3220 desint
1671 3165 1765 3236 rerba,
1781 3165 1827 3222 ille
1842 3167 1942 3226 rrrodus

304 3257 418 3332 praelati
441 3255 525 3313 tacito
543 3267 681 3312 consensu
695 3252 749 3306 rim
769 3249 863 3320 babet,
876 3254 904 3304 et
918 3248 1033 3304 materia
1047 3247 1106 3304 eius
1142 3250 1310 3308 extensionis
1334 3250 1359 3306 io
1386 3265 1418 3308 ea
1442 3250 1534 3307 locam
1555 3267 1609 3309 noo
1630 3251 1727 3310 habeta
1753 3269 1820 3331 ergo
1834 3271 1867 3314 er
1888 3257 1943 3314 bac

305 3349 340 3407 de
359 3365 390 3405 se
409 3345 565 3405 communis
585 3349 628 3400 eet
646 3340 755 3398 clericis
774 3345 803 3396 et
817 3338 901 3395 laicis.
916 3337 985 3394 Nam
999 3339 1027 3393 in
1042 3337 1108 3394 ieiu-
1143 3347 1222 3414 parte
1241 3345 1369 3410 constat,
1392 3355 1446 3396 non
1468 3355 1554 3413 aeque
1575 3357 1654 3413 passe
1667 3333 1777 3402 extendi
1790 3353 1942 3404 consuatu-

267 3467 273 3478 ·
305 3440 359 3495 aiis
381 3433 573 3510 publicis,rel
591 3426 1107 3503 testarumobservatiopibusnonba·
1142 3430 1232 3487 dinem
1243 3445 1276 3486 aa
1288 3431 1399 3501 scripta.
1413 3428 1512 3486 Deinde
1527 3431 1555 3486 in
1569 3431 1757 3502 superioribus
1770 3434 1852 3492 etiam
1865 3437 1944 3493 circa

304 3527 368 3586 bent
379 3523 639 3584 claricisaeculares
651 3519 784 3592 speciales
795 3517 1024 3576 observantiores
1035 3516 1106 3591 lege,
1141 3519 1228 3592 legem
1243 3519 1374 3591 scriptam
1388 3519 1492 3588 moniti,
1508 3535 1572 3576 raro
1586 3535 1649 3578 esse
1664 3521 1733 3578 banc
1751 3525 1943 3582 extensionem

302 3622 330 3674 et
349 3617 385 3673 ita
400 3619 491 3672 cessat
506 3613 594 3685 prima
608 3609 686 3667 ratio.
702 3607 886 3680 aequaeuam
902 3603 1050 3663 enervatur
1064 3623 1107 3663 se·
1143 3607 1353 3678 admittendam,
1374 3607 1424 3664 nisi
1443 3607 1571 3664 habuerit
1584 3624 1715 3682 magnum
1730 3610 1942 3670 tundamentum

304 3704 407 3776 cunda,
424 3704 488 3776 qnia
503 3701 570 3757 baec
584 3715 637 3756 noa
650 3705 725 3754 recte
736 3700 934 3766 comparantur
945 3693 1105 3768 plebiscitis,
1141 3701 1168 3756 ia
1185 3701 1255 3755 iure.
1271 3699 1320 3754 liic
1336 3712 1400 3754 vero
1414 3695 1496 3768 adda,
1511 3696 1649 3754 difficilius
1664 3699 1761 3771 multo,
1779 3716 1813 3758 ac
1826 3703 1945 3760 subinde

306 3811 368 3852 nam
387 3794 438 3850 ista
456 3809 471 3850 a
489 3789 591 3864 populo
605 3802 671 3845 cuna
685 3802 737 3844 suo
751 3785 860 3842 tribuno
874 3783 985 3855 speciali
999 3784 1107 3855 proiici-
1143 3788 1282 3845 rarissime
1303 3785 1403 3846 babere
1420 3785 1512 3843 locum
1526 3788 1553 3844 in
1567 3789 1775 3846 consuetudine.
1792 3794 1859 3848 nam
1874 3787 1944 3849 obli·

304 3884 469 3953 scebantur3
490 3881 550 3938 iura
568 3893 633 3934 vero
655 3875 750 3934 talium
771 3872 1002 3930 consuetudinum
1023 3871 1107 3944 prod·
1142 3878 1215 3952 gotio
1232 3877 1298 3949 legis
1312 3893 1346 3933 ex
1359 3878 1384 3932 vi
1398 3875 1482 3932 solius
1497 3875 1704 3935 consuetudinis
1719 3877 1877 3937 difficillime
1893 3897 1943 3939 co·

304 3979 398 4031 cunta
412 3969 533 4044 praelato
547 3965 687 4025 communi
702 3962 811 4021 clericis
823 3969 851 4020 et
866 3961 953 4034 laicis.¹
971 3962 1057 4019 Tertia
1068 3968 1107 4018 et·
1142 3967 1288 4040 gnoscitur
1302 3967 1329 4022 in
1344 3964 1421 4034 loco,
1436 3971 1466 4022 et
1479 3966 1591 4048 populo,
1607 3972 1636 4024 et
1648 3967 1760 4040 propria
1778 3972 1903 4044 matema,
1917 3973 1946 4028 in

304 4063 356 4119 iam
377 4076 439 4126 oon,
450 4055 591 4130 procedit,
610 4056 675 4128 quia
689 4051 785 4110 clerici
799 4050 956 4108 saeculares
970 4066 1026 4107 non
1040 4057 1107 4107 sunt
1141 4071 1197 4129 qua
1210 4061 1347 4127 versatur,
1358 4053 1497 4127 quomodo
1507 4069 1573 4127 ergo
1584 4057 1685 4127 poterit
1695 4056 1774 4114 laoile
1786 4059 1898 4117 exundi
1910 4061 1945 4118 ad

219 4215 224 4222 ,
304 4150 422 4221 exempti
436 4164 452 4206 a
466 4144 653 4205 iurisdictione
668 4143 873 4214 episcoporum,
889 4141 962 4198 sicat
974 4139 1104 4212 religiosi.
1142 4144 1205 4212 elia,
1217 4145 1268 4206 nisi
1283 4159 1299 4200 a
1313 4143 1371 4200 iure
1384 4144 1431 4200 irat
1442 4143 1626 4214 extensio,rel
1637 4145 1689 4202 nisi
1700 4145 1753 4202 siat
1763 4155 1819 4204 nm
1833 4148 1943 4222 similia,

304 4243 342 4298 ne
362 4237 463 4312 quibus
483 4237 564 4294 etiam
585 4237 748 4306 potestesse
763 4231 899 4304 quaestio,
914 4244 985 4303 quae
999 4236 1030 4286 ut
1046 4229 1107 4286 lun·
1143 4242 1174 4292 ut
1185 4232 1321 4306 mepaliter
1332 4232 1403 4290 idern
1415 4233 1636 4305 reputenturirel
1653 4238 1704 4293 nisi
1719 4253 1804 4295 unum
1821 4239 1847 4294 in
1864 4239 1945 4296 alioa

304 4329 387 4386 detur
401 4328 429 4384 in
443 4324 630 4396 exemptione,
644 4320 766 4379 eamdem
781 4318 971 4376 difficultatem
987 4318 1068 4377 babet
1081 4319 1106 4374 iu
1141 4324 1245 4383 lortiori
1267 4322 1421 4396 contineri,
1435 4323 1478 4380 rel
1497 4329 1629 4397 tanquam
1655 4340 1720 4397 pars
1737 4327 1764 4382 io
1786 4333 1843 4384 toto
1856 4327 1946 4386 inclu-

305 4413 517 4486 conauetudine,
526 4427 597 4486 quae
608 4413 634 4468 io
646 4410 797 4483 praeceptis
807 4407 996 4485 synodalibus,
1005 4408 1107 4482 dequi·
1141 4413 1168 4471 di
1176 4455 1183 4486 ,
1199 4411 1393 4470 rationabiliter
1407 4411 1563 4469 iudicetur?
1576 4414 1612 4471 lit
1625 4414 1687 4473 ideo
1700 4417 1727 4472 io
1741 4415 1761 4472 l.
1778 4417 1809 4473 C.
1824 4432 1895 4491 quae
1908 4419 1946 4476 sit

304 4508 357 4567 bas
370 4520 454 4578 supra
468 4503 573 4560 dictum
587 4507 638 4558 est.
1142 4503 1215 4576 long.
1229 4508 1356 4559 consuet.
1369 4499 1486 4558 dicitur:
1502 4505 1541 4561 Ut
1550 4517 1670 4577 praeses
1687 4487 1947 4580 provinciae‚'pro·

347 4599 391 4654 tt.
408 4595 473 4652 llico
487 4607 564 4666 ergo,
578 4604 659 4663 posse
670 4588 863 4663 obligationem
874 4590 1032 4649 huiusmodi
1042 4607 1108 4650 aon·
1143 4593 1219 4651 baiis
1232 4594 1280 4658 iis,
1291 4606 1368 4664 quae
1378 4592 1412 4646 in
1422 4589 1530 4666 oppido
1532 4589 1708 4665 frequenter
1722 4595 1754 4650 in
1764 4591 1866 4650 eodem
1876 4611 1948 4652 con·

304 4683 459 4743 suetudinis
474 4679 583 4739 extendi
597 4679 631 4737 ad
645 4678 772 4752 clericos,
788 4685 816 4736 et
825 4679 858 4736 de
869 4680 943 4738 iacto
953 4682 1072 4755 extendi,
1086 4685 1108 4742 si
1143 4684 1360 4740 troversiarum
1373 4693 1477 4753 penem
1491 4669 1613 4738 seruata
1626 4685 1705 4748 aaut,
1716 4697 1813 4740 causa
1824 4686 1948 4756 capuita

304 4775 401 4846 melta,
418 4772 459 4830 sel
474 4785 605 4844 expressa
619 4769 739 4842 episcopi
754 4768 879 4826 voluntas
890 4771 935 4841 sit,
949 4769 990 4832 ius
1002 4771 1108 4842 episco·
1143 4776 1267 4841 statum,
1285 4777 1342 4828 etc.
1357 4769 1481 4828 Pondere
1495 4773 1567 4827 enirn
1582 4768 1655 4828 illam
1669 4773 1838 4842 particulam
1852 4775 1885 4830 in
1899 4789 1947 4830 eo-

305 4864 365 4940 pale
379 4862 509 4920 inducere
521 4875 573 4934 pro
588 4873 638 4916 sua
651 4858 787 4930 dioecesi,
802 4857 876 4931 qnod
889 4863 980 4930 potest
989 4860 1046 4916 siae
1057 4859 1108 4917 du·
1143 4860 1224 4930 deor,
1242 4859 1408 4918 identitatem
1423 4861 1495 4917 enirn
1511 4861 1658 4934 significan
1675 4868 1704 4923 et
1718 4860 1777 4920 ideo
1791 4863 1871 4934 dica,
1886 4871 1948 4921 taa-

305 4956 350 5014 bio
365 4954 466 5023 lacere,
482 4959 510 5009 et
523 4957 716 5022 praesumetur
729 4949 765 5007 ita
779 4947 882 5020 lacere,
897 4947 1007 5022 quando
1022 4956 1110 5008 mate·
1143 4960 1199 5010 taor
1212 4950 1311 5008 debere
1322 4965 1387 5007 esse
1399 4949 1623 5024 similitudinem,
1640 4957 1672 5008 ut
1686 4950 1816 5009 identitas
1835 4953 1947 5012 morali·

306 5047 349 5104 ria
369 5040 577 5102 consuetudinis
595 5038 629 5096 de
650 5055 680 5097 se
695 5039 848 5098 communis
863 5046 916 5112 est,
931 5044 959 5096 et
971 5041 1009 5098 ita
1023 5043 1110 5099 omni·
1144 5047 1186 5100 ter
1206 5045 1361 5113 reputetur.
1377 5037 1473 5098 Cetera
1485 5040 1517 5114 ¹in
1535 5039 1712 5112 praecedenti
1725 5040 1813 5115 libro,
1830 5057 1893 5116 cap.
1909 5044 1946 5102 ll.

307 5136 463 5208 basesque
478 5132 553 5190 utilis
566 5144 599 5188 ac
612 5130 711 5203 tacitis,
727 5133 758 5187 ut
771 5131 828 5188 siae
840 5130 970 5189 scandalo
981 5146 1035 5188 non
1045 5148 1111 5203 pos·
1143 5130 1228 5189 videri
1249 5137 1380 5204 possunt.
