4190 6234
790 383 967 437 cararxv.
1598 369 1640 433 or

78 537 115 597 per
131 519 193 576 iiam
208 515 438 575 consuetudinem
452 515 601 592 derogatur
616 528 760 587 supremae
774 517 852 586 pota·
888 511 934 572 rel
959 509 1264 604 reeompensatus.
1283 513 1319 574 lit
1341 512 1413 585 ideo,
1435 513 1523 589 inquit
1546 515 1683 588 Pontifex,

79 615 126 672 stati
135 611 225 684 regiae,
238 625 289 682 per
300 611 486 680 posteriorem
497 614 587 665 autem
598 607 779 678 minime,inno
790 605 852 662 iuu-
892 607 1061 680 oportebat
1080 621 1184 664 census
1205 609 1310 668 monis,
1332 604 1374 664 cd
1392 605 1473 680 quid,
1495 611 1523 663 et
1542 606 1686 681 quomodo

78 707 142 762 datur
164 703 186 756 io
206 700 431 772 praesumptione
454 704 552 756 contra
576 697 699 756 subditos
718 697 854 754 solventes
884 695 1014 772 persolvi
1030 694 1145 766 debem,
1168 700 1367 772 praesciatur.
1380 696 1457 766 Quod
1475 696 1680 772 intelligendum

78 796 186 852 tributum
205 792 368 863 antiquum,
394 790 499 846 etiamsi
513 804 567 846 non
581 794 690 845 constet
703 803 757 860 qua
777 793 851 860 pote·
891 795 933 846 est
947 785 980 844 de
994 786 1121 845 censibus
1135 788 1240 845 noviter
1255 787 1399 860 impositis,
1411 787 1453 843 rel
1467 787 1685 860 imponendis‚ut

77 893 146 950 state,
165 881 204 937 rel
223 896 310 937 causa
331 881 491 953 impositum
511 879 555 936 sit.
572 877 649 937 Unda
663 893 695 936 en
710 877 760 934 bac
775 883 852 950 parte
889 878 927 935 ibi
943 878 1025 934 sentit
1038 877 1144 948 Glossa,
1160 883 1192 934 ut
1212 884 1288 934 notat
1303 877 1397 936 liedin.
1411 893 1542 950 supra,q.
1558 881 1601 937 tt.
1618 881 1688 938 Nam

77 971 222 1032 consuetudo
242 971 305 1039 illa,
328 977 357 1027 et
381 971 557 1043 praescriptio
576 970 649 1024 iavet
671 967 850 1041 principibus.
893 969 925 1027 de
942 969 1060 1042 antiquis
1075 968 1260 1040 praesumitur
1274 984 1370 1038 causa,
1381 968 1443 1025 licet
1457 985 1510 1024 non
1525 970 1640 1040 sciatur,
1655 975 1688 1028 ut

77 1065 135 1133 Quod
148 1065 166 1118 si
180 1065 214 1118 sit
226 1077 322 1118 sermo
338 1061 373 1118 de
387 1058 585 1117 consuetudine
600 1058 752 1132 accipiendi
766 1057 852 1116 tribu·
891 1059 1028 1116 dicemus.
1037 1061 1094 1116 lma
1106 1060 1189 1116 etiam
1200 1060 1228 1115 in
1240 1058 1347 1114 tributis
1360 1061 1448 1130 noris,
1463 1059 1686 1135 solicitudinem,

80 1167 138 1221 tun,
158 1170 203 1226 per
216 1167 301 1225 quam
317 1151 390 1209 solet
405 1149 550 1222 praescribi
561 1156 656 1207 contra
668 1165 758 1222 regem
770 1147 853 1222 lquod
889 1168 941 1208 non
961 1158 1003 1208 cst
1023 1150 1219 1220 necessarium,
1235 1156 1267 1206 ut
1289 1165 1372 1207 causa
1387 1152 1422 1208 sit
1441 1158 1505 1208 nota
1519 1151 1644 1208 omnibus
1657 1159 1688 1211 et

80 1249 168 1304 mxime
181 1243 330 1301 intendunt
343 1244 458 1299 iuristae
472 1241 508 1298 ibi
520 1240 652 1314 allegatil3
666 1241 705 1296 sic
716 1239 797 1296 etiam
808 1255 854 1295 ae·
890 1243 1006 1314 singuiis
1020 1240 1053 1298 de
1068 1239 1179 1313 populo,
1193 1245 1300 1312 oportet
1312 1247 1411 1314 tamen,
1424 1248 1454 1298 ut
1464 1242 1497 1298 sit
1509 1249 1573 1298 nota
1588 1243 1686 1314 princi·

80 1336 145 1412 panda
163 1340 202 1392 est
220 1334 438 1406 consequentia,
460 1333 524 1405 quia
536 1331 641 1388 utilitas
656 1329 748 1388 tributi
764 1335 851 1402 potest
889 1335 915 1404 pi
934 1338 961 1388 et
983 1331 1145 1389 consiliariis
1158 1330 1228 1398 eiua,
1241 1330 1283 1387 vel
1298 1332 1523 1402 procuratoribus
1536 1334 1622 1405 regni,
1638 1339 1687 1392 aut

79 1429 136 1485 iacile
149 1441 163 1482 a
174 1441 237 1500 rege
251 1425 351 1481 donari
367 1425 437 1492 aliis,
451 1431 480 1480 et
494 1424 529 1480 ita
543 1422 606 1479 nibil
622 1429 674 1492 est,
688 1421 761 1494 quod
777 1427 851 1477 rotet
890 1422 959 1493 aliis,
977 1421 1011 1478 ad
1030 1437 1101 1495 quos
1115 1421 1386 1494 pertinet,'iustitiam
1407 1421 1499 1478 tributi
1517 1423 1681 1482 examinare.

78 1516 297 1592 praescriptionem
318 1517 349 1571 in
370 1514 454 1570 illam.
470 1515 537 1582 Quia
550 1528 599 1585 per
618 1513 689 1569 iiiam
704 1527 758 1568 non
772 1510 851 1584 dero·
890 1513 957 1582 Quia
967 1513 1017 1569 nisi
1028 1512 1143 1584 principi
1156 1517 1274 1580 constet,
1283 1512 1379 1569 iustam
1390 1513 1551 1570 intervenire
1561 1530 1684 1589 eausam,

78 1617 140 1681 gatar
157 1605 276 1678 dignitati
296 1612 326 1660 et
343 1605 470 1676 potestati
484 1603 594 1676 regiae,
614 1601 662 1658 sed
676 1608 782 1659 tanturn
796 1601 855 1658 cui·
889 1602 931 1659 rei
948 1599 1132 1675 probabilibus
1150 1601 1313 1673 rationibus,
1328 1602 1370 1659 vel
1391 1601 1441 1661 tide
1455 1602 1545 1678 digna,
1566 1605 1686 1662 auctori·

78 1698 124 1754 dsnn
138 1694 269 1767 temporali
286 1692 412 1765 utilitati3
425 1692 500 1766 quod
514 1708 595 1749 secus
609 1698 652 1748 est
665 1693 691 1748 in
705 1697 855 1748 consuetu·
891 1699 958 1766 tate,
975 1699 1002 1750 et
1022 1692 1122 1750 iudicio
1137 1708 1251 1749 suorum
1272 1693 1500 1766 consiliariorum,
1516 1712 1570 1752 non
1588 1697 1688 1769 poterit

78 1789 124 1844 dine
136 1779 284 1858 imponendi
299 1783 455 1852 tributa,ut
468 1789 609 1838 ostensum
620 1782 715 1839 estEt
726 1781 763 1838 ita
773 1781 855 1837 etiam
889 1785 962 1840 iuste
984 1783 1134 1854 imponere,
1149 1782 1192 1840 rel
1212 1782 1320 1855 exigere
1341 1785 1484 1854 tributum,
1499 1787 1564 1859 quia
1583 1792 1685 1844 temere

80 1890 215 1948 responsum
232 1878 276 1929 est
290 1872 326 1929 ad
344 1872 396 1928 alia
409 1870 543 1943 exempla,
555 1887 624 1944 quae
640 1871 673 1927 ibi
689 1871 851 1928 aileruntur:
888 1873 995 1947 agendo
1013 1873 1162 1931 nonhabet
1177 1874 1218 1930 ius
1233 1874 1366 1948 erigendi.
1382 1877 1417 1932 lit
1432 1874 1491 1933 ideo
1505 1891 1555 1933 nac
1568 1877 1686 1935 retinere

78 1983 124 2024 nano
140 1968 197 2022 licet
209 1967 262 2020 sint
276 1963 312 2020 de
328 1961 436 2019 actibus
450 1965 598 2018 reservatis
612 1961 797 2033 principiano
813 1967 855 2018 ta·
889 1971 990 2038 potest,
1008 1964 1081 2038 quod
1096 1965 1135 2022 sic
1149 1964 1250 2037 exegit,
1264 1966 1314 2020 nisi
1327 1971 1422 2037 postea
1435 1967 1584 2024 examinata
1598 1982 1684 2025 eausa

78 2073 124 2115 nen
139 2061 197 2112 sunt
209 2055 323 2128 propria
338 2055 415 2126 signa
425 2051 601 2109 excellentiae
615 2054 686 2121 eius,
702 2051 744 2109 rel
758 2057 852 2124 aetus,
889 2056 1032 2123 invenerit,
1046 2056 1148 2112 iustum
1163 2054 1247 2112 luisse
1261 2054 1394 2113 tributum
1408 2056 1435 2112 in
1447 2070 1487 2128 ra,
1503 2056 1567 2114 licet
1585 2063 1687 2116 temera

79 2151 113 2222 qui
130 2147 203 2203 raluti
222 2145 373 2202 intrinsece
397 2142 537 2201 includant
555 2141 761 2215 dependendam
777 2158 793 2198 ι
807 2158 854 2199 su·
891 2147 972 2205 inerit
988 2146 1156 2219 impositum.

77 2253 149 2311 pena
164 2241 308 2308 potestate,
326 2242 361 2291 ut
374 2241 417 2291 eat
429 2234 597 2290 tributorum
610 2231 758 2303 impositio.
931 2240 967 2297 Ut
980 2243 1073 2294 autem
1087 2251 1173 2293 causa
1186 2237 1222 2292 sit
1233 2235 1316 2308 iusta,
1328 2234 1424 2293 dicunt
1437 2234 1567 2294 doctores
1581 2252 1686 2310 amnes,

107 2320 854 2397 tdcnniirrnationamrespondeo,possequidempriu-
888 2327 1075 2387 necessarium
1103 2341 1176 2392 assa,
1192 2336 1225 2383 ut
1246 2325 1378 2384 tributum
1399 2328 1555 2400 imponatur
1577 2335 1689 2404 propter

79 2419 145 2490 cipern
155 2419 325 2474 committere
346 2417 477 2486 interiori,
489 2422 522 2471 ut
531 2415 640 2471 nomine
650 2419 678 2470 et
691 2414 855 2472 auctoritato
887 2421 990 2478 bonum
1008 2433 1165 2487 commune,
1178 2432 1232 2474 non
1245 2424 1358 2490 propter
1370 2419 1507 2490 privatum
1518 2419 1603 2491 ipsius
1614 2422 1689 2493 prin.
1765 2465 1775 2490 ⁸

80 2525 116 2563 sna
131 2508 252 2564 tributum
266 2507 393 2578 imponat
405 2506 430 2562 in
445 2504 602 2578 particulari
618 2520 697 2574 casu,
712 2510 740 2561 et
753 2505 855 2561 exami-
889 2511 968 2583 cipis.
982 2507 1034 2565 Sed
1053 2508 1079 2563 in
1095 2506 1147 2564 boc
1162 2512 1272 2579 oportet
1284 2507 1339 2565 dun
1353 2508 1531 2582 distinguere:
1544 2525 1631 2567 unum
1645 2518 1689 2570 est

79 2611 125 2655 nata
140 2614 224 2666 causa,
244 2599 367 2668 ratione,
381 2604 410 2653 at
429 2595 520 2665 modo,
538 2604 568 2651 ut
588 2596 613 2651 in
628 2595 729 2653 eisdem
743 2595 848 2652 iuribus
889 2599 926 2670 id,
942 2598 1016 2673 quod
1029 2597 1143 2655 debetur
1156 2597 1271 2669 principi
1285 2599 1392 2654 ratione
1402 2600 1446 2654 sui
1459 2601 1593 2670 muneris,
1605 2607 1634 2658 at
1646 2600 1687 2658 la·

81 2691 240 2761 significatum
260 2704 318 2744 nnn
336 2694 425 2742 tannen
440 2702 519 2758 possa
533 2687 604 2742 iuste
623 2684 775 2742 concedere
789 2684 856 2742 inie-
889 2690 974 2762 boris,
991 2687 1066 2762 quod
1079 2687 1133 2744 dici
1147 2693 1239 2758 potest
1253 2689 1387 2759 pertinere
1400 2687 1435 2745 ad
1454 2689 1596 2747 utilitatem
1612 2692 1683 2766 aius3

80 2779 254 2852 congenerata
270 2777 448 2852 privilegium
462 2774 617 2849 imponendi
633 2777 767 2833 tributum
782 2776 854 2832 iude·
889 2796 952 2837 nam
971 2778 1053 2836 datur
1071 2778 1105 2835 ad
1125 2780 1351 2836 sustentationem
1369 2785 1397 2836 et
1414 2779 1491 2852 quasi
1506 2778 1683 2868 stipendium:

81 2869 201 2942 pendenter
218 2885 299 2926 esua
314 2868 552 2939 approbatione,et
565 2865 719 2923 redundans
731 2867 756 2922 in
769 2865 855 2923 solam
889 2869 962 2927 aliud
984 2875 1043 2941 est,
1058 2867 1132 2942 quod
1152 2869 1340 2925 necessarium
1359 2875 1402 2925 est
1415 2868 1449 2926 ad
1469 2869 1685 2930 subveniendum

81 2961 196 3015 utilitatem
212 2959 296 3030 ipsius
307 2957 533 3026 interioris3esset
542 2955 612 3012 enim
621 2955 672 3012 tale
685 2954 855 3029 privilegium
891 2959 1053 3033 reipublicae
1073 2959 1099 3014 in
1121 2956 1312 3015 occasionibus
1334 2961 1494 3016 necessariis
1515 2963 1686 3019 occurrenti-

81 3051 140 3106 ulde
157 3050 336 3120 perniciosum
352 3047 519 3120 reipublicae
533 3062 566 3103 ac
581 3046 718 3102 communi
733 3047 815 3113 bono,
828 3053 856 3103 et
890 3050 954 3108 bus.
970 3051 997 3108 Si
1016 3064 1083 3122 ergo
1098 3047 1130 3105 de
1144 3047 1262 3105 utilitate
1276 3047 1404 3121 principis
1424 3050 1508 3121 priori
1525 3051 1605 3109 modo
1626 3069 1689 3126 spe·

81 3139 140 3195 ratde
151 3155 300 3212 repugnans
316 3137 463 3208 supremae
478 3137 603 3208 potestati
619 3136 741 3193 eiusdem
756 3136 856 3208 princi·
890 3148 963 3198 etsta
983 3139 1017 3196 sit
1036 3154 1139 3211 sermo,
1161 3139 1233 3194 iusto
1253 3138 1432 3210 imponuntur
1450 3141 1553 3199 tributa
1572 3152 1687 3216 propter

82 3233 126 3301 pis,
140 3237 164 3285 et
180 3230 297 3286 iustitiae
312 3228 453 3301 aequitati,
469 3234 501 3284 ut
518 3233 659 3284 ostensum
673 3233 726 3284 est.
738 3226 856 3300 ideoque
894 3245 974 3290 usum
988 3236 1017 3287 et
1031 3229 1173 3287 utilitatem
1188 3228 1330 3303 principia.
1345 3231 1375 3286 io
1395 3231 1447 3288 hnc
1461 3232 1531 3289 enim
1547 3249 1629 3291 sensu
1646 3234 1687 3293 di-

82 3335 105 3375 ιι
125 3320 145 3375 ri
163 3317 373 3376 consuetudinis
391 3360 399 3388 ,
420 3324 675 3390 quantumcumque
697 3316 853 3390 longaevae,
890 3324 930 3378 nit
944 3321 1046 3377 Paulus
1058 3318 1092 3376 ad
1108 3321 1225 3377 Roman.
1243 3322 1291 3378 ii:
1305 3319 1375 3377 Ideo
1388 3321 1591 3381 enimtributa
1600 3341 1689 3398 proe-

82 3425 195 3483 nunquam
216 3409 404 3482 praesumitur
416 3423 475 3464 esse
498 3406 637 3464 fundatam
652 3408 679 3462 in
699 3407 790 3481 aliquo
803 3407 855 3481 pri·
891 3415 998 3478 stutis;
1010 3416 1037 3466 et
1051 3409 1157 3467 subdit:
1173 3410 1315 3467 Minister
1326 3413 1403 3466 enim
1417 3414 1474 3468 Det
1488 3417 1539 3470 est.
1553 3414 1635 3482 Quasi
1649 3415 1690 3472 di·

82 3501 157 3572 rilegio
169 3501 207 3556 rei
220 3501 291 3556 iusto
306 3499 400 3556 titulo.
417 3501 452 3556 lit
472 3497 539 3554 baec
553 3504 597 3555 est
615 3497 682 3554 ratio
698 3497 851 3570 sufficiens,
891 3509 978 3572 cenet,
992 3501 1096 3558 solvitis
1112 3498 1274 3571 stipendium
1289 3501 1467 3574 principibus,
1484 3504 1550 3576 quia
1564 3505 1682 3564 ministri

83 3599 105 3644 ut
114 3607 153 3662 per
163 3607 220 3647 eam
234 3605 288 3646 non
303 3592 394 3662 possit
408 3589 468 3646 talis
483 3595 603 3661 potestas
616 3589 777 3661 comparari.
891 3592 937 3650 liei
952 3597 1027 3663 sunt,
1044 3593 1076 3646 ia
1085 3590 1141 3647 boc
1154 3593 1253 3664 ipsum
1266 3593 1431 3658 servientes,
1445 3607 1477 3650 ac
1491 3592 1604 3652 subinde
1619 3612 1685 3668 pro·

891 3667 952 3756 pt'er
963 3696 1060 3738 eorum
1075 3680 1266 3737 ministerium.
1281 3681 1310 3736 ln
1325 3679 1374 3737 bac
1390 3688 1482 3739 autem
1496 3683 1613 3742 utilitate
1629 3702 1687 3743 eer-

334 3792 474 3864 CAPUT
496 3793 570 3862 xv·
891 3772 980 3831 rande
989 3775 1032 3832 est
1045 3768 1207 3843 aequalitas,
1220 3775 1249 3826 ut
1262 3769 1366 3828 scilicet
1379 3770 1459 3830 detur
1471 3775 1584 3847 principi
1598 3793 1686 3850 quan.

772 3896 784 3910 ·
891 3870 950 3921 tum
965 3876 1077 3918 necesse
1091 3867 1144 3929 est,
1167 3865 1195 3916 ot
1214 3868 1348 3934 quantum
1362 3861 1441 3920 decet
1455 3864 1529 3921 iuxta
1542 3872 1644 3925 statum
1658 3875 1688 3927 at

82 3991 225 4050 mim
238 3997 266 4050 et
276 3987 471 4062 emmau
481 3992 648 4047 mmm-a
658 3986 700 4047 ad
710 3990 856 4047 mmm
891 3956 999 4013 labores
1014 3954 1085 4024 eius,
1100 3969 1154 4008 non
1170 3967 1234 4007 vero
1249 3952 1305 4008 sine
1322 3969 1450 4010 mensura
1464 3955 1539 4014 iuxta
1556 3960 1687 4032 concupi·

226 4038 233 4060 '
398 4079 510 4136 mm
891 4047 1024 4103 scentiam
1037 4042 1183 4100 eiustddi
1195 4057 1260 4098 vero
1272 4049 1371 4115 potest,
1382 4043 1450 4100 banc
1463 4045 1603 4104 utilitatem
1615 4049 1688 4119 prin·

890 4137 958 4208 cipis
978 4150 1032 4191 non
1053 4149 1114 4190 esse
1136 4135 1246 4190 omnino
1268 4135 1411 4207 privatam,
1431 4134 1479 4192 sed
1499 4152 1685 4214 communem,

890 4227 954 4300 quia
968 4227 1026 4298 ipse
1039 4231 1082 4280 est
1102 4239 1221 4296 persona
1235 4224 1357 4296 publica,
1372 4231 1399 4282 et
1419 4231 1574 4284 sustentare
1593 4227 1680 4302 illum,

336 4276 578 4342 summfium
890 4323 918 4374 et
936 4320 1037 4372 statum
1053 4314 1124 4371 iilius
1140 4315 1240 4371 bonum
1259 4329 1405 4372 commune
1422 4322 1475 4373 est.
1488 4319 1598 4374 Praeter
1612 4319 1686 4378 buno

535 4465 541 4478 ,
558 4467 563 4476 ,
717 4465 722 4478 ,
837 4467 843 4478 ,
891 4412 983 4463 autem
998 4405 1090 4474 finem,
1108 4407 1288 4476 imponuntur
1301 4421 1382 4478 saepe
1396 4405 1486 4478 aliqua
1499 4408 1602 4465 tributa
1622 4427 1687 4481 prn-

82 4464 100 4514 ι.
110 4466 178 4516 Causa
190 4465 271 4518 finalis
284 4473 328 4517 est
346 4464 456 4516 metanda
468 4465 581 4516 conditio
596 4477 749 4528 necessarna,
763 4473 792 4517 ut
810 4473 857 4516 trr-

107 4535 184 4586 bmum
196 4539 228 4588 sit
242 4537 352 4588 iustum.
364 4535 432 4584 *2
447 4537 556 4586 irinum
560 4549 583 4584 m
602 4535 695 4600 pendet
708 4549 722 4585 a
740 4549 815 4587 cansa
828 4537 854 4586 in
890 4504 951 4569 pter
965 4496 1136 4568 insurgentes
1148 4495 1308 4551 occasiones
1324 4502 1352 4550 et
1365 4512 1479 4568 causes3
1497 4496 1570 4555 etde
1586 4499 1626 4555 bis
1640 4517 1686 4558 ra·

107 4605 152 4655 ieri
163 4615 186 4656 ,1
199 4609 359 4658 ,omnm
369 4606 440 4656 -3‚
453 4607 561 4657 bobium
573 4605 606 4656 de
618 4605 855 4658 consuetudine-
891 4603 952 4644 rum
967 4592 1020 4644 est.
1035 4600 1147 4641 causam
1163 4599 1228 4642 esso
1242 4585 1340 4642 debere
1357 4602 1409 4642 oon
1427 4587 1600 4645 commodum
1617 4592 1688 4662 prin·

106 4676 127 4724 t.
140 4677 203 4728 item
215 4678 341 4729 auctoris.
532 4689 538 4704 ·
797 4747 809 4770 ⁴
890 4677 968 4748 cipis,
982 4692 1071 4748 oeque
1084 4675 1203 4734 alicuius
1217 4677 1494 4749 personuepriratac,
1506 4677 1552 4735 aed
1563 4695 1701 4740 commu.

890 4767 980 4823 nitatis
994 4765 1106 4822 bunum.

114 4867 131 4918 t.
145 4862 405 4944 Secundaconditio
420 4863 453 4920 nd
475 4863 603 4920 iustitiam
617 4863 710 4920 tributi
729 4879 854 4921 necessa·
926 4857 1029 4929 Duplex
1039 4871 1104 4929 ergo
1115 4854 1267 4912 immediata
1279 4871 1362 4913 causa
1375 4857 1401 4912 in
1413 4856 1523 4914 tributis
1535 4861 1685 4931 spectanda

85 4953 158 5008 deest
177 4971 259 5011 causa
273 4955 370 5023 linaiis,
386 4969 434 5009 seu
450 4955 527 5009 ratio.
543 4955 582 5009 lta
596 4955 754 5010 sumituren
766 4957 855 5026 capito
889 4957 940 5006 est:
959 4962 1011 5003 una
1036 4949 1173 5019 pertinens
1195 4947 1228 5003 ad
1249 4963 1393 5019 personam
1415 4949 1550 5021 principis,
1572 4957 1603 5006 ut
1622 4953 1685 5011 talis

86 5041 200 5111 Pcmenit,
223 5045 256 5101 de
282 5043 423 5115 censibus,
445 5043 490 5100 ubi
510 5045 592 5099 etiam
612 5044 787 5116 significatur,
808 5059 853 5101 ne·
888 5045 939 5110 est3
950 5038 1002 5096 alia
1012 5045 1140 5110 spectans
1151 5037 1185 5093 ad
1196 5045 1323 5108 sumptus
1335 5040 1543 5095 communesllt
1557 5038 1623 5098 baec
1635 5059 1684 5114 pn·

87 5144 143 5186 cesse
162 5149 229 5204 esse,
244 5149 359 5190 causam
372 5149 432 5190 esse
452 5141 555 5200 notam,
570 5133 633 5206 quia
654 5148 758 5189 census
774 5136 855 5208 ipro·
888 5136 941 5187 test
953 5145 1012 5186 esse
1029 5127 1289 5200 multiplen.Una,et
1302 5127 1376 5184 valde
1390 5130 1608 5196 communisset
1625 5132 1684 5190 bel·

86 5226 178 5279 romae
189 5227 229 5298 (ut
238 5224 274 5281 ibi
286 5223 406 5296 dieitur),
417 5221 443 5279 id
452 5223 590 5294 est,cuius
602 5239 686 5280 causa
698 5224 769 5280 iusta
779 5225 854 5296 igno·
889 5222 957 5288 lum3
969 5227 997 5277 et
1008 5218 1068 5275 idco
1079 5219 1146 5276 dixit
1156 5217 1300 5292 bntgttstin.
1309 5223 1355 5277 22.
1369 5224 1475 5278 contra
1484 5223 1588 5279 Faust.
1598 5237 1624 5278 c.
1635 5225 1681 5298 tl,

88 5315 145 5368 ratur
156 5319 192 5386 lut
209 5314 308 5373 ibidem
322 5314 434 5388 exponit
445 5313 561 5388 Glossal,
575 5311 658 5371 rullo
670 5316 736 5371 tere
754 5313 853 5373 divino
888 5312 989 5370 tributa
1000 5309 1079 5381 solvi,
1088 5315 1120 5366 ut
1136 5309 1234 5367 babeat
1246 5324 1306 5383 rea,
1322 5309 1392 5368 unda
1406 5311 1535 5369 militibus
1548 5311 1682 5387 stipendia
