4190 6234
405 398 446 464 86
1113 415 1262 466 capsur.

364 540 399 600 de
413 542 512 600 simon.
531 557 596 599 cum
612 539 669 600 aliis
684 539 859 614 punientibus
870 538 936 598 illud
946 537 1076 598 delictum
1090 540 1163 598 ultra
1196 542 1252 599 Nee
1275 537 1410 614 obstabit,
1433 536 1507 612 quod
1531 554 1580 612 per
1592 539 1768 598 irritationem
1788 555 1844 598 non
1857 541 1983 602 minuatur

363 633 552 692 irritationem.
566 633 601 689 Et
615 648 648 690 er
662 632 779 688 concilio
794 629 856 688 trid.
870 636 938 688 sess'.
952 635 1000 704 25,
1013 631 1059 688 ubi
1077 632 1165 688 irritat
1198 629 1404 703 patrimonium,
1421 635 1471 686 aut
1487 628 1598 687 tollatur
1612 633 1655 686 ius
1669 633 1837 704 quaesitum,
1853 648 1913 688 narn
1927 635 1983 690 satis
2041 623 2042 680 i

363 721 569 780 matrimonium
591 726 766 778 contractum
786 723 843 777 siue
858 720 979 794 parocho
993 727 1021 776 et
1034 717 1161 792 testibus,
1199 734 1338 793 superque
1362 717 1488 789 sufficit,
1510 717 1585 792 quod
1605 719 1769 792 impediatur
1784 721 1982 794 acquirendum,

362 820 392 870 et
403 814 517 884 iusuper
533 812 668 884 praecipit
682 812 773 883 puniri
787 811 826 868 sle
840 810 1046 882 contrahentes,
1059 817 1089 869 ut
1100 826 1165 882 pos·
1197 809 1240 866 rel
1261 807 1337 883 quod
1358 807 1484 880 privetur
1504 806 1586 864 homo
1601 815 1753 881 potestate,
1768 826 1854 882 quam
1868 810 1944 868 habet
1956 813 1985 870 ad

362 908 405 959 set
425 916 539 974 poenam
561 899 717 974 designare,
739 899 805 958 licet
819 917 872 957 non
887 901 978 958 iaciat.
994 901 1116 974 lienique
1130 914 1164 957 ex
1197 896 1369 956 ellicieadum
1385 896 1470 954 aalide
1485 898 1608 954 actiones
1623 913 1698 956 suas.
1711 899 1779 956 Nam
1795 898 1849 956 hoc
1864 899 1940 958 modo
1953 903 1986 958 lu·

362 1006 388 1048 e.
402 995 429 1050 2.
443 990 477 1046 de
497 989 724 1047 reb.ecoles.non
740 989 818 1047 alien.
828 990 873 1046 ubi
887 997 985 1048 contra
995 991 1106 1064 eos,qui
1119 1006 1162 1046 res
1198 987 1326 1045 habilitas
1340 987 1374 1044 ad
1387 987 1549 1044 beneficium
1565 993 1609 1045 est
1629 1003 1728 1060 magna
1742 1004 1842 1061 poena,
1857 995 1886 1046 et
1898 991 1923 1046 iu
1937 991 1984 1064 leg.
2041 977 2042 1064 l

361 1080 565 1139 ecclesiasticas
590 1079 735 1135 adominls
752 1080 947 1152 temporalibus
965 1083 1127 1152 impetrant,
1139 1086 1167 1138 et
1197 1081 1328 1145 sanctus,
1346 1077 1374 1134 ll.
1388 1076 1421 1133 de
1436 1076 1615 1134 contrahenti.
1632 1084 1718 1150 empt.
1734 1079 1854 1135 irritatio
1867 1079 1987 1136 venditio·
2041 1067 2042 1136 l

362 1171 495 1242 obtinent,
508 1168 618 1225 dicitur:
632 1171 728 1226 Irrita
741 1169 920 1234 habeantur,
933 1185 1011 1242 quoe
1021 1169 1159 1234 obtinent,
1196 1169 1238 1224 nis
1252 1166 1354 1224 dieitur
1367 1182 1455 1238 poena
1468 1167 1629 1240 venditoris,
1641 1169 1747 1225 etiamsi
1762 1183 1791 1224 re
1807 1183 1860 1226 sua
1873 1184 1923 1225 non
1936 1171 1985 1241 pri·

361 1264 389 1318 et
407 1276 428 1317 u
451 1263 654 1316 communione
675 1257 830 1316 Ecclesiae
851 1257 1069 1326 excludentium
1092 1274 1163 1331 quae
1197 1263 1295 1314 retunt
1317 1265 1345 1314 et
1359 1257 1460 1314 similes
1474 1272 1577 1330 poenae
1591 1264 1771 1314 numerantur
1785 1261 1814 1314 iu
1829 1257 1849 1316 Ι.
1865 1262 1985 1322 minoris,
2041 1243 2042 1328 i

361 1350 405 1408 lex
427 1350 549 1422 poenalis
568 1356 611 1406 est
629 1350 721 1422 quoad
740 1365 855 1421 poenam
870 1349 1163 1406 excommunicationis
1197 1349 1224 1406 il.
1241 1347 1274 1404 de
1289 1349 1394 1420 poenis.
1422 1391 1442 1398 ..
2041 1339 2042 1378 i

361 1441 513 1512 terendam,
532 1437 623 1512 quoad
638 1441 757 1511 priorem
772 1455 837 1496 vero
849 1445 955 1512 partem
966 1439 999 1496 de
1013 1439 1163 1512 irritatione
1237 1443 1264 1496 9.
1281 1439 1319 1493 lla
1334 1437 1375 1493 his
1389 1451 1457 1510 ergo
1472 1442 1589 1510 possunt
1603 1435 1681 1495 iacile
1695 1439 1849 1495 sententiae
1864 1436 1988 1496 adductae

361 1546 416 1587 nou
431 1537 475 1587 est
490 1528 621 1601 poenalis,
632 1528 681 1586 sed
695 1529 816 1585 moralis.
830 1531 888 1586 loro
902 1545 991 1602 neque
1002 1536 1045 1587 est
1056 1531 1162 1586 institu·
1200 1525 1357 1596 conciliari,
1373 1541 1435 1583 nam
1451 1525 1586 1583 indefinite
1600 1533 1719 1600 utraque
1734 1544 1833 1586 rerum
1849 1527 1990 1598 diciqneu·

362 1621 417 1678 tiva
437 1619 595 1676 irritationis
609 1665 613 1682 ‚
637 1619 684 1675 sed
704 1618 883 1692 declarativa,
901 1619 964 1692 quia
978 1618 1022 1675 illa
1038 1619 1157 1677 obtentio
1200 1623 1241 1673 tra
1255 1623 1347 1672 eutem
1366 1615 1562 1673 universaliter.
1573 1615 1649 1673 Unde
1661 1632 1731 1690 quae
1745 1617 1822 1688 dicit,
1835 1617 1923 1692 legem
1936 1619 1989 1675 irri-

362 1711 452 1768 luerat
469 1710 561 1782 rapina
576 1708 720 1782 quaedam.
736 1709 805 1766 Nam
822 1709 867 1784 lut
879 1709 915 1767 ibi
929 1709 1042 1784 dieitur)
1059 1711 1105 1783 qui
1119 1713 1159 1767 sie
1197 1713 1297 1764 tantem
1316 1721 1377 1763 esse
1397 1705 1555 1778 poenalem,
1572 1710 1603 1762 ut
1618 1707 1653 1763 stt
1667 1723 1742 1780 vera,
1758 1708 1932 1782 permissive,
1946 1723 1989 1765 seu
2041 1739 2042 1754 .

360 1801 483 1857 obtinent
503 1800 574 1857 bona
593 1798 750 1873 Ecclesiae,
770 1802 910 1873 egentium
924 1799 1105 1859 substantiam
1119 1817 1162 1858 ra·
1196 1797 1379 1867 potentialiter
1392 1803 1435 1852 est
1448 1794 1631 1870 intelligenda,
1644 1795 1670 1852 id
1683 1803 1737 1867 est,
1753 1803 1848 1869 potest
1861 1814 1921 1855 esse
1933 1814 1988 1870 poe·

359 1890 523 1963 pictaeque
540 1888 668 1946 dominus
684 1889 841 1962 temporetis
853 1906 905 1946 non
916 1890 1156 1963 potesttttaroltde
1197 1885 1276 1941 natis.
1292 1886 1367 1952 Quae
1385 1901 1451 1942 vcro
1474 1892 1556 1959 negor
1573 1899 1634 1942 csse
1649 1887 1808 1961 poenatem,
1825 1887 1987 1961 intelligenda
2041 1877 2042 1930 t

359 1979 501 2050 conterre,
525 1994 592 2052 ergo
613 1977 688 2050 quod
709 1979 830 2037 obtentio
845 1979 880 2036 stt
893 1979 971 2036 irrito
985 1996 1038 2036 non
1056 1981 1096 2054 fit,
1112 1979 1161 2038 scd
1196 1980 1240 2030 est
1252 1974 1418 2048 formaliter,
1434 1990 1483 2032 seu
1496 1990 1531 2031 en
1545 1977 1717 2050 necessitate,
1734 1979 1799 2050 quia
1812 1977 1857 2036 lex
1872 1979 1983 2051 irritans,

358 2069 517 2127 declaratur
532 2083 580 2141 per
595 2067 667 2125 illam
682 2068 782 2142 legem.
797 2068 910 2138 Quando
925 2085 992 2145 ergo
1007 2077 1087 2128 actare
1102 2072 1163 2127 irrt·
1196 2071 1230 2122 ut
1250 2063 1311 2121 talis
1332 2070 1389 2136 est,
1404 2081 1457 2120 non
1473 2067 1604 2137 postulat,
1621 2067 1694 2140 quod
1709 2068 1745 2122 sit
1758 2066 1893 2140 poenalis,
1908 2083 1987 2142 neque

360 2166 405 2217 tus
427 2162 467 2216 sic
489 2161 604 2231 punitur
624 2175 673 2231 per
690 2160 788 2233 legem,
808 2159 915 2216 clarum
929 2166 982 2232 est,
999 2160 1086 2233 legem
1100 2176 1162 2218 esso
1196 2154 1248 2210 hoc
1264 2161 1306 2212 est
1319 2154 1356 2211 illi
1371 2155 1603 2212 intrinsecumlit
1618 2157 1746 2213 ituetlam
1758 2155 1838 2212 lacile
1851 2156 1987 2214 solvuntur
2041 2211 2042 2230 ,

359 2251 500 2323 poenalem
523 2249 615 2323 quoad
638 2264 722 2305 norae
747 2264 849 2322 poenae
873 2250 1089 2320 impositionem,
1113 2249 1160 2306 sed
1196 2243 1371 2301 fundamenta
1391 2243 1502 2301 illarum
1522 2245 1695 2317 opinionum,
1713 2247 1850 2304 sicoutro
1864 2262 1912 2320 ea,
1926 2261 1987 2320 quae
2041 2233 2042 2308 i

359 2340 384 2396 id
408 2341 487 2412 quusi
512 2337 728 2395 accidentarium
752 2346 809 2412 est,
828 2354 877 2395 seu
898 2339 1078 2395 adventitium
1099 2339 1159 2396 irri·
1195 2332 1333 2405 diximus,
1356 2333 1540 2406 applicentur.
1557 2336 1620 2390 luru
1640 2335 1713 2390 enirn
1733 2333 1853 2408 allegata
1871 2337 1898 2392 iu
1913 2337 1990 2408 prima

361 2430 465 2502 tationi3
479 2428 581 2486 et‘ideo
597 2429 669 2485 illam
684 2443 800 2500 poenam
815 2427 859 2486 hic
874 2444 927 2484 non
942 2428 1159 2503 consideramus,
1196 2423 1320 2494 opinione
1341 2423 1430 2481 solum
1445 2424 1577 2495 probant,
1593 2423 1771 2480 irritationem
1785 2425 1924 2482 interdum
1936 2442 1988 2483 esse
2041 2419 2042 2462 i

358 2520 405 2576 sed
431 2535 480 2591 per
499 2519 654 2592 generalem
674 2517 827 2574 doctrinam
846 2517 880 2574 de
899 2517 958 2591 lege
980 2519 1087 2589 poenali
1104 2534 1161 2575 me
1195 2529 1320 2585 poenam.
1340 2515 1419 2571 Ratio
1442 2530 1506 2571 vero
1526 2515 1562 2571 ibi
1583 2515 1656 2572 iacta
1678 2515 1797 2589 probat,
1823 2515 1895 2573 hanc
1918 2533 1988 2588 posse

357 2608 449 2665 tieada
465 2615 518 2666 est.
532 2609 644 2682 Agimus
658 2622 724 2681 ergo
744 2608 828 2679 priori
848 2608 928 2665 modo
947 2608 980 2666 de
998 2608 1055 2680 ipsa
1070 2611 1160 2666 irrita·
1195 2619 1255 2661 esse
1278 2619 1408 2676 poenam,
1430 2621 1484 2660 oon
1506 2609 1597 2662 tamen
1617 2609 1805 2662 necessarium
1828 2623 1890 2663 esse
1907 2623 1989 2678 respe-

357 2699 452 2765 tione,
478 2711 549 2770 quae
570 2697 709 2754 interdum
729 2696 755 2752 in
775 2712 890 2768 poenam
905 2699 1054 2769 praecipue
1073 2699 1159 2755 intro·
1194 2699 1271 2750 etum
1293 2709 1412 2766 poenae,
1436 2699 1467 2750 ut
1487 2693 1548 2766 fiat,
1568 2696 1631 2767 quia
1647 2710 1695 2768 per
1709 2695 1842 2752 accidens
1855 2704 1908 2769 est,
1923 2697 1989 2771 quod

357 2788 479 2845 ducitur.
1194 2791 1323 2854 respectu
1337 2783 1455 2840 alieuius
1466 2783 1502 2840 sit
1514 2798 1673 2856 gravamen,
1682 2793 1793 2857 propter
1804 2785 1908 2843 bonum
1922 2803 1989 2844 eom·
2041 2783 2042 2830 l

399 2879 478 2936 8.Siu
494 2883 583 2933 autem
599 2875 707 2948 probari
722 2881 813 2948 potest
825 2875 968 2932 conclusio
984 2876 1156 2949 inductione;
1193 2888 1277 2929 mune
1296 2873 1388 2948 multa:
1402 2875 1562 2947 gravamina
1583 2874 1725 2932 toleranda
1745 2881 1810 2932 suut
1830 2877 1889 2934 sine
1903 2878 1987 2950 culpa,
2041 2889 2042 2922 l

357 2982 419 3023 nam
442 2967 510 3023 inter
534 2965 728 3038 impedimenta
751 2965 917 3022 matrimonii
930 2966 990 3036 illa,
1007 2972 1158 3038 quaesunt
1193 2962 1250 3017 sine
1270 2963 1407 3034 personali
1428 2978 1525 3034 causa,
1540 2980 1590 3020 seu
1606 2964 1724 3022 delectu.
1738 2964 1812 3024 Unde
1828 2983 1885 3023 non
1897 2975 1938 3024 est
1950 2983 1988 3024 rc·
2041 2969 2042 3044 l

356 3059 466 3114 ratione
491 3055 600 3128 delicti,
626 3055 748 3126 poenalia
763 3062 838 3128 sunt,
854 3061 885 3112 ut
899 3061 965 3112 suut
979 3055 1158 3114 uxoricidium
1192 3067 1267 3121 rum,
1290 3069 1400 3109 omnem
1421 3052 1615 3110 inhabilitatem
1637 3069 1769 3126 personae
1789 3071 1853 3112 esse
1868 3073 1985 3132 poenam,
2041 3045 2042 3120 l

356 3162 421 3203 euru
442 3145 640 3218 promissione,
663 3144 827 3201 adulterium
849 3144 1027 3217 cumulique
1048 3147 1157 3202 virente
1193 3142 1330 3200 interdum
1351 3143 1423 3200 enim
1444 3142 1477 3199 ad
1499 3143 1692 3215 perlectionem
1713 3151 1741 3202 et
1759 3153 1865 3204 statum
1887 3147 1986 3220 religio·
2041 3123 2042 3186 i

357 3237 474 3308 coniuge
495 3253 559 3292 cum
581 3237 761 3307 promissione
775 3234 861 3292 lutnri
876 3235 1051 3307 matrimonii,
1064 3241 1095 3291 ut
1110 3235 1157 3291 ha·
1193 3249 1254 3290 sum
1276 3233 1408 3305 pertinet,
1428 3233 1573 3306 aliquando
1588 3251 1656 3291 vero
1676 3241 1718 3291 est
1738 3236 1804 3308 quid
1826 3236 1984 3293 indillereas.

354 3327 453 3384 beatur
474 3327 499 3381 in
521 3331 579 3382 toto
600 3325 678 3381 titulo
692 3324 725 3381 de
739 3340 784 3395 eo,
803 3326 849 3398 qui
864 3325 941 3381 duxit
956 3326 981 3380 in
998 3327 1153 3382 trratrimon.
1191 3324 1232 3380 hd
1254 3323 1487 3379 confirmationem
1509 3340 1573 3379 vero
1593 3324 1628 3380 ibi
1650 3325 1767 3381 additam
1785 3326 1818 3382 de
1835 3329 1988 3398 interpreta-

354 3433 436 3490 quam
458 3415 525 3487 poll.
543 3431 591 3487 per
606 3414 691 3472 adult.
708 3421 735 3471 et
755 3431 815 3486 cup.
832 3418 863 3473 Si
878 3419 997 3484 vivente,
1020 3421 1065 3489 31,
1082 3433 1110 3490 q.
1131 3423 1154 3488 ι,
1192 3414 1265 3468 tione
1287 3411 1355 3484 legis
1375 3413 1521 3484 irritantis,
1547 3413 1671 3470 dicemus
1697 3413 1777 3470 latius
1800 3415 1826 3472 in
1843 3417 1911 3473 libro
1924 3419 1986 3474 lllll.
2041 3459 2042 3486 2

353 3509 394 3563 sic
412 3508 493 3563 etiarn
508 3505 606 3563 electio
620 3505 740 3579 religiosi
755 3506 788 3562 ad
805 3506 1017 3578 praelationem,
1034 3509 1079 3564 cul
1097 3509 1152 3578 lpse
1190 3503 1269 3558 Nunc
1285 3503 1374 3560 solum
1389 3501 1597 3575 respondemus,
1610 3501 1698 3576 legem
1711 3505 1880 3576 irritantem,
1897 3507 1918 3561 si
1933 3507 1988 3562 tue·
2041 3549 2042 3566 .

353 3597 489 3652 consentit
514 3597 571 3651 sine
596 3596 745 3668 superioris
771 3598 814 3652 sui
830 3596 956 3668 licentia,
972 3596 1114 3667 irritatur,
1130 3597 1155 3651 in
1192 3593 1226 3649 rit
1246 3593 1327 3648 simul
1350 3592 1487 3664 poenalis,
1510 3593 1727 3666 restringendam
1745 3609 1820 3650 esse:
1843 3596 1910 3652 alias
1929 3611 1987 3651 roro
2041 3611 2042 3648 3

351 3701 468 3760 poenam
485 3701 551 3742 suae
566 3687 806 3758 praesumptionis,
823 3693 855 3743 ut
868 3701 997 3758 expresse
1011 3687 1114 3742 dicitur
1129 3685 1155 3741 ln
1191 3683 1326 3739 interdum
1348 3683 1455 3740 extendi
1477 3699 1573 3754 posse,
1589 3691 1672 3754 prout
1687 3684 1819 3756 savorem,
1836 3688 1880 3744 rel
1895 3688 1987 3744 utilita-
2041 3713 2042 3778 q

353 3792 414 3848 cap.
426 3779 460 3833 Si
472 3773 636 3846 religiosus,
654 3775 687 3831 de
700 3774 781 3832 elect.
798 3776 823 3831 iu
839 3779 866 3833 li.
878 3775 953 3832 idern
968 3775 1108 3848 colligitur
1121 3791 1152 3830 en
1189 3777 1243 3828 tem
1265 3772 1419 3828 communis
1440 3771 1504 3828 boni
1525 3774 1710 3844 prospexerit:
1733 3765 1929 3848 utaliquando
1948 3793 1987 3832 re·
2041 3783 2042 3832 i

352 3881 415 3937 cap.
427 3863 597 3938 Dispendio,
615 3863 648 3920 de
662 3866 780 3935 rescrip.
792 3867 819 3920 iu
835 3865 916 3935 6,ibi:
930 3863 1031 3922 Simili
1041 3880 1148 3938 poena.
1189 3863 1284 3936 stringi
1303 3877 1396 3934 posse,
1412 3863 1462 3918 nisi
1476 3862 1539 3920 inde
1554 3862 1670 3919 resultet
1683 3863 1784 3936 aliquid
1798 3872 1900 3923 contra
1914 3881 1984 3922 conr·
2041 3899 2042 3942 5

352 3959 379 4014 sl
391 3959 499 4011 corrtru
510 3951 691 4025 hocsemii,
704 3953 997 4026 pontemtremulum
1008 3955 1155 4012 irritatione
1189 3968 1271 4009 mune
1292 3951 1412 4024 bonurn,
1435 3953 1497 4024 quia
1518 3951 1553 4008 ad
1567 3951 1620 4008 hoc
1636 3953 1755 4026 sullicit,
1772 3961 1803 4012 ut
1815 3955 1852 4012 sit
1866 3971 1985 4026 onerosa,

352 4042 499 4103 cuiusdam
515 4044 687 4115 rescripti3et
698 4043 748 4100 alia
759 4043 908 4116 pluraiura
919 4047 1041 4101 citantur
1052 4061 1066 4100 a
1078 4059 1155 4116 prae·
1188 4042 1255 4100 lieet
1276 4041 1397 4114 poenalis
1418 4057 1472 4096 non
1493 4044 1540 4098 sit.
1557 4044 1724 4115 Argumenta
1738 4059 1821 4114 vero,
1837 4051 1866 4101 et
1878 4048 1940 4102 iura
1953 4045 1987 4101 al·
2041 4029 2042 4036 ἵ

351 4136 432 4193 dictis
452 4132 624 4204 auctoribus,
638 4132 743 4204 aliaque
757 4132 879 4204 exempla
892 4133 925 4190 de
941 4133 1089 4189 irritatione
1105 4133 1153 4189 do·
1188 4132 1243 4188 lata
1264 4131 1290 4187 in
1311 4130 1435 4189 secunda
1455 4132 1603 4204 sententia,
1625 4132 1745 4203 probant
1764 4139 1839 4190 reete
1863 4135 1986 4192 irritatio·
2041 4105 2042 4170 i

351 4227 502 4293 nationum,
527 4222 569 4278 rel
588 4223 812 4294 acquisitionum,
828 4222 1014 4294 largitionum,
1032 4231 1081 4279 aut
1095 4223 1152 4278 lru-
1187 4237 1251 4278 uem
1272 4235 1364 4292 posse,
1380 4228 1410 4277 et
1428 4235 1508 4292 saepe
1528 4221 1621 4277 induci
1642 4223 1670 4277 in
1685 4237 1811 4294 poenam,
1827 4239 1884 4281 uon
1899 4231 1984 4281 maren
2041 4225 2042 4292 l

350 4323 449 4373 ctuum
469 4315 621 4387 frequentia
636 4318 714 4381 sunt,
734 4318 762 4368 ct
775 4312 832 4368 aliis
847 4313 914 4368 locis
929 4319 1054 4370 tractata.
1071 4313 1152 4369 lieni-
1188 4311 1239 4367 hoc
1253 4309 1291 4366 illi
1305 4325 1365 4366 esse
1381 4309 1576 4383 intrinsecum,
1592 4326 1643 4366 uec
1658 4311 1684 4366 iu
1699 4311 1859 4371 universum
1875 4315 1912 4371 illi
1926 4330 1986 4371 con·
2041 4301 2042 4370 l

351 4421 405 4479 que
419 4406 528 4478 quoties
540 4403 565 4457 in
577 4403 636 4458 iure
651 4401 761 4457 additur
772 4401 907 4473 particula
918 4405 1095 4474 inpoenum,
1110 4401 1152 4458 rel
1189 4401 1289 4458 venire.
1303 4401 1338 4456 Et
1357 4399 1409 4455 hoo
1432 4404 1538 4454 untrrm
1557 4400 1732 4457 convincitur
1744 4403 1871 4474 exemplo
1888 4405 1986 4475 irregu-
2041 4425 2042 4448 2

349 4497 382 4550 in
395 4492 506 4560 odium,
522 4492 563 4547 rel
577 4493 611 4546 r'rr
624 4493 778 4557 iniurium,
795 4497 825 4547 ut
841 4492 943 4562 in'cnp.
960 4493 1038 4548 Cum
1049 4507 1152 4548 securr-
1188 4491 1301 4547 inritatis
1321 4489 1357 4545 ibi
1378 4487 1511 4558 adducto,
1524 4488 1598 4560 quod
1612 4491 1695 4546 etiam
1710 4491 1819 4564 probat,
1837 4509 1920 4564 posse
1934 4494 1986 4550 dari

350 4583 438 4647 dum.
457 4582 490 4639 de
511 4580 658 4655 praebend.
674 4586 804 4636 censetur
825 4581 941 4637 irritatio
963 4582 1019 4638 fieri
1039 4584 1064 4637 in
1087 4597 1152 4653 poe·
1187 4579 1393 4649 inhabilitatem,
1419 4593 1452 4634 ac
1473 4577 1588 4634 subinde
1609 4579 1811 4654 irritationem,
1837 4598 1911 4655 quae
1935 4597 1986 4638 nou

349 4689 424 4742 nam,
441 4670 588 4745 aliquando
602 4685 667 4726 vero
682 4671 741 4725 siue
754 4668 795 4724 his
811 4669 1001 4741 particul'u,et
1011 4686 1045 4728 err
1058 4669 1150 4742 modo,
1188 4670 1222 4725 sit
1243 4683 1341 4740 poena.
1358 4667 1507 4724 Discursus
1522 4666 1639 4739 denique
1653 4667 1687 4748 ibi
1702 4668 1793 4728 lactus
1803 4655 1947 4728 =convincit
1958 4673 1984 4726 in

350 4779 406 4837 quo
420 4761 520 4830 lentur,
536 4761 602 4816 satis
621 4757 733 4832 intelligi
748 4763 853 4829 potest,
869 4757 921 4814 sub
935 4758 980 4814 illa
993 4758 1150 4817 habitudine
1186 4758 1239 4815 illis
1260 4757 1394 4828 casibus,
1421 4756 1467 4813 ubi
1488 4757 1602 4813 irritatio
1623 4757 1653 4812 lit
1673 4758 1731 4815 sine
1751 4758 1834 4831 culpa
1859 4760 1983 4832 alicuius,

350 4854 426 4910 terri.
439 4835 520 4908 ilatio
543 4865 608 4907 vero
630 4848 706 4906 clara
726 4856 784 4920 est,
806 4849 869 4922 quia
884 4849 999 4904 irritatio
1015 4854 1094 4904 aetus
1108 4856 1152 4906 est
1186 4857 1215 4906 et
1236 4851 1294 4905 sins
1314 4863 1414 4910 causa.
1437 4851 1467 4904 ut
1487 4846 1525 4903 sic
1547 4845 1653 4918 dicam,
1676 4848 1824 4923 personali,
1840 4867 1894 4908 uon
1910 4865 1985 4924 posse

349 4957 479 5015 magnum
498 4953 662 5012 gravamen,
680 4945 708 4994 et
722 4944 813 5010 potest
827 4943 1022 4994 nocumentum
1037 4937 1146 5010 allerre3
1185 4938 1362 4995 irritationem
1381 4951 1442 4993 esse
1464 4951 1589 5008 poenam.
1616 4938 1702 5008 Saepe
1722 4945 1813 4995 autern
1836 4941 1983 5012 imponitur

349 5047 416 5106 ergo
429 5030 463 5087 de
481 5045 510 5087 se
524 5045 585 5086 esse
599 5035 689 5100 potest
702 5027 841 5084 sultioiens
856 5035 988 5100 poena,et
1002 5027 1149 5101 aliquando
1186 5029 1299 5085 irritatio
1320 5023 1499 5099 praecedente
1520 5025 1619 5100 culpa,
1635 5035 1663 5083 et
1676 5028 1779 5084 ratione
1794 5029 1876 5104 illius,
1888 5038 1916 5088 et
1929 5030 1984 5087 ideo
2041 5095 2042 5116 ,

349 5120 479 5180 estralde
499 5117 1152 5192 accommodatadelict03ergopotestperlegem
1187 5125 1254 5176 tunc
1274 5117 1374 5174 merito
1396 5118 1496 5189 imponi
1517 5123 1608 5188 potest
1627 5117 1655 5171 in
1677 5133 1802 5190 poenam.
2041 5119 2042 5124 ’

348 5211 451 5271 intendi
471 5211 522 5268 sub
538 5211 644 5267 ratione
659 5223 780 5281 poenaer
806 5215 873 5264 tunc
888 5223 954 5281 ergo
969 5207 1011 5264 vel
1025 5206 1071 5264 illa
1085 5223 1153 5282 qua·
1232 5212 1275 5266 to.
1291 5207 1368 5266 uduo
1389 5207 1507 5280 deniqne
1527 5205 1672 5280 aliquando
1693 5208 1818 5267 accidere
1838 5225 1937 5283 posse,
1952 5214 1982 5266 ut

351 5311 432 5361 tenus
445 5298 685 5377 irritanshabebit
706 5297 788 5355 simul
799 5298 929 5358 rationem
939 5297 1005 5374 legis
1018 5299 1150 5374 poenalis.
1189 5300 1218 5356 iu
1236 5297 1331 5360 eadem
1346 5299 1406 5374 lege
1421 5297 1534 5356 irritatio
1549 5303 1629 5356 aetus
1643 5297 1759 5375 leretur,
1775 5305 1803 5357 et
1816 5317 1866 5376 per
1880 5317 1910 5358 se
1923 5315 1982 5374 pro·
