4294 6238
942 415 1049 467 aaron
1062 417 1109 468 rr.
1714 397 1772 461 281

157 539 295 608 muta,
312 539 422 598 dmeas:
440 539 533 600 lllom
551 539 619 599 dico
638 541 864 609 rationabilem,
881 559 973 618 prium
1008 549 1156 618 praecepta
1169 545 1260 616 iniqua
1274 558 1327 600 non
1342 543 1386 598 sit.
1399 540 1581 598 Nihilominus
1596 545 1686 596 tamen
1701 539 1747 596 illa
1760 553 1807 596 ra-

156 646 222 686 ποτε
233 631 410 706 inrprobont
426 635 508 689 iuro.
519 632 626 690 Clarius
637 633 734 690 Glossa
747 635 774 689 in
788 649 850 704 cop.
866 632 914 688 Ad
924 649 975 688 no·
1012 636 1049 691 lio
1063 634 1172 692 ridetur
1187 631 1283 691 cilicas
1298 637 1395 688 contra
1408 632 1524 686 Navarr.
1538 635 1597 686 tum
1610 629 1675 701 quiin
1691 629 1810 685 destruit

156 723 282 786 stram,
301 721 415 790 codem,
431 720 515 777 verbo
531 723 702 787 Commu,
720 721 826 778 dicens:
842 726 909 778 Non
922 737 976 777 oa·
1010 721 1217 780 tundamentum
1237 721 1312 792 eius,
1332 727 1364 777 ut
1383 721 1475 776 statim
1491 719 1654 790 ostendam,
1669 725 1728 774 tum
1746 719 1811 790 quia

157 806 202 862 let
218 808 407 864 consuetudo
424 813 531 866 contra
544 814 725 867 cononicam
739 795 969 876 instuctionem,
1009 813 1054 868 illa
1068 812 1174 869 ridetur
1188 812 1304 876 sentire,
1319 808 1548 866 consuetudinem
1560 823 1615 865 oon
1629 823 1690 864 esse
1704 809 1809 864 irratio·

157 903 189 952 ει
203 896 322 954 ridetur
335 899 406 954 sumi
420 914 454 956 ex
469 899 514 956 illo
535 906 627 969 usto,
644 901 672 955 in
685 916 742 972 quo
757 900 893 972 quaedam
908 915 975 956 coa·
1010 902 1124 958 nabilem
1139 904 1166 957 in
1186 901 1282 958 ordine
1295 897 1328 956 ad
1347 900 1390 956 ius
1403 896 1609 968 inducendum,
1624 896 1756 967 nisiquia
1770 896 1811 950 di·

159 986 290 1042 suetudo
312 987 402 1044 minos
420 988 587 1044 rationabilis
601 989 717 1060 dicitur,
732 993 807 1061 quio
818 991 974 1045 canonicis
1012 997 1090 1047 recte
1100 989 1143 1046 vel
1157 987 1288 1046 indirecte
1299 995 1343 1043 est
1356 994 1452 1045 contra
1462 987 1548 1059 legem
1562 983 1690 1054 divinam,
1707 984 1748 1040 rel
1763 1000 1811 1039 na·

159 1075 268 1132 ohaam
278 1079 435 1144 instituas·
448 1093 517 1150 ergo
527 1079 591 1134 satis
604 1085 659 1147 est,
670 1078 900 1135 cousuetudinem
910 1093 972 1134 esse
1011 1077 1126 1135 turalem
1140 1079 1167 1134 in
1186 1078 1292 1134 actibus
1307 1079 1365 1132 suis
1380 1091 1428 1132 seu
1444 1077 1468 1130 io
1489 1077 1548 1146 ipso
1562 1074 1654 1144 lacto,
1670 1081 1699 1128 ει
1714 1074 1739 1128 in
1757 1089 1809 1128 suo

160 1165 286 1230 malam,
302 1166 369 1238 quie
388 1165 555 1237 prohibitam
575 1182 624 1238 per
643 1167 859 1224 ecclesiasticam
875 1167 973 1238 legem,
1008 1167 1186 1224 fundamento
1200 1165 1329 1222 ostendit.

161 1259 196 1308 ut
213 1252 410 1309 irrationabilis
424 1261 581 1312 censeatur.
592 1257 658 1312 lteru
671 1255 809 1328 lacitcap.
825 1257 902 1312 Cum
919 1273 977 1310 non
1052 1261 1078 1316 i.
1094 1257 1223 1314 &cundo
1238 1271 1303 1312 vero
1322 1258 1501 1330 impugnatur
1519 1255 1621 1312 clarius
1637 1253 1681 1310 illa
1704 1259 1812 1308 senten·
1835 1249 1837 1254 ’

161 1338 277 1407 liceat,
295 1341 329 1398 de
349 1345 500 1414 praescrip.
523 1351 660 1416 quatenus
680 1346 795 1410 statuit,
811 1360 870 1400 aron
888 1359 977 1417 posse
1015 1348 1069 1418 tia,
1083 1347 1147 1419 quia
1160 1346 1264 1402 multae
1278 1344 1492 1415 constretudines
1509 1360 1562 1398 non
1577 1343 1728 1398 contrariae
1740 1341 1808 1396 diri-

158 1430 339 1502 praescribi
353 1436 460 1488 contro
472 1430 681 1489 obedientiam.
697 1435 733 1490 Et
745 1433 797 1490 alia
810 1433 898 1488 multa
914 1435 975 1488 iura
1012 1452 1063 1508 no,
1078 1435 1121 1491 vel
1134 1434 1253 1490 naturali
1267 1433 1334 1503 iuri,
1350 1443 1498 1489 censeatur
1514 1433 1539 1487 in
1561 1433 1618 1488 inre
1640 1429 1810 1486 irrationabi-

162 1519 270 1574 similia
284 1535 300 1574 a
313 1519 461 1590 praedictis
474 1521 575 1592 glossis
585 1523 748 1594 allegantur.
763 1525 878 1580 Ratione
891 1525 974 1580 etiam
1011 1526 1063 1594 les,
1076 1539 1130 1580 non
1144 1522 1233 1580 solum
1248 1511 1274 1577 in
1289 1520 1383 1578 ordine
1397 1520 1432 1577 ad
1444 1521 1487 1575 ius
1502 1519 1685 1576 inducendum
1698 1521 1808 1588 propter

162 1610 328 1665 confirmari
343 1617 443 1682 polest,
453 1611 518 1683 quis
528 1613 571 1670 lca
581 1615 655 1670 iusta
665 1619 708 1669 cst
719 1613 896 1683 rationabilis,
904 1628 970 1684 crgo
1012 1628 1158 1672 excessum
1177 1611 1316 1678 bonitatis,
1331 1609 1379 1666 scd
1393 1611 1535 1680 alisolute,
1550 1617 1580 1665 ει
1599 1607 1751 1665 secundum
1766 1623 1808 1674 se,

164 1698 347 1755 cousuetudo
373 1699 412 1755 illi
436 1703 576 1757 contrarie
600 1704 653 1758 crit
674 1702 881 1772 irrationabilis3
902 1695 974 1774 'ergo
1011 1709 1124 1774 propter
1137 1699 1275 1757 delectum
1291 1699 1480 1772 aliqucm,scu
1492 1698 1728 1766 inordinationem,
1740 1712 1811 1768 quac

164 1788 260 1842 omnis
275 1788 540 1860 consuctudomala,
553 1793 609 1848 sive
620 1806 655 1848 cr
666 1799 765 1848 natura
776 1793 830 1863 rei,
843 1795 974 1864 sivoquia
1011 1792 1075 1847 licet
1089 1806 1143 1846 noa
1157 1791 1271 1862 atuogat
1284 1789 1360 1845 illum
1375 1788 1492 1860 gradum
1508 1788 1642 1858 malitiae,
1659 1785 1761 1842 stillicit
1775 1784 1809 1840 od

165 1876 308 1949 prohibita
322 1877 380 1932 iure
391 1876 493 1946 diuino,
507 1880 548 1935 rel
564 1879 693 1952 humano,
707 1881 899 1938 irrationabilis
908 1883 973 1952 erit,
1011 1879 1232 1938 constituendam
1247 1877 1474 1935 consuetudinem
1488 1875 1713 1944 irrationabilem
1729 1889 1811 1946 ergo,

165 1973 196 2022 ει
208 1983 226 2022 ε
242 1981 376 2022 censensu
393 1968 481 2022 oannis
494 1983 549 2023 non
562 1969 698 2040 prohibita
712 1971 764 2026 erit
777 1961 958 2027 rationabilis.
1012 1977 1044 2026 ut
1060 1968 1233 2025 consuetudo
1244 1972 1279 2025 sit
1293 1967 1457 2022 rationabilis
1468 1983 1520 2022 non
1535 1965 1639 2021 sarlhcit
1653 1965 1696 2020 illa
1709 1963 1810 2035 dupilex

211 2061 240 2112 6.
255 2055 309 2111 Sed
325 2055 498 2112 nihilominus
512 2055 574 2113 dico
588 2060 614 2113 in
629 2059 734 2130 primis,
745 2058 974 2114 consuetudinem
1011 2059 1131 2132 negatio,
1149 2073 1199 2114 uec
1214 2057 1288 2129 quod
1302 2057 1337 2112 sit
1352 2056 1433 2123 hona,
1449 2063 1497 2112 aut
1510 2071 1563 2112 εεε
1579 2045 1660 2122 mala,
1679 2060 1813 2126 quantum

171 2138 378 2213 redonabilem,
390 2151 419 2201 ct
431 2145 643 2202 irrationabilem
657 2163 710 2204 non
725 2147 829 2203 directe
843 2147 976 2219 distingui
1011 2153 1054 2202 est
1066 2163 1099 2203 es
1115 2148 1139 2202 ri
1154 2146 1260 2202 obiecti.
1270 2144 1404 2202 Probatur
1415 2145 1579 2200 antecedens
1591 2160 1625 2200 ex
1635 2142 1812 2199 consuetudi·

170 2250 224 2306 pcr
239 2234 304 2302 boc,
320 2232 395 2306 quod
410 2235 479 2304 sint,
496 2234 537 2290 vel
552 2252 605 2291 nnn
620 2238 676 2292 sint
689 2237 841 2307 prohibitae
856 2239 915 2312 iure
930 2253 977 2292 na·
1012 2251 1045 2292 ne
1057 2251 1111 2290 non
1122 2233 1248 2292 servandi
1264 2233 1437 2290 interdictum
1449 2233 1575 2306 generale
1597 2231 1651 2288 loci
1665 2231 1755 2304 quoad
1766 2229 1814 2286 ali·

172 2323 275 2387 turali,
293 2322 334 2377 rel
351 2321 452 2394 divino,
468 2339 519 2379 noc
535 2339 583 2394 per
597 2324 759 2403 bonitatem,
774 2325 816 2382 vel
832 2325 975 2396 malitiam,
1011 2340 1082 2396 quos
1105 2324 1328 2380 circumstantias
1346 2323 1420 2391 eius3
1436 2322 1470 2378 do
1489 2321 1680 2394 conloquitur
1695 2336 1721 2376 c.
1737 2321 1815 2377 Cum

170 2428 260 2484 quem
275 2427 308 2466 cx
324 2411 349 2465 ri
364 2410 504 2482 materiae,
518 2411 562 2468 vel
576 2413 674 2469 obiecti
689 2414 816 2471 habeant.
829 2414 975 2482 Probatur,
1012 2415 1101 2470 tuter.
1122 2411 1155 2468 de
1175 2411 1341 2468 consuetud.
1362 2421 1390 2468 ει
1409 2411 1512 2467 dicitur
1528 2427 1589 2468 esse
1609 2409 1814 2474 irrationabilis,

172 2501 239 2574 quia
255 2499 319 2555 licet
331 2499 417 2555 omnis
432 2515 500 2556 usus
513 2502 671 2558 contrarius
686 2503 739 2558 iuri
752 2501 855 2568 divino,
871 2503 913 2560 rel
929 2519 977 2558 na·
1012 2504 1077 2557 dum
1102 2507 1191 2558 tamen
1211 2500 1275 2556 nihil
1295 2503 1435 2556 contineat
1448 2505 1545 2556 contra
1558 2499 1600 2555 ius
1618 2498 1756 2569 diuinum,
1772 2497 1814 2554 vel

173 2588 269 2658 curali,
285 2587 474 2644 irrationabilis
495 2590 546 2660 sit,
561 2605 614 2644 non
630 2595 719 2646 tamon
734 2591 810 2648 solus
825 2591 882 2648 ills:
901 2590 975 2664 quod
1013 2589 1147 2663 naturale,
1161 2591 1206 2646 ubi
1222 2589 1391 2646 hbhmotab.
1401 2593 1429 2662 3,
1441 2587 1568 2659 advertit,
1578 2603 1687 2645 omnem
1698 2601 1816 2644 consue·

173 2677 288 2736 declaro
301 2677 460 2752 dupliciter.
476 2679 579 2749 Primo,
594 2680 658 2752 quia
673 2681 695 2734 si
710 2679 858 2754 loquamur
871 2680 905 2736 de
922 2697 975 2737 usu
1013 2681 1135 2738 tudinem
1145 2686 1246 2737 cantra
1259 2680 1426 2736 honestatem
1436 2677 1814 2750 esscirrationabilem,iusla

173 2773 301 2838 spectato
314 2768 342 2822 in
357 2765 451 2822 ordine
462 2765 497 2821 ad
507 2765 691 2824 inducendum
703 2769 746 2824 ius
757 2769 976 2843 consuetudinis,
1013 2786 1077 2843 cap.
1093 2773 1170 2828 Cum
1183 2767 1331 2836 ducerem,
1349 2767 1382 2824 de
1398 2769 1445 2824 vit.
1461 2776 1490 2826 et
1503 2767 1611 2824 honest.
1623 2766 1718 2824 cleric.
1733 2765 1814 2823 lntel-

174 2857 216 2912 sic
228 2855 327 2928 aliquis
345 2872 424 2926 usus,
437 2871 487 2912 seu
501 2855 672 2913 cousuetudo
686 2863 846 2928 potestesse
857 2856 977 2930 undique
1014 2861 1074 2934 ligit
1090 2865 1184 2917 autom
1198 2866 1295 2915 contra
1310 2858 1491 2926 honestatem,
1508 2856 1534 2913 id
1548 2863 1591 2912 ost
1605 2863 1703 2912 contra
1717 2855 1816 2912 decen·

175 2943 294 3000 honesta
310 2946 337 2998 in
358 2944 448 3015 lacto,
467 2950 495 3001 ει
514 2944 539 3000 ιε
558 2943 651 3002 ordine
672 2945 706 3002 ad
727 2947 769 3001 ius
791 2945 976 3003 inducendum
1014 2951 1095 3020 tiam,
1117 2964 1188 3021 quae
1203 2963 1258 3005 uon
1280 2963 1388 3018 semper
1400 2945 1517 3004 includit
1538 2943 1638 3017 aliquid
1653 2950 1754 3000 contro
1773 2943 1816 3000 ius

174 3048 238 3088 esse
254 3033 454 3102 irrationabilis,
467 3047 522 3088 non
536 3035 601 3105 quia
615 3034 642 3088 in
657 3032 777 3090 bonitate
791 3034 909 3106 deficiat,
924 3032 974 3090 scd
1012 3037 1153 3108 divinum,
1168 3037 1209 3093 rel
1228 3037 1364 3094 naturale.
1379 3039 1415 3094 Ut
1428 3053 1455 3092 v.
1471 3051 1498 3109 g.
1514 3033 1588 3108 quod
1608 3033 1668 3090 laici
1682 3035 1708 3089 in
1728 3031 1814 3089 choro

176 3122 280 3192 potius,
298 3129 328 3177 ut
343 3121 379 3176 ita
392 3119 493 3185 dicam,
508 3123 572 3194 quia
585 3121 709 3178 excedat:
720 3122 787 3180 'talis
801 3128 894 3180 sutem
909 3137 977 3179 con·
1013 3126 1127 3184 sedeant
1150 3143 1216 3183 cum
1236 3125 1362 3198 clericis,
1377 3140 1431 3182 nou
1445 3131 1488 3182 est
1507 3119 1660 3181 contraius
1680 3121 1813 3190 divinum,

177 3209 298 3268 suetudo
319 3216 431 3266 nonest
449 3211 604 3266 contraius
624 3209 763 3280 naturale,
779 3210 822 3268 vel
842 3210 977 3283 divinum,
1013 3217 1055 3274 vel
1076 3216 1215 3287 naturale,
1230 3221 1258 3272 ει
1278 3221 1368 3272 ιειεεε
1383 3213 1544 3272 indecorum
1562 3219 1622 3282 est,
1637 3218 1665 3269 ει
1687 3211 1747 3268 ideo
1761 3225 1814 3266 non

137 3367 146 3382 .
175 3300 294 3370 directe,
314 3299 355 3354 vel
373 3299 521 3371 indirecte,
535 3315 612 3373 ergo.
629 3299 713 3356 llaior
726 3306 801 3371 patet
813 3298 847 3356 de
861 3315 978 3358 consue·
1012 3313 1105 3379 potest
1119 3303 1318 3362 consuetudine
1332 3302 1561 3361 introducildom
1576 3307 1690 3359 censent
1702 3303 1816 3358 canoni-

178 3389 272 3446 tudine
287 3388 412 3446 audiendi
424 3391 535 3445 missam
547 3390 666 3462 quotidie
677 3405 693 3445 a
705 3396 762 3446 toto
774 3389 874 3460 popolo
885 3389 979 3446 ohser-
1013 3403 1070 3453 stae
1083 3395 1117 3453 de
1131 3394 1331 3452 consuetudine
1341 3393 1455 3450 venandi
1466 3407 1552 3448 cansa
1565 3391 1711 3461 voluptatis
1721 3391 1746 3445 in
1757 3390 1814 3446 010.
1856 3437 1858 3443 .

177 3485 255 3549 vato,
272 3494 342 3550 quac
356 3479 546 3536 honestissima
559 3486 612 3548 cst,
628 3486 656 3534 ει
669 3481 692 3535 ει
707 3479 781 3534 ficret
796 3479 884 3534 auimo
899 3477 978 3534 indu·
1013 3487 1089 3556 sicis,
1104 3491 1137 3540 ut
1150 3486 1224 3540 loon.
1238 3482 1322 3539 hadr.
1335 3483 1361 3537 iu
1375 3486 1438 3538 ει,
1452 3481 1485 3538 de
1500 3480 1567 3538 cler.
1582 3485 1673 3535 venat.
1685 3485 1714 3534 et
1727 3478 1815 3535 mulin

178 3567 259 3624 cendi
279 3569 337 3638 ius,
353 3565 443 3639 quoad
463 3567 490 3622 id
508 3565 695 3638 imprudenter
709 3567 800 3640 lieret,
815 3581 847 3622 ao
862 3565 977 3623 subinde
1013 3574 1109 3630 similis
1123 3571 1333 3629 relcrtRochus
1346 3572 1374 3625 in
1388 3570 1514 3641 capuit.
1531 3569 1564 3624 dc
1582 3573 1708 3623 consuet.
1723 3583 1749 3621 n.
1765 3570 1811 3623 30.

177 3655 370 3714 irrationabilis
388 3653 440 3710 suh
454 3670 486 3710 ea
501 3655 602 3710 ratione
617 3654 671 3711 dici
685 3663 792 3726 posset,
808 3661 836 3712 ει
850 3654 920 3712 idem
934 3661 978 3712 εει
1013 3662 1119 3718 Diceret
1131 3657 1451 3728 tamenNavarrus,haec
1465 3665 1494 3714 et
1505 3655 1599 3712 similia
1609 3670 1670 3711 esse
1681 3653 1813 3710 indirecto

176 3745 202 3800 in
219 3744 361 3801 similibus.
373 3745 445 3800 llaec
457 3759 521 3798 vero
532 3746 601 3800 ratio
613 3760 666 3800 uon
677 3745 902 3817 convincit,quia
917 3745 980 3802 talis
1014 3757 1113 3806 contra
1131 3749 1216 3821 legem
1231 3748 1274 3804 vel
1294 3747 1430 3816 divinam,
1447 3745 1489 3802 vel
1510 3743 1671 3800 naturalem.
1686 3741 1739 3798 Sed
1761 3741 1813 3798 huc

177 3833 352 3890 consuetudo
371 3848 424 3889 uon
438 3839 481 3888 est
494 3832 694 3905 irrationabilis,
710 3833 757 3890 sed
771 3834 885 3890 intentio
898 3833 979 3890 indu·
1014 3855 1067 3895 non
1088 3837 1237 3907 satisfacit,
1253 3842 1311 3893 tum
1327 3835 1391 3908 qnia
1405 3833 1534 3907 explicari
1555 3833 1621 3888 satis
1636 3847 1689 3887 aon
1710 3836 1813 3903 potest,

177 3923 257 3980 cendi
271 3922 465 3996 obligationem
482 3937 531 3994 per
544 3920 634 3992 illam,
650 3938 700 3978 serr
714 3921 748 3978 ad
762 3921 834 3979 illam
849 3929 892 3978 est
909 3923 979 3979 irra·
1014 3929 1110 4000 innuo
1132 3928 1267 3984 consistat
1288 3924 1352 3982 illud
1372 3919 1526 3984 brdt'recte
1548 3937 1612 3978 curn
1638 3927 1727 3977 totum
1748 3918 1814 3975 illud

178 4011 327 4082 tionabilis,
343 4017 371 4068 ει
394 4018 425 4067 ut
440 4011 479 4066 sic
498 4009 550 4066 diei
564 4017 656 4082 potest
669 4018 765 4067 contra
784 4010 909 4068 naturale
923 4010 978 4067 ius.
1014 4017 1116 4073 lactum
1131 4017 1217 4086 possit
1230 4016 1382 4071 consistere
1396 4012 1453 4068 sine
1469 4011 1614 4068 violatione
1628 4009 1695 4081 legis
1708 4007 1815 4064 divinae

178 4103 257 4158 Sicut
269 4101 311 4156 lex
327 4099 441 4170 positiva
455 4099 481 4154 id
499 4100 669 4172 praecipiens
684 4116 738 4156 non
752 4105 826 4157 essct
839 4098 873 4156 de
892 4107 979 4158 matc-
1015 4111 1063 4163 aut
1079 4105 1222 4176 naturalis,
1235 4111 1293 4160 tum
1308 4104 1373 4176 quia
1384 4102 1470 4176 magis
1484 4100 1591 4158 videtur
1607 4114 1668 4154 esse
1684 4096 1814 4154 indirecte

179 4192 219 4247 ria
232 4187 409 4246 irrationabili
433 4187 460 4242 in
479 4203 508 4244 so
521 4191 595 4260 ipsa,
610 4196 700 4245 tamen
716 4188 758 4246 lca
777 4194 852 4245 asset
870 4189 979 4246 irratio·
1014 4178 1114 4252 contra
1132 4193 1174 4249 ins
1193 4192 1317 4249 naturale
1332 4207 1402 4262 opus
1414 4189 1588 4262 'prohibitum
1606 4186 1663 4260 loge
1684 4186 1814 4258 bumana,

178 4279 292 4349 cubilia,
316 4285 346 4334 et
365 4283 396 4333 ul
419 4276 460 4332 tic
479 4283 552 4334 esset
564 4283 663 4333 contra
676 4277 829 4334 naturalem
844 4279 977 4335 talionem
1014 4298 1080 4340 cum
1092 4282 1134 4338 ius
1149 4278 1276 4337 naturale
1288 4279 1437 4351 praecipiat
1449 4277 1639 4350 superioribus
1657 4274 1777 4344 obedire,
1788 4281 1817 4330 ει

179 4375 208 4424 ει
221 4365 404 4438 prudentiam.
421 4365 500 4432 Quod
519 4365 540 4420 si
560 4364 612 4420 suh
625 4380 658 4421 ea
677 4367 782 4422 ratione
795 4364 906 4422 dicatur
923 4381 980 4422 ma·
1015 4377 1105 4442 tarum
1117 4371 1318 4442 ipscliavarrus
1329 4375 1421 4440 negat,
1431 4367 1503 4424 illam
1519 4365 1744 4424 consuetudinem
1754 4379 1815 4420 esso

179 4455 248 4510 tcria
262 4453 305 4509 illa
321 4453 526 4523 irrationabilis,
543 4467 595 4509 noa
610 4454 674 4526 quia
687 4453 775 4524 mola,
791 4454 839 4512 sed
854 4454 917 4528 quia
930 4456 980 4510 im·
1015 4457 1136 4530 directe,
1151 4456 1194 4514 vol
1213 4456 1344 4513 indirecta
1362 4457 1517 4512 contraius
1537 4453 1677 4524 naturale,
1694 4453 1734 4508 rel
1749 4451 1816 4518 disi,-

178 4543 384 4614 proportionots
396 4542 429 4598 ad
444 4541 531 4614 legem
543 4555 729 4613 communem,
743 4543 825 4601 etiam
838 4544 883 4599 illo
899 4543 982 4600 modo
1015 4563 1094 4618 num;
1109 4552 1167 4604 turn
1182 4545 1300 4618 denique
1310 4544 1374 4617 quia
1388 4543 1491 4601 saltem
1500 4541 1687 4612 concluditur,
1699 4555 1816 4596 consue·

179 4638 318 4704 repugnat
329 4630 426 4687 rationi
441 4629 560 4686 naturali
573 4629 761 4700 dictantium
776 4648 885 4689 omnem
896 4639 981 4690 mate·
1015 4635 1137 4694 tudinem
1157 4634 1231 4691 illam
1247 4649 1301 4691 nou
1320 4648 1380 4689 εεεε
1401 4631 1499 4710 malam
1529 4647 1560 4688 ex
1583 4631 1608 4686 vi
1627 4629 1773 4700 materiae,
1788 4635 1815 4684 ει

179 4721 247 4776 rium
268 4719 411 4776 honestam
425 4701 485 4774 css'e
504 4718 642 4775 materiam
657 4718 725 4793 legis
744 4721 894 4777 humanae:
911 4720 980 4776 idem
1016 4724 1126 4795 obiecti,
1140 4730 1169 4780 ει
1183 4723 1358 4778 nihilominus
1372 4721 1586 4778 irrationabilem
1603 4718 1736 4791 reputari.

180 4816 270 4864 autem
282 4823 348 4864 cum
363 4807 540 4878 proportione
554 4814 597 4863 cst
610 4807 644 4864 do
658 4809 716 4866 iure
731 4809 815 4866 tacito
826 4817 978 4866 consuctu-
1058 4820 1085 4872 8.
1100 4812 1219 4869 Tandem
1229 4809 1437 4868 fundamentum
1445 4811 1560 4867 Navarri
1575 4815 1671 4865 contro
1682 4808 1758 4864 illurn
1772 4819 1815 4862 rc·

178 4897 265 4964 dinis,
281 4903 311 4953 ει
327 4895 361 4952 dc
375 4910 505 4967 expresso
526 4896 602 4970 legis.
620 4895 715 4953 Solum
734 4914 799 4972 crgo
814 4897 857 4954 illa
876 4899 982 4955 rationo
1016 4903 1142 4975 torqueri
1157 4907 1267 4973 potest,
1283 4899 1382 4955 salsum
1395 4905 1439 4956 est
1460 4900 1549 4971 enim,
1566 4898 1653 4972 legem
1668 4897 1816 4952 humanam

180 4985 324 5058 probatur,
343 4999 424 5056 posse
435 4986 478 5040 ius
493 4985 700 5042 consuetudinis
711 5001 771 5042 csse
786 4985 980 5056 irrationabile,
1016 5005 1096 5060 posse
1109 4989 1267 5061 praecipere
1278 4987 1410 5061 quidquid
1421 5003 1475 5044 non
1486 4993 1623 5060 repugnat
1635 4986 1686 5058 legi
1697 4983 1813 5066 diuinae,

180 5090 211 5130 ac
233 5072 347 5129 subinde
367 5073 471 5130 nullum
484 5117 491 5146 ,
506 5074 569 5130 licet
589 5075 763 5132 consuetudo
777 5075 931 5134 sectandum
952 5091 982 5132 sc
1016 5079 1057 5134 vel
1072 5079 1198 5136 naturali:
1214 5093 1278 5134 nam
1292 5077 1356 5134 licet
1369 5093 1423 5133 non
1438 5077 1524 5147 possit
1540 5077 1696 5147 praecipere
1712 5071 1813 5144 aliquid

182 5161 374 5221 irrationabilis
389 5165 504 5231 nonsit,
519 5163 567 5221 sed
583 5163 791 5237 honestissima,
808 5164 882 5238 quod
898 5165 982 5222 veris·
1015 5170 1056 5224 eis
1071 5183 1247 5240 repugnans,
1263 5181 1317 5223 non
1332 5165 1390 5222 ideo
1405 5173 1495 5236 potest
1511 5167 1669 5236 praecipere
1684 5161 1816 5234 quidquid

181 5253 280 5310 simum
301 5258 355 5322 est,
376 5252 449 5308 sicut
469 5259 638 5323 potestesse
659 5254 701 5312 lcs
722 5253 829 5326 iniqua,
851 5253 915 5312 licet
936 5269 979 5311 res
1016 5257 1054 5312 eis
1068 5271 1120 5312 noa
1142 5261 1286 5327 repugnat,
1304 5263 1334 5312 ut
1354 5269 1437 5325 supra
1456 5253 1560 5310 dictum
1579 5253 1681 5308 est..Et
1701 5257 1775 5322 patet
1791 5250 1816 5302 in

261 5362 394 5415 sumendis
407 5363 628 5416 tonum-Parsa.
1092 5387 1095 5391 -
1618 5359 1643 5399 ad
