4284 6246
887 381 1043 436 4444444.
1677 371 1737 437 484

138 515 189 576 tius
203 517 232 574 in
246 513 334 573 dubio
349 511 486 586 declarat,
500 511 574 571 illam
589 525 724 586 cessasse,
740 524 794 568 noa
809 514 900 566 autem
915 507 941 564 ia
980 515 1032 566 art.
1048 512 1075 568 4.
1091 507 1273 583 intellexisse,
1293 511 1322 568 ln
1344 511 1436 588 legum
1450 513 1613 574 relaxatione
1627 514 1717 574 solum
1731 513 1779 572 bn·

136 610 223 680 rigore
245 605 342 662 aulert
361 603 444 660 illam.
466 601 634 675 Dispensatio
649 608 754 672 autem,
768 598 802 657 de
817 614 873 673 qua
889 604 943 654 tra·
977 597 1040 656 bere
1054 598 1147 658 loeum
1159 601 1407 672 interpretationem
1418 606 1444 661 ia
1456 620 1525 663 casu
1535 605 1631 676 dubio,
1645 621 1700 663 aon
1712 620 1778 664 4444

137 704 259 769 eumue,
276 695 409 768 supponit
422 693 612 768 obligationem
628 693 713 766 legis,
728 693 812 748 etiam
827 695 943 763 certam,
978 689 1128 762 rigorosam
1148 687 1376 762 dispensationem
1397 709 1445 766 per
1460 695 1624 753 ablationem
1639 695 1780 769 obligatio·

137 795 165 845 et
182 787 272 844 444444
293 783 327 842 ad
343 782 490 841 tollendam
510 783 721 856 obligationem,
742 779 846 837 etiamsi
866 793 944 851 prae·
978 777 1020 834 nis
1035 785 1111 836 certo
1127 781 1346 854 praeexistentia,
1362 789 1394 840 ut
1409 767 1539 858 aliquiilli
1550 788 1703 858 imponunt,
1714 793 1742 842 et
1751 785 1779 842 ia

139 877 248 934 existat.
264 874 341 936 Unde
361 875 408 943 tit,
423 879 455 931 ut
468 873 494 930 in
508 873 567 946 lege
581 872 670 929 divina
684 871 783 928 babeat
798 869 891 926 locum
905 869 946 924 in·
978 867 1102 927 eamdem
1118 871 1283 932 sententiam
1298 872 1432 946 allegetur
1446 875 1590 932 Caietanus
1604 874 1668 932 ibid.
1684 880 1713 932 et
1726 879 1780 932 rin·

141 966 303 1040 terpretatio
323 948 455 1034 bominis,
475 965 557 1020 etism
572 965 598 1020 ia
613 978 681 1020 casu
695 960 796 1028 dubio,
812 975 864 1016 aon
880 973 945 1016 sero
980 965 1038 1016 ton.
1055 963 1079 1017 t.
1096 975 1124 1031 p.
1141 960 1181 1015 tit.
1201 961 1248 1033 47,
1263 965 1276 1036 ς
1289 967 1337 1020 2ο.
1353 962 1513 1021 Incredibile
1528 962 1674 1038 linquaml
1689 970 1741 1035 est,
1754 964 1780 1020 44

139 1055 325 1128 dispensatio,
341 1061 372 1110 ut
386 1053 455 1111 inira
469 1052 517 1110 lib.
529 1053 585 1110 llll.
601 1051 709 1124 dieam3
726 1057 753 1108 at
766 1065 830 1106 tero
845 1049 872 1104 in
887 1047 946 1120 lege
981 1063 1011 1104 re
1030 1054 1084 1104 tem
1105 1047 1182 1105 clara
1195 1047 1262 1107 tales
1279 1051 1439 1126 theologos,
1455 1061 1483 1110 44
1496 1054 1655 1126 praesertim
1668 1054 1696 1111 d.
1711 1052 1782 1110 'lito-

140 1147 261 1204 bumana
276 1158 331 1200 444
346 1144 535 1215 interpretatio
550 1148 657 1199 tantum
671 1143 697 1199 ia
711 1157 779 1200 casu
789 1139 884 1210 dubio,
899 1137 947 1196 sed
980 1151 1054 1194 mam
1066 1137 1260 1196 halluciaasse.
1273 1141 1351 1200 Unde
1362 1142 1389 1201 d.
1403 1143 1520 1200 ’4444444
1532 1125 1714 1217 quodlibti,
1727 1147 1779 1199 art.

139 1238 223 1294 etiam
237 1233 429 1306 propriissime
443 1232 611 1306 dispensatio
621 1233 648 1288 44
667 1231 794 1298 casibus,
807 1229 831 1286 in
846 1228 948 1302 quibus
986 1232 1030 1288 ts.
1045 1241 1173 1299 expresse
1191 1227 1276 1287 dicits
1297 1234 1489 1306 Dispensatto
1502 1233 1640 1290 bernano
1653 1247 1714 1288 non
1725 1225 1782 1290 444-

141 1326 175 1384 44
196 1324 395 1398 praeexistente
415 1323 481 1395 legis
495 1321 657 1395 obligatione
676 1320 752 1378 nulls
769 1323 875 1392 poterat
888 1331 947 1375 esse
974 1314 1041 1389 sert
1061 1315 1192 1390 ligamen
1213 1317 1283 1390 lepis
1303 1319 1467 1381 naturalis.
1491 1319 1543 1380 sed
1558 1325 1709 1396 positivae.
1726 1323 1782 1379 llu-

142 1415 288 1482 dubitatio,
304 1411 420 1468 concedi
434 1426 482 1482 per
496 1410 631 1468 homiaem
646 1416 747 1482 potest.
983 1407 1055 1463 44444
1075 1414 1166 1464 autern
1188 1407 1302 1482 ligamen
1324 1426 1378 1467 noa
1393 1418 1435 1468 est
1448 1413 1632 1485 interpretari.
1647 1414 1715 1470 ltem
1729 1410 1781 1468 boe

181 1509 211 1563 2.
226 1505 263 1560 Et
280 1502 392 1576 quidem
411 1501 485 1574 quod
505 1499 539 1558 ad
555 1516 613 1558 rem
629 1507 746 1573 spectat,
762 1499 855 1556 nullus
870 1496 949 1553 dubi·
984 1496 1066 1555 modo
1084 1497 1165 1554 etiam
1186 1506 1276 1570 potest
1289 1500 1475 1572 interpretatio
1488 1502 1607 1560 humana
1626 1502 1783 1559 authentica

143 1601 203 1651 4444
215 1600 307 1666 petest
317 1636 325 1665 ,
335 1593 403 1668 quia
414 1591 543 1664 obligatio
554 1591 623 1665 legis
640 1590 772 1647 humanae
784 1599 860 1645 certo
871 1604 950 1660 prae·
984 1586 1092 1645 auterre
1117 1587 1318 1660 ligamentorio
1332 1591 1464 1647 naturalis
1477 1593 1505 1649 in
1519 1609 1588 1650 casu
1601 1593 1699 1661 dubio,
1715 1598 1744 1648 et
1755 1591 1783 1647 ia

144 1686 281 1753 existens,
296 1689 326 1740 et
341 1683 427 1754 ligans
442 1681 522 1737 talem
537 1695 693 1753 personam,
708 1679 794 1752 possit
808 1692 855 1748 per
870 1679 952 1748 su'pe·
985 1677 1058 1736 dicta
1072 1685 1178 1750 quaest.
1196 1683 1244 1749 96,
1261 1685 1314 1736 444.
1326 1683 1353 1738 6.
1367 1665 1400 1737 ad
1413 1686 1440 1739 3.
1452 1689 1534 1757 negat
1544 1682 1642 1741 cadere
1653 1685 1679 1739 in
1691 1683 1734 1739 ias
1744 1680 1785 1737 di·

146 1776 249 1830 riorem
270 1788 304 1830 ex
325 1786 411 1828 causa
431 1769 547 1841 auferri,
563 1776 689 1826 manente
703 1767 868 1840 obligatione
884 1765 950 1838 tegis
985 1769 1077 1824 vinum
1091 1767 1335 1839 dispensationem,
1354 1787 1420 1828 cum
1433 1777 1524 1829 tamen
1537 1771 1563 1830 id
1577 1789 1631 1829 aon
1645 1777 1737 1844 posset
1750 1769 1785 1828 de

144 1865 172 1919 in
192 1863 300 1934 reliqua
319 1855 531 1918 communitate.
553 1860 593 1915 lta
611 1861 797 1914 communiter
810 1855 948 1912 doctores.
984 1857 1206 1931 interpretatione
1226 1873 1335 1932 negare.
1353 1860 1427 1920 idem
1442 1862 1524 1920 latius
1538 1862 1659 1936 quodlib.
1676 1864 1711 1931 4,
1728 1865 1781 1916 444.

145 1953 181 2010 Et
194 1953 315 2025 primum
331 1949 442 2024 allegari
457 1953 694 2020 possuntomaes,
710 1945 805 2019 quide
821 1952 883 2002 voto
897 1945 950 2000 hoc
990 1953 1033 2008 43.
1055 1950 1177 2024 benique
1195 1950 1221 2004 44
1235 1954 1268 2020 4,
1284 1949 1312 2006 d.
1331 1955 1377 2022 88,
1392 1969 1420 2026 q.
1441 1957 1465 2024 t,
1482 1959 1534 2010 ert.
1551 1957 1586 2022 4,
1602 1965 1730 2024 expresse
1744 1948 1784 2005 di·

146 2045 286 2113 asserunt,
308 2055 379 2113 quos
392 2036 476 2094 retuli
490 2036 535 2094 lib.
549 2041 576 2094 6.
594 2036 627 2093 de
642 2043 718 2105 vole,
733 2050 796 2106 cap·
809 2039 837 2094 9.
853 2032 952 2090 Deinde
988 2040 1103 2111 stinguit
1122 2038 1349 2109 dispensationem
1365 2057 1414 2113 per
1427 2042 1540 2100 modum
1555 2041 1727 2099 relaxationis
1742 2039 1784 2095 iu·

146 2125 253 2204 delege
272 2129 343 2188 idem
358 2127 471 2186 traduat
481 2131 584 2184 baran.
601 2127 666 2195 441,
682 2123 710 2182 d.
728 2127 761 2182 47
767 2165 775 2208 ,
793 2140 821 2196 q.
836 2128 866 2193 4,
882 2139 910 2179 4.
924 2125 951 2194 6,
987 2131 1044 2199 444,
1067 2127 1109 2184 444
1125 2143 1173 2200 per
1187 2128 1300 2186 modum
1314 2128 1518 2203 declarationis,
1534 2137 1561 2189 et
1574 2133 1689 2204 primam
1704 2129 1786 2186 etiam

147 2220 277 2282 liiabard.
296 2221 321 2275 44
336 2223 370 2288 4,
385 2217 413 2275 d.
433 2221 478 2288 47,
494 2223 545 2274 art.
563 2220 592 2288 2,
608 2232 636 2289 q.
656 2217 683 2288 7,
698 2217 775 2272 Scot.
793 2215 818 2269 44
834 2219 867 2282 3,
887 2211 951 2270 dist.
988 2217 1108 2275 admittit
1127 2220 1155 2273 irt
1176 2215 1264 2289 roto,
1278 2225 1306 2274 44
1326 2219 1352 2274 iu
1373 2218 1446 2277 dicto
1461 2236 1523 2294 cap.
1541 2226 1569 2280 8.
1585 2219 1699 2289 ostendi,
1716 2232 1787 2275 auo·

149 2307 388 2385 emeliorasti.
405 2315 464 2364 444.
482 2311 511 2378 3,
527 2307 592 2364 Sota
608 2305 653 2362 lib.
674 2308 698 2361 4.
714 2302 857 2360 delectit.
876 2318 905 2376 q.
923 2304 951 2372 7,
989 2323 1072 2381 quam
1088 2307 1116 2364 d.
1132 2307 1264 2364 Thomam
1277 2315 1400 2366 mutasse
1415 2310 1488 2367 illam
1504 2313 1675 2382 sententiam,
1689 2315 1716 2365 et
1729 2322 1787 2363 mo-

149 2411 202 2462 444.
221 2406 254 2472 3,
276 2399 402 2458 Ledesm.
423 2399 450 2454 in
463 2401 496 2468 4,
512 2401 542 2456 2.
557 2395 586 2453 d.
601 2411 629 2467 q.
648 2399 681 2466 5,
700 2399 754 2450 art.
772 2396 804 2465 6,
818 2398 847 2449 44
860 2407 888 2464 q.
909 2394 952 2463 47,
988 2396 1056 2454 dum
1077 2396 1207 2470 loquendi
1228 2399 1288 2455 eius
1309 2399 1336 2454 in
1357 2400 1402 2457 illa
1423 2403 1537 2458 materia
1551 2399 1698 2458 declarari.
1714 2397 1788 2455 ldem

149 2501 203 2550 art.
218 2497 248 2558 3,
259 2491 359 2562 optime
370 2489 572 2546 turrecremat.
586 2486 613 2540 ia
626 2499 687 2556 cap.
699 2485 782 2542 dicet
792 2481 952 2556 quaedem.
991 2502 1057 2559 ergo
1079 2502 1095 2543 o
1116 2485 1221 2543 fortiori
1243 2489 1329 2544 sensit
1347 2487 1381 2546 de
1396 2489 1470 2562 lege,
1486 2493 1565 2546 etita
1579 2491 1658 2546 etiam
1674 2486 1787 2544 indicto

149 2583 177 2642 d.
198 2587 252 2652 44,
268 2587 297 2637 44
310 2579 336 2636 ia
349 2586 366 2646 s
378 2580 437 2635 atsi
450 2580 546 2650 rigor,
571 2581 632 2647 poet
654 2589 714 2645 cap.
732 2574 907 2646 disquiritis,
928 2575 953 2641 t,
989 2576 1107 2632 articulo
1124 2580 1150 2633 s.
1168 2576 1347 2648 exponendus
1367 2585 1427 2648 est,
1450 2585 1482 2636 ut
1501 2581 1588 2652 magis
1602 2580 1693 2634 statim
1707 2591 1789 2647 expo·

150 2691 179 2748 q.
197 2675 225 2741 7,
241 2669 343 2728 liebus.
359 2669 385 2724 44
400 2655 492 2724 Pr'act.
509 2682 537 2737 p.
554 2669 588 2736 2,
603 2666 644 2720 tit.
666 2663 699 2720 de
712 2663 864 2734 dispensat.
878 2677 907 2716 n.
928 2664 955 2732 i,
991 2681 1066 2722 nam.
1081 2667 1117 2722 Et
1130 2668 1258 2723 Antonin.
1275 2665 1349 2724 clara
1363 2667 1434 2724 idem
1446 2669 1700 2726 restituendaim.
1714 2662 1789 2722 aliud

149 2767 224 2833 442,
241 2759 290 2817 ubi
303 2758 371 2816 alios
391 2757 546 2814 canonistas
564 2754 651 2811 relert
663 2753 778 2809 covarr.
796 2755 822 2807 in
837 2755 866 2839 4,
881 2756 908 2810 2.
926 2767 954 2820 p·
990 2757 1096 2828 docuit,
1112 2771 1196 2828 quam
1210 2756 1237 2812 d.
1253 2757 1379 2814 ’4444444-
1394 2757 1479 2830 444444,
1493 2759 1569 2815 lateri
1580 2758 1664 2815 Caiet.
1680 2755 1789 2828 dispen-

151 2868 213 2924 cep.
236 2855 269 2919 6,
283 2855 301 2916 ς
314 2853 343 2920 8,
358 2865 387 2904 4.
403 2851 456 2917 42,
479 2845 526 2902 444
546 2843 612 2901 44444
631 2845 713 2900 etiam
727 2841 829 2912 444444,
844 2849 873 2898 44
885 2840 955 2898 idem
992 2847 1122 2903 sationem
1140 2848 1166 2902 in
1182 2846 1241 2918 lege
1255 2844 1374 2904 humana
1390 2849 1447 2904 sine
1461 2863 1547 2906 eausa
1564 2847 1655 2904 datam
1670 2860 1730 2903 esse
1744 2859 1791 2900 ra·

151 2942 286 3014 supponit
304 2941 404 2996 linear.
427 2938 453 2993 ia
472 2938 548 2993 Sum.
565 2933 690 3007 praetud.
709 2937 741 3004 9,
756 2949 784 2990 n.
806 2934 849 2990 tt.
864 2934 900 2989 Et
913 2946 957 2988 444
993 2936 1090 3005 44444444
1107 2941 1135 2992 44
1147 2936 1192 2991 illa
1207 2950 1261 2992 aon
1276 2943 1366 3007 potest
1379 2937 1436 2993 lieri
1450 2925 1501 3009 per'
1520 2937 1744 3006 declarationem,
1759 2941 1791 2992 ut

150 3041 195 3089 est
215 3027 449 3100 manifestissima,
471 3032 525 3083 tam
547 3026 573 3082 44
588 3027 665 3091 iure,
680 3037 762 3096 quem
779 3025 806 3079 ia
820 3039 884 3080 usu.
900 3024 958 3084 llac
992 3032 1037 3083 est
1052 3041 1100 3098 per
1114 3041 1143 3082 ae
1159 3024 1285 3096 evidens,
1302 3041 1378 3100 ergo.
1394 3026 1471 3085 Unde
1486 3043 1592 3100 omnes,
1607 3028 1653 3100 qui
1668 3024 1740 3083 idem
1752 3031 1791 3082 te*

148 3125 223 3180 enim
242 3123 348 3176 ratione
365 3120 485 3191 August.
505 3118 586 3190 epist.
605 3119 649 3172 50.
665 3113 894 3186 dispensationem
909 3130 956 3169 4ο·
992 3123 1150 3189 neat,quos
1161 3115 1231 3172 44444
1242 3116 1404 3188 4444444444,
1417 3117 1469 3174 444
1481 3117 1551 3174 idem
1564 3117 1718 3176 necessario
1729 3131 1791 3172 sen·

150 3215 227 3272 44444
245 3208 354 3268 vulnus
376 3211 482 3266 contro
505 3208 709 3280 integritatem
727 3206 910 3270 severitatis,
932 3210 960 3260 et
993 3207 1075 3264 444444.

150 3303 270 3360 habetur
285 3303 312 3356 in
331 3315 391 3370 cap.
409 3300 482 3373 Ipsa
497 3299 611 3370 pictos,
632 3297 684 3370 pst
701 3297 845 3367 inquiret,
863 3297 912 3363 23,
928 3309 957 3367 q.
1032 3294 1110 3364 Quod
1124 3309 1190 3369 ergo
1206 3293 1239 3352 ad
1254 3311 1311 3353 rem
1328 3305 1447 3369 spectat,
1462 3305 1571 3356 eertum
1586 3305 1639 3368 eet,
1655 3297 1792 3370 propriam

150 3401 180 3467 4,
191 3401 221 3451 44
234 3391 325 3448 Gelas.
338 3390 444 3462 papeia
460 3401 522 3458 cap.
535 3389 828 3444 Necessariererum
843 3381 960 3456 duperi-
994 3386 1225 3458 dispensationem
1240 3386 1308 3460 legis
1323 3387 1421 3445 cadere
1436 3390 1462 3444 in
1479 3388 1566 3462 legera
1578 3388 1753 3460 obligantem,
1765 3391 1794 3443 et

151 3487 285 3549 satione,
308 3483 338 3551 1,
353 3494 381 3552 q.
402 3481 428 3549 7,
444 3483 525 3534 vocat
540 3475 612 3530 illam
626 3473 819 3530 relaxationem
834 3469 959 3528 modera-
996 3475 1091 3533 tollerc
1104 3475 1296 3548 obligationem
1317 3479 1375 3534 eius
1387 3481 1413 3533 in
1425 3477 1584 3549 particulari
1595 3493 1662 3534 casu
1677 3475 1718 3533 444
1730 3492 1793 3554 444-ι

150 3577 254 3631 tionem
283 3585 315 3628 ac
343 3571 588 3639 temperamentum
615 3579 751 3620 canonum
771 3569 960 3634 paternorum,
995 3582 1072 3622 4444.
1088 3566 1124 3621 Et
1138 3568 1208 3621 ratio
1221 3573 1264 3620 est
1274 3565 1359 3636 clara,
1372 3567 1435 3638 quia
1447 3568 1520 3623 sicot
1532 3567 1576 3624 lex
1586 3565 1706 3637 bumana
1717 3581 1733 3622 a
1744 3581 1792 3621 ao·

151 3679 224 3736 quae
238 3661 295 3717 ficri
311 3664 402 3730 potest
412 3655 530 3727 diligenti
543 3652 759 3710 consideratione
770 3650 902 3708 adbibita:
918 3653 958 3706 sic
996 3656 1101 3712 luatste
1116 3654 1235 3712 bumana
1246 3662 1306 3711 orta
1317 3667 1371 3722 est,
1384 3658 1419 3712 ita
1432 3635 1477 3726 444
1488 3657 1611 3713 eamdem
1624 3655 1681 3712 tolli
1692 3659 1791 3728 potest,

150 3752 235 3808 etiam
256 3748 325 3806 dixit
348 3744 465 3822 cyrillus
482 3745 509 3798 44
522 3757 566 3814 ep.
583 3741 615 3797 ad
633 3740 815 3797 Gennadium:
835 3742 961 3813 Dispen·
994 3755 1023 3802 et
1037 3745 1101 3817 quia
1114 3744 1146 3800 ed
1162 3745 1309 3801 humanam
1324 3745 1549 3819 gubernationem
1563 3753 1623 3802 erat
1637 3745 1704 3802 baec
1719 3750 1794 3816 pote·

153 3844 287 3900 44444444
312 3849 527 3906 nonnunquam
542 3836 660 3905 ‘captent
680 3845 794 3906 parum
819 3844 840 3886 a
860 3828 957 3885 debito
996 3842 1052 3891 stas
1075 3836 1229 3891 necessaria
1248 3835 1276 3890 in
1298 3834 1470 3905 bominibus,
1493 3843 1524 3892 ut
1542 3836 1610 3892 44444
1623 3833 1706 3891 latius
1720 3834 1793 3891 dice·

152 3921 300 3996 estre-'et
317 3925 402 4006 inira:
418 3923 683 3996 Dispensat-tomum
698 3916 803 3975 modes
817 3915 895 3975 nulli
909 3933 959 3976 sa·
983 3930 1052 3982 tur.
1069 3924 1148 3993 Qtrod
1162 3940 1227 3981 vero
1241 3932 1351 3997 spectat
1362 3926 1396 3983 ad
1407 3940 1505 3983 nomen
1515 3925 1735 3998 dispensationis,
1747 3939 1794 3980 ne·

151 4025 290 4098 picatum
308 4014 472 4090 displicuit,
490 4028 550 4084 cap.
567 4012 822 4083 Dispensationes,
845 4015 870 4081 t,
885 4024 913 4081 q.
932 4012 958 4077 4,
996 4017 1054 4087 gari
1070 4030 1123 4071 noa
1139 4021 1239 4087 potest,
1255 4015 1391 4089 quin'late
1404 4015 1491 4072 soleat
1504 4017 1583 4072 etiam
1594 4014 1792 4088 interpretatio-

154 4119 241 4185 prout
263 4111 289 4166 in
309 4107 421 4166 decreto
439 4103 600 4177 gregoriano
616 4100 746 4173 babetur,
761 4107 790 4156 et
805 4099 901 4156 similia
914 4116 961 4156 su·
996 4118 1059 4160 aem
1081 4104 1248 4176 significare,
1269 4120 1331 4161 aem
1346 4105 1500 4163 communis
1516 4121 1584 4162 usus
1598 4107 1752 4178 sapientum
1766 4101 1794 4160 id

154 4209 272 4261 muatur
286 4215 320 4256 ex
334 4211 397 4268 cop.
414 4196 521 4258 Tanta,
538 4198 567 4248 44
577 4207 640 4263 cap.
654 4193 686 4246 St
699 4191 761 4262 qui,
779 4187 873 4245 eadem
889 4205 916 4262 q.
932 4195 960 4244 et
997 4193 1143 4264 observat,
1166 4199 1197 4253 ut
1216 4202 1327 4251 constat
1346 4211 1379 4251 ex
1401 4195 1428 4252 d.
1449 4196 1545 4253 Tbom.
1560 4202 1589 4253 et
1601 4197 1749 4252 benevent.
1766 4197 1793 4265 4,

155 4299 251 4364 aperte
266 4302 376 4358 excep.
393 4287 438 4342 De
452 4280 562 4343 multa:
576 4279 610 4337 de
625 4278 772 4352 praebend.
789 4277 835 4334 ubi
849 4284 913 4349 poet
926 4277 960 4333 ri·
997 4281 1030 4340 44.
1047 4287 1099 4355 38,
1116 4283 1193 4339 8444.
1209 4284 1291 4340 Gabr.
1307 4286 1374 4341 Uar.
1390 4273 1490 4342 daton.
1507 4292 1537 4343 44
1551 4286 1623 4357 aliis,
1638 4293 1665 4343 et
1682 4302 1715 4343 ex
1729 4287 1796 4356 Spe·

153 4397 283 4457 gorosem
302 4375 510 4450 prohibitionem
530 4371 564 4429 de
586 4370 740 4442 pluralitate
754 4369 959 4435 beneficiorum,
996 4370 1054 4428 cul.
1072 4373 1115 4430 tit.
1137 4370 1171 4429 444
1188 4373 1384 4445 dispensatiou.
1401 4382 1417 4442 s
1437 4379 1468 4448 t,
1487 4383 1515 4433 et
1533 4375 1588 4433 lere
1608 4391 1640 4432 ex
1656 4375 1796 4432 conmuni

155 4471 294 4528 subditur:
311 4469 408 4526 Circe
420 4461 559 4521 sublimes
570 4465 680 4519 tamen.
694 4462 722 4514 et
732 4457 882 4515 litteratos
893 4473 962 4531 per·
998 4479 1052 4520 usu
1074 4463 1291 4520 canonistarum.
1312 4467 1371 4522 lioc
1386 4471 1476 4523 autem
1491 4466 1555 4523 nibil
1571 4466 1661 4522 obstat
1675 4465 1796 4539 proposi·

156 4577 264 4627 sonas,
288 4571 364 4631 qeue
385 4552 550 4610 maioribus
565 4554 635 4606 sunt
648 4548 796 4622 benefieiis
812 4550 962 4608 4444444444·
996 4559 1039 4610 tae
1054 4553 1179 4625 veritati,
1195 4568 1277 4626 quam
1293 4553 1326 4610 de
1341 4570 1371 4612 re
1384 4557 1443 4628 ipsa
1456 4555 1649 4627 explicuimus.

156 4650 231 4717 doe,
257 4663 328 4703 cens
347 4646 427 4702 ratio
437 4638 648 4716 postulaverit,
664 4641 775 4712 poterit
783 4654 840 4714 per
856 4635 962 4696 Sedem
1035 4643 1070 4700 Ut
1086 4649 1174 4699 tamea
1197 4642 1264 4700 haec
1283 4644 1417 4701 resolutio
1435 4651 1463 4703 at
1477 4651 1535 4703 tota
1549 4645 1662 4702 materia
1674 4644 1796 4702 exactius

155 4734 357 4814 apostolicum
371 4730 551 4806 dispensari.
998 4731 1170 4802 declaretur,
1194 4734 1263 4790 ratio
1285 4735 1394 4806 propria
1412 4733 1622 4806 dispensationis
1636 4737 1797 4792 accuratius

196 4826 274 4885 Unde
288 4824 370 4881 etiam
385 4827 479 4893 aperte
493 4819 546 4876 hoc
558 4819 703 4878 confirmat
714 4834 798 4876 usus:
812 4834 873 4876 nam
885 4822 961 4875 certa
997 4820 1166 4878 declaranda
1185 4828 1238 4879 est.
1253 4823 1288 4880 lit
1302 4823 1326 4878 io
1341 4824 1435 4894 primis
1451 4824 1641 4896 supponimus,
1657 4823 1797 4897 dispenso·

154 4933 221 4974 cum
244 4917 316 4986 Papa
330 4911 378 4968 dat
390 4910 527 4967 licentiam
542 4908 622 4966 alicui
639 4907 753 4964 habendi
767 4908 848 4981 plura
862 4907 962 4965 beaeii·
998 4912 1078 4980 Upais
1094 4925 1191 4968 vocem
1204 4927 1238 4968 ex
1252 4913 1378 4984 primaria
1393 4913 1565 4984 impositione
1576 4912 1796 4970 distributionem

156 5007 215 5076 cia,
236 5019 290 5060 444
310 5000 474 5058 declaratio
488 4998 533 5055 illo
548 5013 673 5054 cessasse
687 4997 774 5070 legem
792 5013 825 5056 ex
840 4998 962 5070 praeexi-
997 5017 1046 5058 seu
1069 5001 1331 5060 administrationem
1352 5003 1521 5076 significare,
1544 5019 1607 5060 nam
1625 5002 1798 5074 dispensator

156 5102 246 5153 444444
262 5107 359 5162 44444,
375 5090 501 5163 idemque
514 5089 539 5144 in
552 5088 612 5161 lege
624 5088 724 5160 ieiunii,
738 5089 763 5144 44
776 5087 856 5146 modo
868 5088 962 5145 obser·
997 5091 1023 5147 ia
1037 5090 1121 5148 latina
1138 5092 1305 5164 proprietate
1323 5091 1572 5150 administratorem
1590 5091 1689 5150 domus
1704 5091 1745 5148 vei
1760 5092 1801 5149 ia·

156 5185 238 5244 sandi
255 5197 402 5253 censuras,
416 5186 444 5238 et
458 5179 483 5236 in
498 5179 557 5236 aliis
572 5177 715 5251 privilegiis
723 5178 861 5237 evidenter
872 5178 962 5252 quoti·
997 5181 1087 5239 miliae
1107 5181 1257 5254 significet,
1273 5181 1354 5238 cuius
1372 5187 1414 5239 est
1431 5181 1609 5254 dispensatio.
1624 5183 1698 5250 Quae
1712 5183 1795 5256 signi·

157 5276 201 5335 die
217 5277 255 5334 iit.
272 5272 350 5334 Unde
366 5269 522 5330 incredibile
537 5275 590 5340 est,
604 5268 633 5325 d.
648 5268 777 5326 Tbomam
792 5274 816 5329 4.
830 5275 858 5343 2,
870 5285 897 5344 q.
912 5273 960 5344 et,
996 5273 1088 5330 teatio
1107 5286 1161 5328 noa
1181 5270 1272 5329 solum
1286 5272 1312 5328 in
1328 5271 1388 5328 iure
1402 5271 1484 5344 civili,
1501 5272 1519 5329 t.
1535 5271 1750 5348 4444444474νί,
1769 5273 1797 5330 u.
