4260 6222
397 379 460 444 438
1091 393 1282 445 nrannvur.

358 537 421 579 nam
432 525 654 597 aequiparantur,
665 523 730 581 licet
741 523 766 581 io
778 522 837 580 aliis
849 519 1075 595 proprietatibus,
1085 531 1159 591 quae
1196 519 1303 594 ignorat
1317 521 1576 596 privilegium,illud
1590 537 1638 596 per
1652 539 1680 580 sc
1703 523 1846 596 consequi,
1859 521 1943 580 idest
1955 535 2004 594 per

356 611 409 668 iilis
423 615 567 671 convenire
582 620 715 687 possunt,
736 620 768 672 ut
782 619 847 669 sont
861 613 903 669 lex
919 625 1098 683 permanens,
1114 607 1157 666 vei
1195 613 1333 681 propriam
1347 614 1576 685 acceptationem.
1586 613 1678 670 Potest
1692 619 1783 668 autem
1796 629 1843 684 per
1860 611 1946 668 alium
1959 627 2005 668 ac·

357 708 536 773 praeceptum
554 705 707 774 transiens,
722 701 889 770 diliereptia:
907 701 942 757 ite
956 715 1024 772 ergo
1039 701 1065 754 in
1080 712 1159 771 prae·
1194 707 1320 772 ceptare,
1341 708 1369 759 et
1387 703 1549 776 acquirere,
1566 703 1724 776 priusquam
1740 702 1862 758 notitiam
1883 717 2003 759 conces-

357 794 427 848 aenti
441 792 486 850 iila
501 791 556 851 duo
571 796 787 867 aequiparantur
801 795 827 850 in
843 790 923 847 modo
934 785 1159 859 coniercndipri-
1198 791 1282 849 sionis
1307 790 1420 861 habeat,
1447 799 1479 848 ut
1502 807 1551 864 per
1572 797 1700 864 sepatet.
1716 792 1774 847 Non
1790 791 1892 862 poterit
1911 797 2004 847 autem

356 882 494 956 vilegium,
509 881 575 940 dum
594 882 713 952 durant,
735 883 799 940 licet
813 883 838 938 iri
853 883 913 953 ipsa
925 879 1070 936 duratione
1084 877 1160 935 dilie-
1196 881 1304 952 proprie
1326 882 1366 938 uti
1381 882 1604 954 privilegtoaoae
1618 884 1742 939 notitiam
1757 881 1832 946 eius,
1848 882 1916 954 quia
1934 898 2004 938 usus

356 979 430 1029 rant.
441 971 554 1041 Quando
568 959 660 1030 autem
675 973 795 1032 edictum
807 987 861 1028 oon
877 976 951 1028 esset
964 968 1101 1043 generale,
1112 966 1160 1024 sed
1194 971 1340 1041 proprius,
1366 978 1395 1028 et
1414 972 1550 1044 legitimus
1569 972 1684 1046 requirit
1701 971 1841 1038 notitiam,
1862 977 1894 1026 ut
1909 985 1959 1041 par
1975 986 2005 1026 sc

356 1062 522 1134 particulare
537 1063 701 1135 rescriptum
716 1078 780 1119 cum
795 1062 970 1134 obligatione,
986 1056 1027 1114 vel
1042 1057 1157 1129 promis·
1194 1067 1311 1117 constat.
1321 1062 1347 1118 Si
1359 1069 1452 1120 autern
1463 1064 1525 1135 quis
1534 1061 1598 1118 velit
1607 1061 1756 1132 anticipare
1767 1058 1900 1132 privilegii
1919 1076 2005 1116 usum

357 1151 432 1208 sione
451 1151 581 1228 privilegii
600 1154 627 1208 in
649 1154 817 1224 praemium,
834 1155 927 1223 posset
941 1148 1051 1221 quidem
1067 1146 1159 1204 consi·
1194 1157 1256 1206 ante
1276 1150 1399 1210 notitiam
1418 1159 1523 1208 certam
1538 1157 1652 1225 propter
1665 1163 1742 1223 spem
1760 1149 1911 1223 privilegii,
1929 1151 2003 1208 ordi·

356 1241 445 1299 derari
466 1241 618 1300 diliereotia
634 1243 660 1298 in
681 1241 798 1314 generali
817 1239 1020 1314 publicatione,
1036 1243 1064 1292 et
1078 1249 1159 1292 ucce-
1194 1240 1270 1296 narie
1284 1257 1337 1298 non
1352 1247 1429 1298 recte
1443 1241 1540 1314 saciet,
1558 1247 1588 1298 ut
1599 1257 1662 1299 mox
1675 1240 1838 1310 declarabo;
1854 1246 1883 1297 et
1901 1241 2006 1299 illemet

357 1333 488 1404 ptatione,
507 1331 548 1389 vei
563 1334 667 1405 privata
680 1332 859 1389 intimatione.
873 1328 1055 1386 Nihilominus
1069 1330 1159 1382 aaaron
1194 1345 1262 1385 usus
1276 1345 1330 1386 noo
1344 1332 1395 1388 erit
1407 1332 1466 1388 sine
1477 1331 1567 1405 aliqua
1579 1333 1672 1388 notitia
1683 1330 1905 1404 probabiil,quae
1922 1347 2002 1404 spem

358 1423 397 1478 vis
419 1422 566 1479 verborum
587 1420 681 1478 eadem
702 1427 745 1477 est
764 1435 829 1476 cum
844 1419 1036 1492 proportione,
1057 1414 1159 1472 etideo
1193 1416 1267 1475 iliam
1287 1419 1403 1477 lundare
1418 1421 1512 1492 possit.
1527 1421 1709 1478 Nihilominus
1723 1425 1812 1477 tamen
1827 1421 1931 1492 poterit
1947 1419 2001 1478 tale

358 1512 497 1570 distinctio
519 1511 564 1569 illa
585 1511 619 1569 da
641 1512 780 1584 privilegio
800 1509 865 1567 dato
884 1524 933 1580 per
948 1511 1101 1576 statutum,
1118 1503 1159 1560 vel
1195 1507 1364 1582 privilegium
1385 1525 1445 1567 esse
1469 1511 1643 1568 lructuosum
1658 1527 1674 1568 a
1688 1508 1731 1568 die
1749 1510 1960 1582 concessionis,
1975 1516 2004 1567 et

359 1605 413 1661 alio
435 1602 534 1674 modo,
551 1603 615 1660 mibi
630 1604 787 1660 necessaria
801 1615 855 1656 non
871 1599 999 1666 videtur,
1017 1596 1159 1668 magisque
1195 1607 1257 1654 ante
1276 1598 1383 1670 plenam
1403 1599 1524 1656 notitiam
1542 1600 1601 1656 elus
1620 1599 1711 1676 quoad
1727 1598 1787 1656 ilios
1804 1597 1939 1670 allectus,
1956 1599 2004 1671 qui

357 1693 483 1750 conlerre
497 1701 591 1765 posset
604 1692 790 1754 considerare.
808 1706 841 1746 an
856 1688 1030 1762 privilegium
1045 1685 1080 1740 sit
1093 1699 1159 1740 con·
1195 1702 1248 1744 non
1261 1689 1407 1760 requirunt
1419 1687 1559 1746 iormalern
1573 1705 1652 1746 usum
1666 1689 1795 1761 privilegii
1806 1703 1858 1760 pro
1874 1687 1921 1744 iiic
1933 1694 2003 1745 tem

358 1799 483 1854 cessum,
496 1781 537 1839 vei
552 1781 674 1839 oblatum
689 1778 887 1847 communitati,
900 1783 947 1833 aut
962 1776 1084 1847 privatae
1098 1787 1160 1844 per·
1194 1791 1278 1848 porc,
1301 1783 1331 1833 ot
1350 1780 1372 1834 si
1387 1779 1421 1834 sit
1434 1779 1607 1852 privilegium
1622 1777 1760 1836 obtinendi
1773 1794 1800 1834 r.
1816 1793 1845 1849 g.
1862 1775 2000 1849 decimas,

358 1888 460 1945 sonae,
485 1887 547 1928 nana
566 1873 593 1928 in
608 1871 691 1943 priori
712 1871 802 1926 minus
816 1867 924 1924 videtur
937 1862 1068 1936 impedire
1083 1862 1159 1936 igno·
1195 1863 1327 1938 poterunt
1342 1870 1500 1940 recuperari
1514 1885 1530 1924 a
1542 1868 1585 1925 die
1600 1867 1798 1937 concessionis,
1813 1869 1866 1923 nisi
1884 1865 1961 1923 aliud
1974 1869 2003 1924 in

358 1962 445 2019 rantia
471 1949 593 2034 privatae
615 1951 769 2032 perso‘oae,
793 1972 875 2031 quarn
900 1956 925 2011 in
951 1953 1095 2026 posteriori
1120 1952 1159 2008 lo·
1193 1972 1226 2013 ea
1246 1956 1419 2022 declaretur,
1439 1965 1467 2015 et
1480 1960 1507 2015 io
1524 1957 1668 2031 privilegiis
1682 1956 1841 2015 tollentibus
1858 1971 1945 2014 onera
1960 1964 2003 2013 est

358 2049 466 2125 quando
489 2050 523 2108 de
544 2049 632 2122 lacto,
648 2054 676 2106 et
690 2048 843 2107 secundom
857 2058 1035 2103 communem
1051 2041 1160 2114 privile·
1192 2047 1246 2104 boc
1260 2047 1439 2120 frequentius,
1456 2051 1556 2106 utiam
1570 2047 1723 2119 explicabo.

265 2199 275 2226 ἱ
357 2141 466 2214 giorum
483 2156 575 2196 usum.
1234 2141 1281 2195 et.
1298 2138 1383 2194 Venio
1401 2153 1467 2210 ergo
1489 2138 1523 2194 ad
1544 2136 1714 2210 privilegium
1729 2136 1878 2194 ablativum
1895 2138 2001 2210 oneris,

400 2227 598 2287 19.Pctebattrr
612 2229 694 2284 etiam
707 2227 732 2283 in
744 2223 843 2283 eisdem
856 2222 1157 2298 argumentis,anidem
1194 2231 1227 2282 ut
1246 2224 1343 2282 tollens
1362 2225 1579 2292 inhabilitatem,
1603 2227 1645 2284 vel
1664 2227 1854 2299 obligationem
1873 2225 1959 2299 iegis;
1976 2229 2002 2283 in

358 2319 394 2374 sit
412 2317 545 2375 iudicium
559 2317 649 2390 quoad
665 2322 834 2390 praesentem
849 2312 1083 2389 quaestionemue
1101 2313 1157 2385 pri·
1192 2313 1293 2388 quibus
1306 2314 1444 2388 distinguo
1458 2315 1592 2388 iila,quae
1607 2318 1748 2373 continent
1768 2314 2001 2388 dispensationem

359 2408 474 2481 vilegio,
491 2422 539 2478 per
552 2406 626 2480 quod
641 2410 834 2464 remuneratur
848 2421 919 2476 opus
933 2404 987 2459 iam
1002 2403 1117 2474 lactum,
1132 2407 1159 2458 et
1193 2404 1269 2478 legis,
1279 2403 1427 2461 aulcreado
1442 2405 1635 2477 obligationem
1650 2407 1679 2462 iu
1701 2405 1872 2462 conscientia
1886 2405 1921 2462 ab
1937 2405 1999 2478 iliis,

359 2498 432 2572 quod
446 2498 528 2556 datur
543 2498 570 2553 in
586 2498 736 2570 praemium
750 2496 835 2552 iuturi
850 2496 954 2566 operis,
969 2499 998 2549 et
1011 2493 1089 2566 quasi
1105 2491 1156 2547 sub
1192 2508 1264 2566 quae
1277 2493 1407 2550 aulerunt
1420 2509 1490 2550 onus
1508 2496 1669 2568 temporale,
1680 2503 1729 2552 aut
1742 2495 1857 2567 poenale
1879 2501 1998 2553 tanturn.

358 2588 524 2646 conditione.
543 2589 577 2644 Et
591 2586 654 2643 mihi
669 2587 774 2643 videtur
789 2582 935 2659 (quidquid
947 2581 1028 2656 aliqui
1042 2578 1156 2653 dicanti,
1193 2585 1231 2640 lie
1246 2584 1382 2654 prioribus
1396 2599 1462 2655 ergo
1481 2591 1589 2641 certum
1603 2591 1655 2657 est,
1672 2584 1807 2640 ordinarie
1823 2600 1878 2642 non
1899 2585 2001 2642 habere

359 2677 482 2735 eamdem
497 2692 557 2734 esse
572 2677 706 2734 rationem
720 2675 753 2733 de
770 2673 1088 2747 utroque,proporlione
1102 2685 1158 2727 ser·
1194 2674 1322 2730 ellectum
1343 2679 1405 2729 ante
1426 2675 1643 2744 acceptationem
1658 2675 1830 2745 recipientis,
1855 2677 1923 2748 quia
1937 2674 2002 2732 licet

358 2773 437 2835 vata,
454 2766 479 2823 ld
498 2767 569 2823 enim
590 2766 706 2837 probare
721 2765 864 2842 videntur,
884 2777 954 2835 quae
969 2761 1002 2817 ibi
1016 2767 1082 2817 suot
1098 2773 1159 2831 pro·
1194 2764 1347 2836 acceptatio
1361 2779 1413 2818 non
1428 2763 1463 2820 sit
1476 2763 1509 2819 de
1524 2762 1873 2837 essentiadtspeosauonts.
1893 2771 1923 2821 ut
1934 2764 1999 2836 disi,

360 2857 535 2927 positaltam
547 2855 568 2912 si
579 2850 980 2925 attendaturpotestes,eadem
991 2849 1070 2906 estin
1083 2849 1158 2920 priu-
1192 2861 1236 2911 est
1250 2853 1426 2909 nibilominus
1440 2854 1474 2911 de
1488 2855 1625 2923 decentia,
1641 2861 1672 2910 ut
1686 2856 1726 2910 sio
1740 2854 1842 2924 dicam,
1864 2857 1931 2928 quia
1946 2870 2000 2912 non

359 2945 438 3018 cipe,
461 2950 492 3000 ut
505 2950 647 3002 ostensum
663 2949 720 3010 est,
739 2941 811 2998 unde
824 2940 921 2998 eadem
937 2940 1019 2995 etiam
1032 2953 1094 2994 esse
1109 2952 1160 3007 po·
1193 2941 1317 3015 expedit,
1341 2944 1490 3014 principem
1505 2942 1627 3000 relaxare
1642 2945 1720 3014 iura,
1741 2945 1791 3000 nisi
1806 2943 1839 3000 ad
1859 2943 1999 3016 supplica-

361 3034 424 3090 let'it
438 3033 581 3105 vulunte83
601 3048 669 3106 ergo
689 3047 722 3088 ex
737 3031 825 3087 verbis
841 3035 970 3085 constare
985 3026 1108 3096 debebit,
1125 3042 1159 3082 an
1195 3035 1295 3090 tionem
1309 3040 1338 3089 et
1357 3032 1508 3088 instantiam
1524 3032 1717 3105 indigentium
1732 3038 1760 3090 el
1774 3032 1835 3090 ideo
1856 3032 1999 3090 ordinario

360 3123 412 3189 sit,
435 3122 475 3179 vel
496 3139 550 3178 ¹1⁰n
569 3122 618 3190 sila
640 3121 742 3194 018085
761 3121 786 3175 5¹¹
802 3119 853 3175 ”¹¹⁵
868 3126 993 3174 Sillim?
1007 3116 1160 3190 iif⁰l>⁰liiti
1193 3123 1253 3180 iure
1267 3137 1321 3178 nou
1334 3111 1412 3178 aliter
1427 3121 1469 3190 lat,
1481 3123 1642 3194 pracsertim
1659 3138 1707 3194 per
1722 3119 1834 3178 modum
1851 3123 1997 3196 privilegii,

360 3210 429 3270 idem
451 3215 534 3269 etiam
558 3214 611 3270 erit
634 3212 759 3269 effectos.
774 3210 842 3278 Quia
861 3225 894 3266 ea
913 3216 990 3281 parte
1005 3207 1159 3279 recipientis
1194 3211 1268 3286 quod
1282 3217 1326 3267 est
1340 3209 1422 3267 veluti
1436 3225 1610 3282 permanens,
1625 3217 1653 3268 et
1666 3213 1798 3268 continua
1814 3210 1996 3284 dispo-asatio:

358 3317 411 3359 non
430 3303 516 3375 magis
535 3301 686 3375 requiritur
701 3301 812 3370 notitia,
834 3298 874 3356 vel
889 3299 1046 3370 acceptatio
1062 3297 1086 3353 in
1104 3312 1158 3353 ooo
1193 3307 1221 3358 et
1234 3301 1286 3357 hoc
1301 3300 1356 3356 lere
1370 3315 1465 3356 omnes
1479 3299 1798 3358 admittuntltitlicultas
1811 3316 1879 3356 vero
1892 3309 1947 3374 est,
1964 3321 1996 3357 oz·

359 3407 445 3463 casu,
466 3407 549 3464 quam
568 3391 593 3446 in
608 3390 675 3461 aiio,
693 3389 864 3464 nequeenim
882 3389 937 3445 ulla
951 3389 1021 3444 ratio
1035 3387 1159 3444 diliaren·
1195 3390 1318 3448 sulliciat
1332 3391 1485 3461 acceptatio
1497 3405 1546 3462 per
1561 3391 1703 3462 nrrncium,
1713 3390 1754 3447 vel
1773 3391 1997 3460 instrumentum,

360 3483 413 3537 tiae
428 3483 559 3554 assignari
574 3486 675 3552 potest,
691 3494 763 3553 quae
777 3478 937 3554 catislaeiat.
954 3479 1073 3551 lienique
1089 3479 1111 3531 si
1126 3476 1159 3532 de
1196 3479 1237 3536 rel
1253 3479 1410 3552 requiratur
1424 3479 1535 3550 propria
1549 3487 1576 3536 et
1588 3480 1739 3550 personalis
1752 3480 1918 3552 acceptatio:
1933 3497 1998 3538 cum

357 3571 449 3640 lacto,
469 3587 518 3628 seu
539 3569 573 3627 de
595 3585 648 3626 usu
664 3569 828 3642 loquamur,
845 3569 917 3625 sicut
930 3568 1101 3640 privilegium
1118 3580 1160 3622 re·
1194 3585 1249 3642 quo
1265 3569 1348 3626 dubio
1363 3569 1544 3626 coniunctum
1557 3579 1601 3625 est
1615 3568 1703 3641 aliud,
1720 3568 1837 3641 scilicet,
1851 3587 1887 3626 an
1907 3575 1999 3644 requi·

359 3658 664 3731 munerativumcperis
679 3658 732 3714 iam
746 3657 810 3715 lacti
822 3672 876 3713 nou
889 3656 1028 3713 solctdari
1041 3654 1160 3726 periecte
1193 3664 1270 3712 ratur
1294 3657 1388 3712 notitia
1413 3658 1522 3729 propria
1545 3657 1706 3730 privilegiati
1727 3656 1762 3714 ad
1781 3657 1914 3716 ellectum
1936 3661 1997 3716 talis

358 3757 420 3807 ante
434 3749 554 3806 notitiam
568 3755 596 3805 et
610 3743 826 3820 acceptationem
842 3745 1007 3818 recipientis3
1024 3745 1062 3800 lta
1077 3745 1160 3815 privi·
1193 3745 1402 3818 dispensationis
1413 3747 1584 3820 privilegiati,
1599 3748 1640 3805 vei
1651 3747 1805 3804 necessaria
1819 3763 1876 3804 non
1891 3749 1938 3816 sit,
1952 3749 1996 3806 ssd

360 3839 461 3913 legium
482 3845 594 3910 propter
615 3853 685 3908 opus
706 3836 830 3893 luturum
852 3850 908 3891 ncn
934 3834 1004 3889 solet
1025 3832 1159 3890 ordinarie
1195 3835 1589 3892 coniuratoreiiectusabsenti
1603 3837 1997 3913 etignoranti,eoipso,quod

240 3968 246 3980 .
275 3977 278 3984 ,
360 3930 418 4002 ipso
432 3927 505 3984 lacto
520 3926 590 3999 dari,
600 3925 646 3982 sed
662 3932 768 3983 tantum
784 3925 916 3997 promitti.
929 3924 1023 3982 Solum
1037 3938 1103 3998 ergo
1120 3923 1160 3980 in·
1194 3941 1243 3998 per
1259 3925 1342 3982 alium
1356 3931 1530 3997 acceptatur.
1544 3928 1573 3982 ln
1587 3941 1643 3999 quo
1657 3926 1774 4003 sylvest.
1784 3943 1883 4002 supra,
1895 3936 1998 4001 partem

359 4018 491 4076 terreniet
515 4016 682 4089 dillerentia,
707 4015 782 4089 quod
808 4014 919 4088 quando
934 4029 1004 4087 opus
1019 4013 1160 4086 praecedit
1192 4020 1269 4073 tenet
1282 4013 1488 4092 affirmativamq
1505 4021 1532 4072 et
1546 4015 1617 4074 idem
1632 4023 1707 4073 tenet
1720 4017 1785 4073 Soto
1800 4057 1808 4089 ,
1835 4023 1863 4074 et
1879 4019 1923 4075 alii
1937 4018 1999 4076 alle·

361 4108 418 4165 sine
432 4109 611 4181 promissione
626 4104 774 4178 privilegii,
796 4120 848 4160 non
869 4105 958 4161 solum
974 4120 1028 4162 non
1044 4105 1160 4176 acquiri·
1191 4105 1250 4179 gali
1264 4105 1290 4159 in
1305 4109 1406 4177 quarta
1420 4103 1555 4176 opinione.
1778 4169 1787 4180 ,

360 4205 405 4254 tur
428 4196 623 4270 privilegium,
645 4210 742 4252 verum
762 4196 844 4251 etiarn
867 4209 956 4266 oeque
976 4195 1006 4250 tit
1025 4192 1156 4250 debitum:
1232 4195 1277 4250 22.
1293 4193 1467 4250 Contrarium
1483 4199 1575 4250 autem
1590 4195 1672 4251 sentit
1685 4192 1823 4268 Vasq.hlc
1841 4195 1915 4269 disp.
1934 4201 1995 4266 156,

361 4287 547 4362 quandovero
562 4284 854 4357 praeceditpromissio
866 4284 918 4339 sub
929 4282 1084 4340 conditione
1095 4298 1160 4355 ope·
1194 4297 1221 4338 n.
1239 4287 1285 4348 30.
1301 4289 1329 4339 et
1344 4285 1391 4354 tt,
1407 4288 1435 4339 et
1450 4283 1559 4340 videtur
1573 4284 1698 4356 proiecto
1713 4283 1791 4342 valde
1810 4285 1962 4358 credibile,
1976 4289 1999 4345 si

360 4380 410 4450 ris,
426 4377 514 4434 oritur
530 4377 621 4433 statim
636 4375 765 4449 obligatio
778 4375 852 4431 iacto
866 4388 959 4447 opere,
971 4381 999 4431 ct
1011 4375 1047 4431 ita
1061 4375 1091 4432 lit
1104 4377 1160 4446 pri·
1193 4370 1346 4444 prudenter.
1365 4377 1516 4444 spectetur.
1543 4375 1613 4442 Quia
1635 4377 1662 4431 in
1683 4377 1778 4448 primis
1810 4376 1998 4452 privilegiatus

360 4466 489 4540 vilegium
509 4466 650 4538 debitum3
671 4465 705 4523 ad
720 4465 772 4521 hcc
787 4469 879 4521 auteur
894 4466 978 4521 etiam
994 4467 1160 4537 supponitur
1193 4477 1247 4518 non
1266 4467 1357 4533 potest
1378 4461 1416 4518 uti
1434 4461 1481 4519 tali
1500 4461 1719 4537 dispensatione,
1744 4471 1803 4523 tuta
1817 4467 1998 4540 conscientia,

361 4556 500 4612 moraliter
515 4553 652 4628 loquendo
666 4555 761 4611 notitia
775 4554 973 4626 promissionis.
987 4555 1020 4609 Et
1034 4555 1071 4610 ita
1085 4553 1158 4626 quod
1194 4551 1281 4608 donec
1295 4551 1366 4608 illius
1380 4554 1505 4609 notitiam
1516 4553 1624 4627 habeat,
1635 4553 1684 4612 sed
1695 4555 1864 4627 dispensatio
1875 4564 1919 4614 ost
1935 4573 1998 4631 pro·

360 4645 458 4701 attinet
480 4644 514 4701 ad
538 4643 762 4700 consecutionem
786 4642 936 4717 privilegii,
963 4642 1039 4699 nulla
1052 4649 1095 4701 est
1109 4641 1159 4700 dil·
1193 4647 1254 4715 pter
1269 4657 1365 4715 usum,
1382 4656 1448 4716 ergo
1463 4658 1517 4699 non
1531 4650 1575 4701 est
1589 4645 1757 4717 verisimile,
1773 4646 1810 4702 ita
1824 4647 1954 4720 concedi,
1970 4655 2000 4704 ut

359 4733 483 4791 terentia.
1194 4731 1292 4789 habeat
1305 4747 1387 4789 suum
1401 4732 1542 4804 ellectum,
1558 4739 1707 4807 antequam
1722 4735 1864 4808 parveniat
1882 4736 1919 4794 ad
1933 4737 2000 4794 noti·

399 4828 446 4882 20.
463 4823 539 4882 Unde
559 4823 640 4880 etiam
661 4823 688 4879 in
709 4823 868 4881 universum
889 4821 1057 4879 declaratum
1080 4822 1160 4880 reliu·
1194 4824 1259 4879 tiam
1280 4823 1355 4893 eius,
1377 4822 1423 4878 cui
1442 4821 1617 4880 conceditur.
1632 4824 1715 4882 llalor
1730 4831 1817 4897 patet,
1834 4826 1904 4899 quia
1918 4827 2000 4885 hone·

360 4915 465 4988 quitur,
475 4913 644 4987 privilegium
659 4912 726 4970 dans
740 4914 785 4970 ius
798 4918 826 4969 et
842 4918 1005 4984 potestatem
1016 4927 1159 4985 nunquam
1195 4919 1251 4969 stas
1266 4910 1324 4968 talis
1339 4917 1419 4968 actus
1433 4912 1499 4969 alias
1513 4912 1640 4985 prohibiti
1656 4913 1756 4985 pendet
1766 4930 1799 4972 aa
1820 4912 2001 4988 dispensatio·

361 5011 427 5061 actu
441 5003 547 5076 acquiri
561 5009 624 5059 ante
637 5003 864 5076 acceptationem,
880 5000 922 5058 vel
939 5015 987 5073 per
1001 5015 1040 5068 se,
1057 5000 1098 5057 vel
1112 5017 1161 5075 per
1195 5017 1228 5058 ue
1242 5000 1346 5072 valida,
1369 5007 1397 5059 et
1410 5001 1463 5059 iam
1478 5017 1628 5077 concessa3
1643 5018 1710 5078 ergo
1724 5005 1773 5077 qui
1787 5021 1842 5064 uon
1865 5007 1932 5074 scit,
1946 5007 2000 5063 dis·

361 5093 461 5165 alium3
477 5099 541 5150 ante
562 5093 684 5150 notitiam
697 5108 762 5149 vero
783 5106 865 5164 posse
880 5089 986 5164 acquiri
1000 5105 1048 5162 per
1064 5090 1160 5162 olium,
1196 5093 1383 5164 pensationem
1397 5090 1485 5149 valide
1499 5099 1606 5150 etcum
1620 5093 1721 5152 ellectu
1734 5109 1796 5152 esse
1814 5094 1869 5152 iam
1885 5112 1999 5156 conces·

361 5183 425 5240 licet
439 5199 493 5239 non
507 5197 556 5255 per
570 5196 598 5237 se
612 5181 713 5253 ipsum.
727 5181 795 5249 Quia
806 5195 888 5238 nemo
909 5196 957 5253 per
972 5195 1001 5237 ae
1015 5187 1161 5254 acceptare
1196 5199 1270 5256 sam,
1290 5197 1344 5240 non
1362 5189 1463 5255 potest·
1478 5183 1642 5256 prudenter,
1664 5191 1694 5242 ct
1711 5185 1769 5242 sine
1787 5185 1865 5258 gravi
1881 5194 1999 5258 peccato

361 5278 463 5345 potest,
479 5272 530 5329 nisi
545 5271 653 5344 praevia
663 5271 805 5344 notitia,et
818 5270 878 5328 ideo
893 5285 972 5328 nemo
986 5270 1168 5356 potesqduoa
1197 5287 1325 5331 exercere
1340 5272 1421 5330 toleio
1435 5279 1539 5331 actum.
1553 5273 1695 5344 Quomodo
1708 5275 1781 5333 eninr
1795 5275 1859 5354 quis
1881 5276 2000 5350 pruden-
