4190 6234
850 403 958 460 aaran
972 405 1048 458 vrn.
1681 393 1724 460 35

118 532 229 606 obteudp
243 545 318 608 quac
334 527 485 607 resignatio
506 531 578 590 actio
598 531 713 604 positiva
726 535 786 600 ost,
803 535 832 588 et
851 531 919 589 satia
955 531 1100 606 pendentia
1116 532 1150 591 ab
1174 530 1248 590 illius
1262 529 1474 605 complemento.
1491 529 1544 590 Sed
1557 529 1610 592 boc
1623 533 1690 594 licet
1703 550 1757 594 non

120 639 231 682 onerosa
250 638 283 682 ue
304 622 442 696 poenalis.
465 623 648 696 sumiturque
667 637 700 679 ea
725 621 817 693 capita
836 623 921 680 Licet
955 622 1074 680 multum
1089 621 1202 693 reierat,
1222 623 1312 696 gratis
1326 621 1437 694 dicitur3
1451 629 1510 681 tum
1525 625 1591 696 quia
1605 624 1647 683 lor
1662 623 1706 684 illa
1720 626 1760 684 el·

121 729 221 781 caum.
238 715 272 772 dc
289 716 374 772 elect.
387 712 414 769 11
436 715 465 784 6,
477 711 524 769 ubi
538 712 671 786 recipiens
690 711 852 769 beneficium
873 727 922 784 pa·
947 711 1059 786 ¹lectruu
1074 709 1175 768 babcro
1198 714 1287 782 potuit
1301 711 1327 768 11
1348 711 1484 768 boneficiis
1500 715 1631 786 acceptis,
1646 720 1675 772 et
1694 731 1759 788 pos-

121 802 239 873 rocbiala
251 805 358 877 absque
379 801 474 862 ordino
494 799 668 874 sacerdotali,
685 801 708 858 si
730 802 800 859 intra
814 814 918 860 annum
955 801 1108 858 sessiaante
1123 800 1201 858 illam
1216 799 1314 873 legem,
1329 806 1388 858 tum
1402 799 1468 874 quia
1480 803 1647 860 etiamnunc
1662 819 1759 876 opora-

50 901 53 906 '
123 911 175 952 non
194 893 334 951 ordinatur
357 908 410 950 sua
433 891 528 963 culpa,
549 890 585 948 ad
608 890 673 948 illud
697 889 919 949 renunciandum
955 897 1001 948 tur
1021 889 1063 947 lex
1085 889 1167 947 illum
1186 890 1316 948 ellectum
1335 889 1362 946 in
1383 905 1498 962 poenam
1519 879 1707 966 negligentiae,
1728 900 1758 952 ot

125 983 262 1056 obligatur.
278 981 359 1051 Quod
380 988 473 1040 autem
491 979 559 1038 baec
580 979 710 1053 obligatio
729 981 765 1036 sit
784 981 875 1038 atatim
894 980 920 1037 11
953 980 1055 1038 virtuto
1070 995 1120 1034 oua
1135 980 1198 1035 sine
1213 986 1340 1051 respectu
1355 977 1389 1036 ad
1407 979 1758 1050 1111111111111.011111-

126 1073 347 1143 eonsciantir,bis
362 1072 454 1130 roobia
469 1069 638 1143 apertissime
653 1068 821 1126 declaratur:
833 1067 920 1145 Quod
954 1075 1000 1125 cot
1011 1069 1051 1139 is,
1067 1067 1115 1146 qui
1133 1067 1230 1140 recipit
1243 1069 1418 1140 bcneticium,
1435 1070 1542 1143 ignoret
1554 1086 1670 1143 poenam
1682 1072 1755 1132 illius

128 1165 154 1219 si
166 1166 244 1218 intra
254 1159 335 1218 idern
349 1166 466 1236 tempus
477 1162 630 1235 promolua
643 1156 817 1231 consumit,
829 1155 920 1216 eccle·
953 1158 1037 1232 legia,
1059 1173 1110 1215 nec
1130 1157 1194 1215 volit
1209 1164 1353 1231 acceptare
1367 1159 1528 1216 benetimum
1549 1160 1601 1218 aub
1622 1161 1757 1221 conditio-

126 1257 174 1312 rin
185 1253 238 1310 albi
250 1255 422 1324 corruitura,
436 1247 524 1308 nulla
538 1251 631 1306 etiam
641 1251 814 1324 praemissa
826 1249 919 1304 mont·
956 1265 1007 1317 ne,
1029 1249 1076 1305 sed
1096 1248 1244 1321 absoluto,
1271 1249 1445 1306 nibilominus
1463 1249 1506 1307 lex
1527 1257 1658 1323 operatur
1679 1253 1756 1311 illum

127 1345 210 1408 11111,
219 1344 256 1399 alt
265 1343 432 1414 praesentis
442 1341 660 1396 constitutionis
671 1338 921 1410 auctoritatepri·
953 1339 1096 1395 ellectum.
1573 1325 1582 1338 '

127 1437 221 1488 cutus
236 1432 303 1489 liinc
316 1429 391 1488 enim
405 1435 533 1500 constat,
548 1426 619 1485 banc
634 1441 751 1499 poenam
765 1425 919 1484 immediate
995 1430 1022 1486 9.
1040 1424 1198 1484 &cundum
1216 1424 1371 1499 exemplum
1387 1429 1558 1499 praecedenti
1577 1429 1663 1488 simile
1684 1433 1775 1491 sumi-

126 1537 186 1578 essc
205 1518 381 1592 privativamp
403 1517 437 1575 ad
455 1516 529 1575 illam
549 1533 614 1576 vero
629 1518 707 1590 sequi
722 1515 914 1589 obligationem
954 1522 1046 1589 potest
1061 1532 1093 1572 ex
1109 1515 1229 1574 concilio
1243 1515 1438 1586 1111111123,
1452 1536 1513 1593 cap.
1523 1525 1551 1580 2.
1564 1521 1598 1579 da
1613 1521 1754 1580 reformat.

127 1608 312 1682 renunciandi,
329 1609 395 1683 quia
409 1623 489 1665 nemo
504 1614 595 1680 potest
609 1607 728 1664 retinere
741 1604 917 1678 beneficium,
954 1607 1001 1664 ubi
1015 1605 1097 1663 simili
1113 1603 1194 1663 modo
1210 1607 1289 1679 punit
1301 1607 1458 1682 episcopos,
1470 1611 1517 1684 qui
1530 1613 1605 1668 intra
1618 1627 1667 1670 sex
1679 1628 1755 1671 men·

127 1700 199 1774 quod
218 1715 298 1757 auum
320 1715 375 1755 non
395 1703 446 1755 cst.
463 1697 539 1756 Unde
558 1697 642 1754 etium
656 1696 746 1752 obiter
759 1694 914 1769 colligitur,
955 1709 999 1752 aes
1013 1712 1030 1752 a
1043 1695 1252 1754 confirmatione
1265 1712 1316 1754 aua
1330 1712 1385 1754 non
1398 1706 1611 1774 consecrantur,
1623 1700 1758 1774 privando

125 1790 209 1864 legem
222 1804 275 1846 non
291 1790 384 1846 sotum
399 1803 481 1860 posse
494 1787 554 1860 ipso
564 1788 638 1844 tacto
649 1788 790 1859 imponere
803 1800 919 1859 poenam
954 1785 1014 1843 illos
1043 1784 1259 1859 episcopatibus.
1282 1787 1359 1844 lianc
1383 1790 1455 1845 enim
1483 1789 1571 1863 legam
1598 1792 1757 1866 aequiparat

124 1881 277 1952 privativam
303 1880 345 1936 rei
370 1877 494 1936 nondum
515 1876 638 1950 habitae,
659 1874 831 1949 impediendo
846 1875 920 1933 illius
953 1873 1127 1948 praecedenti
1147 1875 1248 1933 Navar.
1261 1877 1289 1934 in
1303 1879 1380 1934 Sum.
1392 1894 1420 1935 c.
1434 1883 1484 1950 25,
1495 1895 1524 1937 n.
1541 1885 1603 1951 118,
1619 1887 1648 1939 et
1660 1881 1757 1941 codam

123 1970 229 2028 domimi
251 1969 483 2043 acquisitionem,
505 1967 552 2024 sed
573 1966 655 2024 etiam
670 1967 709 2024 rei
729 1964 848 2038 babilae,
865 1965 921 2037 pri·
954 1963 1037 2022 modo
1054 1965 1092 2021 ait
1106 1963 1230 2038 obligare
1244 1966 1405 2038 episcopum
1420 1967 1454 2024 ad
1468 1970 1686 2029 renunciandum
1700 1973 1758 2044 epi·

123 2059 208 2117 vando
226 2057 345 2116 dominio
360 2058 411 2114 iam
425 2058 578 2130 acquisitop
599 2071 663 2114 nam
678 2056 705 2112 11
719 2055 765 2112 1111
779 2070 847 2112 casu
862 2055 918 2111 iam
955 2053 1080 2126 scopatui
1093 2053 1146 2112 iam
1161 2054 1270 2112 vacanti
1283 2055 1467 2114 virtuteillius
1482 2058 1559 2132 legis.
1568 2058 1620 2117 Sed
1631 2065 1755 2132 adverto,

122 2151 167 2207 ille
189 2157 248 2207 crrt
270 2147 404 2205 dominus
427 2146 568 2218 benetcii,
588 2151 720 2203 ettamen
734 2143 780 2202 illo
794 2146 920 2216 privatur
954 2142 991 2200 ibi
1008 2160 1064 2201 non
1078 2143 1172 2200 baberi
1185 2143 1276 2216 omn-ia
1291 2144 1385 2215 verba,
1398 2162 1469 2220 quas
1484 2147 1510 2204 11
1524 2146 1659 2221 superiori
1673 2164 1758 2208 cano·

121 2247 182 2296 ante
203 2253 312 2296 omnem
328 2237 520 2308 monitionem,
541 2241 570 2294 ct
584 2251 599 2292 a
613 2234 720 2292 fortiori
734 2242 796 2292 ante
811 2249 920 2291 omnem
957 2248 1004 2304 ne,
1017 2231 1065 2290 aed
1081 2239 1187 2291 tantum
1201 2231 1253 2290 dici
1266 2235 1326 2292 stat
1339 2238 1403 2309 ipso
1412 2240 1477 2294 iure
1487 2240 1614 2312 pswatt·
1625 2240 1757 2298 omittun-

119 2329 278 2386 santentiam
291 2327 513 2397 declaratoriam,
524 2331 558 2383 ut
577 2325 611 2384 ibi
625 2315 747 2382 sentiunt
759 2322 861 2397 glossa,
872 2321 920 2380 do·
957 2329 1003 2380 tur
1019 2338 1084 2380 vero
1106 2322 1161 2394 illa,
1176 2321 1265 2381 nulla
1283 2326 1377 2382 etiarn
1391 2330 1564 2401 praenrtssa
1583 2331 1756 2393 marritione·

119 2419 220 2490 ctorc's,
235 2426 265 2476 et
277 2419 393 2476 Navarr.
408 2417 436 2472 11
450 2417 565 2472 Summa
578 2431 641 2490 qpp.
657 2420 706 2488 25,
719 2429 795 2472 num.
817 2414 880 2473 tta.
955 2419 985 2470 ct
998 2413 1062 2471 ideo
1077 2412 1142 2471 licet
1155 2412 1239 2470 verba
1253 2412 1298 2471 illa
1312 2415 1470 2474 contineant
1483 2420 1645 2476 1111111111
1661 2417 1758 2494 latam,

155 2510 259 2566 tticunt
276 2523 344 2564 vero
364 2504 465 2579 aliqui,
484 2503 556 2562 illam
571 2521 625 2562 non
640 2505 726 2562 tuisse
740 2517 855 2576 poenam
868 2503 920 2560 im·
956 2509 1015 2560 tum
1030 2507 1141 2576 propter
1159 2502 1277 2560 verbum
1295 2505 1447 2576 praeteriti,
1464 2511 1524 2564 turn
1538 2515 1653 2580 propter
1673 2511 1758 2581 perti·

118 2600 234 2670 positam
249 2613 299 2669 per
313 2595 401 2671 legem
416 2595 652 2666 ecclesiasticam,
668 2592 716 2652 red
733 2594 815 2650 luisse
829 2591 921 2650 decla·
956 2592 1050 2649 culam
1065 2595 1129 2666 ipsc
1142 2595 1224 2658 turc,
1242 2591 1419 2650 nibilominus
1434 2594 1603 2654 sufficienter
1618 2599 1760 2666 veritican·

117 2689 251 2745 rationem
265 2686 335 2762 legis
349 2683 496 2754 naturalis,
512 2700 576 2741 nam
590 2683 659 2742 ordo
678 2681 859 2742 sacerdotalia
873 2695 921 2739 ne·
957 2688 1004 2738 tur
1017 2679 1051 2738 da
1067 2681 1200 2738 sententia
1214 2678 1449 2755 condemnatoris,
1464 2689 1493 2742 et
1505 2683 1614 2744 limitari
1628 2694 1757 2762 possunt,

116 2776 257 2834 cuserius
270 2782 314 2832 est
328 2773 364 2832 ad
378 2773 512 2844 officium,
524 2779 638 2847 propter
652 2772 728 2851 quod
741 2772 824 2830 datur
838 2770 919 2828 bone·
956 2777 988 2828 ut
1007 2786 1063 2828 non
1083 2769 1217 2846 obligent,
1233 2785 1285 2829 nec
1304 2771 1423 2831 babeant
1443 2789 1527 2833 suum
1546 2777 1675 2838 allectum
1696 2785 1758 2838 ants

116 2868 222 2940 tioium3
238 2873 267 2922 et
286 2864 363 2936 ideo,
380 2864 428 2938 qui
446 2863 659 2921 non'ordinatur
673 2861 764 2920 debito
783 2867 919 2933 tempore,
955 2860 1116 2918 mutandam
1131 2859 1341 2918 declaratortam
1356 2862 1490 2920 criminis.
1505 2865 1614 2924 Nomia
1633 2867 1677 2926 bia
1691 2884 1757 2941 poc·

115 2971 147 3012 eo
161 2956 221 3028 ipso
235 2970 270 3012 en
285 2959 389 3011 notura
400 2954 441 3009 rei
454 2953 557 3010 amittit
571 2951 685 3010 titulum
697 2949 832 3022 beneficii,
844 2949 921 3024 quod
955 2950 998 3005 nis
1018 2949 1151 3022 rigorosis
1172 2948 1400 3026 subintelligenda
1420 2967 1529 3026 sempor
1542 2961 1586 3012 eat
1605 2958 1756 3016 necessitas

116 3045 199 3102 inilia
212 3043 273 3116 tege
283 3042 337 3100 luit
350 3041 533 3101 declaratum.
543 3039 596 3098 Sed
608 3040 662 3098 boc
673 3047 717 3099 eat
727 3047 825 3098 contra
839 3039 921 3096 verba
956 3038 1038 3095 buius
1049 3039 1209 3105 sentcntiae,
1221 3039 1331 3112 quoties
1342 3039 1368 3096 in
1383 3039 1440 3114 lege
1451 3057 1580 3116 expresse
1591 3043 1647 3103 don
1660 3048 1756 3106 exalu-

117 3134 188 3191 11111
201 3135 336 3192 canonis:
349 3134 395 3192 att
404 3132 574 3206 praesentis
588 3131 808 3188 constitutionis
819 3133 920 3187 aucto
954 3126 1040 3198 ditur,
1056 3133 1089 3184 ut
1108 3127 1133 3184 tn
1147 3126 1326 3201 praecedenti
1345 3130 1441 3202 raguta
1454 3131 1583 3191 diximus:
1600 3142 1630 3192 ot
1639 3121 1687 3195 ¹ita
1701 3138 1754 3198 hoc

116 3227 203 3280 rueme
214 3225 369 3297 pacatus:
382 3236 436 3278 non
451 3227 495 3278 eat
508 3235 574 3294 argo
590 3219 635 3278 illa
648 3219 692 3278 lar
707 3226 814 3278 tantum
828 3217 922 3277 decla·
955 3215 1112 3290 exemplum
1127 3218 1224 3276 molius
1244 3218 1473 3279 accommodatur
1486 3221 1521 3280 ad
1541 3226 1752 3298 praecedentem

115 3315 217 3382 rativa,
239 3311 291 3370 sed
312 3314 396 3369 etiam
417 3311 598 3367 constitutiva
617 3316 645 3367 et
663 3311 800 3368 allectiva.
820 3308 920 3367 lieiudo
954 3307 1091 3382 legitima
1106 3321 1194 3381 quam
1208 3307 1242 3365 ld
1257 3315 1441 3380 lllilifliiffl·
1772 3369 1782 3380 ·

115 3403 211 3461 laisum
222 3393 279 3475 art,
292 3400 370 3475 quod
385 3401 548 3469 assumitur,
562 3415 625 3456 nam
640 3399 706 3457 licet
719 3415 753 3457 ex
767 3403 867 3456 natura
880 3399 921 3456 rei
997 3397 1167 3470 tutantium
1180 3397 1338 3469 exemplum
1352 3401 1472 3458 sumitur
1482 3417 1516 3460 ea
1526 3403 1753 3480 Evtrcvng.Am·

114 3499 250 3566 seqnmur
264 3507 301 3550 ea
321 3491 453 3548 1111111111
467 3489 614 3564 parochiali
632 3488 761 3563 obligatio
775 3487 809 3546 ad
828 3504 920 3548 sacer·
954 3487 1092 3554 bliiosoc,
1112 3485 1146 3544 do
1166 3488 1226 3546 reb.
1242 3486 1351 3546 Ecclos.
1368 3506 1422 3548 uon
1442 3490 1521 3551 alien.
1538 3493 1584 3552 ubi
1603 3494 1748 3554 interiores

115 3582 231 3654 dotium,
244 3587 274 3639 ct
288 3579 353 3638 ideo
367 3581 488 3653 grauiter
502 3585 612 3652 peccet,
623 3579 671 3652 qui
684 3584 727 3636 cst
737 3580 765 3634 11
780 3593 858 3636 mora
872 3594 921 3636 no·
954 3576 1082 3650 praelati,
1101 3582 1130 3634 ot
1150 3582 1273 3636 rectores
1291 3577 1490 3655 ecclesiarum,
1507 3584 1555 3656 qui
1574 3599 1690 3644 auorum
1703 3587 1751 3645 bc·

116 3672 187 3729 tabvli
208 3669 363 3743 recipiendi
384 3668 461 3726 illum
476 3667 615 3741 ordinem;
630 3683 686 3725 uon
705 3675 796 3725 tamen
816 3667 918 3725 idcirco
954 3669 1115 3725 neficiorum
1123 3667 1194 3724 bona
1203 3674 1301 3726 contra
1312 3669 1515 3742 praescriptum
1526 3672 1598 3730 illius
1609 3675 1676 3748 logis
1687 3667 1752 3734 alie-

117 3765 238 3833 privatus
253 3765 300 3816 est
313 3759 443 3816 beneficio
452 3772 484 3817 or
499 3764 600 3815 natura
611 3757 660 3828 rei,
673 3759 738 3830 quia
751 3772 858 3830 semper
872 3774 920 3831 po·
954 3757 1088 3829 navorint,
1101 3759 1248 3830 privantur
1259 3759 1316 3814 auia
1327 3756 1463 3816 beneficiis
1478 3777 1528 3834 per
1539 3763 1666 3822 verbodo
1676 3781 1755 3839 prac-

117 3858 167 3908 test
183 3848 339 3922 emendari,
355 3856 385 3906 et
400 3849 517 3908 rotinere
532 3847 711 3918 beneficium,
727 3848 749 3904 si
765 3845 917 3918 ordinetur,
956 3847 1048 3904 terito:
1060 3849 1175 3922 1111111
1185 3849 1325 3915 esistunt,
1335 3855 1363 3905 et
1373 3847 1471 3906 additis
1483 3858 1625 3925 practerea
1635 3855 1677 3911 bis
1688 3873 1750 3930 par·

117 3938 212 3997 stando
225 3940 254 3995 11
275 3937 395 3994 naturali
408 3936 584 4011 obligatione.
599 3933 676 3994 Unda
690 3936 753 3993 licet
769 3936 795 3992 11
814 3935 858 3993 1111
872 3951 920 3992 ca·
955 3936 1065 4008 ticulia,
1085 3939 1150 4011 ipso
1160 3933 1263 4008 sacto,
1286 3945 1315 3994 et
1333 3937 1442 4013 adepte
1459 3939 1528 4000 alla
1544 3941 1749 4005 decimatione

116 4031 167 4102 pite
186 4029 392 4087 determinetur
407 4034 515 4098 tempus
530 4024 666 4099 implendi
682 4024 873 4098 obligationem
889 4023 919 4080 il·
953 4040 1066 4084 uacare
1083 4030 1270 4083 censeantur.
1286 4027 1361 4094 Quae
1379 4027 1478 4086 ultima
1492 4031 1574 4089 verba
1587 4032 1690 4092 nullam
1704 4053 1753 4110 pa·

117 4123 167 4179 lam
177 4121 212 4178 ad
223 4134 343 4190 annum,
355 4133 427 4191 quaa
440 4115 632 4174 determinatio
644 4131 697 4171 non
713 4121 773 4172 erat
783 4115 819 4171 ita
829 4120 916 4186 certa,
955 4116 1063 4174 tiuntur
1075 4115 1411 4190 tergiversauonem‚quia
1421 4134 1476 4175 non
1487 4125 1567 4178 vacat
1577 4121 1750 4199 beneficium,

116 4229 164 4270 noc
184 4207 353 4269 universalia
367 4223 403 4264 aa
422 4211 520 4264 nutura
533 4205 585 4278 rei,
606 4205 690 4263 otiam
704 4203 794 4278 quoad
815 4204 917 4278 obliga·
953 4206 1005 4262 ulai
1019 4203 1130 4279 quando
1140 4205 1276 4262 amittitur
1287 4205 1436 4275 titulua,et
1445 4207 1594 4267 dominium
1605 4211 1751 4290 eiuaporgo

117 4305 227 4373 donem3
241 4297 421 4356 nibilominus
432 4297 454 4352 si
465 4309 554 4352 canon
572 4293 618 4352 illo
630 4310 684 4351 non
695 4293 841 4351 addidisset
854 4309 918 4367 poe·
953 4311 987 4352 ex
1001 4295 1028 4351 vi
1042 4293 1104 4352 talis
1116 4294 1183 4367 legis
1194 4299 1257 4351 unte
1268 4309 1377 4352 omnem
1388 4297 1553 4356 senteutiam
1564 4299 1646 4358 ctiam
1657 4300 1750 4361 docta-

117 4407 176 4448 unm
196 4389 287 4458 illam,
302 4385 351 4442 sed
374 4385 460 4442 colam
475 4383 667 4459 obligationem
687 4383 851 4456 suscipiendi
872 4399 919 4441 or·
952 4385 1083 4443 ratorium
1104 4383 1240 4442 amittitur
1259 4383 1439 4456 beneficium,
1460 4387 1533 4446 uado
1550 4389 1590 4462 bt,
1611 4395 1760 4453 utstatim

117 4481 203 4538 dinem
215 4477 251 4536 ad
266 4477 320 4534 tale
333 4484 443 4548 tempus
456 4467 668 4544 debuisset,non
679 4471 818 4532 teneretur
828 4480 918 4532 trana-
952 4475 1057 4532 oriatur
1070 4473 1198 4548 obligatio
1213 4474 1239 4530 11
1255 4476 1426 4534 conscientia
1437 4478 1616 4539 renunciandi
1626 4479 1705 4540 illud.
1714 4485 1751 4543 ut

116 4583 225 4645 gesuor
246 4565 324 4624 illius
341 4564 408 4639 logis
428 4564 564 4622 dimittere
581 4563 762 4636 beneficium,
786 4563 834 4622 sed
855 4579 918 4636 poa·
951 4566 988 4623 itu
1001 4563 1161 4639 intelligunt
1175 4577 1291 4636 poenam
1309 4563 1384 4623 illam
1396 4567 1479 4625 calet.
1495 4569 1524 4625 11
1536 4570 1649 4630 Summa
1662 4575 1746 4633 verbo

118 4668 157 4717 set
175 4663 239 4732 post
260 4671 376 4727 annum,
392 4655 434 4711 vet
453 4654 534 4711 ctiam
550 4659 613 4726 post
632 4653 726 4726 plures
739 4668 825 4710 annos
845 4653 918 4711 ordi·
952 4656 1228 4722 excommunicatio,
1243 4670 1307 4728 cap.
1323 4657 1372 4728 15,
1384 4655 1484 4714 Navu'r.
1498 4658 1524 4714 11
1535 4659 1649 4720 Summa
1662 4677 1689 4720 c.
1701 4667 1750 4736 27,

118 4750 188 4821 nari,
199 4755 228 4804 et
241 4747 363 4804 retinere
375 4743 537 4802 beneficium
550 4744 607 4802 sine
620 4758 690 4800 nova
701 4743 858 4816 collatione,
869 4754 919 4806 aut
951 4760 1028 4802 num.
1047 4743 1250 4814 1516111111
1263 4744 1339 4803 dicta
1350 4761 1377 4820 q.
1392 4749 1440 4819 cc,
1451 4753 1480 4804 et
1493 4745 1546 4819 aliip
1562 4752 1688 4823 quamvis
1701 4754 1749 4812 ad·

119 4853 185 4896 noro
199 4836 291 4908 111111,
304 4836 369 4909 quia
379 4835 407 4890 11
422 4831 474 4890 boa
487 4831 553 4889 nibil
568 4831 704 4889 invonitur
718 4837 816 4888 cantra
830 4831 917 4905 legem
952 4833 1036 4904 daut,
1057 4831 1147 4906 legem
1166 4831 1238 4891 illam
1259 4833 1352 4906 quoid
1372 4835 1455 4893 talem
1476 4851 1592 4909 poenam
1611 4843 1752 4901 contraria

119 4927 286 4988 naturalem:
303 4925 356 4983 tuit
369 4938 438 4997 ergo
449 4921 494 4979 illa
508 4935 596 4995 poena
610 4923 670 4995 ipso
684 4921 743 4979 iure
754 4919 808 4978 lata
823 4935 872 4994 por
886 4920 917 4979 il·
952 4919 1163 4994 consuetudine,
1175 4920 1335 4996 derogatum
1354 4939 1432 4997 esse,
1454 4925 1496 4983 val
1515 4927 1608 4987 multis
1623 4931 1652 4987 11
1665 4931 1746 5004 locta,

120 5021 167 5078 ,m
180 5019 280 5092 Mem·
310 5062 316 5072 Ι
611 5041 620 5054 .
952 5011 994 5070 vel
1009 5012 1122 5086 ubique,
1134 5010 1209 5087 quod
1224 5011 1399 5084 adpraesens
1412 5015 1572 5075 institutum
1582 5033 1637 5077 nnn
1649 5021 1745 5081 rotert.

30 5106 35 5123 '
154 5110 238 5168 Aliter
251 5103 386 5163 veredici
405 5107 500 5176 posen
513 5097 584 5158 illam
604 5115 658 5158 non
679 5099 762 5158 tuisse
775 5101 916 5174 proprium
993 5105 1037 5160 11.
1053 5102 1190 5169 Quartum
1203 5103 1360 5175 exemplum
1373 5105 1445 5162 arrmi
1459 5111 1549 5180 potest
1563 5123 1597 5167 ex
1610 5125 1673 5184 cap.
1687 5115 1749 5174 Pro

120 5215 227 5277 „mnam
240 5195 370 5282 legalem,
387 5191 438 5250 sed
453 5189 701 5262 conventionalem,
717 5191 782 5264 quia
796 5207 829 5249 ea
844 5193 870 5248 vi
884 5190 916 5248 il·
950 5194 1087 5260 numani,
1105 5191 1138 5250 do
1152 5192 1282 5251 homicid.
1299 5193 1325 5251 11
1340 5197 1369 5266 6,
1383 5195 1431 5253 ubi
1446 5195 1605 5257 occidentes
1620 5199 1687 5258 alios
1698 5217 1749 5275 por

29 5310 34 5319 ·
123 5291 243 5367 buslcgis
254 5289 340 5350 datur
354 5281 520 5344 bencbdum
534 5281 586 5340 sub
597 5295 628 5342 ea
643 5279 811 5356 conditione,
825 5289 854 5340 et
867 5281 915 5342 de·
949 5284 1088 5343 aasasinos
1108 5283 1250 5357 privantur
1268 5284 1405 5344 boneficiis
1423 5287 1482 5361 ipso
1495 5286 1585 5364 lacto,
1606 5297 1634 5351 et
1650 5291 1747 5353 codem
