4284 6246
357 305 421 372 xeo
850 263 856 274 ’
1059 322 1163 376 mna
1176 325 1224 376 vx.

318 448 449 524 parentius
469 445 585 508 accidit:
600 453 630 506 et
648 446 708 506 iden
729 446 792 508 licet
810 447 836 506 in
855 445 1016 522 particulari
1030 456 1120 506 cesset
1158 456 1201 524 te,
1221 455 1279 510 tnta
1300 449 1344 511 lex
1363 451 1496 512 reddatur
1516 453 1673 522 iniustaxel
1688 457 1799 532 inutilis,
1815 459 1858 517 rel
1872 459 1961 533 magia

317 540 442 614 negative
462 539 508 596 illa
527 538 603 611 linis,
624 554 679 596 nnn
701 539 731 597 lit
751 539 853 596 inutilis
870 544 967 610 actus,
981 552 1032 595 nec
1047 536 1073 594 in
1085 553 1118 595 eo
1155 539 1270 613 nociva,
1287 557 1369 615 quam
1385 545 1518 617 prolicua,
1534 552 1562 603 et
1575 552 1642 606 tunc
1655 547 1775 607 cessabit
1792 555 1849 606 tota
1862 549 1919 608 lex:
1937 553 1961 610 si

321 635 413 688 cessat
431 628 568 686 contraria
587 628 656 684 ratio
675 625 758 702 legis,
780 629 844 702 qrria
863 642 972 700 semper
992 627 1061 684 ratio
1075 625 1121 683 illa
1155 645 1220 686 vern
1234 646 1287 687 non
1301 631 1429 691 obstante
1443 634 1489 691 illc
1504 635 1629 710 deiectu,
1645 636 1689 694 lex
1705 637 1775 694 iusta
1790 646 1960 711 permaneat,

320 717 475 777 communis
500 723 591 788 potest
615 732 726 774 morere
747 717 780 774 ad
801 717 877 775 illum
898 724 991 775 actum
1011 722 1122 789 propter
1155 725 1182 776 et
1202 721 1289 792 magis
1311 721 1396 793 utilis,
1417 739 1500 797 quam
1514 727 1629 796 nociva,
1643 742 1697 782 non
1712 728 1833 785 cessabit
1848 729 1908 800 ipso
1922 728 1963 785 ln·

321 823 468 867 commune
489 807 610 878 bonnm,
629 812 658 864 at
675 814 787 879 propter
801 808 1018 866 conformitatem
1038 807 1073 864 ad
1085 805 1123 864 le·
1157 815 1220 881 oto,
1242 807 1330 867 donec
1351 819 1511 870 reuocetur.
1533 813 1604 872 illud
1624 815 1704 872 etiam
1725 825 1768 873 est
1783 817 1963 875 consideran·

318 915 397 974 gem,
411 908 440 956 et
453 896 487 954 ad
501 903 590 954 tntum
605 912 721 970 corpus,
737 903 769 954 ut
783 900 873 971 capite
887 897 1058 970 praecedenti
1076 910 1123 954 ex·
1156 898 1234 970 dum,
1251 906 1284 957 ut
1298 900 1340 956 lex
1354 902 1513 974 simpliciter
1527 911 1629 977 censet,
1646 907 1831 963 necessarium
1843 922 1915 977 esse,
1929 913 1963 964 ut

319 989 450 1064 plicatum
466 993 519 1042 tsi·
1130 1001 1135 1010 ·
1156 989 1215 1045 eins
1236 991 1306 1046 ratio
1328 997 1462 1064 perpetuo
1487 1001 1579 1051 cesset
1598 994 1777 1070 generaliter3
1800 1000 1864 1053 nani
1884 998 1906 1052 si
1928 996 1963 1054 ad

358 1078 400 1138 td
421 1075 573 1134 secundem
591 1076 725 1133 rationem
739 1075 773 1135 de
787 1077 927 1134 voluntate
942 1076 1071 1148 principis
1086 1075 1124 1131 ia·
1158 1083 1268 1150 tempus
1288 1084 1393 1136 tantum
1416 1082 1457 1138 sic
1481 1097 1592 1140 cessare
1615 1083 1757 1155 rideatur,
1780 1091 1846 1142 tunc
1870 1086 1963 1158 potius

321 1169 373 1227 nile
394 1163 578 1240 respondetur
594 1181 626 1224 cx
641 1165 730 1234 dictis,
746 1183 811 1224 cum
826 1173 952 1224 cessante
966 1168 1070 1223 ratione
1086 1165 1124 1222 le·
1157 1166 1341 1237 suspendetur
1361 1167 1487 1243 obligatio
1502 1170 1587 1245 legis,
1602 1189 1683 1245 quam
1699 1176 1758 1244 ipsa
1773 1176 1962 1249 extinguetur,

319 1261 362 1336 gis
380 1259 407 1314 in
428 1255 562 1330 generali,
585 1271 618 1312 eo
640 1256 699 1328 ipso
720 1257 766 1313 liat
779 1255 881 1313 inutilis
895 1255 953 1326 lex,
968 1263 997 1314 et
1010 1256 1125 1312 materia
1158 1253 1223 1328 quia
1240 1272 1295 1313 non
1315 1257 1344 1314 fir
1361 1258 1524 1331 simpliciter
1538 1245 1641 1318 inuritis
1658 1263 1698 1320 rel
1713 1264 1825 1336 iniusta,
1840 1264 1889 1322 sed
1904 1273 1964 1321 tan·

320 1351 379 1408 eius
401 1349 447 1404 liat
466 1347 579 1418 incapax
601 1344 775 1421 obligationis
796 1347 903 1417 iustos,
922 1351 1125 1418 consequenter
1159 1351 1218 1402 turn
1239 1362 1290 1418 pro
1305 1345 1358 1404 boc
1374 1353 1509 1423 tempore,
1525 1358 1553 1407 et
1567 1351 1626 1408 ideo
1642 1352 1754 1410 limitata
1768 1369 1852 1412 eausa
1867 1353 1965 1412 limita-

321 1437 507 1497 necessarinm
517 1451 588 1506 esse,
599 1442 632 1494 ut
640 1443 733 1494 cesset
744 1435 869 1493 voluntas
880 1429 1054 1512 legislatoria3
1065 1443 1124 1493 ιιιιιι
1161 1442 1219 1493 ιιιιιι
1234 1437 1305 1508 parit
1318 1423 1463 1510 ellectu'mr
1478 1456 1544 1514 ergo
1555 1442 1735 1515 suspenditur
1746 1443 1800 1517 lex,
1811 1460 1865 1502 non
1875 1445 1965 1502 extin-

322 1528 388 1605 quia
409 1527 499 1585 solum
520 1525 606 1584 uoluit
628 1526 698 1584 iuste
713 1525 844 1598 obtigere,
859 1534 887 1584 et
902 1535 1038 1600 quantum
1054 1525 1126 1583 licite
1161 1525 1267 1600 guitur.
1705 1545 1712 1558 ·

321 1623 434 1694 posset,
454 1631 543 1690 neque
562 1615 635 1673 aliud
655 1615 885 1690 praesumendum
899 1623 953 1687 est,
970 1623 1028 1673 lum
1042 1615 1126 1672 etiam

322 1709 387 1785 qrtio
407 1708 480 1766 lacta
501 1708 652 1763 mutatione
672 1707 697 1762 in
719 1708 832 1764 materia
853 1706 937 1780 legis,
958 1721 1013 1764 non
1032 1712 1127 1789 posset
1456 1720 1597 1794 CAPUT
1619 1725 1663 1793 Χ.

323 1799 454 1873 obligare,
464 1796 572 1854 etiamsi
579 1795 671 1854 vellet.
681 1793 759 1864 Quod
771 1796 793 1852 si
804 1797 924 1869 tingatur
937 1795 945 1871 l
952 1802 982 1853 ut
993 1798 1020 1852 in
1031 1794 1127 1852 endem

324 1895 486 1963 argumento
506 1885 650 1961 additur),
670 1893 796 1943 cessante
817 1886 900 1958 priori
921 1885 1025 1943 ratione
1046 1885 1127 1942 aliam

323 1979 493 2051 succedere,
513 1983 545 2037 ιιι
562 1979 590 2035 in
604 1977 714 2035 tributis
727 1976 782 2034 dici
796 1975 877 2048 solet,
893 1991 1058 2048 responsum
1072 1981 1125 2046 est,

321 2071 441 2144 priorem
462 2069 550 2142 legem
572 2081 715 2137 cessasse,
735 2072 764 2123 et
783 2066 863 2123 aliam
885 2081 938 2122 nnn
958 2080 1018 2122 esse
1033 2064 1125 2122 latam.

322 2160 398 2218 Unde
419 2159 442 2215 si
462 2157 528 2214 velit
548 2157 675 2228 prinecps
694 2155 816 2228 obligare
836 2154 870 2212 ad
889 2154 1017 2212 eumdem
1032 2161 1127 2211 netum

323 2255 436 2322 propter
456 2262 557 2303 novam
578 2246 712 2303 rationem
735 2245 938 2319 insurgentem,
955 2250 1081 2317 oportet,
1098 2250 1130 2301 ut

322 2340 415 2397 “⁰¹¹⁰
431 2337 519 2411 legem
534 2334 614 2406 ‘emt’
628 2351 676 2392 ’ω
693 2335 764 2440 {nfm
777 2334 947 2436 vf’hmmem
960 2335 1127 2438 'fmmqlsseff’
1165 2370 1189 2421 l.
1204 2367 1363 2434 bispensarto
1372 2369 1458 2423 differt
1469 2373 1501 2423 ab
1511 2373 1723 2439 interpretatione
1733 2389 1780 2440 per
1789 2377 1918 2448 epiilxiam.
1930 2406 1966 2416 —

325 2428 390 2486 alias
403 2443 457 2484 non
473 2430 607 2498 poterunt
620 2423 721 2482 subdita
732 2439 766 2481 cx
778 2440 802 2480 ιι
814 2425 913 2496 prlnrrs
925 2425 991 2498 legis
1002 2423 1125 2496 obligari.
1197 2439 1223 2490 2.
1237 2437 1359 2502 Superior
1370 2441 1518 2506 dispensare
1530 2449 1615 2508 potest
1627 2457 1685 2494 ,um
1695 2453 1766 2496 cen,
1777 2460 1894 2511 gemm,
1907 2450 1964 2512 103,

324 2518 413 2576 'lertio
427 2531 493 2573 vero
509 2516 579 2572 ratio
592 2515 638 2572 rel
651 2515 748 2587 probat
761 2515 876 2585 primunr
893 2516 1089 2584 assertionem,
1105 2512 1129 2569 sl
1196 2509 1279 2574 (1110ἓιᾱ
1296 2511 1359 2562 alias
1371 2512 1510 2574 obligante.
1524 2539 1560 2551 ··
1571 2515 1597 2566 3·
1611 2514 1771 2579 Distinffllb
1782 2525 1821 2568 2⁵²
1838 2524 1911 2569 actos
1924 2519 1964 2568 iu-

325 2611 450 2666 cessante
467 2605 518 2662 linc
532 2605 688 2661 extrinseco
703 2602 771 2676 legis
782 2603 873 2661 adhuc
884 2603 1068 2660 materiarius
1079 2602 1128 2660 bn·
1197 2578 1363 2713 magna
1379 2581 1966 2720 [ὦἓξὲξἓξπξὶῗξθῖὓθῑῑθέξὲρῖέιῧίἰὲὲξ·

323 2703 404 2756 nesta
425 2698 476 2782 sit,
498 2701 526 2752 et
545 2702 658 2768 propter
677 2710 707 2750 se
725 2693 870 2752 conterens
883 2693 918 2751 ad
933 2693 1035 2750 bonrrrn
1050 2710 1128 2751 conr·
1197 2720 1233 2770 „a
1245 2732 1294 2770 ng„
1308 2726 1392 2782 pope„
1408 2720 1459 2771 di„
1476 2721 1641 2786 dimum,
1657 2751 1692 2762 ,
1705 2725 1730 2776 7·
1746 2725 1912 2790 privilegium
1925 2728 1965 2777 in·

324 2801 419 2858 mune,
436 2783 478 2841 vel
493 2785 515 2840 si
529 2787 599 2842 ratio
612 2784 656 2842 illa
667 2782 809 2856 procedat,
821 2784 931 2858 quando
943 2785 1052 2842 omnino
1065 2799 1126 2841 ces·
1195 2789 1297 2840 mudum
1309 2789 1360 2840 dici
1374 2797 1458 2854 potest
1468 2791 1635 2856 dispensatio.

325 2884 369 2935 snt
381 2877 440 2932 bnis
457 2875 540 2950 legis,
556 2875 689 2948 negitur,
705 2881 771 2931 tunc
786 2890 866 2948 posse
881 2874 968 2946 legem
983 2874 1055 2931 licite
1069 2890 1127 2931 aer·

324 2969 395 3038 rari,
411 2965 476 3039 qnia
490 2971 563 3022 esset
577 2969 656 3020 actus
670 2978 759 3020 vanus
773 2970 802 3020 et
814 2965 937 3034 otiosus3
953 2971 981 3020 et
995 2963 1059 3020 licet
1071 2963 1126 3020 illc·
1203 2965 1228 3022 l.
1247 2964 1396 3034 Postquam
1417 2961 1450 3020 de
1471 2965 1625 3023 cessatione
1643 2963 1712 3038 legis
1727 2965 1831 3024 dictum
1847 2975 1903 3040 est,
1919 2985 1962 3026 sa·

324 3061 381 3114 met
404 3061 484 3113 nctus
505 3053 592 3127 possit
615 3053 685 3110 inrte
707 3052 819 3110 boneste
841 3053 895 3110 beri
915 3061 1027 3126 propter
1045 3055 1125 3111 aliana
1160 3053 1256 3126 quitur
1277 3051 1422 3109 dicendum
1442 3051 1475 3110 de
1495 3055 1649 3112 mutatione
1669 3055 1744 3128 eius,
1764 3071 1814 3114 seu
1829 3058 1961 3116 ablatione

264 3183 269 3191 -
324 3143 548 3204 commoditatem
569 3143 764 3214 particularem
782 3145 913 3203 intentam
931 3142 965 3200 ab
985 3149 1125 3215 operante,
1161 3157 1210 3214 per
1228 3141 1364 3200 actionem
1379 3141 1525 3200 extrinseci
1539 3145 1644 3217 agentis
1659 3144 1782 3202 babentia
1799 3153 1961 3218 potestatem

323 3235 392 3294 iliud
407 3241 450 3292 est
464 3232 543 3292 valde
557 3232 743 3291 extrinsecum
758 3238 786 3290 et
799 3232 1024 3300 accidentarinm,
1042 3239 1073 3288 ut
1083 3232 1124 3289 lex
1160 3231 1193 3288 ad
1213 3231 1374 3289 tollendam:
1396 3247 1467 3304 quae
1482 3232 1582 3304 duplex
1596 3235 1678 3291 etiarn
1693 3251 1754 3292 esse
1768 3245 1872 3308 potest,
1888 3238 1962 3294 scili·

324 3325 398 3399 prior
418 3329 590 3396 perseveret,
606 3337 677 3395 quae
691 3337 744 3378 non
759 3321 895 3396 obligabat
908 3321 941 3380 ad
955 3320 1124 3395 operandum
1160 3328 1204 3378 cet
1225 3321 1361 3400 pprtialie,
1376 3338 1460 3395 quam
1482 3339 1555 3379 nunc
1575 3326 1833 3396 comprehendimus
1854 3330 1961 3386 nomine

325 3415 370 3473 illo
387 3414 479 3488 modo,
492 3413 534 3471 rel
550 3419 663 3486 prepter
675 3411 752 3469 illum
763 3413 853 3469 linem.
867 3415 959 3485 Neque
968 3429 1001 3469 ex
1014 3413 1059 3468 tali
1071 3427 1125 3469 nnn
1160 3411 1383 3484 dispensationis,
1403 3418 1431 3469 et
1450 3411 1532 3470 latiens
1550 3413 1607 3471 dici
1622 3422 1713 3486 petest
1727 3417 1867 3491 derogatio
1881 3419 1960 3493 legis,

325 3506 512 3564 obseruatione
535 3501 621 3575 legis,
643 3517 715 3575 quae
735 3503 789 3558 iam
810 3502 948 3558 euidenter
968 3509 996 3558 et
1016 3501 1124 3574 publice
1158 3507 1186 3558 et
1209 3500 1312 3572 totalis,
1334 3517 1405 3574 errae
1425 3501 1527 3559 dicitur
1542 3503 1610 3576 legis
1627 3505 1777 3578 abnegatio.
1796 3511 1831 3565 be
1847 3508 1898 3565 bac
1913 3527 1962 3582 pn·

325 3597 459 3666 cessauit,
484 3600 601 3667 possunt
620 3593 698 3664 sequi
720 3591 834 3648 moralia
848 3591 1035 3661 incommoda,
1051 3593 1125 3648 sicut
1159 3592 1266 3648 steriori
1286 3591 1412 3648 dicemus
1434 3598 1541 3664 postea,
1564 3593 1608 3650 bic
1630 3609 1695 3651 xero
1709 3595 1743 3651 de
1760 3597 1842 3668 priori
1859 3605 1961 3656 tracta-

324 3701 378 3742 non
402 3685 532 3742 timentur
550 3697 582 3740 ex
603 3697 654 3754 en,
676 3681 752 3755 qnod
767 3680 809 3739 lex
822 3681 961 3738 evidenter
975 3688 1003 3738 ct
1016 3680 1124 3753 publice
1159 3697 1232 3751 mus,
1247 3686 1275 3737 et
1289 3697 1342 3736 nnn
1358 3679 1391 3737 de
1405 3683 1496 3752 omni,
1513 3683 1578 3753 quia
1593 3697 1646 3738 non
1661 3687 1749 3741 omnis
1764 3686 1905 3759 derogatio
1922 3688 1960 3744 le·

324 3774 424 3832 iniusta
437 3790 490 3830 non
507 3779 652 3844 servetur,
667 3779 694 3828 et
707 3773 810 3828 maiora
824 3787 857 3829 cx
871 3772 1009 3828 contraria
1023 3771 1125 3845 obliga·
1158 3771 1200 3844 gis
1214 3777 1257 3827 est
1270 3770 1381 3842 propria
1396 3771 1579 3843 dispensatio,
1596 3780 1627 3829 ut
1639 3774 1854 3848 explicabimus,
1868 3776 1961 3835 sedda

323 3865 397 3921 tione
412 3870 604 3935 sequerentur.
1159 3859 1204 3915 illa
1223 3866 1348 3930 tantum,
1364 3875 1434 3932 quac
1449 3863 1586 3940 propriam
1600 3862 1811 3935 dispensationis
1826 3868 1960 3926 rationem

366 3959 411 4011 te.
427 3955 548 4024 marique
569 3953 646 4008 iuxta
664 3949 747 4020 baec,
770 3964 840 4022 quae
861 3948 978 4006 diximus
997 3949 1036 4008 de
1050 3951 1123 4008 totali
1159 3948 1274 4022 babeat,
1289 3950 1341 4006 sub
1364 3965 1418 4022 (pua
1433 3966 1506 4008 nunc
1522 3956 1766 4012 commutationem
1780 3959 1961 4029 comprehen-

324 4043 474 4102 ceasetione
497 4041 578 4122 legis,
601 4037 714 4096 indicari
735 4039 835 4111 poterit
856 4039 887 4097 de
906 4041 1059 4098 cessatione
1078 4041 1124 4098 ali·
1157 4039 1263 4112 dimus,
1280 4055 1342 4096 nam
1358 4039 1391 4096 nd
1407 4039 1638 4111 dispensationem
1653 4044 1808 4115 reducitur,
1826 4055 1857 4105 ut
1870 4052 1961 4121 capite

324 4135 405 4192 cuius
428 4133 513 4204 pertis
528 4132 594 4204 legis
608 4145 661 4185 non
677 4137 806 4200 respectu
822 4145 969 4202 personum,
985 4131 1026 4188 vel
1041 4146 1123 4187 casus
1157 4131 1283 4200 sequenti
1295 4128 1451 4185 declarabo.
1461 4130 1539 4187 Unde
1551 4147 1707 4204 supponere
1718 4141 1837 4206 oportet,
1849 4136 1959 4211 dispen-

323 4222 515 4296 particularis,
530 4220 578 4277 sed
595 4227 725 4290 respectu
743 4218 825 4274 totius
839 4221 1055 4277 communitatis.
1074 4223 1123 4278 Po·
1157 4219 1304 4289 sationem,
1320 4217 1353 4274 de
1367 4233 1422 4290 que
1436 4225 1607 4293 tractamus,
1622 4223 1758 4280 diversam
1773 4227 1883 4283 omnino
1898 4243 1960 4286 esse

323 4317 377 4370 test
397 4312 469 4368 cuim
491 4311 533 4367 lex
556 4308 636 4380 plura
656 4307 828 4379 praecipere,
851 4308 892 4365 vel
913 4309 987 4366 varia
1002 4311 1123 4367 membra
1157 4307 1190 4364 ab
1205 4309 1439 4380 interpretatione,
1454 4324 1525 4380 qrrae
1536 4326 1585 4380 per
1595 4313 1721 4383 epiilxiam
1732 4315 1771 4384 snt,
1784 4315 1839 4373 sire
1853 4318 1879 4372 in
1891 4332 1960 4374 casu

322 4404 475 4470 continere,
492 4405 519 4456 et
534 4397 626 4473 quoad
639 4413 724 4455 unum
735 4397 791 4452 beri
803 4396 916 4469 inutilis,
928 4405 955 4456 ct
966 4415 1019 4455 nnn
1030 4401 1121 4474 quoad
1155 4397 1291 4468 evidente,
1312 4404 1360 4454 aut
1378 4397 1524 4468 probabili,
1545 4399 1601 4456 sive
1621 4404 1645 4456 iri
1662 4417 1730 4458 casu
1745 4403 1845 4475 dubio,
1861 4409 1887 4462 in
1902 4423 1959 4478 quo

321 4491 382 4548 alia.
404 4491 439 4548 Et
454 4495 520 4546 tuuc
535 4487 606 4545 idem
622 4485 751 4543 iudicium
767 4492 811 4543 est
824 4486 857 4542 de
873 4486 916 4544 illa
931 4496 1025 4559 parte,
1040 4493 1122 4547 cuius
1155 4489 1306 4544 auctoritas
1318 4487 1469 4558 superioris
1481 4468 1646 4559 peslulatnr.
1660 4493 1735 4549 Licet
1745 4495 1815 4549 enim
1834 4494 1900 4552 baec
1911 4512 1958 4552 no·

320 4583 392 4639 ratio
413 4579 548 4649 cessarit,
563 4575 673 4649 quando
688 4583 732 4632 est
745 4575 779 4632 ab
788 4575 843 4632 'alia
858 4577 1032 4650 separabilis,
1047 4582 1122 4652 quod
1155 4577 1226 4634 mina
1242 4576 1348 4634 soleant
1362 4576 1504 4648 conlundi,
1517 4578 1647 4652 distingui
1662 4579 1835 4640 nibilominus
1847 4583 1958 4658 debent,

257 4653 260 4663 “
320 4669 354 4728 de
375 4675 431 4726 tcta
451 4667 542 4740 aliqua
562 4665 638 4739 lege,
661 4681 723 4722 nam
743 4673 786 4722 est
799 4665 895 4723 eadem
912 4669 989 4724 ratio.
1005 4671 1062 4726 lmo
1078 4669 1121 4728 illa
1156 4671 1187 4722 ut
1201 4667 1226 4722 in
1241 4665 1372 4723 discursu
1388 4666 1469 4723 latius
1483 4673 1513 4725 et
1530 4668 1702 4727 commodius
1717 4671 1867 4744 explicabo.
1888 4676 1959 4747 Epil-

320 4759 373 4829 lex,
390 4773 461 4831 quac
475 4756 582 4813 ridetur
596 4771 663 4826 una,
675 4756 700 4811 in
716 4771 746 4813 rc
757 4763 798 4812 est
809 4755 963 4830 multiplex,
976 4765 1004 4816 et
1014 4760 1050 4816 ita
1060 4775 1121 4816 ces·
1154 4755 1197 4812 ixia
1218 4757 1290 4812 enim
1312 4772 1365 4812 non
1379 4762 1423 4813 est
1437 4763 1517 4813 actus
1532 4756 1741 4830 iurisdictionis,
1756 4761 1804 4818 sed
1817 4762 1959 4832 doctrinae

319 4855 362 4905 sot
376 4864 442 4917 una,
457 4847 522 4904 licet
535 4861 590 4902 non
606 4852 715 4902 cessent
730 4845 809 4902 aliae.
825 4845 853 4902 Si
869 4863 934 4903 vern
945 4847 987 4904 lex
1002 4849 1039 4905 ita
1053 4864 1120 4906 con·
1154 4855 1182 4904 ct
1200 4846 1377 4918 prudentiae,
1399 4852 1430 4903 ut
1449 4862 1533 4918 surpra
1548 4847 1636 4904 risum
1654 4855 1713 4906 est:
1730 4849 1894 4922 dispensatio
1909 4870 1959 4912 au·

319 4939 419 4995 tineret
441 4937 543 5004 mula,
565 4941 597 4992 ut
616 4940 709 4991 essent
729 4935 928 5007 inseparabilia,
945 4940 973 4992 et
986 4937 1021 4993 ita
1034 4946 1118 5011 esset,
1155 4944 1226 5004 tenr,
1241 4935 1274 4992 de
1288 4952 1343 5010 qua
1360 4941 1526 5006 tractamus,
1540 4942 1583 4994 est
1597 4945 1676 4996 actus
1692 4940 1910 5015 iurisdictionis,
1927 4951 1959 5003 ut

319 5028 397 5101 quasi
415 5025 582 5085 indivisibilis
600 5022 746 5096 obligatio,
769 5025 833 5096 quia
848 5024 950 5082 bonnm
965 5041 997 5082 ex
1014 5025 1119 5099 integra
1154 5027 1314 5084 videbimus.
1335 5027 1529 5099 interpretatio
1550 5030 1682 5086 antemio
1697 5045 1765 5088 nasu
1780 5033 1959 5093 omninndu·

319 5133 419 5189 carran,
440 5125 468 5174 et
487 5115 590 5174 malum
612 5129 645 5171 ex
666 5128 845 5188 quocumque
865 5113 992 5187 deleclu;
1014 5121 1117 5172 attente
1152 5116 1213 5190 bio,
1230 5117 1294 5174 licet
1307 5124 1417 5190 praeter
1433 5117 1618 5190 prudentiam,
1633 5118 1850 5180 iurisdictionem
1865 5127 1958 5198 requi·

317 5205 547 5266 considerandum
561 5211 615 5276 est,
628 5219 661 5260 an
673 5209 786 5276 propter
797 5201 936 5262 deiectum
949 5203 975 5261 in
987 5220 1041 5262 arna
1051 5221 1115 5279 par·
1153 5214 1206 5280 rat,
1222 5223 1277 5266 non
1291 5207 1422 5282 supponit
1435 5206 1628 5282 obligationem
1639 5208 1707 5285 legis
1717 5218 1834 5286 certam,
1846 5215 1895 5274 sed
1908 5233 1957 5290 po·

1148 1921 1158 2008 L
1200 1915 1281 1972 Dari
1299 1918 1443 1994 neposstt
1456 1916 1684 1993 disponentium
1699 1917 1761 1994 lepc
1774 1921 1920 1987 lomene,

1435 2007 1549 2082 etquid
1561 2007 1619 2067 illo
1633 2012 1681 2066 sit.

1443 2183 1713 2268 Snmnrarinm¹
