4290 6222
435 348 500 410 396
1138 368 1237 416 nrnnn
1254 369 1327 418 rrrr.

433 490 599 542 7.liesolutio
609 492 798 542 auctoris—8.
814 491 896 543 litatio
910 492 1079 543 contradicta
1091 493 1116 542 ln
1130 505 1203 556 para-
1238 491 1287 548 aeti
1306 493 1378 549 idem
1397 494 1571 568 privilegium
1590 495 1754 554 conceditur
1767 499 1808 568 el,
1824 499 1868 556 ctti
1882 503 2023 557 communi-

432 558 529 640 ΜΨ
543 559 661 658 miii·
670 561 735 640 ’.θ’
756 561 903 624 mmmm·
916 587 950 642 ’T
962 563 1004 644 ¹⁰:
1021 561 1202 644 ‘imiimi‘
1238 585 1406 640 calaritan
1418 587 1628 642 communicatio
1639 586 1769 660 privilegii
1781 592 1883 644 nonest
1896 590 1955 644 eius
1965 591 2024 646 mul·

433 641 565 692 proprium
579 629 743 692 pririiegrnm
757 643 803 694 pen
815 638 1071 682 communicationem
1081 630 1203 694 simplici·
1252 671 1256 680 .
1289 671 1294 684 .
1345 671 1350 682 .
1563 676 1570 690 .
1733 678 1739 690 .
1819 678 1825 688 .
1875 677 1880 687 .
1931 677 1936 690 .

433 704 473 746 ter
493 696 575 757 idem,
594 703 621 748 et
639 699 665 747 in
684 711 712 748 re
726 699 789 749 nibil
803 698 924 750 differens
937 712 950 748 a
964 699 1101 762 privilegio
1113 699 1149 750 od
1160 700 1202 749 in·
1239 670 1384 772 i'dubiumr
1400 674 1448 730 ’θα
1466 681 1604 746 ⁰¹i⁰¹¹⁸¹⁰r
1620 684 1649 732 ⁸¹
1661 693 1740 750 ΨΜ
1753 675 1899 748 ⁰91³¹¹⁰⁰i¹⁰
1913 679 2023 734 ⁰¹⁰⁵ii⁰¹¹¹

429 767 487 816 star
501 779 604 830 proprie
617 774 771 831 sunnpto.—
783 769 825 819 ii.
839 769 1014 832 Proprietates
1027 769 1148 832 superius
1158 767 1203 817 de·
1239 759 1373 834 privilegii
1388 761 1421 818 ad
1437 763 1516 832 plura
1530 763 1664 820 sarbiecla.

430 836 543 885 elaeatae
564 837 589 884 in
609 838 794 900 privilegians
807 838 895 888 instar
908 839 992 889 iocum
1005 837 1100 888 hanone
1113 838 1138 887 tn
1151 838 1203 900 pri·
1278 849 1353 906 itanc
1368 850 1547 908 differentiam
1558 851 1612 910 late
1628 859 1728 910 tractat
1738 852 1859 910 ttandos.
1871 853 1898 910 d.
1919 860 2025 911 tractatu

432 906 534 1025 ζὲρῧέξ
550 905 846 1040 ffiffipffifgffi
859 907 1202 1040 i¹¹¹¹¹⁰gJ⁰Cffiff¹¹¹¹Jr¹2¹1¹l¹s⁰2fficg
1234 937 1267 993 dc
1282 938 1426 1012 privilegiis
1450 939 1492 998 od
1506 945 1620 1008 instar,
1638 957 1666 1014 q.
1682 947 1716 1013 2,
1732 950 1759 999 st
1773 943 1846 999 illarn
1860 959 1912 998 nnn
1928 944 2022 1014 probat,

431 1057 487 1093 snm
502 1043 567 1103 init,
582 1046 652 1095 nnita
666 1045 776 1096 resultat
789 1046 933 1098 mutatioin
943 1059 987 1108 eo,
998 1046 1040 1096 oui
1052 1052 1139 1110 postea
1152 1043 1201 1093 luit
1236 1041 1268 1082 80
1283 1029 1391 1100 merito,
1415 1029 1525 1101 ¹¹¹⁰dl¹¹s
1540 1045 1596 1102 til¹⁰
1611 1047 1668 1088 ¹0⁰¹
1683 1033 1815 1104 ⁰¹liii⁰⁸is
1831 1031 1897 1089 mint
1914 1048 1964 1088 ⁰⁰¹¹
1979 1033 2025 1105 1³¹⁸·

430 1127 589 1164 caricessmn.
1235 1122 1295 1186 cat,
1309 1119 1375 1189 quia
1394 1118 1562 1176 identitatem
1578 1120 1778 1194 privilegiorum
1790 1123 1865 1193 ponit
1875 1123 1902 1177 in
1921 1128 2025 1194 utroque

440 1216 463 1266 t.
487 1207 544 1264 ntia
565 1207 654 1265 torma
672 1209 840 1268 concedendi
862 1211 1032 1284 privilegium
1051 1225 1112 1266 esse
1132 1209 1202 1266 solet
1234 1213 1434 1278 extremorum,
1453 1213 1481 1265 et
1493 1209 1787 1282 negatsirniiitudinem
1800 1211 1871 1266 inter
1886 1209 2023 1283 printegn,

397 1314 447 1370 per
463 1297 739 1354 communicationem
754 1297 885 1374 privilegii
900 1298 978 1357 nitent
993 1299 1068 1370 prius
1084 1313 1199 1355 conces·
1235 1293 1299 1351 licet
1320 1296 1391 1366 iilarn
1415 1307 1499 1370 ponat
1519 1299 1589 1355 inter
1608 1298 1785 1371 privilegiata.
1809 1301 1838 1355 ln
1860 1301 1952 1371 primis
1968 1315 2026 1374 erga

396 1388 434 1455 si,
450 1401 521 1459 quae
540 1391 583 1442 est
602 1385 680 1443 valde
702 1387 805 1445 usitata
817 1391 987 1459 'praesertim
1006 1389 1033 1444 in
1052 1386 1199 1460 privilegiis
1235 1385 1281 1456 ait,
1297 1401 1345 1458 par
1360 1388 1636 1446 communicationem
1648 1387 1719 1446 idem
1730 1388 1901 1460 privilegium
1914 1403 2025 1444 commn-

397 1475 586 1547 iieiigionum,
608 1481 638 1532 ut
652 1481 763 1533 constat
775 1492 807 1533 ex
822 1476 991 1549 compendiis
1002 1493 1113 1548 eorum,
1126 1481 1153 1532 et
1165 1492 1197 1532 ex
1236 1476 1333 1546 niceri,
1347 1478 1410 1549 quia
1425 1479 1465 1534 ris
1477 1475 1551 1534 serbi
1563 1477 1783 1536 communicandi
1800 1476 1854 1534 boo
1869 1477 1986 1550 requirit.
1997 1479 2025 1533 lit

397 1565 455 1635 bis,
476 1580 547 1637 quae
561 1563 614 1620 iate
629 1564 850 1622 reiertEmman.
866 1567 966 1624 tioder.
985 1569 1008 1624 t.
1023 1573 1091 1623 tom.
1107 1581 1135 1638 q.
1150 1569 1196 1622 ιι.
1235 1567 1298 1638 quia
1309 1566 1637 1640 tenorconeessionisper
1647 1565 2024 1624 communicationemeatbic:

398 1671 446 1727 per
463 1660 559 1710 totnm.
575 1655 656 1710 Circa
669 1669 752 1726 quam
767 1654 883 1712 termam
897 1656 1086 1712 concessionis
1100 1656 1126 1711 in
1143 1656 1199 1726 pri·
1238 1653 1432 1735 Coracedimus
1457 1655 1627 1713 Minoribus
1639 1659 1674 1712 ἰ.
1693 1673 1721 1730 p.
1742 1657 2025 1712 communicationem

399 1746 450 1800 mis
470 1743 577 1800 clarum
596 1749 654 1814 est,
673 1743 825 1800 aiiicaciam
840 1747 899 1802 eins
917 1746 942 1801 in
963 1745 1015 1802 boc
1035 1746 1199 1815 consistere,
1231 1742 1471 1817 privilegiorum,
1483 1744 1677 1817 quantociens
1689 1743 1930 1810 Praedicatorca,
1947 1744 2025 1814 inqua

397 1831 471 1904 qued
489 1833 530 1888 ins
547 1833 592 1889 nni
607 1847 771 1890 concessum
784 1835 953 1909 paratiquod
966 1835 1149 1908 privilegium,
1162 1835 1201 1891 ai·
1234 1833 1321 1889 torma
1335 1832 1479 1890 relativum
1494 1849 1570 1906 qnae
1584 1832 1668 1891 reiart
1681 1833 1874 1903 subeuntium,
1899 1847 1951 1888 non
1965 1833 2025 1888 acci-

398 1923 447 1978 teri
460 1923 542 1978 etiam
554 1922 718 1979 conceditur
730 1925 934 1997 perquamdam
946 1927 1200 1996 extensionem,ral
1234 1922 1336 1980 dantia.
1352 1925 1418 1979 ltem
1429 1925 1495 1996 quia
1506 1923 1589 1996 leges,
1605 1937 1676 1996 quae
1686 1922 1963 1980 communicationem
1980 1923 2025 1992 pri·
2113 1989 2114 1992 Ἴ

397 2015 472 2066 certe
489 2026 537 2083 per
552 2010 701 2084 quamdam
715 2012 967 2084 multiplicationem
982 2013 1043 2071 talia
1055 2013 1198 2088 privilegii3
1236 2013 1393 2084 vilegiorum
1407 2011 1799 2084 concedunt,pierumqueper
1812 2007 2024 2067 relativumiden·

381 2121 385 2126 ·
401 2099 475 2169 quod
488 2100 594 2155 nornine
605 2102 863 2158 communicationis
875 2103 1019 2176 significari
1032 2103 1150 2160 videtur.
1160 2103 1200 2160 nd
1236 2102 1321 2158 litatis
1341 2100 1386 2157 itia
1399 2099 1573 2173 concedunt,
1590 2109 1622 2157 ut
1635 2101 1670 2157 ibi
1684 2101 1737 2157 iate
1750 2099 1846 2156 reiert.
1865 2097 1944 2156 nodia
1960 2113 2023 2164 vero,

398 2187 603 2260 intelligendum
620 2195 728 2259 autem,
741 2190 828 2262 qualis
842 2198 871 2249 et
884 2198 986 2265 quanta
998 2193 1112 2249 atthaeo
1124 2207 1200 2249 com·
1235 2191 1305 2247 idem
1315 2205 1376 2247 esse
1389 2193 1414 2246 in
1427 2188 1736 2263 privilegiondlnstor,
1753 2195 1781 2246 et
1795 2187 1849 2244 boc
1867 2187 1972 2260 quidem
1984 2187 2024 2242 tol·

398 2276 547 2332 nnonicatio
559 2317 567 2347 ,
581 2277 663 2333 rerba
675 2275 771 2335 indulti
786 2287 889 2337 nitente
901 2281 1038 2353 pensanda
1050 2288 1126 2351 sunt,
1140 2287 1198 2338 tum
1235 2279 1289 2336 iere
1304 2278 1504 2336 similitudinem
1519 2278 1724 2352 prirttegiorum
1738 2279 1809 2335 inter
1823 2293 1872 2348 se,
1891 2277 1953 2350 quia
1965 2273 2022 2333 iden
2113 2349 2114 2370 ,

398 2381 432 2422 ex
452 2371 528 2434 parte
554 2364 645 2436 itlius,
666 2368 749 2422 cuim
769 2367 941 2444 privilegium
962 2373 1198 2441 communicatur,
1235 2385 1288 2427 non
1302 2377 1346 2427 ιιι
1360 2368 1446 2426 simile
1461 2369 1527 2440 sibi3
1545 2367 1718 2424 nibilominus
1732 2373 1821 2423 tamen
1834 2381 1881 2422 res
1896 2365 2024 2438 privilegia·

401 2461 458 2510 tum
471 2469 506 2509 ex
521 2459 596 2524 parte
611 2455 687 2524 etos,
700 2458 747 2512 cui
758 2459 997 2532 communicatur,
1011 2467 1070 2517 turn
1081 2460 1200 2540 denique
1235 2465 1276 2516 tas
1289 2459 1345 2516 beri
1357 2459 1456 2516 similes
1467 2462 1537 2516 inter
1548 2474 1588 2528 se,
1600 2459 1665 2530 quia
1679 2456 1803 2514 subiecta
1817 2454 1942 2512 eamdem
1951 2451 2024 2526 quali·

399 2559 431 2598 ιι
447 2549 525 2614 parte
542 2541 629 2613 modi,
645 2559 700 2615 qua
715 2549 951 2621 communicatur,
968 2557 996 2606 et
1015 2549 1041 2605 in
1056 2549 1097 2606 bis
1111 2551 1200 2606 omni·
1235 2555 1318 2607 tatem
1341 2549 1469 2606 bellantia
1487 2548 1583 2605 similia
1603 2553 1679 2604 sunt.
1694 2544 1770 2604 Unde
1790 2543 1948 2614 concludit,
1966 2541 2024 2599 iilam

400 2631 452 2686 bus
472 2631 528 2687 lere
551 2631 740 2691 observandae
755 2643 819 2692 sunt
831 2637 973 2710 generales
989 2639 1099 2712 regulae
1114 2639 1147 2696 tle
1162 2639 1200 2696 io·
1221 2637 1403 2710 ,leontinum
1419 2637 1769 2709 nibilobetare,quominus
1779 2634 2024 2706 privilegiumeon·

400 2720 611 2790 terpretationc,
634 2721 826 2796 ampliatione,
848 2726 888 2782 vei
904 2729 1076 2784 restrictione
1091 2728 1200 2798 privile·
1236 2730 1405 2784 munientem
1422 2727 1459 2784 sit
1473 2725 1645 2800 privilegium
1659 2721 1701 2784 nd
1713 2727 1823 2792 inslnr,
1838 2723 1904 2798 qnia
1919 2721 1979 2779 illud
1991 2735 2025 2777 re·

400 2808 527 2878 giorum,
544 2823 615 2880 quae
635 2810 662 2864 in
677 2813 864 2882 superioribus
879 2819 968 2870 tactae
982 2820 1062 2884 sunt,
1078 2823 1106 2872 ιι
1119 2818 1145 2872 ιι
1159 2833 1200 2874 se·
1235 2816 1350 2874 teatrum
1364 2816 1406 2874 od
1421 2819 1521 2874 instar
1535 2831 1590 2872 non
1603 2814 1671 2882 dicit
1684 2811 1890 2870 similitudinem
1905 2812 1970 2869 inter
1982 2810 2024 2882 pri·

400 2895 547 2966 quentibus
563 2896 716 2954 tradentur.
729 2898 806 2957 Solet
819 2909 909 2959 autem
925 2905 1077 2974 specialiter
1091 2907 1199 2979 quaeri,
1236 2906 1348 2981 rilegda,
1363 2906 1410 2963 sad
1429 2907 1499 2962 inter
1512 2903 1690 2978 privilegiata.

400 3000 435 3040 an
455 2985 669 3043 communicatio
693 2988 917 3062 privilegiorum,
933 3007 1004 3064 quae
1025 2993 1200 3067 religionibus
1274 2995 1326 3052 Sed
1341 2994 1393 3052 boc
1409 3009 1460 3052 nec
1472 2994 1498 3050 io
1514 2995 1573 3051 iure
1586 2999 1629 3050 est
1640 2991 1839 3055 necessarium,
1859 3005 1908 3046 nec
1920 3002 2023 3060 perana-

400 3079 447 3129 aot
459 3072 593 3146 religiosis
611 3075 727 3146 concedi
739 3075 845 3149 soient,
859 3078 1023 3154 intelligatur
1034 3082 1091 3139 lieri
1101 3081 1135 3140 do
1145 3085 1201 3156 prt-
1236 3084 1334 3157 logiam
1355 3082 1389 3140 ad
1413 3082 1612 3156 philosophiam
1631 3081 1761 3138 sustineri
1777 3087 1881 3152 potest.
1901 3082 2023 3147 interrogo
2110 3149 2111 3152 Ἴ

402 3161 506 3235 attegiis
528 3165 670 3218 concessis
690 3163 865 3238 religionibus
883 3169 964 3241 ipsis,
981 3170 1023 3227 rei
1037 3171 1071 3228 do
1085 3189 1201 3230 conces·
1235 3176 1322 3242 enim,
1339 3187 1394 3245 quo
1415 3187 1499 3228 sensu
1519 3169 1595 3228 dicat
1615 3171 1641 3225 in
1660 3169 1914 3226 communicatione
1933 3163 2022 3237 privile·
2110 3179 2111 3188 ¹

400 3255 436 3305 sis
449 3251 531 3305 ctiam
549 3251 761 3320 particularibus
775 3254 918 3331 domibus,
932 3265 982 3316 ant
994 3264 1132 3332 personis.
1145 3261 1200 3319 sed
1235 3263 1359 3334 giorum,
1377 3259 1449 3318 idem
1471 3260 1642 3332 privilegium
1660 3259 1837 3331 pressistens
1853 3259 1878 3314 in
1896 3272 1949 3314 uno
1961 3270 2023 3312 con·

402 3339 426 3394 in
448 3338 500 3394 boc
521 3337 583 3394 nibil
605 3341 708 3399 certius
728 3342 781 3400 diei
803 3353 906 3418 potest,
923 3363 1006 3419 quam
1026 3351 1201 3420 ponderanda
1236 3350 1371 3407 municari
1388 3349 1483 3418 atteri,
1496 3355 1544 3404 aut
1556 3349 1627 3404 enim
1643 3347 1767 3420 loquitur
1780 3346 1813 3403 de
1826 3345 1963 3404 identitate
1975 3357 2024 3414 spe·

400 3442 460 3482 esse
479 3426 562 3483 rerba
574 3431 840 3490 communicationis.
853 3437 987 3509 liegulare
998 3445 1091 3495 antem
1101 3446 1157 3511 est,
1171 3447 1203 3496 nt
1236 3439 1330 3506 cilice,
1353 3444 1402 3495 aut
1422 3437 1573 3494 numerica.
1590 3437 1626 3493 ite
1648 3435 1788 3492 numerian
1802 3434 1860 3492 dici
1874 3449 1925 3490 non
1940 3435 2022 3504 potest,

402 3517 602 3574 communicari
619 3518 806 3592 intelligantur
819 3525 959 3598 privilegia
973 3541 1106 3585 concessa
1120 3519 1202 3584 intui·
1236 3535 1295 3584 tuna
1310 3529 1373 3600 naria
1390 3527 1460 3583 idern
1472 3540 1587 3582 numero
1601 3523 1773 3597 privilegium
1788 3539 1845 3580 non
1861 3516 2023 3594 potestsinal

402 3613 432 3660 tu
446 3603 599 3678 religionis,
611 3622 660 3663 seu
678 3610 763 3667 totius
773 3616 1010 3688 congregationis,
1026 3616 1099 3673 iuxta
1110 3615 1202 3674 decla·
1236 3631 1297 3674 esse
1311 3618 1336 3672 tn
1355 3614 1468 3672 diversis
1480 3613 1627 3684 subiectis,
1639 3619 1668 3670 et
1678 3627 1765 3686 aeque
1777 3614 1869 3684 primo
1878 3612 1908 3667 in
1919 3607 2022 3682 singulto

402 3694 536 3748 rationem
560 3695 657 3750 Leonis
676 3697 714 3768 x,
730 3713 801 3778 qvuae
822 3701 944 3759 retertur
964 3704 990 3759 in
1012 3704 1202 3776 supplemento
1236 3704 1406 3777 privilegium
1427 3709 1520 3760 autem
1541 3702 1777 3758 communicatum
1793 3706 1853 3757 tam
1876 3698 2022 3772 propria,et

402 3781 549 3839 itinerum.
566 3784 662 3857 Aliqua
674 3801 739 3843 vero
754 3794 818 3844 sunt
828 3791 957 3861 specialia
969 3792 1120 3865 privilegia,
1133 3809 1202 3866 quae
1237 3807 1286 3878 per
1301 3807 1330 3850 se
1342 3791 1470 3849 contenit
1480 3793 1503 3848 ei
1512 3831 1519 3860 ,
1528 3793 1575 3848 cui
1587 3791 1830 3860 communicatur,
1843 3805 1878 3845 ac
1896 3787 2022 3860 priorarat

403 3869 561 3927 concedunt
570 3877 847 3934 communicationem
859 3879 884 3934 in
897 3879 1041 3952 privilegiis
1051 3881 1132 3937 etiarn
1142 3898 1202 3954 spe·
1238 3881 1263 3938 in
1277 3883 1383 3954 altero,
1404 3881 1475 3938 sicut
1488 3879 1593 3936 dictum
1607 3885 1649 3936 eat
1668 3878 1701 3935 dc
1716 3877 1862 3952 privilegio
1875 3875 1918 3935 od
1931 3877 2020 3932 instar.

402 3959 513 4014 cialinm
533 3957 696 4033 domorum,
712 3971 740 4020 et
761 3965 828 4023 baec
847 3967 905 4039 ipsa
919 3970 1047 4041 specialia
1063 3970 1202 4044 privilegia
1236 3971 1305 4027 Tum
1324 3969 1406 4027 etiam
1427 3971 1493 4042 quia
1514 3967 1568 4024 tale
1587 3966 1760 4040 privilegium
1779 3967 1867 4024 durat
1886 3966 1911 4024 in
1925 3980 1970 4033 eo,
1986 3959 2021 4017 cui

402 4064 448 4120 per
460 4049 526 4105 alias
537 4051 677 4120 generales
688 4052 829 4111 clausulas
842 4057 900 4113 aliis
910 4061 1166 4132 communicantur,
1175 4069 1204 4116 et
1238 4059 1475 4130 communicatur,
1491 4056 1595 4114 etiamsi
1610 4057 1637 4112 in
1649 4055 1750 4125 altero,
1766 4055 1792 4110 in
1805 4071 1866 4130 quo
1877 4056 1951 4128 prius
1963 4055 2020 4114 erat,

401 4139 439 4193 ita
454 4144 583 4207 poterunt
604 4153 669 4194 cum
689 4145 865 4214 proportione
879 4145 974 4202 eodem
990 4147 1083 4205 iarore
1098 4147 1200 4220 gaude·
1237 4151 1394 4220 amittatur,
1410 4147 1545 4204 utstatim
1560 4143 1696 4202 dicemus.
1709 4145 1778 4202 lum
1788 4143 1909 4218 denique
1922 4141 1978 4215 qaia
1989 4151 2021 4193 ar·

401 4240 446 4296 re,
463 4231 493 4280 ut
505 4225 584 4282 latius
596 4229 706 4299 exponit
717 4231 877 4291 Emmanuel
889 4234 1042 4292 tiodericus
1053 4237 1085 4316 ιιΙ
1096 4239 1119 4292 t.
1133 4243 1200 4292 torn.
1237 4243 1383 4310 gumenta,
1395 4251 1467 4308 quae
1479 4245 1530 4307 pro
1539 4233 1590 4290 bac
1603 4232 1743 4292 identitate
1751 4234 1840 4298 dunt,
1852 4233 1886 4290 ad
1902 4241 2020 4290 summan

401 4330 429 4386 q.
448 4317 494 4386 55,
509 4321 562 4370 lli·
581 4318 624 4372 ¹8·
1238 4325 1354 4398 probant
1368 4324 1711 4396 specificamidentitstem.
1724 4325 1753 4380 Si
1764 4330 1858 4380 autem
1870 4321 1905 4379 de
1920 4320 1966 4376 bac
1976 4323 2021 4374 tan·

442 4407 470 4460 ι.
486 4403 539 4460 Sed
561 4404 700 4479 explicare
719 4415 842 4480 oportet,
859 4427 893 4466 an
908 4410 976 4468 baec
991 4411 1135 4470 concessio
1150 4413 1204 4484 pri·
1239 4422 1298 4472 tum
1318 4416 1353 4470 sit
1370 4428 1478 4486 sermo,
1500 4429 1564 4470 cum
1585 4413 1628 4470 ilia
1643 4412 1785 4470 identitate
1800 4419 1858 4469 stat
1871 4404 2021 4484 pertentati·

402 4489 491 4563 vilegii
510 4507 558 4562 per
569 4494 847 4555 communicationem
858 4499 952 4557 eadem
964 4502 999 4558 sit
1010 4517 1074 4558 cunr
1087 4516 1201 4556 conces·
1238 4502 1360 4560 mititudo
1376 4518 1429 4559 non
1445 4504 1533 4560 solunt
1548 4505 1618 4560 inter
1633 4501 1829 4576 privilegiatos,
1842 4501 1891 4558 seri
1904 4499 1977 4556 etiam
1990 4497 2021 4550 in·

403 4580 479 4634 sione
493 4579 623 4652 privilegii
639 4579 682 4641 nd
694 4585 804 4646 instar.
818 4585 932 4660 soloque
944 4589 1051 4646 nomine
1062 4589 1200 4660 ditiorant,
1239 4598 1281 4649 ter
1295 4591 1437 4664 privilegia
1454 4591 1514 4664 ipsa
1522 4631 1531 4664 ,
1548 4598 1580 4648 ut
1598 4597 1709 4647 constat
1722 4590 1756 4646 de
1770 4603 1947 4662 quacumque
1961 4583 2023 4640 iden·

402 4667 444 4722 rel
462 4669 484 4722 si
496 4667 627 4724 maiorem
639 4667 738 4728 babent
749 4672 942 4750 differentiam,
955 4694 1025 4751 qnae
1037 4677 1080 4735 iila
1092 4679 1135 4736 sit.
1149 4679 1203 4736 nti·
1237 4682 1312 4738 litate
1328 4679 1455 4752 specitica
1469 4680 1539 4737 inter
1553 4679 1718 4753 qualitates,
1729 4686 1758 4736 ιι
1769 4681 1876 4736 ratione
1887 4689 1974 4735 earum
1990 4673 2022 4726 in·

402 4755 450 4827 qni
469 4755 541 4811 enim
560 4753 630 4813 bano
652 4758 831 4819 ditierentiam
849 4768 1038 4836 constituunt,
1058 4767 1133 4842 quod
1152 4783 1202 4841 per
1237 4776 1279 4826 ten
1292 4769 1400 4842 qualia,
1416 4775 1555 4844 quatenus
1570 4769 1718 4826 taliasnnt.
1735 4769 1811 4842 Ergo
1825 4767 1955 4824 immerito
1968 4760 2022 4820 dicit

402 4845 573 4917 privilegium
585 4844 800 4906 adinstornon
812 4852 900 4924 idern,
914 4856 961 4912 aad
973 4855 1133 4914 distinctum
1149 4859 1203 4929 pri·
1237 4860 1280 4918 ille
1299 4865 1416 4932 auctor,
1444 4875 1493 4932 per
1514 4858 1793 4917 communicationem
1816 4865 1845 4916 et
1865 4871 1912 4929 per
1932 4849 2022 4927 pririle·

403 4934 529 5006 vilegium
550 4935 729 5008 conceditur,
746 4938 811 4997 lieet
831 4941 935 5015 sinite,
953 4961 1015 5002 nam
1035 4947 1093 5017 ipsa
1110 4945 1202 5002 simili·
1237 4947 1474 5023 ginmndinslor
1483 4947 1599 5006 concedi
1610 4947 1705 5005 eadem
1718 4947 1930 5019 privilegia,non
1945 4945 2022 4999 ιιιιιι
2105 4985 2106 5024 3

403 5022 470 5078 tudo
484 5030 512 5080 et
526 5023 620 5081 relatio
630 5067 637 5096 ,
649 5041 732 5098 quam
748 5029 877 5102 importat
891 5033 1025 5104 particula
1036 5033 1078 5091 nd
1090 5039 1197 5102 instar,
1238 5037 1348 5108 similia,
1372 5052 1435 5093 narn
1457 5053 1527 5110 quae
1546 5036 1591 5093 illo
1605 5035 1688 5092 modo
1703 5042 1769 5093 sunt
1782 5035 1878 5092 eadem
1889 5077 1896 5106 ,
1909 5031 1982 5089 edam
1994 5026 2022 5080 si·

403 5109 473 5166 banc
485 5111 686 5171 distinctionem
700 5119 833 5191 requirit,
847 5124 1088 5180 uteonstatetiam
1100 5141 1132 5180 en
1145 5124 1203 5180 dia·
1237 5125 1308 5182 milia
1329 5131 1409 5198 aunt3
1432 5128 1507 5182 sicut
1525 5139 1590 5199 ergo
1612 5125 1785 5198 privilegium
1806 5123 1849 5182 od
1872 5126 1966 5180 instar
1978 5129 2022 5172 not

402 5196 509 5256 lectica.
531 5203 566 5258 nt
586 5216 650 5260 roro
671 5220 719 5276 per
740 5211 1018 5270 communicationem
1041 5228 1095 5270 non
1116 5212 1201 5284 aliud,
1238 5213 1805 5288 enoiarditidentitatcm,itanonexcludit
1820 5209 2018 5272 similituninem·
