4260 6222
847 337 1098 391 carunxxxau.
1689 313 1751 376 475

188 460 234 515 ιι.
251 457 329 526 Quod
350 460 373 515 si
394 464 502 531 petatur
522 461 590 519 ratio
611 460 693 520 buius
709 463 948 536 interpretationis,
987 470 1015 521 ει
1034 464 1087 519 hoc
1103 455 1224 518 secundo
1239 454 1320 515 modo
1340 462 1383 514 est
1396 456 1509 514 liroltata
1523 457 1666 514 concessio
1682 471 1787 512 anoua-

139 561 197 602 non
216 546 342 604 redditur
360 547 470 605 odietis
485 552 659 623 auctoribus,
672 568 736 609 cum
750 559 838 610 taurea
853 570 951 611 sensus
986 552 1034 624 lis,
1057 558 1087 608 ut
1108 550 1275 622 explicatum
1295 552 1347 603 εει.
1364 550 1452 620 Atque
1474 546 1517 602 laic
1538 562 1636 602 sensus
1656 546 1682 601 in
1696 545 1787 617 rigore

138 635 254 693 illorum
285 639 431 696 verborum
445 638 586 710 multiplex
600 655 661 698 esse
676 643 777 714 possit,
794 649 823 699 et
836 643 895 700 ideo
909 644 950 700 io·
986 643 1134 699 verborum
1149 639 1258 696 ridetur
1273 635 1336 693 mibi
1352 637 1437 708 magis
1452 637 1583 706 intentus,
1597 635 1661 692 licet
1673 634 1789 691 sortasse

141 728 304 796 terpretntio
328 727 373 784 illa
393 743 446 784 noa
468 727 593 785 rideatur
613 733 783 800 necessaria,
800 735 865 804 quia
883 732 950 804 cpti-
987 731 1112 803 superior
1132 735 1162 785 ut
1172 725 1345 784 favorabilior
1358 723 1527 798 frequentius
1540 726 1575 781 sit
1589 722 1787 796 acceptandus.

141 830 208 870 snus
228 831 327 872 sensus
343 832 404 872 esse
419 823 520 887 potest:
537 818 664 875 Concedo
679 835 727 889 per
743 835 863 891 annum,
881 829 909 878 et
922 823 949 877 in
1028 824 1072 878 13.
1085 816 1289 876 advertendum
1302 823 1391 871 tameo
1403 821 1456 886 est,
1468 814 1540 870 illam
1555 813 1714 870 sententiam
1727 829 1788 884 pro·
1846 837 1849 842 ·

142 902 207 973 illo,
225 919 257 959 ac
271 905 345 961 intro
358 904 434 962 illurn
449 905 482 962 ad
501 905 702 979 beneplacitum
718 925 819 966 oneum.
835 912 871 968 Et
886 911 951 968 licet
986 909 1143 968 habiliorem
1161 905 1262 976 rideri,
1285 903 1306 958 si
1319 904 1403 960 verba
1417 903 1605 959 concessionis
1619 902 1687 957 sint:
1704 905 1742 958 bo
1758 903 1789 958 li·

141 993 221 1063 prior
242 1008 339 1050 sensus
362 997 449 1068 magis
469 995 623 1052 lavornbllis
645 997 693 1065 sit,
710 1014 780 1070 quae
798 1000 865 1056 loric
880 1000 950 1056 ratio
987 998 1104 1056 caiatiam
1129 1012 1166 1052 ee
1188 991 1369 1067 beneplacito
1385 991 1687 1064 consonanterque
1703 991 1789 1046 lorma

143 1084 232 1138 nrcvit
256 1080 345 1137 dictos
361 1091 507 1152 auctores,
524 1088 660 1156 posterior
676 1085 783 1143 videtur
801 1088 951 1158 simplicior
985 1090 1108 1162 loquitur
1128 1087 1210 1142 llenr.
1228 1098 1322 1155 supra,
1338 1085 1402 1156 quie
1416 1082 1451 1138 ibi
1463 1083 1660 1154 beneplacitum
1675 1097 1727 1136 non
1741 1096 1789 1150 po·

143 1176 171 1225 et
195 1171 281 1242 magis
305 1172 424 1228 intentus
444 1187 477 1228 ex
499 1175 524 1231 xi
539 1175 696 1232 verborum.
712 1176 779 1232 Num
795 1176 839 1232 illa
852 1175 952 1234 additio
987 1181 1062 1236 nitrrr
1083 1182 1215 1248 exparte
1237 1173 1359 1241 termini,
1380 1186 1431 1228 nec
1451 1178 1481 1228 nt
1499 1172 1622 1229 limitatio
1637 1170 1789 1227 durationis

143 1257 188 1314 od
201 1258 419 1334 derreplccilum
436 1277 545 1324 meum,
560 1261 631 1319 lacta
643 1264 667 1318 in
680 1265 859 1321 concessione
871 1265 952 1321 abso·
987 1283 1104 1334 annuae,
1124 1265 1170 1321 scd
1187 1270 1292 1320 tanturn
1306 1269 1336 1318 ut
1346 1262 1508 1333 principium
1520 1261 1622 1333 gratiae
1635 1267 1664 1317 et
1675 1275 1789 1316 conces·

145 1347 214 1417 luta,
231 1365 284 1404 oon
297 1349 322 1403 lit
335 1356 433 1406 natura
445 1366 494 1406 ειιε
506 1350 539 1407 od
551 1352 717 1424 augendum,
731 1353 779 1410 sed
790 1353 822 1409 ad
840 1355 951 1411 restrin·
987 1358 1069 1415 sionis
1088 1355 1246 1426 simpliciter
1261 1353 1350 1408 iactae
1364 1367 1412 1422 per
1426 1367 1537 1406 nonum.
1554 1353 1589 1407 Ει
1599 1352 1626 1407 in
1642 1350 1694 1405 boc
1705 1366 1789 1405 sensu
1869 1365 1872 1372 ·

143 1437 281 1508 gendum,
308 1446 337 1494 ut
359 1446 433 1510 patet
445 1455 478 1496 ex
492 1441 586 1511 dictis3
602 1457 668 1516 ergo
682 1444 762 1500 etiam
782 1442 872 1500 addita
889 1451 952 1515 post
988 1447 1161 1505 verissimum
1182 1458 1298 1511 censeo,
1320 1458 1372 1497 non
1392 1456 1501 1498 cessare
1520 1443 1634 1515 gratiam
1654 1440 1724 1496 intra
1742 1455 1790 1494 an-

145 1530 356 1584 coocessionem
375 1528 409 1585 ad
423 1546 540 1600 annum,
558 1531 666 1590 additur
680 1533 713 1590 ad
730 1533 951 1608 restringendum
988 1555 1054 1596 nnna
1076 1552 1124 1608 per
1145 1540 1261 1591 mortem
1281 1533 1477 1600 concedentis,
1499 1535 1563 1603 quia
1585 1547 1634 1602 pro
1655 1530 1699 1586 illc
1718 1547 1788 1586 enno

144 1633 211 1672 cum
227 1619 402 1690 proportione
422 1623 631 1678 concessionem
646 1622 803 1692 illiusaoni,
817 1623 952 1680 ulsitdc·
988 1626 1147 1698 simpliciter
1172 1629 1215 1680 εει
1234 1622 1307 1678 ιεειε
1327 1636 1358 1678 ex
1381 1621 1561 1693 beneplacito.
1584 1621 1790 1692 consequenter

146 1704 266 1776 pendens
286 1709 370 1764 avita
383 1708 571 1772 concedentis.
587 1712 643 1768 Nec
660 1712 754 1782 refert,
771 1711 846 1785 quod
860 1713 951 1770 verbis
988 1725 1078 1775 tomen
1101 1719 1127 1770 in
1143 1714 1239 1772 eodem
1254 1725 1336 1767 sensu
1351 1710 1498 1767 dicendum
1512 1717 1570 1782 est,
1586 1710 1658 1766 illam
1673 1711 1787 1781 gratiam

145 1797 260 1852 mutatis
278 1797 403 1854 dicatur:
419 1798 548 1855 Concedo
564 1801 612 1856 tibi
629 1801 764 1859 licentiam
778 1801 812 1857 ad
824 1801 951 1873 beneplo-
987 1824 1040 1863 noo
1060 1805 1162 1861 durare
1184 1809 1247 1874 post
1264 1816 1365 1857 annum
1385 1802 1464 1857 etiam
1481 1801 1588 1858 vivente
1608 1799 1788 1868 concedente,

144 1887 233 1941 citum
255 1885 289 1941 ad
307 1903 426 1959 annum3
449 1904 510 1944 nam
531 1889 594 1946 lieet
611 1890 757 1946 materialis
772 1890 839 1948 ordo
855 1891 949 1947 verbo·
986 1896 1050 1970 quia
1073 1892 1197 1965 praecise
1217 1889 1251 1946 ad
1267 1905 1367 1946 annum
1381 1889 1454 1946 illam
1469 1891 1624 1957 concessit,
1640 1905 1691 1944 nec
1706 1889 1787 1945 bene-

142 1991 209 2030 rum
223 1976 257 2031 sit
267 1975 403 2048 diversus,
426 1993 524 2034 sensus
534 1987 576 2035 est
586 1977 668 2050 idem,
682 1980 800 2051 scilicet,
813 1980 950 2038 licentiam
986 1985 1118 2057 placitum
1141 1981 1199 2038 eius
1213 1978 1246 2036 ad
1261 1980 1348 2035 malus
1362 1971 1470 2049 tempus
1492 1979 1543 2034 luit
1559 1985 1719 2050 clamosum,
1734 1995 1784 2034 nec

143 2063 179 2118 ad
194 2064 396 2136 beneplacitum
417 2074 521 2124 tontum
537 2069 570 2126 od
585 2085 685 2126 nonum
698 2071 827 2142 concedi3
841 2071 951 2129 licentia
985 2091 1033 2148 per
1048 2073 1134 2130 solam
1151 2072 1222 2128 vitae
1232 2068 1404 2126 durationem
1413 2068 1579 2140 extenditur,
1591 2075 1622 2125 ut
1633 2085 1681 2140 per
1701 2085 1730 2126 se
1742 2064 1808 2125 oo-'

143 2168 214 2225 ergo
235 2170 344 2226 semper
358 2162 401 2212 εει
419 2172 509 2214 εεευε
525 2164 642 2230 tantum,
657 2157 685 2216 ει
699 2160 771 2216 intra
785 2159 862 2217 illum
878 2161 948 2218 limi·
985 2173 1044 2221 tum
1058 2170 1109 2219 est.

146 2248 204 2298 tata
216 2242 249 2299 ad
269 2245 477 2317 beneplacitum.
631 2237 637 2250 ’

188 2337 232 2390 tt.
255 2333 332 2391 Unde
353 2335 429 2392 circa
449 2335 599 2392 secundam
621 2337 816 2394 dubitationem
840 2337 948 2395 difficile

144 2423 254 2479 creditu
277 2431 336 2496 est,
361 2425 435 2482 illam
455 2428 662 2484 concessionem
683 2428 785 2485 durare
809 2435 948 2485 transacto

143 2527 231 2582 onoc,
251 2529 316 2570 cum
335 2513 495 2586 simpliciter
509 2531 599 2572 annuo
614 2523 720 2574 tantum
735 2516 784 2588 sit,
800 2523 827 2573 et
846 2517 948 2574 additio

143 2601 187 2658 ad
201 2601 419 2676 derteplccilum·
435 2603 559 2660 videatur
574 2607 750 2679 restringere,
762 2622 816 2662 ooo
834 2622 945 2680 augere.

144 2691 180 2746 Et
194 2691 389 2762 confirmatur,
404 2707 465 2748 nam
478 2693 500 2746 si
513 2694 669 2750 concedens
682 2693 767 2752 dicat:
780 2694 822 2751 nd
834 2711 946 2764 annum,

144 2781 198 2835 nisi
218 2795 402 2853 revocavere,
426 2789 512 2852 certe,
528 2783 603 2840 finito
618 2799 707 2856 onoc,
723 2785 892 2856 extinguitur
909 2783 948 2840 la·

144 2869 252 2940 cultas,
268 2871 372 2925 etiamsi
387 2886 440 2926 oon
455 2880 612 2943 revocetur,
629 2875 694 2944 quia
708 2873 859 2930 secundum
872 2889 947 2930 eom·

144 2974 257 3014 munem
276 2972 386 3015 sensum
401 2960 446 3016 illa
460 2960 559 3017 additio
580 2964 607 3017 oi
626 2978 687 3018 non
700 2978 875 3020 revocavere
892 2980 946 3020 oon

1154 2404 1160 2416 ¹
1233 2319 1373 2390 curua
1396 2319 1548 2389 xxxm.

1024 2509 1068 2562 De
1082 2506 1242 2562 omissione
1255 2501 1403 2578 priuilepii
1414 2519 1470 2576 per
1485 2508 1741 2563 contractationem

1291 2607 1474 2664 expressam.
1567 2603 1572 2626 ¹

1264 2756 1506 2820 summarium

985 2935 1009 2984 ι.
1024 2935 1059 2985 lle
1078 2933 1281 2984 renunciatione.
1296 2958 1330 2966 -
1349 2931 1431 2980 Prima
1454 2931 1606 2994 suppositio.
1628 2960 1657 2968 —
1678 2933 1786 2985 Pririle-

1018 3006 1099 3067 ginon,
1114 3003 1180 3068 qnod
1195 3008 1399 3053 momentaneum
1411 2999 1489 3050 babet
1503 3000 1633 3062 ellectum,
1650 3006 1785 3054 rentrnoia-

144 3056 245 3119 auget,
271 3048 319 3105 scd
340 3049 451 3120 limitat,
475 3050 516 3107 vel
536 3049 658 3108 declarat
677 3054 884 3110 concessionem
901 3069 948 3109 ao·

145 3154 248 3206 onam,
271 3145 301 3196 ut
322 3138 494 3196 nihilomiuus
508 3141 578 3196 intra
591 3157 694 3197 annum
711 3143 796 3213 possit
810 3145 945 3200 revocari:

144 3229 274 3300 idemque
286 3228 347 3299 erit,
360 3231 382 3284 si
392 3229 510 3286 dicatur:
524 3228 563 3285 td
578 3245 690 3300 annum,
703 3230 788 3287 donec
802 3247 947 3288 revocare·

143 3335 193 3388 ro,
216 3319 340 3389 quamvis
359 3319 430 3376 enim
448 3319 597 3376 inusitatus
619 3320 653 3376 ειι
670 3319 731 3376 ιειιε
746 3319 875 3391 loquendi
890 3337 947 3378 mo·

143 3411 215 3479 dus,
240 3415 329 3462 tomen
351 3408 373 3463 si
395 3417 557 3480 usurpetur,
578 3407 649 3464 idern
665 3410 716 3464 erit
731 3424 846 3480 sensns,
861 3417 890 3466 et
902 3425 947 3465 εε-

142 3497 206 3552 ‹lem
217 3495 328 3552 intentio
347 3495 494 3568 loquentis,
511 3498 611 3569 alioqui
623 3505 784 3555 censeretur
795 3497 947 3555 concedere

142 3585 362 3642 irrevocabiliter
380 3599 429 3656 per
444 3601 556 3655 anatim,
569 3595 596 3641 et
610 3594 703 3658 postea
715 3595 848 3658 perpetuo
859 3589 946 3644 donec

144 3681 306 3743 revocetur,
326 3673 400 3746 quod
414 3682 489 3730 certe
504 3675 649 3732 verisimile
660 3691 714 3731 ooo
725 3684 778 3731 est.
792 3678 865 3748 Ergo
875 3677 947 3734 idem

143 3779 211 3820 eum
231 3765 409 3834 proportione
425 3764 529 3819 videtur
544 3763 690 3821 dicendum
702 3765 734 3820 de
748 3765 792 3821 illo
804 3767 948 3838 complexo

142 3850 189 3909 ad
200 3866 316 3908 urinum
327 3850 491 3908 secundum
503 3852 728 3926 beneplacitum,
743 3863 800 3910 turn
815 3858 880 3928 quia
892 3872 948 3912 ma·

141 3941 185 4015 gis
206 3942 361 3998 restrictiva
375 3949 416 3996 est
432 3941 498 3998 baec
514 3942 646 4013 particula
661 3941 703 3998 od
717 3943 942 4019 beneplacitum,

143 4047 228 4104 quam
243 4030 286 4087 illa
301 4029 592 4098 dorice-revocavere,
610 4038 668 4088 tum
679 4033 770 4102 etiam,
783 4035 849 4106 quia
863 4035 947 4108 magis

142 4121 234 4193 ampla
258 4127 332 4178 esset
350 4121 492 4177 concessio
506 4121 551 4177 illa
565 4121 707 4193 complexa
722 4121 764 4178 od
777 4139 890 4180 conum
905 4141 948 4180 sea

141 4211 275 4269 erendum
292 4210 518 4283 beneplacitum,
534 4226 617 4284 quom
632 4213 744 4284 simples
756 4211 797 4269 cd
812 4212 947 4287 benepla-

141 4307 255 4368 citum,
277 4301 353 4376 quod
371 4317 426 4359 uon
443 4301 550 4358 videtur
566 4303 719 4359 verisimile.
736 4305 857 4376 benique
872 4305 947 4360 irrata

142 4397 264 4467 priorem
285 4394 484 4466 expositionem
500 4407 598 4449 sensus
612 4399 653 4450 est
667 4393 746 4467 quasi
761 4392 904 4464 divisivas,
921 4401 949 4451 et

140 4483 332 4554 copulativus,
352 4483 473 4539 scilicet:
489 4481 616 4539 Concedo
631 4483 664 4539 ad
679 4499 791 4552 anuum,
810 4483 884 4552 etad
901 4483 946 4540 be·

141 4572 325 4644 neplacitum3
346 4587 429 4643 quem
442 4587 493 4644 ego
510 4571 622 4628 libenter
637 4574 818 4645 admitterem,
836 4572 946 4647 quoodo

140 4661 226 4719 dictio
250 4661 407 4734 copulativa
433 4662 458 4714 in
483 4662 661 4718 concessione
691 4669 839 4734 poneretur
865 4662 946 4721 modo

142 4750 294 4823 praedicto.
314 4755 348 4807 Αι
364 4765 427 4806 uero
440 4748 549 4822 quando
561 4765 613 4806 oon
626 4751 747 4821 ponitur,
759 4745 812 4808 noo
825 4763 868 4810 est
880 4770 946 4825 sup·

141 4838 258 4913 plenda,
282 4841 417 4912 quiag'om
439 4847 480 4896 est
501 4853 598 4896 sensus
619 4839 787 4898 voluntarius
803 4850 830 4898 et
844 4842 947 4914 impro-

141 4931 231 5002 prius.
250 4931 317 4986 Nem
341 4929 484 4986 concessio
505 4936 547 4984 est
561 4928 695 5001 simplex,
710 4937 737 4985 et
751 4947 799 5002 per
814 4933 947 5004 categori-

142 5035 204 5077 cam
232 5020 446 5091 propositionem
465 5018 497 5074 de
519 5019 676 5090 praedicato
690 5021 833 5092 complexo
847 5037 880 5077 ex
896 5022 947 5079 du·

1018 3076 1071 3125 bile
1084 3082 1196 3125 nonest.
1210 3099 1245 3110 -
1257 3072 1405 3133 Exemplum
1419 3071 1445 3120 ln
1458 3071 1663 3132 irregularitate,
1675 3074 1700 3122 in
1712 3083 1782 3136 voto,

1018 3146 1044 3194 iu
1062 3143 1242 3207 impedimento
1259 3139 1424 3190 matrimonii.
1442 3166 1477 3175 —
1495 3141 1662 3204 Pririlegium
1680 3146 1784 3206 proprie

1019 3221 1159 3276 sumptum,
1172 3225 1217 3276 per
1230 3223 1257 3261 se
1268 3210 1405 3274 loquendo,
1416 3216 1456 3259 cst
1468 3211 1784 3264 renunciabilc.-2.Ex-

1018 3284 1130 3346 plicatur
1143 3281 1262 3332 assertio.
1276 3307 1311 3316 -
1322 3279 1492 3342 Privitegimn
1504 3291 1534 3328 ex
1548 3280 1646 3342 duplici
1659 3283 1744 3344 capite
1755 3285 1783 3333 lit

1019 3351 1231 3402 irrenunciabile.
1246 3376 1281 3386 —
1293 3351 1344 3400 Cur
1362 3349 1526 3411 priuilegium
1538 3349 1660 3399 clericale
1677 3352 1711 3400 ab
1729 3367 1785 3414 per-

1019 3434 1079 3473 sona
1092 3419 1244 3484 particulari
1256 3419 1405 3468 renunciari
1417 3430 1467 3467 nou
1481 3418 1570 3480 possit.
1582 3446 1617 3454 -
1628 3419 1654 3469 3.
1668 3420 1784 3470 Secunda

1017 3492 1219 3555 suppositio-
1235 3488 1404 3538 Renunciatio
1422 3487 1525 3550 propria
1542 3493 1569 3536 ει
1587 3487 1734 3552 impropria.
1749 3519 1784 3529 -

1017 3561 1052 3610 be
1074 3559 1268 3609 renunciatione
1288 3556 1517 3620 impropria-l.
1537 3557 1571 3606 lle
1590 3560 1783 3610 rectractatione

1018 3631 1131 3694 propria.
1143 3627 1327 3678 -Obiectioui
1344 3624 1521 3688 respondetur.
1532 3626 1596 3676 -5.
1615 3627 1785 3680 chrrnciatio

1020 3700 1143 3749 tacitast
1165 3708 1294 3761 expressa.
1310 3721 1346 3731 -
1364 3696 1400 3744 llo
1418 3695 1637 3747 renunciationem
1656 3701 1784 3762 propriam

1018 3769 1163 3833 requiritur
1180 3768 1306 3818 voluntas
1315 3763 1449 3814 abdicandi
1462 3777 1476 3812 a
1490 3777 1517 3814 se
1530 3772 1612 3815 toturn
1626 3766 1665 3816 ius
1679 3769 1784 3831 priuile-

1017 3840 1064 3902 gii.
1073 3840 1140 3889 —6.
1152 3837 1269 3888 Obiectio
1281 3844 1307 3885 et
1322 3835 1461 3898 responsio.
1471 3835 1533 3883 «7.
1547 3835 1643 3898 Regula
1655 3837 1719 3888 iuris
1729 3852 1783 3888 scr-

1020 3908 1110 3958 eanda.
1124 3934 1159 3944 -
1172 3907 1197 3958 8.
1213 3906 1250 3955 Ad
1263 3904 1488 3954 coolirmationcm.
1504 3931 1538 3940 -
1551 3905 1577 3954 e.
1589 3906 1667 3966 Quam
1679 3908 1728 3956 vina
1740 3908 1784 3956 lra-

1019 3979 1064 4029 bet
1074 3976 1236 4028 renunciatio
1245 3975 1406 4025 interior.—
1419 3975 1460 4024 ld.
1473 3975 1556 4023 Prima
1567 3978 1705 4038 εεειεειιε,
1716 3978 1784 4028 eius-

1017 4061 1068 4111 que
1085 4049 1194 4112 primurn
1210 4051 1399 4109 argumentum.
1413 4044 1504 4094 -ιι,
1523 4044 1669 4096 Secundum
1686 4054 1712 4097 et
1731 4055 1784 4098 ter-

1015 4119 1081 4168 tium
1093 4123 1283 4180 argumentum.
1297 4141 1332 4150 -
1347 4113 1389 4163 te.
1403 4113 1526 4174 erartum
1545 4123 1733 4176 argumentum.
1748 4144 1783 4153 -

1019 4188 1061 4238 13.
1072 4186 1186 4238 Secunm
1194 4184 1783 4246 sententiaeiusqueprimumargumentum.—

1020 4258 1060 4306 ιι.
1081 4257 1208 4306 Probatur
1226 4255 1318 4304 minor.
1336 4280 1372 4289 —
1390 4253 1432 4302 te.
1453 4252 1579 4305 Obieclio.
1598 4281 1632 4292 ·-
1653 4255 1785 4318 impugna·

1019 4333 1072 4376 tur.
1087 4353 1122 4362 -
1137 4327 1178 4376 16.
1193 4325 1293 4375 Erasin.
1308 4350 1343 4359 -
1355 4321 1502 4372 Relellitur.
1517 4349 1552 4358 -
1566 4325 1609 4376 l'l.
1627 4325 1705 4385 Quem
1722 4325 1783 4374 etie-

1017 4404 1088 4447 ctum
1102 4396 1194 4445 babeat
1208 4395 1325 4444 voluntas
1335 4391 1453 4455 privandi
1464 4405 1491 4441 se
1504 4393 1784 4456 priuilegia-wile

1017 4467 1155 4530 privilegio
1165 4477 1210 4529 pcr
1220 4462 1322 4513 modum
1335 4462 1455 4511 licentiae
1468 4462 1531 4524 quid
1541 4461 1602 4511 lacit
1615 4464 1732 4513 voluntas
1745 4465 1784 4513 irr-

1018 4537 1151 4586 terior.-
1160 4535 1201 4584 ra.
1215 4532 1280 4594 Quid
1293 4530 1429 4580 dicendum
1441 4529 1474 4579 de
1486 4531 1645 4594 privilegiis,
1660 4545 1705 4596 per
1717 4545 1784 4595 quac

1016 4605 1152 4667 delegatur
1166 4601 1320 4653 iurisdictio.
1332 4627 1366 4636 -—
1380 4599 1422 4650 ιο.
1438 4600 1475 4649 ιιι
1489 4601 1690 4651 renunciandum
1703 4603 1783 4664 privi-

1016 4676 1112 4740 legium
1125 4673 1267 4738 requiritur
1280 4670 1398 4720 noluntas
1410 4669 1532 4719 exterior.
1547 4697 1582 4706 -
1594 4671 1699 4735 Triplex·
1709 4684 1782 4722 ance-

1018 4745 1100 4814 pxtotio
1120 4740 1321 4794 renunciationis
1338 4739 1477 4803 privilegii.
1488 4764 1523 4774 -
1536 4738 1579 4788 et.
1595 4739 1630 4788 dd
1645 4741 1729 4804 priora
1743 4753 1783 4790 ar·
1868 4759 1874 4770 ·

1016 4820 1136 4878 gumenta
1149 4813 1181 4862 de
1194 4809 1370 4874 acceptatione
1379 4807 1519 4870 privilegii.
1532 4834 1566 4844 -
1575 4808 1618 4859 22.
1631 4809 1666 4858 Ad
1677 4823 1782 4873 expres-

1016 4897 1069 4934 sam
1083 4882 1300 4932 renunciationem
1314 4878 1443 4942 privilegii
1456 4877 1602 4940 requiritur
1615 4881 1732 4930 voluntas
1743 4880 1783 4929 in·

1018 4961 1092 5004 terna
1104 4961 1131 5003 et
1144 4954 1245 5015 siguum
1258 4956 1404 4999 externum.

142 5107 208 5180 plici
226 5105 363 5164 additione
377 5125 407 5165 se
423 5107 540 5164 invicem
554 5108 765 5180 determinante,
781 5111 886 5167 scilicet
900 5127 948 5167 on·
1025 5117 1048 5170 ι.
1064 5111 1212 5169 Declaratis
1228 5107 1330 5178 modis,
1345 5107 1446 5180 quibus
1468 5105 1639 5179 privilegium
1657 5121 1691 5164 cx
1705 5121 1734 5163 se
1753 5114 1781 5164 et

143 5213 211 5255 num
229 5196 264 5255 sd
277 5199 491 5272 beneplacitum,
507 5213 557 5256 seu
570 5199 772 5271 beneplacitum
786 5200 819 5258 ad
831 5216 943 5274 annum,
981 5202 1060 5276 quasi
1080 5201 1113 5259 ab
1133 5199 1281 5258 intrinseco
1301 5197 1406 5269 linitur,
1430 5197 1556 5269 sequitur
1575 5195 1724 5254 dicendum
1744 5197 1778 5256 de
