4232 6220
373 373 435 440 660
838 399 842 412 ·
1070 388 1172 440 arnna
1187 392 1224 440 x.
1326 427 1328 432 .

336 537 413 579 utrm.
430 522 499 580 Tum
513 523 579 596 quia
593 520 645 580 sub
658 514 1131 596 generaliconcessionenonsolent
1166 518 1217 574 tiae
1241 517 1344 578 nullam
1370 518 1616 596 dispensationem,
1642 537 1692 582 aec
1714 521 1971 595 interpretationem

335 613 427 670 venire
445 627 492 684 aa,
515 629 585 686 quae
607 609 732 685 mignlm
755 609 949 683 specialitatem
969 606 1083 677 hebent,
1103 613 1133 663 et
1166 623 1214 679 per
1228 609 1341 667 modum
1354 611 1465 683 epiiline
1480 611 1801 688 admittunthoquorde
1818 613 1973 685 praeceptis

334 717 405 774 quae
423 701 604 759 verisimiliter
622 717 677 759 nou
697 705 771 756 esset
787 698 914 771 superior
930 697 957 753 in
972 695 1134 768 particulari
1166 699 1304 772 positivis,
1326 701 1390 772 quia
1408 717 1442 758 ea
1459 703 1629 761 institutione
1654 708 1892 760 sacramentorum
1907 701 1974 774 legis

334 805 532 862 concessurum
546 791 606 848 talis
621 797 712 848 autem
726 795 799 846 esset
809 787 875 844 haec
887 784 1131 859 potestas.Etideo
1167 802 1252 845 uovaa
1282 790 1427 848 intrinsece
1457 800 1611 867 sequuntur
1640 793 1746 866 aliquae
1781 792 1974 865 obligationes,

334 888 461 938 notanter
472 881 539 938 dixit
549 878 682 937 d.Tbom.
698 883 758 950 tt,
768 896 795 952 q.
807 880 914 946 67,art.
924 876 994 944 l,ad
1007 881 1034 933 3:
1046 879 1132 950 Quae
1167 892 1238 951 quae
1256 895 1288 936 cx
1308 879 1452 956 hypothesi
1467 886 1604 954 pertinent
1618 882 1650 940 ad
1665 883 1706 940 ius
1721 881 1865 954 naturale,
1882 888 1914 938 ut
1927 897 1976 937 su·

334 975 403 1027 stent
415 984 438 1027 a
450 973 528 1038 Deo,
547 969 648 1027 aralius
659 973 755 1044 potest
767 967 949 1043 dispensare,
967 968 1027 1022 nisi
1039 968 1129 1032 Deus,
1168 968 1319 1038 perioribus
1334 976 1439 1027 motum
1460 978 1517 1043 est,
1532 979 1561 1030 et
1574 972 1608 1029 de
1622 973 1674 1029 illis
1689 987 1763 1029 nuuc
1777 987 1832 1028 non
1853 973 1975 1044 agimus,

334 1058 380 1116 ool
399 1063 439 1127 is,
464 1061 513 1116 cui
534 1062 595 1133 ipse
609 1057 778 1133 specialiter
791 1059 1005 1122 conrnsitteret;
1025 1059 1136 1125 oportet
1169 1056 1215 1114 sed
1229 1057 1354 1117 dicemus
1368 1061 1490 1118 inferius.
1500 1064 1545 1118 Sic
1561 1078 1629 1136 ergo
1644 1063 1719 1136 prior
1731 1078 1796 1134 pnrs
1810 1060 1844 1119 de
1864 1062 1978 1133 dispen-

333 1163 415 1222 ergo,
435 1155 466 1206 ut
480 1148 540 1208 talia
554 1148 712 1206 commissio
728 1148 853 1220 specialis
868 1147 952 1204 heret.
968 1145 1036 1200 Turn
1050 1145 1135 1200 ctiam
1169 1149 1274 1205 satione
1297 1150 1361 1206 satis
1381 1151 1494 1222 probata
1509 1151 1615 1210 videtur
1627 1155 1654 1209 in
1668 1150 1852 1209 fundamentis
1866 1155 1895 1207 3.
1914 1165 1980 1206 sen-

333 1240 400 1312 quia
418 1238 454 1295 ibi
473 1245 581 1296 tantum
594 1238 752 1311 intelligitur
766 1251 900 1294 concessa
914 1241 1046 1307 potestas,
1063 1247 1135 1305 quae
1170 1239 1277 1295 tentiae.
1294 1239 1330 1296 Et
1343 1240 1461 1296 brevitor
1475 1247 1565 1312 potest
1579 1241 1616 1298 ita
1630 1240 1773 1309 declarari,
1789 1240 1855 1314 quia
1872 1240 1900 1296 iu
1916 1238 1978 1310 loge

335 1329 429 1386 lutura
450 1336 511 1386 erat
531 1329 556 1386 in
577 1328 814 1400 aedificationem,
842 1341 895 1383 ann
920 1325 947 1380 io
970 1321 1135 1380 destructio·
1170 1343 1240 1384 nora
1265 1344 1351 1400 pura,
1373 1337 1520 1403 praecepta
1533 1334 1652 1404 positiva
1668 1347 1720 1387 nna
1735 1336 1800 1388 suut
1813 1332 1865 1386 nisi
1884 1329 1927 1386 ael
1943 1330 1980 1386 de

335 1433 409 1488 nem,
425 1419 499 1475 iuxta
514 1419 676 1475 sententiam
690 1416 764 1475 Pauli
779 1421 807 1474 2.
819 1418 881 1473 Cor.
896 1417 939 1472 ta:
954 1419 1075 1486 potestas
1087 1429 1137 1468 au·
1171 1417 1221 1474 fide
1240 1419 1368 1490 explicita
1387 1419 1544 1492 aliquorum
1568 1422 1760 1496 mysteriorum
1786 1427 1900 1476 nostrae
1923 1421 1979 1476 Re-

335 1513 391 1564 tem
408 1507 474 1564 baec
490 1509 583 1580 potius
597 1514 670 1565 essct
683 1509 709 1563 in
723 1507 1043 1577 destrtrctionern,quarn
1054 1503 1080 1559 in
1091 1517 1136 1559 ae·
1171 1505 1297 1579 ligionis,
1322 1507 1364 1564 vel
1387 1509 1421 1566 de
1446 1526 1499 1568 usu
1515 1509 1697 1583 quorumdam
1722 1515 1978 1578 sacramentorum,

335 1595 526 1668 dilicatinnem,
544 1605 573 1653 ut
586 1595 709 1652 declarat
721 1597 789 1652 ratio
803 1597 889 1667 prior.
904 1595 937 1650 Et
952 1592 993 1648 rel
1009 1595 1134 1664 aramme,
1172 1597 1214 1653 vel
1229 1599 1311 1654 etiam
1336 1597 1482 1670 sacrificii,
1509 1599 1533 1655 in
1559 1601 1626 1656 baec
1651 1605 1744 1656 autem
1763 1613 1819 1654 non
1839 1597 1917 1654 cadit
1930 1597 1980 1654 ali·

335 1689 398 1761 quia
413 1687 434 1743 si
451 1687 495 1744 illa
509 1687 591 1744 verba
605 1688 642 1743 ita
656 1685 854 1754 extendantur,
871 1681 1043 1754 intelligenda
1055 1687 1139 1737 crunt
1171 1701 1226 1759 qus
1239 1687 1424 1760 dispensatio,
1437 1703 1516 1761 ergo.
1533 1689 1615 1746 linior
1629 1704 1714 1761 supra
1727 1687 1846 1760 probata
1857 1695 1913 1744 est.
1931 1688 1981 1744 lli-

336 1777 370 1833 de
391 1782 524 1848 potestate
538 1775 711 1848 dispeusaudi
731 1777 756 1832 in
777 1773 901 1832 omnibus
915 1772 1012 1830 divinis
1025 1786 1137 1844 praece·
1172 1793 1223 1833 nor
1245 1776 1405 1835 inductione
1429 1779 1593 1836 ostenditur.
1614 1781 1681 1836 Nam
1706 1784 1889 1850 praeceptum
1903 1775 1979 1846 tidsi,

269 1927 273 1936 ,
336 1866 405 1938 ptis,
433 1865 507 1940 quod
534 1865 689 1922 incredibile
712 1871 763 1922 est.
780 1866 815 1922 Et
834 1861 945 1936 sequela
964 1866 1037 1933 patet
1054 1876 1088 1917 ex
1112 1859 1137 1916 vi
1173 1873 1310 1940 quatenus
1331 1868 1453 1925 divinum
1474 1875 1534 1938 est,
1554 1867 1644 1926 solum
1659 1874 1702 1925 est
1714 1869 1747 1924 de
1762 1867 1807 1924 illa
1820 1867 1889 1938 fide,
1905 1881 1981 1938 quae

335 1953 457 2013 eluidem
481 1954 697 2021 dislilbuliosslss
724 1961 752 2011 el
772 1970 806 2011 ex
825 1953 955 2010 discursu
971 1951 1058 2018 s⁸⁰l⁰s
1074 1950 1138 2023 [lull
1173 1965 1217 2013 est
1232 1957 1386 2013 necessaria
1400 1957 1433 2013 ad
1450 1957 1581 2028 salutem,
1597 1957 1685 2013 sedin
1701 1957 1753 2012 hae
1767 1956 1819 2013 lide
1832 1972 1888 2012 noa
1903 1955 1983 2012 cadit

338 2046 415 2102 nulla
434 2047 598 2104 conveniens
618 2047 687 2103 ratio
707 2043 840 2118 assignari
860 2039 997 2116 potestati
1011 2039 1138 2098 dilieren·
1173 2047 1351 2118 dispensatio,
1366 2046 1431 2120 quia
1453 2062 1507 2103 uon
1521 2053 1612 2119 potest
1625 2047 1750 2104 Ecclesia
1764 2053 1874 2103 mutare
1889 2045 1984 2102 media

338 2139 420 2207 dam,
442 2135 483 2192 vel
498 2137 686 2208 exceptionem
701 2135 820 2209 aliquam
835 2129 994 2190 laciendarn.
1007 2131 1076 2186 Tum
1090 2128 1138 2186 de·
1173 2135 1206 2191 ad
1218 2135 1333 2192 salutem
1345 2137 1510 2208 necessaria,
1523 2151 1612 2210 neque
1623 2135 1668 2192 illa
1678 2136 1818 2208 supplere,
1830 2137 1854 2192 si
1868 2136 1982 2190 omuino

337 2229 421 2300 nique
448 2226 510 2299 quia
531 2226 668 2298 explicare
681 2224 748 2300 quid
762 2225 814 2282 sub
829 2223 880 2279 illis
894 2221 984 2277 verbis
999 2219 1139 2276 continea-
1172 2223 1272 2282 desint:
1290 2232 1322 2282 ut
1335 2231 1410 2298 patet
1424 2227 1450 2282 iu
1464 2226 1592 2297 parvulo,
1605 2227 1651 2297 qni
1664 2225 1794 2296 baptizari
1809 2240 1863 2281 aon
1876 2230 1981 2295 potest,

337 2324 394 2380 tun,
406 2319 523 2374 mdxlllie
537 2317 653 2389 perilllel
666 2317 699 2374 id
716 2317 788 2389 ipsos
798 2311 943 2371 Pontifices
959 2309 1137 2366 sliccesstll'lis
1171 2323 1201 2372 et
1219 2317 1247 2371 in
1267 2317 1326 2388 ipsa
1340 2314 1392 2372 fida
1407 2315 1446 2372 sic
1462 2315 1631 2373 declaratur,
1646 2316 1713 2372 Nam
1728 2315 1770 2370 vel
1783 2315 1869 2372 homo
1887 2313 1985 2387 potest

339 2406 428 2464 Petri:
450 2414 478 2462 at
497 2407 548 2480 ipsi
568 2407 711 2465 Pontifices
732 2408 758 2462 ia
774 2421 803 2461 se
818 2404 888 2460 hanc
904 2405 1068 2473 potestatem
1083 2413 1137 2454 non
1173 2407 1258 2474 sciro,
1268 2411 1296 2461 et
1309 2405 1436 2477 explicite
1450 2403 1566 2462 credere
1580 2406 1680 2472 omnia,
1693 2419 1764 2478 quaa
1777 2419 1811 2462 aa
1828 2411 1983 2476 praecepto

337 2504 525 2569 cognoscunt,
548 2504 579 2555 ut
599 2504 753 2555 constater
768 2493 919 2552 canonibus
934 2505 1018 2562 supra
1032 2490 1136 2560 citatis,
1172 2493 1261 2551 divino
1281 2503 1345 2552 sunt
1364 2495 1519 2551 necessaria
1539 2493 1571 2552 ad
1593 2495 1726 2565 salutem,
1747 2493 1789 2550 vel
1804 2509 1858 2550 uon
1874 2501 1981 2566 potest.

337 2593 366 2643 et
385 2587 448 2660 quia
472 2587 642 2662 ubicumque
661 2589 749 2660 agitur
768 2584 800 2641 de
814 2584 874 2640 iure
887 2580 993 2648 divion,
1009 2578 1031 2634 si
1044 2576 1078 2634 de
1092 2576 1137 2633 illo
1173 2586 1200 2642 st
1221 2590 1326 2656 potest,
1347 2599 1400 2640 non
1418 2589 1511 2656 potest
1523 2583 1650 2641 Ecclesia
1661 2585 1823 2656 dispensare
1837 2599 1906 2641 cum
1921 2584 1982 2655 illo,

337 2682 465 2749 constet,
483 2676 640 2750 dispensare
653 2675 805 2748 refugiuot3
821 2675 875 2728 imo
890 2671 971 2727 etiam
985 2668 1012 2724 iu
1027 2681 1140 2739 pracce-
1174 2680 1205 2731 ut
1219 2690 1272 2729 uon
1287 2679 1422 2738 mneatur,
1441 2673 1482 2730 vel
1498 2679 1529 2730 ut
1542 2673 1598 2730 sine
1612 2672 1658 2730 tali
1673 2673 1724 2730 lide
1738 2674 1874 2743 salvetur,
1892 2681 1926 2731 ut
1938 2681 1984 2730 ast

337 2768 408 2840 ptis,
430 2768 472 2825 rel
497 2765 714 2824 institutionibus
733 2763 889 2835 apostolicis
908 2757 1016 2817 dillicile
1030 2757 1139 2830 dispen-
1173 2778 1222 2835 per
1242 2778 1270 2819 se
1284 2771 1392 2820 uotum.
1410 2763 1437 2820 Si
1454 2779 1517 2820 tero
1531 2778 1585 2820 non
1600 2771 1709 2836 potest,
1724 2764 1767 2820 vel
1782 2763 1849 2820 nibil
1866 2765 1982 2820 omniuo

338 2864 416 2928 saut,
441 2865 603 2929 argumento
618 2872 679 2927 cap.
697 2860 726 2913 2.
741 2852 774 2909 de
794 2852 921 2925 bigamis3
944 2863 1011 2920 ergo
1032 2847 1137 2904 nullum
1173 2852 1420 2924 supernaturaliter
1440 2851 1554 2909 credere
1579 2859 1686 2924 potest,
1709 2853 1752 2909 rel
1775 2854 1873 2910 saltem
1888 2861 1985 2926 potest

339 2946 506 3019 relinquitur
528 2943 734 3000 laudamentum
760 2941 900 2998 sufficiens
923 2937 1006 2994 buius
1024 2950 1140 2992 conoes-
1174 2941 1292 3014 aliquid,
1308 2941 1382 3015 quod
1398 2940 1431 2997 dc
1445 2941 1518 2999 lacto
1533 2943 1631 2999 credit.
1648 2945 1678 2998 la
1693 2945 1777 3016 priori
1791 2959 1861 3000 casu
1877 2945 1985 3016 impos·

338 3035 433 3106 sionis,
450 3049 499 3090 scu
515 3034 669 3106 potestntis.
1175 3031 1260 3087 sibilis
1274 3038 1314 3088 est
1329 3030 1496 3102 dispensatio
1508 3039 1618 3103 propter
1630 3035 1762 3090 rationem
1774 3033 1887 3102 iactam,
1904 3034 1984 3107 quod

343 3147 346 3154 ¹
379 3129 423 3183 10.
439 3127 513 3182 llaec
533 3138 600 3197 ergo
618 3122 751 3179 sententia
770 3119 833 3177 mihi
852 3119 970 3177 maxime
991 3119 1137 3191 probatur.
1173 3122 1297 3180 Ecclesia
1310 3138 1365 3178 noo
1380 3127 1470 3193 potest
1484 3121 1612 3194 supplere
1626 3122 1777 3181 remedium
1789 3125 1983 3182 necessarium

340 3219 373 3275 Ut
394 3223 503 3286 autem,
525 3220 553 3271 et
570 3213 655 3286 magis
668 3227 728 3268 earn
743 3210 924 3281 explicemus,
938 3215 966 3265 ot
980 3209 1140 3265 obiectioni·
1174 3210 1208 3268 ad
1223 3211 1352 3268 salutem.
1369 3213 1399 3270 ln
1414 3211 1501 3268 altero
1516 3226 1581 3268 vern
1597 3229 1676 3284 nasu,
1687 3215 1709 3269 si
1722 3214 1875 3284 ignorantia
1890 3217 1927 3272 sit
1943 3217 1984 3272 in·

338 3307 389 3363 bus
403 3305 618 3377 sntislaciemus,
629 3302 830 3374 distinguamus
843 3299 977 3371 imprimis
991 3298 1061 3355 inter
1075 3313 1139 3370 pro·
1174 3300 1329 3369 vincibilis,
1352 3302 1455 3374 poterit
1468 3301 1585 3360 lnrtasse
1603 3302 1684 3360 bomo
1698 3303 1796 3359 salvari
1810 3319 1878 3360 cum
1893 3305 1940 3361 illa
1954 3307 1984 3360 li·

339 3395 425 3467 priam
447 3394 691 3467 dispensationem,
707 3405 778 3463 quae
791 3389 982 3462 obligationem
997 3389 1138 3460 supponit,
1174 3389 1223 3462 de,
1239 3406 1292 3446 nnn
1308 3397 1421 3463 propter
1436 3391 1664 3463 dispensationem
1678 3392 1836 3462 Ecclesiae,
1853 3393 1904 3452 sed
1918 3397 1985 3469 quia

339 3488 421 3542 ctiam
436 3484 462 3540 iu
478 3482 634 3555 particulari
648 3495 726 3549 casu,
742 3479 768 3535 in
782 3481 838 3553 quo
853 3478 926 3533 illam
941 3477 1041 3547 atilert,
1057 3483 1085 3532 st
1099 3477 1139 3532 in·
1174 3481 1220 3538 illa
1234 3481 1299 3538 lidos
1311 3487 1401 3553 potest
1412 3498 1460 3554 per
1470 3481 1613 3539 caritatem
1624 3484 1742 3553 operari,
1754 3490 1781 3540 et
1792 3486 1880 3540 iteum
1896 3500 1983 3556 super

341 3574 572 3647 terpretationem,
588 3586 659 3645 quae
674 3570 698 3625 iu
714 3567 872 3641 particulari
885 3581 954 3624 casu
969 3581 1023 3622 nou
1038 3581 1140 3639 suppo·
1174 3573 1263 3629 omnia
1281 3571 1408 3644 diligero,
1423 3586 1495 3643 quae
1508 3570 1619 3627 dilectio
1633 3571 1659 3628 in
1675 3577 1738 3628 voto
1752 3572 1905 3631 continebit
1922 3591 1984 3630 om·

338 3666 379 3721 nit
391 3662 603 3738 obligationem,
625 3660 673 3717 sed
692 3659 805 3716 dubium
819 3658 893 3728 eius,
909 3657 986 3712 etita
1000 3673 1053 3712 non
1069 3657 1139 3715 tollit
1175 3676 1236 3717 nem
1255 3659 1333 3716 iidem
1352 3661 1521 3732 ignoratam,
1543 3661 1589 3732 qui
1610 3659 1710 3716 modus
1723 3660 1858 3725 ,credendi
1876 3661 1986 3718 sullicit

338 3753 549 3826 obligationem,
571 3749 618 3806 sed
639 3749 855 3817 dubitationem,
871 3744 1037 3802 declarando
1053 3746 1078 3801 in
1095 3745 1140 3802 tali
1174 3748 1322 3805 iuratione
1342 3747 1423 3806 medii
1447 3749 1601 3806 secundum
1620 3748 1740 3806 divinam
1753 3749 1853 3824 legera.
1871 3753 1900 3808 Si
1916 3769 1985 3809 raro

338 3859 407 3900 casu
429 3859 482 3898 uon
502 3842 584 3898 luisse
599 3846 716 3896 mentem
738 3836 900 3910 legislatoris
915 3835 1045 3906 obligare.
1062 3837 1140 3892 biota
1174 3838 1326 3912 ignorantia
1339 3837 1375 3894 sit
1388 3837 1548 3910 culpabilis,
1564 3853 1618 3894 nnn
1633 3841 1732 3910 poterit
1745 3839 1877 3909 ignorans
1894 3857 1983 3899 exau·

337 3948 404 4004 ergo
429 3931 563 3987 sententia
583 3927 731 4000 praecipue
745 3925 868 3999 loquitur
880 3923 914 3981 de
928 3924 1138 3996 dispensatione3
1174 3927 1228 3984 sari
1248 3943 1264 3983 a
1284 3926 1366 4000 culpa
1385 3934 1499 3999 propter
1520 3925 1749 4000 dispensationem
1768 3929 1930 4002 Ecclesiae,
1953 3935 1985 3987 ut

338 4037 401 4078 nam
412 4018 669 4091 'interpretationem
689 4015 771 4089 aliqui
791 4031 824 4073 ex
846 4015 1006 4073 auctoribus
1020 4017 1078 4070 eius
1092 4013 1140 4071 ad·
1174 4033 1223 4089 per
1238 4033 1266 4074 se
1280 4023 1367 4090 patet.

339 4113 463 4180 mittunt,
477 4115 508 4165 ut
520 4109 616 4164 linior.
633 4106 729 4163 Ledes.
741 4108 839 4164 Ccvar.
855 4112 883 4161 et
897 4105 940 4160 alii
954 4121 1009 4160 non
1027 4112 1137 4176 negant,
1215 4111 1257 4165 12.
1274 4105 1371 4163 Deinde
1387 4105 1521 4178 probatur
1540 4105 1613 4164 idem
1633 4107 1666 4164 de
1681 4110 1837 4180 praeceptis
1851 4112 1983 4181 positivis

337 4207 366 4257 et
381 4197 487 4255 videtur
502 4202 718 4253 consentaneum
731 4198 858 4267 superius
869 4194 950 4251 dictis
962 4194 995 4250 de
1007 4194 1139 4265 interprc·
1173 4197 1250 4254 circo
1263 4211 1344 4253 usum
1359 4204 1607 4268 sacramentorum,
1624 4197 1735 4270 quaein
1750 4213 1858 4255 summa
1874 4199 1911 4256 ad
1929 4203 1984 4257 tria

338 4290 438 4346 tatione
451 4288 478 4343 in
492 4287 551 4360 lege
565 4287 708 4342 veterilie
721 4292 838 4358 utraque
848 4299 914 4356 ergo
924 4281 1070 4339 dicendum
1085 4288 1136 4339 est.
1173 4285 1361 4356 reducuntur,
1382 4285 1488 4343 scilieet
1506 4286 1651 4356 baptismi,
1667 4287 1864 4358 contessionis,
1880 4295 1910 4344 et
1924 4290 1983 4346 Eu·

338 4380 416 4436 Prius
432 4392 497 4433 vern
513 4377 612 4433 iterum
626 4374 852 4448 distinguendum
866 4380 910 4430 est
922 4374 998 4429 iuxta
1011 4373 1138 4444 superius
1172 4375 1328 4432 charistiae:
1340 4391 1401 4431 nam
1413 4374 1446 4431 de
1457 4375 1662 4432 confirmatione
1678 4380 1706 4430 et
1715 4383 1838 4433 extrema
1847 4376 1981 4434 unctione

337 4468 410 4525 dicta
422 4469 492 4525 inter
508 4466 691 4522 institutiones
702 4481 717 4520 a
727 4465 833 4521 Christo
845 4465 932 4520 lactas
945 4463 1066 4535 praecise
1078 4479 1139 4534 spe·
1173 4480 1217 4520 res
1231 4470 1274 4521 cst
1287 4464 1382 4535 dubia,
1395 4473 1484 4521 tamen
1503 4464 1524 4520 si
1537 4462 1726 4536 admittantur,
1740 4463 1835 4521 eadem
1850 4468 1905 4522 erit
1920 4466 1981 4524 illa·

338 4563 442 4628 ctatas,
462 4563 490 4612 et
503 4556 574 4612 inter
588 4561 734 4627 praecepta
747 4553 860 4626 positiva
874 4552 908 4609 de
923 4569 975 4610 usu
991 4567 1084 4609 rerum
1098 4553 1138 4608 sic
1172 4569 1233 4610 rutn
1248 4554 1329 4611 ratio.
1345 4554 1375 4610 ln
1390 4553 1561 4610 uiatrimonio
1576 4559 1666 4610 autem
1681 4561 1710 4610 et
1724 4553 1818 4611 ordine
1834 4571 1890 4612 non
1904 4557 1982 4612 inre·

337 4649 535 4704 institutarum.
552 4648 661 4701 Priores
680 4650 745 4701 sunt
760 4642 917 4698 monarchia
932 4641 1071 4699 Ecclesiae
1085 4641 1139 4713 spi·
1173 4644 1248 4700 nitur
1263 4643 1400 4714 obligatio,
1416 4643 1467 4698 nisi
1483 4657 1515 4698 er
1529 4643 1623 4698 causis
1637 4643 1799 4699 extrinsecis
1813 4645 1841 4699 in
1856 4645 1982 4716 particu-

337 4737 445 4794 ritualis
465 4750 531 4792 eum
551 4751 603 4791 sun
617 4733 709 4791 ordine
724 4731 903 4801 hierarchice,
919 4741 1024 4788 etcum
1039 4730 1138 4788 talibus
1174 4730 1276 4789 laribus
1297 4732 1406 4788 casibus
1416 4727 1552 4803 ¹oriatur,
1573 4737 1602 4788 et
1622 4737 1688 4788 tuuc
1704 4733 1789 4805 magis
1803 4733 1855 4787 erit
1870 4749 1903 4788 ex
1919 4735 1981 4790 iure

338 4825 533 4896 sacramentis3
557 4830 586 4881 et
603 4823 735 4880 sacrificia
749 4822 899 4894 posteriora
914 4827 979 4876 suut
994 4827 1138 4892 praecepta
1173 4827 1302 4892 naturae,
1325 4821 1366 4876 vel
1387 4837 1420 4877 ex
1440 4827 1588 4891 praecepto
1610 4819 1747 4892 bumana,
1768 4835 1853 4892 quam
1868 4836 1902 4876 ex
1918 4823 1980 4878 iure

337 4915 485 4988 obligantis
498 4914 532 4970 ad
547 4928 630 4971 usurn
645 4911 822 4986 aliquem,vel
834 4911 1032 4967 observantiam
1044 4909 1138 4968 talium
1172 4910 1262 4966 divino
1284 4909 1409 4983 positivo.
1427 4913 1462 4966 ta
1482 4924 1547 4965 vero
1566 4911 1642 4966 circa
1662 4909 1707 4965 illa
1721 4917 1870 4982 praecepta
1884 4925 1981 4969 sacra·

338 5021 442 5064 rerum.
460 5004 534 5073 Quae
558 5003 613 5059 duo
636 5003 663 5058 in
682 5003 770 5074 rigore
784 5000 891 5058 diuersa
905 5008 986 5070 suut,
1009 5007 1139 5072 utsupra
1172 5007 1329 5064 mentorum
1348 5017 1401 5057 non
1423 4999 1505 5056 habet
1524 4999 1617 5056 locum
1636 4998 1803 5071 dispensatio
1821 5000 1979 5072 Ecclesiae,

339 5095 447 5167 notavi,
469 5101 497 5150 et
518 5092 577 5149 ideo
596 5092 621 5148 io
637 5092 771 5163 praesenti
785 5097 877 5162 potest
889 5091 1026 5160 dubitari,
1043 5096 1136 5147 utrum
1171 5091 1237 5164 quia
1255 5095 1321 5146 sunt
1339 5089 1372 5146 de
1392 5089 1487 5146 mediis
1501 5089 1665 5146 necessariis
1679 5087 1861 5160 adsalutem,
1879 5091 1980 5148 saltam

337 5183 461 5242 eamdem
476 5183 516 5240 rel
531 5182 668 5240 diversam
682 5181 815 5240 rationem
830 5180 954 5236 subeant.
1171 5179 1227 5238 duo
1240 5179 1424 5252 primaerio
1437 5176 1609 5237 Eucharistia
1623 5178 1696 5235 idem
1711 5176 1815 5235 docent
1829 5178 1925 5248 multi,
1939 5183 1981 5239 rel

383 5275 501 5336 ll.llico
514 5273 695 5348 ergoprimo:
711 5269 1138 5346 Praeceptapositivalegisgra·
1171 5270 1268 5328 saltem
1288 5275 1363 5328 mota
1382 5274 1425 5328 est
1443 5269 1517 5328 illius
1531 5269 1698 5342 necessitas,
1714 5277 1748 5327 ut
1761 5267 1889 5329 Chriattrs
1904 5271 1980 5330 dixe·
