4290 6222
451 376 513 439 408
1144 397 1248 445 arnna
1268 399 1343 446 rur.

411 520 452 575 ria
466 523 494 574 et
508 518 571 576 dcta
585 524 657 576 esset
671 519 855 577 confirmatio.
871 523 911 577 lta
924 536 990 578 rero
1004 521 1128 592 procedit
1139 522 1213 592 prin·
1249 524 1302 589 tia,
1318 538 1371 578 non
1393 521 1457 595 quia
1476 526 1629 593 cognoscat
1642 535 1702 576 esse
1717 518 1834 588 nullam,
1851 517 1897 574 scd
1910 519 1969 590 quir
1981 534 2024 574 oon

410 623 491 678 ceps,
508 609 618 680 quando
637 625 669 667 ex
689 617 767 666 certa
782 612 895 666 scientia
909 612 1070 674 confirrnat3
1086 627 1154 683 ergo
1169 609 1212 666 illa
1248 613 1396 683 cognoscit
1416 611 1499 666 luisse
1521 609 1653 672 ualidam,
1680 616 1707 665 et
1727 609 1900 664 nihilominus
1919 607 2025 666 absolute

410 698 582 755 centirmatio
602 698 683 755 habet
698 701 753 755 rim
769 699 905 756 ualidandi
921 708 1031 772 actum3
1048 717 1080 756 ac
1095 700 1211 756 subinde
1247 717 1320 758 nnnc
1336 701 1394 756 vult
1414 701 1485 756 illurn
1507 699 1539 755 dc
1561 715 1632 754 nevo
1652 698 1758 768 lacere,
1779 698 1801 754 si
1816 699 1977 753 accessesit.
1992 699 2026 754 Sic

410 789 583 844 concessioni
598 788 759 874 aequivalet,
777 788 817 846 rel
834 806 862 846 re
877 792 934 863 ipsa
947 799 990 846 est
1006 792 1165 852 concessio,
1180 788 1212 845 li·
1245 793 1317 846 enirn
1336 791 1404 846 baec
1426 789 1614 858 confirmatio,
1635 787 1700 845 licet
1719 789 1798 844 sites
1813 786 2027 843 veluntateabso-

409 885 455 933 cet
467 878 581 935 verbum
592 879 626 934 sit
636 879 823 936 conlirmandi.
834 882 875 937 lta
886 895 1015 951 expresse
1025 886 1102 937 notat
1113 879 1210 936 Decius
1245 879 1303 935 luta
1313 878 1478 936 revalidandi
1488 877 1789 951 priuilegium,quundo
1800 876 2027 948 cognosciturnul·

407 967 434 1021 in
450 965 523 1022 dicta
547 967 658 1023 rubrica
677 968 711 1024 de
730 969 885 1026 confirmat.
902 969 962 1025 util.
979 985 1007 1025 n.
1028 976 1051 1027 1.
1070 970 1095 1024 in
1111 969 1162 1024 linc
1176 983 1210 1024 ea
1245 968 1305 1024 litas
1325 969 1507 1040 praecedens,
1530 975 1623 1039 potest
1640 967 1705 1022 esse·
1715 965 1916 1033 conditionata,
1934 963 2027 1038 quando

409 1055 484 1114 Bart.
503 1055 580 1112 imol.
596 1057 741 1114 Panornait.
758 1065 786 1114 et
798 1059 866 1114 aliis.
1244 1075 1290 1116 res
1307 1062 1468 1134 ignoratur,
1484 1058 1527 1116 vel
1548 1067 1589 1116 est
1603 1056 1698 1126 dubia,
1720 1057 1840 1126 scilicet,
1859 1053 1923 1111 volo
1937 1054 2028 1126 confir-

453 1148 497 1202 lt.
512 1145 604 1215 Neque
623 1146 778 1202 mirandum
793 1153 851 1217 est,
867 1146 942 1218 quod
956 1147 1071 1202 verbum
1085 1145 1210 1202 rideatur
1245 1148 1357 1231 araride
1376 1149 1413 1206 de
1432 1165 1506 1206 nono
1525 1148 1699 1212 concedere,
1724 1149 1751 1202 si
1765 1136 1898 1218 indtqes:
1913 1159 1979 1216 quae
1990 1159 2028 1198 rc

411 1233 531 1306 ampliari
545 1249 608 1288 curn
625 1234 839 1306 improprietate.
853 1236 923 1291 Tum
938 1238 1003 1307 quia
1018 1252 1070 1291 non
1085 1241 1128 1291 est
1138 1241 1224 1296 tanta,
1245 1238 1336 1294 luntas
1350 1238 1545 1295 efficacissima
1561 1243 1613 1307 est,
1630 1237 1651 1290 si
1667 1236 1691 1290 in
1704 1250 1734 1290 re
1745 1235 1895 1306 praecessit
1909 1232 2026 1303 delectus,

409 1324 618 1397 improprietas,
645 1326 710 1396 quin
732 1324 829 1381 babent
849 1327 931 1382 etiam
954 1323 1163 1383 [tundamentum
1184 1325 1209 1378 in
1245 1327 1318 1384 sicut
1338 1334 1414 1399 patet
1433 1327 1458 1383 in
1480 1325 1650 1382 absolutione
1671 1323 1734 1379 dnta
1754 1323 1805 1378 sub
1825 1321 1985 1390 conditione,
2003 1324 2028 1376 in

409 1429 463 1471 usu
484 1419 512 1469 et
532 1412 558 1467 in
573 1414 686 1468 materia
700 1414 834 1471 subiecta.
851 1415 918 1470 Nam
935 1413 981 1470 ills
992 1415 1162 1470 contirmatin
1176 1427 1220 1470 ex.
1245 1421 1394 1486 quantam
1404 1431 1543 1491 possunt,
1561 1420 1589 1470 et
1602 1411 1732 1486 indtpes,
1750 1421 1779 1469 et
1792 1413 1819 1467 in
1840 1411 2027 1482 rebaptizatione

410 1510 487 1560 certa
503 1502 630 1572 scientia,
644 1503 749 1558 etiarnsi
763 1505 860 1575 possit,
877 1503 950 1560 etde
965 1519 995 1559 se
1009 1503 1131 1559 sufficiat
1144 1503 1210 1559 dare
1246 1505 1298 1560 sub
1313 1505 1483 1574 conditione,
1495 1511 1526 1560 et
1540 1502 1681 1560 similibus.
1696 1503 1734 1558 lta
1746 1517 1812 1573 ergo
1823 1515 1921 1556 censeo
1934 1499 2027 1554 esseio·

410 1592 530 1649 valorem
552 1591 626 1648 actui
647 1590 739 1662 nullo,
760 1607 815 1647 non
837 1599 927 1648 tamen
949 1608 1057 1663 semper
1072 1591 1098 1648 id
1112 1591 1207 1662 elficit,
1247 1594 1451 1665 terpretandam
1465 1595 1534 1650 banc
1546 1591 1778 1649 confirmationem
1789 1605 1823 1646 err
1835 1596 1909 1644 certa
1921 1588 2026 1656 scientia,

411 1683 545 1754 quianon
560 1695 666 1752 semper
681 1683 812 1753 supponit
823 1681 976 1738 nullitatem
988 1683 1013 1737 in
1025 1689 1104 1753 actu,
1117 1681 1164 1738 sed
1176 1681 1210 1738 ad
1246 1690 1278 1740 ut
1292 1684 1326 1741 ad
1342 1685 1413 1740 illam
1428 1683 1549 1740 sufficiat
1563 1682 1709 1755 professio,
1725 1687 1757 1737 ut
1769 1679 1810 1736 sic
1825 1677 1926 1746 dicam,
1942 1677 2028 1747 princi·

410 1772 541 1829 maiorem
563 1771 699 1829 cautelam
720 1777 747 1828 et
766 1770 960 1828 certitudinem
981 1773 1018 1829 ita
1036 1771 1208 1842 conceditur,
1245 1772 1285 1842 pis
1306 1772 1484 1828 confirmandi
1506 1771 1551 1827 tali
1570 1769 1649 1844 modo
1669 1785 1733 1826 cunr
1755 1783 1821 1824 vern
1834 1775 1863 1825 et
1875 1766 1976 1824 efficaci
1990 1781 2027 1820 ro

382 1853 384 1858 ’
410 1860 467 1918 sire
488 1868 568 1919 actus
587 1863 766 1918 confirmatus
786 1859 867 1916 luerit
885 1860 1008 1928 ualidus,
1031 1861 1086 1916 sire
1100 1877 1168 1932 non3
1183 1865 1212 1914 at
1246 1859 1349 1917 luntate
1369 1860 1408 1916 illi
1426 1859 1650 1933 proportionata,
1670 1859 1727 1915 sire
1742 1857 1861 1931 cognitio
1879 1853 2026 1912 nullitatisin

411 1950 470 2007 iden
494 1949 554 2005 talis
572 1951 661 2023 gratia
675 1952 772 2006 merito
788 1949 958 2006 coutirmetlo
973 1943 1090 2021 dicitur',
1107 1950 1170 2022 quia
1183 1957 1212 2006 et
1246 1951 1342 2022 reipsa
1353 1950 1520 2021 praeexistat
1531 1949 1557 2006 in
1567 1962 1684 2021 persona
1694 1946 1876 2004 etintellcctu
1886 1945 2027 2004 confirmae

410 2046 502 2113 potest
523 2054 677 2111 supponere
691 2039 898 2096 concessionem
912 2039 1045 2110 validam,
1061 2049 1089 2096 et
1103 2055 1210 2112 semper
1246 2039 1293 2110 tis,
1309 2039 1366 2095 sire
1381 2055 1446 2096 noa.

411 2131 544 2204 supponit
558 2129 654 2196 saltem
667 2135 808 2186 externam
824 2132 1044 2200 concessionem,
1060 2145 1131 2200 quae
1145 2130 1210 2187 sub·
1289 2133 1331 2186 ta.
1348 2129 1416 2185 Hinc
1433 2145 1497 2186 vero
1511 2129 1653 2202 sequitur,
1673 2125 1707 2182 ad
1726 2122 1886 2180 huiusmodi
1908 2121 2025 2190 ellectum,

411 2219 585 2284 stantialiter,
602 2225 634 2275 ut
648 2218 686 2274 sic
700 2217 801 2286 dicam,
817 2219 973 2275 confirmari
988 2217 1092 2290 valeat,
1109 2219 1130 2274 si
1146 2219 1211 2275 sub·
1245 2223 1272 2272 et
1288 2224 1317 2272 ut
1331 2217 1423 2274 locum
1444 2218 1542 2274 babeat
1559 2216 1635 2273 dicta
1649 2215 1756 2287 regula,
1773 2213 1957 2269 necessarium
1968 2225 2024 2281 esse,

410 2308 563 2364 stantialem
590 2307 685 2363 habuit
702 2305 850 2362 delectum.
867 2306 944 2363 Sicut
957 2309 1039 2364 etianr
1052 2305 1154 2364 dicitur
1168 2323 1210 2362 ra·
1244 2313 1277 2363 ut
1296 2314 1376 2364 actus
1390 2306 1595 2365 confirmandus
1610 2305 1670 2362 talis
1682 2305 1726 2374 sit,
1740 2310 1772 2361 ut
1782 2303 1870 2376 possit
1880 2301 1935 2358 sola
1947 2301 2025 2356 volun·

411 2397 507 2453 tibeari
525 2394 673 2468 professio,
689 2395 730 2451 vel
746 2397 951 2452 matrimonium
966 2396 1068 2452 iactura
1082 2403 1145 2452 c'urn
1159 2397 1211 2452 im·
1244 2403 1299 2454 tate
1317 2404 1344 2454 et
1358 2397 1490 2454 lecultate
1504 2395 1687 2452 contirmantis
1701 2395 1773 2462 lieri;
1790 2408 1855 2450 num
1869 2393 1891 2446 si
1909 2398 1982 2446 actus
1993 2388 2025 2443 ille

410 2485 563 2557 pedimento
581 2484 704 2540 irritante
715 2499 764 2555 per
774 2487 942 2542 iterationem
954 2500 1139 2541 consensuum
1149 2493 1210 2556 post
1243 2484 1361 2556 pendeat
1373 2503 1407 2542 ert
1421 2501 1558 2542 consensu
1574 2482 1697 2556 alterius,
1714 2497 1766 2537 non
1782 2483 1885 2553 poterit
1900 2495 1946 2550 per
1955 2477 2025 2534 solam

411 2573 530 2632 ablatum
544 2573 776 2645 impedimentum.
789 2575 859 2631 Tum
869 2576 948 2630 ctiam
959 2576 1025 2646 quia
1037 2576 1064 2630 in
1076 2575 1211 2646 praesenti
1245 2563 1476 2633 confirmationem
1488 2574 1662 2646 principissa
1674 2570 1748 2628 nullo
1761 2571 1818 2627 beri
1832 2570 1945 2640 ualidus,
1956 2583 2024 2640 quan·

410 2679 479 2720 casu
499 2665 568 2719 ratic
587 2670 616 2718 et
630 2664 671 2718 ius
685 2665 761 2734 cogit
774 2663 807 2718 ad
822 2665 901 2720 talem
918 2665 994 2720 verbi
1007 2666 1211 2734 interpretatio·
1245 2665 1347 2719 tumris
1357 2681 1391 2721 ea
1404 2671 1480 2721 certa
1489 2665 1603 2719 scientia
1615 2661 1756 2735 procedat.
1767 2663 1847 2717 Patet
1855 2661 1955 2732 quises
1965 2661 2024 2712 certa

411 2768 492 2825 nem,
512 2767 546 2808 ne
559 2749 697 2822 dispositio
711 2751 841 2823 principis
855 2741 887 2808 es
901 2760 979 2809 certa
993 2753 1106 2808 scientia
1120 2753 1165 2808 fiat
1179 2754 1211 2808 il·
1247 2754 1360 2810 scientia
1376 2755 1465 2810 solum
1481 2753 1635 2824 colligimus
1649 2750 1819 2827 voluntatem
1838 2747 1975 2819 principis,
1989 2759 2025 2799 ro

410 2841 516 2898 lusoris
536 2847 563 2897 et
584 2840 789 2918 irrationabilis3
811 2841 886 2914 quod
904 2844 931 2896 in
947 2841 1052 2914 legibus
1067 2842 1209 2900 vitandum
1244 2840 1335 2897 luntas
1351 2849 1442 2898 autem
1457 2841 1588 2912 principis
1603 2839 1779 2913 quantumuis
1793 2835 1920 2894 absoluta
1933 2847 2024 2890 noner-

410 2939 468 3002 est,
490 2937 520 2990 et
537 2937 739 3002 consequenter
757 2931 837 2986 etiarn
858 2933 885 2987 in
907 2930 1068 3004 privilegiis,
1091 2933 1209 2989 manime
1243 2930 1315 2986 cedit
1332 2931 1357 2986 in
1372 2930 1499 2987 efficacia
1514 2937 1674 3003 potestatem
1689 2929 1832 3000 principis.
1845 2925 1920 2984 Unde
1932 2935 2023 2992 nonpo-

410 3038 476 3079 cum
490 3021 558 3076 fiunt
576 3035 609 3076 ea
623 3026 700 3076 certa
715 3020 837 3076 scientia.
1244 3025 1298 3074 test
1311 3034 1478 3075 consensum
1492 3020 1593 3076 alienae
1607 3018 1755 3076 voluntatis
1769 3015 1914 3088 supplere,
1929 3028 1974 3069 nec
1987 3026 2023 3066 aa·

453 3115 496 3168 ta.
514 3112 604 3182 arque
618 3107 681 3164 binc
693 3108 777 3180 aliqui
788 3123 820 3165 es
832 3108 945 3178 iuristis,
958 3110 1119 3180 praesertim
1131 3107 1207 3164 Alex.
1245 3107 1344 3164 turalia
1357 3106 1610 3179 impedinrenta,·vel
1625 3106 1804 3163 inhabilitates
1821 3103 1923 3161 tollere.
1935 3104 1966 3158 Et
1976 3099 2022 3155 ideo

409 3213 491 3273 quem
509 3199 633 3270 sequitur
647 3196 785 3266 Tuscbus,
797 3195 904 3267 dicunt,
917 3197 986 3253 duae
1000 3211 1061 3253 esse
1076 3195 1209 3252 conditio·
1245 3213 1298 3251 non
1314 3205 1404 3268 potest
1418 3198 1536 3268 pontifex
1550 3211 1599 3268 per
1613 3212 1692 3252 suam
1707 3193 1939 3250 confirmationem
1954 3189 2021 3244 solam

409 3304 457 3344 nes
473 3285 650 3360 necessarias,
668 3293 698 3342 ut
712 3285 778 3342 baec
794 3287 911 3342 assertio
927 3286 1068 3357 procedat.
1081 3287 1138 3344 Una
1155 3293 1207 3358 est,
1244 3293 1335 3342 ratum
1356 3287 1447 3343 iacere
1468 3286 1671 3342 matrimonium
1693 3283 1817 3351 nullum,
1836 3281 1879 3337 uel
1898 3279 2023 3351 professio·

408 3377 482 3450 quod
506 3377 676 3434 confirmatio
698 3375 852 3446 proteratur
871 3391 903 3432 ex
921 3383 998 3432 certa
1012 3375 1140 3447 scicntia3
1157 3375 1210 3432 alia
1245 3389 1319 3446 nem,
1335 3374 1382 3431 sed
1398 3375 1499 3445 proterit
1512 3374 1606 3431 tollere
1621 3371 1814 3444 impedimenta
1831 3366 1986 3425 annullantia
1997 3364 2021 3420 de

409 3465 482 3538 quod
499 3480 528 3522 re
542 3479 607 3521 aera
621 3465 646 3519 in
658 3465 779 3535 principe
796 3463 939 3535 praecedat
950 3465 1069 3536 cognitio
1085 3463 1209 3522 delectus
1243 3464 1304 3520 iure
1328 3463 1463 3542 humano,
1490 3470 1522 3519 ut
1545 3478 1593 3533 per
1613 3477 1765 3518 consensus
1785 3474 1873 3515 noros
1894 3455 2022 3513 ratifiretur

409 3560 437 3611 et
455 3553 586 3610 nullitatis
605 3553 703 3625 prioris
717 3552 862 3624 prririlegii,
883 3553 1050 3625 quissiaco
1066 3551 1207 3624 praecedit
1243 3559 1333 3608 actus.
1356 3554 1455 3609 Tamen
1477 3554 1542 3624 quio
1562 3555 1589 3607 in
1612 3551 1723 3606 oratoria
1743 3548 1945 3622 privilegiorum
1959 3551 2022 3599 actos

409 3642 476 3700 baec
494 3641 633 3714 cognitio,
649 3657 702 3697 non
721 3647 812 3712 potest
825 3643 955 3714 subsequi
969 3641 1096 3698 voluntas
1110 3641 1208 3698 efficax
1245 3640 1308 3696 talis
1321 3648 1375 3712 est,
1392 3649 1424 3698 ut
1436 3641 1470 3697 ad
1485 3641 1561 3696 illurn
1576 3637 1752 3702 efficiendum
1772 3637 1901 3694 voluntas
1914 3631 2022 3707 principis

407 3729 543 3787 solidandi
562 3729 639 3799 illud,
652 3746 702 3786 nec
715 3729 1210 3803 privilegiuminreipsaeriteacer-
1243 3729 1379 3802 sufficiat,
1399 3731 1463 3804 qnia
1481 3732 1608 3802 princeps
1626 3736 1668 3785 est
1689 3727 1798 3799 propria
1819 3740 1904 3782 causa
1922 3722 2021 3779 efficiens

409 3825 436 3876 ta
457 3820 587 3891 scientia,
604 3819 652 3876 sed
666 3820 775 3877 nomine
790 3826 905 3876 tanturn.
922 3820 973 3877 Sed
996 3820 1048 3876 boc
1064 3821 1210 3892 scrupulo·
1244 3819 1391 3892 privilegii,
1411 3827 1443 3876 ut
1456 3834 1541 3891 supra
1554 3821 1643 3874 visum
1657 3823 1715 3887 cst,
1731 3814 1791 3872 ideo
1808 3813 1961 3870 indistincte
1973 3823 2021 3880 pro·

408 3925 469 3966 sum
483 3916 537 3979 est,
549 3909 639 3966 reddit
647 3911 718 3965 enim
731 3911 850 3966 incertas
864 3925 959 3966 omnes
973 3909 1130 3967 huiusmodi
1144 3926 1210 3968 con·
1243 3909 1316 3966 cedit
1333 3908 1442 3982 regula,
1458 3908 1532 3981 quod
1547 3904 1717 3964 confirmatio
1732 3919 1766 3961 ex
1779 3911 1857 3960 certa
1872 3899 2021 3959 scientiane

408 3999 584 4056 firmationes.
603 3998 669 4066 Quis
679 3999 750 4054 enim
763 4001 848 4070 novit,
860 4014 893 4055 an
905 4001 1030 4072 princeps
1041 4007 1136 4057 exacte
1147 4017 1210 4057 exa·
1243 3997 1363 4072 quinalet
1377 3997 1550 4054 concessioni
1564 3995 1705 4069 privilegii.
1720 3995 1869 4067 Nunquam
1885 3993 1953 4048 enirn
1965 3988 2021 4060 priu-

408 4089 554 4145 minavcrit
576 4085 697 4143 ralorern
716 4088 815 4159 prioris
834 4095 930 4154 actus,
944 4089 986 4144 rel
1006 4090 1069 4146 licet
1083 4104 1210 4161 praeces·
1243 4103 1309 4159 ceps
1330 4087 1474 4143 confirmat
1493 4103 1525 4144 ex
1546 4092 1622 4144 certa
1643 4083 1757 4140 scientia
1777 4081 1962 4154 privilegium,
1983 4075 2020 4130 nisi

411 4178 477 4232 serit
489 4191 616 4246 examen,
632 4175 703 4232 uode
717 4185 845 4232 constare
859 4178 967 4250 poterit,
983 4193 1017 4256 an
1032 4177 1207 4236 intellexerit.
1244 4175 1355 4248 quando
1377 4181 1471 4248 posset
1491 4175 1557 4232 illud
1578 4190 1593 4232 a
1613 4174 1745 4247 principio
1766 4171 1932 4240 concedere,
1946 4175 1969 4225 et
1980 4167 2020 4221 bec

411 4267 539 4338 princeps
553 4264 724 4323 nullitatem?
738 4265 773 4322 Et
783 4261 842 4321 ideo
853 4265 896 4321 alii
908 4273 1037 4323 auctores
1049 4266 1093 4322 illa
1104 4282 1158 4322 non
1169 4266 1210 4323 di·
1244 4272 1287 4321 est
1301 4281 1350 4337 per
1365 4279 1394 4320 se
1408 4265 1606 4334 necessarium,
1617 4271 1645 4320 et
1658 4263 1792 4319 intentum
1804 4262 1830 4318 in
1842 4262 1886 4318 tali
1900 4259 2021 4316 continna-

411 4357 570 4428 stinguunt,
587 4355 636 4412 sed
650 4370 682 4411 eo
696 4355 772 4428 ipso,
788 4354 862 4428 quod
878 4349 1048 4429 privilegium
1062 4357 1160 4414 recitat
1174 4373 1209 4414 cx
1243 4355 1325 4410 tione.
1347 4353 1425 4422 Quod
1445 4353 1467 4409 sl
1487 4352 1631 4427 aliquando
1652 4352 1822 4408 confirmatio
1843 4347 2020 4407 extenuitate

409 4453 486 4502 certe
504 4445 618 4502 scientia
632 4444 722 4517 aliquo
736 4461 769 4501 ert
784 4444 871 4501 medis
888 4460 971 4518 supra
985 4444 1077 4517 dictis,
1093 4462 1209 4503 censen·
1243 4444 1359 4501 excedet
1370 4450 1546 4513 potestatem,
1557 4442 1584 4498 id
1595 4449 1639 4498 est
1651 4441 2021 4509 accidentarium,etnunmn·

409 4533 564 4591 turbabere
576 4533 647 4590 illam
659 4533 1208 4608 efficaciam,quiaetpraesumiturprin·
1243 4539 1285 4589 tat
1305 4539 1432 4589 naturam
1453 4538 1551 4603 actus3
1573 4546 1636 4588 nam
1656 4531 1737 4587 etiam
1752 4531 1897 4586 concessio
1911 4521 2020 4600 privilegii

410 4639 477 4694 ceps
494 4623 591 4680 babere
606 4623 758 4691 scientiam,
775 4637 858 4696 quarn
872 4624 1025 4695 profitetur,
1043 4625 1086 4682 rel
1102 4625 1164 4681 licet
1180 4623 1210 4680 il·
1244 4629 1334 4694 potest
1348 4621 1484 4680 interdum
1496 4637 1556 4677 esso
1569 4621 1725 4692 temeraria,
1738 4627 1767 4676 et
1777 4620 1908 4676 excedere
1919 4625 2020 4688 potesn-

411 4714 462 4770 lam
483 4713 553 4770 iorte
573 4729 627 4770 aon
646 4713 761 4782 babent,
781 4719 910 4769 censetur
925 4713 1024 4770 habere
1041 4713 1209 4770 voluntatem
1245 4718 1316 4783 tenr,
1337 4719 1365 4768 et
1385 4711 1560 4768 nibilominus
1580 4711 1703 4767 absoluto
1724 4725 1821 4766 rernm
1835 4718 1892 4781 est,
1909 4701 2019 4780 privilegii

410 4803 586 4861 confirmandi
604 4810 711 4873 actum,
727 4803 800 4859 sicut
813 4802 932 4876 indiget3
949 4803 1016 4860 baec
1032 4805 1103 4860 enim
1113 4803 1210 4860 rolun·
1244 4805 1453 4860 concessionem
1468 4801 1534 4858 dare
1548 4802 1606 4873 ius,
1623 4803 1688 4874 quia
1703 4801 1863 4872 intelligitur
1876 4798 1908 4854 de
1923 4795 2020 4868 legium

410 4901 453 4951 tas
468 4890 583 4950 contusa
597 4887 690 4947 baberi
702 4897 793 4960 potest
804 4892 861 4948 sine
872 4892 1026 4964 cognitione
1038 4893 1075 4948 rei
1086 4899 1170 4964 prout
1182 4893 1209 4949 in
1244 4894 1437 4968 concessione3
1460 4892 1531 4949 idem
1551 4885 1678 4965 erge‘est
1692 4897 1799 4947 servata
1818 4887 1983 4962 proportione
1994 4879 2020 4935 tle

412 4997 441 5040 se
456 4989 516 5046 est,
530 4986 560 5038 et
572 4980 675 5037 sufficit
688 4978 722 5036 ad
737 4979 932 5037 conterendum
948 4979 1069 5037 valorem
1084 4982 1169 5052 actui,
1187 4981 1210 5036 si
1244 4981 1448 5038 confirmatione
1462 4997 1494 5047 eu¹
1509 4987 1586 5037 certa
1599 4981 1723 5037 scientia.

411 5071 436 5128 io
452 5085 481 5126 se
496 5069 549 5126 luit
566 5067 675 5138 nullus,
691 5070 797 5126 etiamsi
818 5070 968 5142 ignoretur.
980 5071 1030 5127 ·Sic
1044 5070 1115 5126 enim
1130 5069 1212 5127 dubi·
1287 5075 1331 5129 tl.
1349 5075 1492 5128 Praeterea
1507 5078 1539 5128 ut
1553 5073 1620 5126 baec
1635 5069 1803 5126 contirmatio
1818 5067 1897 5122 talem
1912 5063 2019 5120 edectun
2109 5057 2110 5148 J

412 5165 472 5215 tans
487 5159 520 5214 dc
534 5158 709 5230 protensionis
723 5159 825 5226 valore,
838 5160 955 5215 ratificat
965 5157 1038 5217 illam
1049 5175 1098 5230 per
1108 5175 1209 5216 norum
1245 5167 1450 5233 consequatur,
1470 5166 1594 5231 oportet,
1611 5164 1642 5214 ut
1655 5157 1815 5228 simpliciter
1827 5154 1917 5224 detur,
1931 5159 1956 5206 et
1969 5146 2019 5204 nibil

412 5261 594 5322 eonsensum,
613 5254 640 5304 et
661 5253 751 5320 potest
763 5249 816 5304 dici
832 5247 967 5305 ratificare
981 5264 1013 5304 ea
1028 5255 1104 5305 certa
1120 5252 1208 5306 scien·
1244 5248 1376 5322 addatur,
1390 5248 1465 5322 quod
1483 5253 1617 5321 repugnet
1629 5246 1815 5304 resolidationi
1829 5251 1906 5301 actus
1922 5237 2017 5307 nullius,
