4290 6222
872 377 1043 432 canonas.
1656 366 1718 431 375

118 501 190 574 quid
208 500 305 559 simile.
322 503 411 574 atque
426 500 480 558 hoc
495 501 601 559 clerum
619 496 778 575 supponunt
791 504 923 562 lnnocen-
959 508 1043 577 nitur,
1060 506 1169 579 quando
1183 505 1354 580 privilegium
1366 505 1448 564 datur
1461 523 1478 564 a
1491 522 1556 581 rego
1570 506 1679 564 clericis
1692 521 1760 565 suae

116 593 191 662 tius,
200 594 328 648 Panorm.
343 591 427 650 Felin.
440 598 469 649 et
478 592 533 649 iare
545 607 640 649 omnes
652 593 694 650 alii
707 595 732 652 in
745 610 772 651 c.
784 598 880 656 Novit,
889 595 923 653 de
959 594 1141 668 reipublicae,
1162 596 1204 653 rel
1223 599 1315 670 regni,
1335 613 1396 653 nam
1413 597 1478 655 licet
1491 597 1527 654 illi
1542 599 1661 669 exempti
1676 599 1759 654 slata

118 679 246 750 iudiciis,
261 688 290 736 et
304 681 329 736 in
344 695 405 751 cap.
423 685 447 740 l.
464 680 498 738 de
512 681 619 754 probat.
637 684 836 740 constituentes
849 684 925 742 diiie·
959 683 1148 742 iurisdictione
1163 687 1320 759 temporali,
1336 687 1511 744 nibilominus
1525 695 1591 744 sunt
1607 689 1715 760 vasalli,
1730 695 1759 745 ει

118 770 240 826 rentiam
253 772 325 827 inter
335 769 506 843 privilegium
517 785 682 829 concessum
693 771 802 828 subdito
812 772 853 829 vel
867 789 922 829 non
961 779 1089 830 tenantur
1104 790 1186 831 sarum
1202 776 1352 848 principem
1365 791 1566 849 recognoscere
1580 779 1608 834 in
1622 778 1673 850 lais,
1689 793 1760 850 quae

118 859 246 926 subdito,
263 859 337 932 quod
351 861 415 918 illud
430 861 583 918 revocabile
595 866 648 931 eat,
662 862 716 918 hoc
736 863 922 931 irrevocabiles
962 877 1028 920 suae
1040 863 1203 921 immunitati
1215 881 1268 921 non
1278 873 1344 924 sunt
1356 866 1506 936 contraria,
1519 867 1582 937 quia
1598 872 1664 922 sunt
1674 882 1759 924 mem·

117 947 156 1006 dc
172 964 229 1022 qaae
242 949 391 1008 differentia
405 957 501 1022 postea
516 949 678 1007 ridebimus:
695 967 768 1008 nunc
783 953 872 1010 solum
891 969 924 1010 ea
961 953 1011 1009 bra
1027 955 1244 1023 communitatis,
1260 956 1340 1012 carius
1355 952 1398 1010 ills
1412 961 1455 1012 est
1468 962 1564 1027 caput.
1581 953 1655 1013 ldem
1672 958 1760 1012 cerni·

119 1037 169 1094 illa
191 1038 337 1110 sumimus,
357 1054 411 1096 non
430 1039 571 1096 subditum
591 1055 652 1096 esse
671 1055 801 1112 capacem
816 1041 925 1114 privile-
960 1045 1006 1098 tur
1019 1041 1043 1099 in
1060 1040 1169 1114 alienis,
1186 1043 1234 1116 qui
1247 1042 1312 1101 dum
1326 1048 1471 1101 transeunt
1484 1059 1532 1116 per
1547 1051 1634 1102 terras
1649 1044 1760 1103 alterius

119 1127 340 1201 giilnductione
351 1129 432 1186 etiam
442 1129 609 1198 ostenditum
621 1145 681 1186 nam
692 1132 842 1203 imperator
856 1146 925 1188 con·
962 1131 1105 1202 principis,
1121 1130 1154 1188 ab
1170 1131 1215 1188 illo
1230 1133 1365 1203 recipiunt
1377 1131 1488 1205 aliquod
1503 1133 1685 1207 privilegium3
1697 1149 1760 1191 nem

122 1217 202 1274 cedit
214 1218 354 1291 privilegia
366 1218 500 1275 iudicibus
510 1218 715 1290 ecclesiasticis,
729 1221 792 1278 licet
802 1220 840 1276 illi
860 1220 925 1278 sub·
961 1219 998 1276 illi
1017 1219 1083 1277 dum
1098 1220 1134 1277 ibi
1148 1222 1467 1294 peregrinantur,aliquo
1479 1222 1560 1280 modo
1574 1231 1639 1281 aunt
1652 1223 1761 1281 inierin-

122 1307 174 1364 diti
185 1323 239 1364 non
257 1309 319 1378 sint,
331 1315 362 1365 ut
375 1308 448 1381 quod
459 1311 486 1364 in
501 1307 592 1381 aliquo
607 1325 674 1366 casu
686 1326 734 1381 per
749 1311 818 1368 riam
833 1312 925 1382 appel·
960 1325 1005 1366 res
1020 1315 1048 1366 ει
1063 1309 1174 1367 subditi.
1192 1311 1217 1367 Si
1232 1326 1298 1367 vero
1314 1327 1386 1367 unus
1401 1327 1448 1368 res
1463 1311 1538 1368 alteri
1552 1312 1618 1385 regi,
1635 1311 1676 1369 vel
1688 1312 1761 1382 prin-

121 1397 233 1454 lationis
248 1397 354 1468 possint
370 1398 473 1454 directe
487 1396 521 1454 de
543 1397 618 1455 laicis
633 1399 658 1454 in
679 1401 771 1456 causis
789 1406 926 1471 tempora·
961 1399 1014 1470 cipi
1031 1414 1160 1469 supremo
1174 1399 1309 1457 concedat
1320 1398 1503 1474 privilegium,
1516 1415 1624 1472 semper
1633 1402 1759 1458 eritcum

120 1485 197 1541 libus
213 1484 346 1556 iudicare,
361 1493 392 1542 ut
405 1493 480 1558 patet
492 1501 525 1542 en
540 1502 566 1542 c.
583 1490 777 1562 Quicumque,
793 1493 836 1559 ιι,
853 1504 881 1561 q.
898 1493 922 1546 l.
960 1486 1117 1544 habitudine
1138 1488 1171 1545 ad
1193 1495 1282 1546 terras
1303 1505 1387 1560 suas,
1408 1497 1538 1562 respectu
1553 1478 1671 1562 quarum
1692 1490 1761 1548 alter

121 1575 256 1632 Similiter
279 1582 395 1648 possunt
414 1574 570 1632 saeculares
590 1561 727 1648 principes
749 1575 924 1648 privilegium
960 1577 1123 1635 estiuierior
1140 1585 1168 1635 ει
1182 1577 1341 1651 inaequalis,
1353 1583 1414 1636 esto
1426 1595 1480 1635 non
1499 1577 1761 1647 sitsubditus.Qun-

122 1665 280 1721 concedere
292 1664 543 1734 alaricis,licetillis
554 1680 607 1721 non
623 1668 676 1722 sint
689 1665 800 1736 subditi,
812 1671 843 1722 ut
859 1681 924 1723 con·
960 1665 1042 1722 modo
1060 1667 1140 1724 etiarn
1160 1667 1281 1724 Pontiiex
1300 1673 1343 1722 est
1361 1682 1448 1738 capax
1462 1666 1595 1740 privilegii
1613 1667 1760 1741 recipiendi

123 1760 183 1810 stat
197 1769 231 1810 es
245 1752 339 1811 multis
354 1754 468 1826 legibus,
483 1757 514 1810 G.
527 1753 561 1810 de
574 1755 697 1828 episcop.
710 1761 738 1812 et
750 1755 880 1812 clericet
892 1757 925 1812 sle
960 1753 994 1811 ab
1018 1755 1198 1826 imperatore,
1219 1754 1260 1810 vel
1284 1755 1405 1827 principe
1430 1742 1571 1827 temporali
1580 1799 1588 1827 ,
1608 1762 1640 1816 ut
1664 1772 1760 1814 omnes

121 1857 233 1898 sacros.
250 1842 443 1911 Eccles..Qnin
457 1845 558 1915 potius,
575 1860 641 1903 cum
656 1847 692 1900 sit
705 1852 826 1916 certum,
837 1844 924 1918 legam
960 1843 1027 1899 dicti
1050 1843 1161 1900 iuristae
1183 1849 1356 1916 supponunt,
1374 1851 1404 1899 ut
1423 1850 1498 1913 patet
1512 1844 1545 1901 de
1558 1844 1603 1902 illo
1622 1845 1761 1919 privilegio

121 1931 231 1988 civilem
246 1930 435 2004 disponentem
450 1933 475 1988 in
491 1933 581 2005 specie
596 1933 672 1989 circa
682 1933 810 2002 clericos,
829 1949 880 1990 nec
895 1933 926 1990 il·
960 1931 1104 1989 exercendi
1118 1931 1335 1989 iurisdictionem
1350 1931 1484 1990 directam
1499 1933 1525 1989 in
1540 1932 1676 2006 aliquibus
1691 1950 1759 1991 cau·

121 2018 165 2075 lo's
180 2019 309 2093 obligare,
324 2036 375 2078 nec
391 2021 488 2078 abillis
503 2021 664 2080 servandam
678 2037 750 2094 esse,
766 2039 799 2079 ne
817 2023 925 2080 videon·
960 2021 996 2076 sia
1015 2019 1154 2092 civilibus3
1171 2028 1200 2078 ct
1213 2021 1285 2079 idem
1300 2029 1342 2079 est
1358 2022 1383 2078 in
1398 2021 1538 2097 privilegio
1551 2023 1711 2080 extrahendi
1726 2023 1760 2082 de

121 2115 172 2166 tur
192 2109 244 2166 suo
265 2110 404 2184 privilegio
418 2109 471 2166 iori
485 2111 687 2186 praeiudicare,
715 2111 889 2169 nibilominus
904 2113 926 2169 si
960 2123 1045 2182 regno
1060 2110 1147 2167 alieno
1161 2126 1206 2167 res
1221 2109 1371 2182 prohibitas
1387 2126 1435 2182 per
1450 2112 1523 2185 leges
1537 2111 1609 2168 illius
1626 2114 1719 2187 regni,
1733 2118 1762 2169 et

120 2197 185 2254 talis
199 2198 241 2255 les
255 2214 361 2256 merum
376 2199 546 2272 privilegium
560 2203 714 2272 contineat,
740 2201 773 2258 ab
793 2203 831 2258 eis
845 2217 926 2259 acce·
962 2199 1066 2256 similia.
1089 2199 1185 2257 Dices:
1206 2202 1274 2257 Cum
1294 2199 1465 2273 privilegium
1483 2201 1519 2257 sit
1538 2200 1596 2269 les,
1621 2202 1762 2275 quomodo
1814 2259 1815 2264 ,

122 2290 317 2362 ptaripotest,
336 2295 368 2346 ει
385 2305 450 2346 curn
464 2289 762 2348 abbatedocetielin.
784 2292 851 2348 inc.
868 2297 927 2352 Ec·
961 2294 1053 2360 potest
1073 2288 1185 2346 concedi
1205 2291 1262 2346 sine
1283 2289 1758 2362 usuiurisdictionis?Respondeas
1866 2291 1880 2350 ’.

125 2377 220 2436 clesic
233 2385 358 2438 sesclae
371 2379 509 2447 Mariae,
526 2379 560 2436 de
575 2379 721 2437 constitut.
738 2397 765 2436 o.
792 2385 839 2451 ιιι,
857 2381 882 2437 ιε
897 2380 926 2436 li·
961 2378 1024 2435 ldeo
1040 2378 1106 2452 dixi,
1123 2395 1167 2435 me
1181 2377 1255 2451 loqui
1265 2378 1414 2436 lornaaliter
1425 2387 1553 2452 respectu
1564 2381 1636 2452 eius,
1649 2383 1694 2438 cui
1706 2383 1760 2454 pri·

121 2482 170 2538 ne,
181 2474 210 2524 et
224 2471 358 2526 rationem
371 2467 472 2525 reddit:
489 2471 570 2544 Quia
584 2475 653 2526 istoc
668 2474 764 2544 cessat
786 2474 865 2526 ratio
879 2485 926 2526 sc·
961 2467 1090 2539 vilegium
1110 2468 1287 2540 conceditur,
1303 2469 1367 2541 quia
1389 2475 1418 2526 ul
1432 2465 1472 2526 sic
1486 2486 1540 2526 non
1555 2469 1658 2542 obligat
1672 2470 1759 2544 illum,

116 2561 321 2632 posteritatis·
341 2574 411 2615 cum
424 2575 482 2616 nos
496 2557 630 2642 subditus
640 2563 736 2633 possit
751 2557 925 2634 psioileqta·
961 2563 989 2614 et
1003 2556 1062 2614 ideo
1076 2564 1204 2630 respectu
1219 2557 1291 2615 illius
1306 2575 1359 2615 non
1373 2564 1416 2616 εει
1428 2562 1583 2617 necessaria
1594 2559 1758 2618 iurisdictio.

10 2665 11 2668 ¹
120 2652 168 2714 ri,
185 2663 246 2720 cap.
259 2652 357 2716 Novit,
374 2649 408 2706 dc
419 2649 503 2706 indic.
520 2649 598 2705 Ratio
612 2657 705 2706 autem
725 2665 778 2706 cur
792 2665 844 2706 non
862 2650 925 2706 sub·
959 2647 1100 2714 Quatenus
1121 2662 1187 2704 vero
1208 2649 1235 2702 in
1255 2647 1303 2705 tali
1316 2648 1455 2721 privilegio
1470 2643 1623 2706 includitur
1638 2650 1707 2706 ratio
1722 2649 1761 2707 le·

121 2736 198 2794 ditus
213 2737 299 2808 possit
313 2729 477 2810 priiilegiarl
491 2745 543 2809 est,
554 2740 617 2810 quia
639 2738 858 2813 privilegium,ut
871 2741 924 2808 sic,
959 2735 1001 2809 gis
1015 2735 1160 2808 obligantis
1175 2735 1258 2807 alios,
1274 2737 1315 2794 sic
1331 2737 1446 2810 requirit
1459 2736 1675 2796 iurisdictionem
1689 2739 1715 2796 in
1730 2740 1761 2795 il-

121 2842 178 2882 non
198 2826 311 2898 requirit
330 2827 385 2884 rim
399 2828 570 2899 coactivam,
586 2842 637 2884 nec
658 2827 712 2885 vim
727 2828 924 2894 directiramin
961 2825 1012 2897 los,
1027 2831 1056 2881 et
1071 2825 1135 2882 binc
1149 2832 1205 2898 est,
1221 2825 1360 2882 ut'nullus
1374 2825 1501 2898 princeps
1516 2827 1602 2898 possit
1617 2826 1667 2884 tale
1679 2829 1762 2899 privi-

122 2909 352 2989 pririlegiarium',
375 2917 437 2988 quia
451 2917 621 2990 privilegium
645 2917 719 2974 illum
742 2933 798 2974 non
811 2918 924 2992 obligat,
961 2913 1061 2987 legium
1085 2914 1255 2984 concedere,
1275 2915 1325 3002 nisi
1340 2915 1410 2972 intra
1424 2915 1552 2974 ditionem
1566 2932 1660 2989 suam,
1676 2917 1717 2975 vel
1732 2921 1759 2974 in

121 3019 176 3061 nec
192 3003 225 3060 ad
240 3019 367 3076 poenam,
382 3020 433 3062 nec
448 3005 499 3062 sub
514 3005 613 3080 culpa,
629 3021 695 3079 ergo
710 3006 881 3082 privilegium
896 3013 927 3065 ut
961 3001 1055 3083 ordine
1070 3000 1103 3060 ad
1119 3003 1203 3060 illurn.

121 3096 164 3152 sic
179 3111 231 3151 non
245 3095 360 3170 requirit
373 3095 582 3152 subiectionem.
998 3090 1074 3152 Unde
1089 3098 1165 3164 patet
1179 3091 1257 3150 lacile
1271 3093 1352 3150 tertia
1367 3108 1432 3166 pars
1446 3094 1615 3168 assertionis,
1629 3111 1700 3168 quae
1714 3111 1763 3168 po-

164 3187 278 3256 Propter
299 3184 351 3241 boc
370 3200 437 3258 ergo
449 3183 508 3242 disi
527 3185 552 3240 ιε
568 3185 690 3243 secunda
705 3191 782 3257 parte
801 3186 927 3243 assertio·
962 3183 1017 3239 tius
1037 3180 1125 3238 videri
1145 3171 1411 3255 potestsuperilua',
1433 3185 1498 3257 quia
1518 3185 1570 3242 sub
1584 3185 1693 3244 duobus
1707 3189 1764 3259 pri·

124 3275 169 3330 nis
184 3273 231 3331 vel
243 3271 440 3348 aliquomodo
456 3271 639 3346 inferiorem,
659 3277 725 3347 quia
736 3275 760 3331 in
772 3276 862 3348 rigore
873 3291 926 3331 non
962 3271 1012 3327 mis
1027 3271 1157 3328 membris
1170 3272 1444 3344 comprehenduntur
1455 3290 1550 3332 ornnes
1560 3275 1685 3334 homines
1696 3277 1763 3334 sub·

121 3371 167 3421 εει
188 3364 342 3422 necessaria
363 3365 472 3436 propria
494 3365 626 3421 subiectio
645 3365 673 3420 in
689 3380 740 3438 co,
754 3367 801 3438 qui
817 3364 926 3437 privile·
961 3359 1024 3433 diti,
1049 3367 1078 3417 ει
1095 3373 1150 3416 non
1169 3360 1286 3433 subditi,
1307 3360 1373 3434 quid
1387 3377 1454 3436 ergo
1469 3364 1580 3447 mirum,
1595 3365 1669 3436 quod
1683 3373 1762 3423 extra

123 3455 202 3526 glum
222 3461 390 3526 accepturus
409 3460 469 3522 est,
489 3453 531 3510 rel
554 3458 584 3510 ut
605 3453 679 3510 illius
699 3454 735 3510 sit
754 3469 851 3527 capax.
868 3455 927 3510 lloc
962 3451 1021 3508 illos
1033 3450 1100 3507 nulli
1115 3451 1169 3506 sint
1179 3450 1221 3506 alii
1233 3464 1350 3521 capaces
1362 3450 1495 3525 privilegii
1505 3451 1630 3509 humani?
1639 3455 1696 3510 Nisi
1708 3454 1764 3512 lor-

123 3549 221 3600 autem
241 3543 354 3600 manime
376 3557 472 3600 aarum
493 3552 537 3599 est
557 3541 591 3599 de
611 3541 766 3616 privilegio,
784 3541 858 3615 quod
873 3559 927 3599 non
963 3545 1034 3596 tasse
1054 3538 1239 3612 intelligantur
1258 3538 1293 3594 ibi
1306 3537 1413 3595 exclusi
1428 3539 1551 3597 homines
1563 3557 1617 3599 non
1632 3543 1761 3614 viatores,

123 3632 249 3690 continet
263 3633 503 3708 dispensationem,
515 3638 565 3689 aut
579 3635 779 3705 exemptionem
792 3632 825 3690 ab
837 3633 928 3706 aliqua
962 3627 1036 3702 qued
1055 3643 1155 3685 vanum
1176 3633 1261 3686 esset.
1278 3629 1370 3685 Posito
1384 3643 1450 3702 ergo
1464 3636 1506 3688 est
1519 3629 1564 3688 illa
1579 3633 1714 3703 particula
1729 3634 1764 3691 ad

123 3721 200 3794 leges
214 3721 277 3794 quia
301 3722 322 3776 si
343 3719 577 3794 dispensationem
592 3724 750 3793 contineat,
764 3739 796 3780 eo
811 3725 871 3795 ipso
886 3728 929 3780 est
962 3716 1163 3792 denotandum,
1179 3733 1233 3776 non
1247 3733 1330 3790 posse
1344 3733 1430 3775 unum
1445 3719 1594 3792 principem
1611 3723 1764 3782 concedere

125 3817 210 3868 actus
226 3809 421 3867 iurisdictionis
436 3809 616 3882 voluntariae,
632 3818 660 3868 at
674 3813 806 3883 supponit
818 3809 928 3869 iurisdi-
963 3805 1132 3880 priuilegium
1151 3806 1246 3882 alteri,
1262 3813 1294 3864 ut
1308 3807 1429 3881 aequalis
1442 3808 1479 3867 illi
1493 3817 1552 3884 εει,
1569 3813 1595 3868 ιε
1611 3811 1653 3870 his
1666 3813 1763 3887 rebus,

123 3899 247 3957 ctionem
262 3897 683 3973 noaroluntariarn,scilicet,ed
694 3901 837 3958 terendum
849 3916 928 3973 prae·
962 3913 1032 3972 quas
1046 3898 1105 3969 ipse
1123 3898 1150 3953 in
1171 3912 1222 3953 suo
1243 3896 1382 3955 territorio
1403 3899 1481 3971 cupit
1505 3915 1649 3973 exerceam
1665 3905 1763 3962 namsi

122 3995 239 4061 ceptum
254 3987 393 4063 obligans,
409 4004 493 4062 aquo
509 3991 538 4046 lit
551 3990 704 4062 exemptio,
720 4006 768 4048 seu
787 3989 928 4062 dispensa·
962 4001 1011 4059 per
1024 4001 1053 4043 se
1067 4002 1121 4043 non
1136 3985 1237 4058 possit,
1254 4000 1394 4058 nunquam
1409 3989 1556 4060 poterit'er
1576 3991 1713 4066 privilegio
1726 3994 1765 4050 al·

122 4079 182 4136 tio:
197 4079 231 4135 de
245 4094 301 4152 quo
316 4078 454 4151 privilegio
469 4077 544 4152 loqui
557 4078 701 4150 videnlur,
716 4079 764 4152 qui
779 4079 929 4135 subiectio·
964 4075 1051 4132 terius
1072 4075 1216 4147 principis,
1231 4076 1338 4131 etiamsi
1354 4077 1379 4132 in
1395 4077 1515 4149 potentia
1528 4086 1557 4137 ει
1569 4079 1670 4138 divitiis
1684 4098 1764 4142 exce-

121 4183 190 4224 nem
207 4173 337 4240 tanquam
351 4168 537 4224 conditionem
549 4169 732 4228 necessariam
744 4168 770 4224 in
783 4168 929 4241 privilegio
962 4164 1027 4221 dere
1041 4163 1175 4220 videatur.
1191 4164 1225 4220 Ει
1239 4163 1307 4221 ratio
1321 4171 1364 4220 εει
1378 4165 1462 4238 clara,
1478 4167 1542 4240 quia
1556 4168 1618 4225 talis
1634 4171 1774 4246 princeps·

27 4313 28 4318 ,
124 4255 287 4330 requirunt.
304 4255 930 4330 Pririlegiumautem,quodnonderogatali·
964 4251 1067 4310 nullam
1088 4252 1210 4310 babetin
1226 4251 1313 4310 alieno
1329 4255 1466 4312 territorio
1482 4263 1654 4330 potestatem.
1671 4261 1765 4320 Etes-
1811 4289 1813 4294 ·

124 4348 176 4404 cui
192 4345 261 4418 legi,
278 4361 332 4404 non
346 4346 476 4418 requirit,
491 4345 640 4404 formaliter
653 4345 805 4419 loquendo,
821 4343 929 4403 iurisdi·
964 4341 1026 4400 dem
1047 4344 1152 4399 radone
1171 4357 1226 4398 non
1247 4348 1340 4415 potest
1359 4358 1433 4400 unus
1448 4347 1577 4419 princeps
1591 4348 1764 4423 privilegium

124 4435 249 4492 ctionem
262 4441 393 4506 respectu
407 4435 478 4508 eius,
494 4435 540 4492 cui
552 4435 606 4508 tale
618 4435 789 4508 privilegium
800 4433 931 4492 concedi·
963 4431 1116 4490 concedere
1126 4430 1229 4488 vasallo
1243 4430 1356 4488 alterius
1367 4433 1425 4489 sine
1436 4433 1526 4506 aliqua
1537 4435 1718 4510 dependentia
1729 4439 1764 4496 ab

125 4531 193 4595 tur;
215 4525 280 4597 quia
301 4523 363 4580 talis
381 4525 524 4580 concessio
543 4539 598 4581 non
612 4530 653 4580 est
667 4531 746 4581 actus
764 4523 929 4581 iurisdictio·
964 4523 1040 4594 ipso,
1056 4537 1106 4595 per
1119 4519 1306 4578 habitudinem
1320 4520 1439 4594 aliquam
1453 4523 1487 4581 sd
1501 4530 1587 4583 terras
1601 4543 1684 4604 atras,
1700 4531 1766 4603 quis

122 4616 187 4687 nis,
204 4620 237 4671 ut
256 4629 304 4685 per
318 4629 347 4670 se
367 4619 458 4686 patet,
480 4613 527 4670 sed
542 4621 585 4670 εει
598 4619 678 4671 actus
693 4612 872 4686 liberalitatis,
887 4612 930 4668 vel
965 4613 1023 4668 sina
1035 4610 1087 4667 bac
1100 4625 1153 4666 non
1164 4615 1257 4682 potest
1267 4609 1393 4683 intelligi,
1406 4614 1544 4684 quomodo
1555 4623 1679 4688 potestas
1690 4622 1765 4692 prin·

124 4711 221 4779 potest
234 4704 389 4762 etiam‘asse
404 4709 516 4775 pactum
532 4701 655 4776 aliquod,
672 4709 703 4759 ut
714 4702 782 4760 inira
792 4702 927 4773 dicemus3
965 4699 1033 4772 cipis
1052 4715 1081 4757 se
1101 4699 1229 4757 extendat
1248 4698 1283 4755 ad
1301 4699 1404 4756 alienos
1425 4702 1515 4773 quoad
1531 4705 1679 4780 privilegia.
1695 4711 1763 4767 Nam

125 4808 195 4866 ergo
214 4793 269 4850 tale
288 4793 459 4866 privilegium
480 4807 535 4848 non
556 4792 673 4865 requirit
691 4791 888 4850 subiectionem
903 4790 930 4846 in
965 4789 1030 4846 licet
1043 4789 1131 4860 possit
1144 4787 1283 4845 liberalem
1297 4788 1470 4852 donationem
1484 4792 1563 4851 elteri
1574 4795 1710 4856 iacerede
1721 4815 1765 4856 re-

125 4899 173 4956 eo,
191 4883 238 4939 cui
250 4881 423 4939 conceditur.
439 4881 516 4939 Unde
527 4880 643 4938 concedi
655 4886 746 4953 potest
758 4886 787 4938 et
808 4880 928 4954 aequali,
964 4879 1017 4936 bus
1032 4880 1103 4949 suis,
1118 4876 1164 4935 illa
1178 4883 1285 4935 tantum
1296 4885 1339 4936 εει
1348 4895 1451 4952 purum
1461 4879 1564 4939 donum
1575 4885 1602 4941 in
1613 4885 1686 4943 iacto
1697 4903 1765 4945 con·

128 4979 158 5031 et
173 4972 319 5044 superiori,
335 4976 364 5029 et
377 4971 481 5042 alieno,
497 4978 530 5027 ut
543 4971 582 5026 sic
596 4971 699 5043 dicam,
715 4969 757 5027 sel
772 4970 927 5045 peregrino,
964 4971 1076 5040 sistens,
1086 4982 1147 5027 ‚non
1162 4966 1345 5040 privilegium,
1357 4965 1390 5024 dc
1401 4969 1483 5025 cuius
1495 4971 1599 5029 ratione
1609 4981 1661 5046 est,
1674 4981 1705 5032 ει
1715 4991 1765 5048 per

127 5069 163 5120 ut
176 5076 211 5118 ex
223 5060 353 5118 adductis
367 5059 498 5131 exemplis
512 5066 634 5117 constat.
965 5057 1077 5116 modum
1090 5055 1160 5114 iuris
1175 5055 1301 5129 specialis
1312 5072 1344 5112 ec
1358 5055 1424 5129 lepis
1435 5059 1556 5129 privatae
1569 5064 1763 5138 constituatur,

168 5151 389 5209 l.Nlbilonsinus
400 5157 491 5206 tamen
500 5163 608 5221 semper
616 5149 749 5221 recipiens
757 5149 931 5223 privilegiam
965 5163 1050 5223 quam
1070 5145 1164 5202 nullus
1179 5145 1308 5218 princeps
1322 5150 1411 5217 potest
1424 5149 1606 5224 constituere,
1623 5151 1712 5210 dando
1727 5153 1766 5211 al·

133 5243 301 5318 supponitur
315 5240 408 5314 aliquo
428 5239 509 5298 modo
530 5237 648 5298 interior.
664 5221 743 5310 Qu'od
757 5240 858 5299 clarius
870 5253 932 5298 cer·
966 5239 1018 5297 teri
1037 5252 1090 5296 noo
1109 5233 1220 5296 subdito
1240 5234 1398 5296 facultatem
1413 5234 1514 5311 aliquid
1528 5239 1637 5317 agendi,
1653 5242 1695 5300 vel
1709 5260 1765 5308 nou
