<?xml version="1.0" encoding="UTF-8"?>
<!DOCTYPE html PUBLIC "-//W3C//DTD XHTML 1.0 Transitional//EN"
    "http://www.w3.org/TR/xhtml1/DTD/xhtml1-transitional.dtd">
<html xmlns="http://www.w3.org/1999/xhtml" xml:lang="en" lang="en">
 <head>
  <title>
</title>
<meta http-equiv="Content-Type" content="text/html;charset=utf-8" />
  <meta name='ocr-system' content='tesseract 3.04.00' />
  <meta name='ocr-capabilities' content='ocr_page ocr_carea ocr_par ocr_line ocrx_word'/>
</head>
<body>
  <div class='ocr_page' id='page_1' title='image "./tractatusdelegi00sugoog_0624.png"; bbox 0 0 4256 6224; ppageno 0'>
   <div class='ocr_carea' id='block_1_1' title="bbox 847 353 1718 420">
    <p class='ocr_par' dir='ltr' id='par_1_1' title="bbox 847 353 1718 420">
     <span class='ocr_line' id='line_1_1' title="bbox 847 353 1718 420; baseline 0.002 -2"><span class='ocrx_word' id='word_1_1' title='bbox 847 366 1057 420; x_wconf 82' lang='lat' dir='ltr'><strong>mruaxvrx.</strong></span> <span class='ocrx_word' id='word_1_2' title='bbox 1654 353 1718 420; x_wconf 79' lang='grc'><strong>597</strong></span> 
     </span>
    </p>
   </div>
   <div class='ocr_carea' id='block_1_2' title="bbox 105 492 1759 1378">
    <p class='ocr_par' dir='ltr' id='par_1_2' title="bbox 105 492 1759 1378">
     <span class='ocr_line' id='line_1_2' title="bbox 106 492 1754 570; baseline 0.001 -18"><span class='ocrx_word' id='word_1_3' title='bbox 106 495 277 553; x_wconf 70' lang='lat' dir='ltr'><strong>dicationem</strong></span> <span class='ocrx_word' id='word_1_4' title='bbox 298 493 503 569; x_wconf 86' lang='lat' dir='ltr'><strong>apostolorum,</strong></span> <span class='ocrx_word' id='word_1_5' title='bbox 520 495 561 552; x_wconf 88' lang='lat' dir='ltr'><strong>vel</strong></span> <span class='ocrx_word' id='word_1_6' title='bbox 576 493 619 553; x_wconf 84' lang='lat' dir='ltr'><strong>od</strong></span> <span class='ocrx_word' id='word_1_7' title='bbox 629 492 859 568; x_wconf 75' lang='lat' dir='ltr'><strong>praedicationem</strong></span> <span class='ocrx_word' id='word_1_8' title='bbox 873 495 915 566; x_wconf 93' lang='lat' dir='ltr'><strong>ip·</strong></span> <span class='ocrx_word' id='word_1_9' title='bbox 949 494 1022 567; x_wconf 85' lang='lat' dir='ltr'><strong>gelli.</strong></span> <span class='ocrx_word' id='word_1_10' title='bbox 1040 494 1075 553; x_wconf 85' lang='lat' dir='ltr'><strong>Et</strong></span> <span class='ocrx_word' id='word_1_11' title='bbox 1094 493 1148 554; x_wconf 88' lang='lat' dir='ltr'><strong>boo</strong></span> <span class='ocrx_word' id='word_1_12' title='bbox 1162 501 1205 554; x_wconf 91' lang='lat' dir='ltr'><strong>est</strong></span> <span class='ocrx_word' id='word_1_13' title='bbox 1225 509 1312 552; x_wconf 90' lang='lat' dir='ltr'><strong>unum</strong></span> <span class='ocrx_word' id='word_1_14' title='bbox 1326 507 1357 554; x_wconf 88' lang='lat' dir='ltr'><strong>ex</strong></span> <span class='ocrx_word' id='word_1_15' title='bbox 1372 492 1498 570; x_wconf 87' lang='lat' dir='ltr'><strong>punctis,</strong></span> <span class='ocrx_word' id='word_1_16' title='bbox 1520 497 1547 554; x_wconf 89' lang='lat' dir='ltr'><strong>in</strong></span> <span class='ocrx_word' id='word_1_17' title='bbox 1560 510 1617 570; x_wconf 90' lang='lat' dir='ltr'><strong>que</strong></span> <span class='ocrx_word' id='word_1_18' title='bbox 1638 495 1754 562; x_wconf 86' lang='lat' dir='ltr'><strong>maxime</strong></span> 
     </span>
     <span class='ocr_line' id='line_1_3' title="bbox 106 582 1759 660; baseline 0.002 -20"><span class='ocrx_word' id='word_1_19' title='bbox 106 585 170 641; x_wconf 86' lang='lat' dir='ltr'><strong>sius</strong></span> <span class='ocrx_word' id='word_1_20' title='bbox 183 583 295 656; x_wconf 87' lang='lat' dir='ltr'><strong>christi,</strong></span> <span class='ocrx_word' id='word_1_21' title='bbox 305 601 360 642; x_wconf 90' lang='lat' dir='ltr'><strong>non</strong></span> <span class='ocrx_word' id='word_1_22' title='bbox 370 585 494 657; x_wconf 89' lang='lat' dir='ltr'><strong>potuisse</strong></span> <span class='ocrx_word' id='word_1_23' title='bbox 505 601 616 644; x_wconf 85' lang='lat' dir='ltr'><strong>serrare</strong></span> <span class='ocrx_word' id='word_1_24' title='bbox 627 585 723 658; x_wconf 88' lang='lat' dir='ltr'><strong>legalia</strong></span> <span class='ocrx_word' id='word_1_25' title='bbox 733 583 785 640; x_wconf 89' lang='lat' dir='ltr'><strong>sub</strong></span> <span class='ocrx_word' id='word_1_26' title='bbox 796 583 846 640; x_wconf 87' lang='lat' dir='ltr'><strong>bac</strong></span> <span class='ocrx_word' id='word_1_27' title='bbox 864 582 914 640; x_wconf 89' lang='lat' dir='ltr'><strong>lide</strong></span> <span class='ocrx_word' id='word_1_28' title='bbox 949 583 1077 642; x_wconf 73' lang='lat' dir='ltr'><strong>dissentit</strong></span> <span class='ocrx_word' id='word_1_29' title='bbox 1091 601 1107 641; x_wconf 90' lang='grc' dir='ltr'>τ</span> <span class='ocrx_word' id='word_1_30' title='bbox 1122 587 1304 660; x_wconf 81' lang='lat' dir='ltr'><strong>Hieronymo,</strong></span> <span class='ocrx_word' id='word_1_31' title='bbox 1319 593 1427 644; x_wconf 84' lang='lat' dir='ltr'><strong>etcum</strong></span> <span class='ocrx_word' id='word_1_32' title='bbox 1442 585 1489 644; x_wconf 92' lang='lat' dir='ltr'><strong>iilo</strong></span> <span class='ocrx_word' id='word_1_33' title='bbox 1507 585 1657 646; x_wconf 87' lang='lat' dir='ltr'><strong>contendit.</strong></span> <span class='ocrx_word' id='word_1_34' title='bbox 1674 589 1759 648; x_wconf 84' lang='lat' dir='ltr'><strong>Prae-</strong></span> 
     </span>
     <span class='ocr_line' id='line_1_4' title="bbox 105 671 1757 749; baseline 0.005 -21"><span class='ocrx_word' id='word_1_35' title='bbox 105 675 150 729; x_wconf 85' lang='lat' dir='ltr'><strong>rel</strong></span> <span class='ocrx_word' id='word_1_36' title='bbox 171 687 235 746; x_wconf 87' lang='lat' dir='ltr'><strong>spe,</strong></span> <span class='ocrx_word' id='word_1_37' title='bbox 257 673 322 747; x_wconf 86' lang='lat' dir='ltr'><strong>quia</strong></span> <span class='ocrx_word' id='word_1_38' title='bbox 343 673 395 732; x_wconf 88' lang='lat' dir='ltr'><strong>boc</strong></span> <span class='ocrx_word' id='word_1_39' title='bbox 417 674 587 748; x_wconf 86' lang='lat' dir='ltr'><strong>repugnabat</strong></span> <span class='ocrx_word' id='word_1_40' title='bbox 606 674 682 747; x_wconf 85' lang='lat' dir='ltr'><strong>fidei,</strong></span> <span class='ocrx_word' id='word_1_41' title='bbox 703 689 787 748; x_wconf 88' lang='lat' dir='ltr'><strong>quom</strong></span> <span class='ocrx_word' id='word_1_42' title='bbox 807 675 862 730; x_wconf 89' lang='lat' dir='ltr'><strong>iam</strong></span> <span class='ocrx_word' id='word_1_43' title='bbox 882 671 918 730; x_wconf 92' lang='lat' dir='ltr'><strong>de</strong></span> <span class='ocrx_word' id='word_1_44' title='bbox 950 673 1032 745; x_wconf 88' lang='lat' dir='ltr'><strong>oipua</strong></span> <span class='ocrx_word' id='word_1_45' title='bbox 1048 690 1114 732; x_wconf 86' lang='lat' dir='ltr'><strong>sero</strong></span> <span class='ocrx_word' id='word_1_46' title='bbox 1127 677 1208 747; x_wconf 85' lang='lat' dir='ltr'><strong>ratio,</strong></span> <span class='ocrx_word' id='word_1_47' title='bbox 1221 691 1276 749; x_wconf 84' lang='lat' dir='ltr'><strong>qua</strong></span> <span class='ocrx_word' id='word_1_48' title='bbox 1290 675 1396 746; x_wconf 89' lang='lat' dir='ltr'><strong>nititur,</strong></span> <span class='ocrx_word' id='word_1_49' title='bbox 1408 681 1435 733; x_wconf 90' lang='lat' dir='ltr'><strong>et</strong></span> <span class='ocrx_word' id='word_1_50' title='bbox 1448 692 1532 749; x_wconf 85' lang='lat' dir='ltr'><strong>quam</strong></span> <span class='ocrx_word' id='word_1_51' title='bbox 1543 691 1650 749; x_wconf 89' lang='lat' dir='ltr'><strong>semper</strong></span> <span class='ocrx_word' id='word_1_52' title='bbox 1667 678 1757 736; x_wconf 91' lang='lat' dir='ltr'><strong>iocul-</strong></span> 
     </span>
     <span class='ocr_line' id='line_1_5' title="bbox 105 763 1756 839; baseline 0.001 -17"><span class='ocrx_word' id='word_1_53' title='bbox 105 763 219 822; x_wconf 86' lang='lat' dir='ltr'><strong>Gbriste</strong></span> <span class='ocrx_word' id='word_1_54' title='bbox 240 770 438 836; x_wconf 84' lang='lat' dir='ltr'><strong>conceperant,</strong></span> <span class='ocrx_word' id='word_1_55' title='bbox 460 772 491 821; x_wconf 92' lang='lat' dir='ltr'><strong>ut</strong></span> <span class='ocrx_word' id='word_1_56' title='bbox 511 766 685 838; x_wconf 79' lang='lat' dir='ltr'><strong>supponitur.</strong></span> <span class='ocrx_word' id='word_1_57' title='bbox 701 766 831 822; x_wconf 73' lang='lat' dir='ltr'><strong>Poterant</strong></span> <span class='ocrx_word' id='word_1_58' title='bbox 851 777 916 820; x_wconf 84' lang='grc' dir='ltr'>τετε</span> <span class='ocrx_word' id='word_1_59' title='bbox 949 769 1007 838; x_wconf 87' lang='lat' dir='ltr'><strong>eat,</strong></span> <span class='ocrx_word' id='word_1_60' title='bbox 1021 769 1081 837; x_wconf 87' lang='lat' dir='ltr'><strong>est,</strong></span> <span class='ocrx_word' id='word_1_61' title='bbox 1096 765 1161 839; x_wconf 87' lang='lat' dir='ltr'><strong>quin</strong></span> <span class='ocrx_word' id='word_1_62' title='bbox 1174 763 1240 822; x_wconf 88' lang='lat' dir='ltr'><strong>alias</strong></span> <span class='ocrx_word' id='word_1_63' title='bbox 1254 764 1313 821; x_wconf 85' lang='lat' dir='ltr'><strong>talis</strong></span> <span class='ocrx_word' id='word_1_64' title='bbox 1327 765 1481 822; x_wconf 87' lang='lat' dir='ltr'><strong>observatio</strong></span> <span class='ocrx_word' id='word_1_65' title='bbox 1494 764 1623 838; x_wconf 85' lang='lat' dir='ltr'><strong>legalium</strong></span> <span class='ocrx_word' id='word_1_66' title='bbox 1646 764 1756 823; x_wconf 86' lang='lat' dir='ltr'><strong>mendo·</strong></span> 
     </span>
     <span class='ocr_line' id='line_1_6' title="bbox 106 852 1756 927; baseline 0.001 -17"><span class='ocrx_word' id='word_1_67' title='bbox 106 853 218 910; x_wconf 84' lang='lat' dir='ltr'><strong>tundali</strong></span> <span class='ocrx_word' id='word_1_68' title='bbox 229 855 257 910; x_wconf 88' lang='lat' dir='ltr'><strong>in</strong></span> <span class='ocrx_word' id='word_1_69' title='bbox 281 852 333 910; x_wconf 92' lang='lat' dir='ltr'><strong>lide</strong></span> <span class='ocrx_word' id='word_1_70' title='bbox 348 855 411 910; x_wconf 84' lang='lat' dir='ltr'><strong>vira</strong></span> <span class='ocrx_word' id='word_1_71' title='bbox 425 852 605 927; x_wconf 89' lang='lat' dir='ltr'><strong>redemptoris</strong></span> <span class='ocrx_word' id='word_1_72' title='bbox 618 856 671 914; x_wconf 89' lang='lat' dir='ltr'><strong>iam</strong></span> <span class='ocrx_word' id='word_1_73' title='bbox 691 853 840 927; x_wconf 88' lang='lat' dir='ltr'><strong>praesentis</strong></span> <span class='ocrx_word' id='word_1_74' title='bbox 855 867 917 925; x_wconf 90' lang='lat' dir='ltr'><strong>spe·</strong></span> <span class='ocrx_word' id='word_1_75' title='bbox 950 853 1024 912; x_wconf 85' lang='lat' dir='ltr'><strong>cium</strong></span> <span class='ocrx_word' id='word_1_76' title='bbox 1036 853 1077 910; x_wconf 87' lang='lat' dir='ltr'><strong>rol</strong></span> <span class='ocrx_word' id='word_1_77' title='bbox 1089 853 1257 924; x_wconf 84' lang='lat' dir='ltr'><strong>officiosum,</strong></span> <span class='ocrx_word' id='word_1_78' title='bbox 1271 853 1313 910; x_wconf 90' lang='grc' dir='ltr'>νεΙ</span> <span class='ocrx_word' id='word_1_79' title='bbox 1325 854 1512 927; x_wconf 88' lang='lat' dir='ltr'><strong>perniciosum</strong></span> <span class='ocrx_word' id='word_1_80' title='bbox 1523 854 1687 926; x_wconf 64' lang='lat' dir='ltr'><strong>continerem</strong></span> <span class='ocrx_word' id='word_1_81' title='bbox 1701 871 1756 912; x_wconf 92' lang='lat' dir='ltr'><strong>non</strong></span> 
     </span>
     <span class='ocr_line' id='line_1_7' title="bbox 105 941 1756 1018; baseline 0 -18"><span class='ocrx_word' id='word_1_82' title='bbox 105 957 174 1000; x_wconf 86' lang='lat' dir='ltr'><strong>rare</strong></span> <span class='ocrx_word' id='word_1_83' title='bbox 193 942 312 999; x_wconf 86' lang='lat' dir='ltr'><strong>salutem</strong></span> <span class='ocrx_word' id='word_1_84' title='bbox 329 941 428 1000; x_wconf 90' lang='lat' dir='ltr'><strong>saltem</strong></span> <span class='ocrx_word' id='word_1_85' title='bbox 449 943 600 1001; x_wconf 89' lang='lat' dir='ltr'><strong>secundam</strong></span> <span class='ocrx_word' id='word_1_86' title='bbox 621 942 660 1017; x_wconf 78' lang='lat' dir='ltr'><strong>lid</strong></span> <span class='ocrx_word' id='word_1_87' title='bbox 673 949 717 1001; x_wconf 90' lang='lat' dir='ltr'><strong>est</strong></span> <span class='ocrx_word' id='word_1_88' title='bbox 736 949 917 1018; x_wconf 88' lang='lat' dir='ltr'><strong>augmentum</strong></span> <span class='ocrx_word' id='word_1_89' title='bbox 950 957 1100 1014; x_wconf 89' lang='lat' dir='ltr'><strong>possumus</strong></span> <span class='ocrx_word' id='word_1_90' title='bbox 1114 949 1281 1014; x_wconf 72' lang='lat' dir='ltr'><strong>autemnon</strong></span> <span class='ocrx_word' id='word_1_91' title='bbox 1295 942 1756 1016; x_wconf 86' lang='lat' dir='ltr'><strong>debemusapostolismendecium</strong></span> 
     </span>
     <span class='ocr_line' id='line_1_8' title="bbox 105 1030 1756 1108; baseline 0.002 -20"><span class='ocrx_word' id='word_1_92' title='bbox 105 1031 215 1105; x_wconf 85' lang='lat' dir='ltr'><strong>gratiae</strong></span> <span class='ocrx_word' id='word_1_93' title='bbox 225 1030 373 1106; x_wconf 77' lang='lat' dir='ltr'><strong>etgloriael</strong></span> <span class='ocrx_word' id='word_1_94' title='bbox 384 1047 432 1104; x_wconf 93' lang='lat' dir='ltr'><strong>per</strong></span> <span class='ocrx_word' id='word_1_95' title='bbox 444 1032 661 1091; x_wconf 79' lang='lat' dir='ltr'><strong>observationem</strong></span> <span class='ocrx_word' id='word_1_96' title='bbox 672 1033 917 1106; x_wconf 84' lang='lat' dir='ltr'><strong>legalium,quam·</strong></span> <span class='ocrx_word' id='word_1_97' title='bbox 951 1033 1255 1108; x_wconf 81' lang='lat' dir='ltr'><strong>tribuere3ergo&#39;naque</strong></span> <span class='ocrx_word' id='word_1_98' title='bbox 1266 1033 1337 1091; x_wconf 92' lang='lat' dir='ltr'><strong>illam</strong></span> <span class='ocrx_word' id='word_1_99' title='bbox 1350 1033 1564 1092; x_wconf 76' lang='lat' dir='ltr'><strong>simulationem.</strong></span> <span class='ocrx_word' id='word_1_100' title='bbox 1573 1035 1656 1093; x_wconf 84' lang='lat' dir='ltr'><strong>Heior</strong></span> <span class='ocrx_word' id='word_1_101' title='bbox 1667 1041 1756 1106; x_wconf 87' lang='lat' dir='ltr'><strong>patet,</strong></span> 
     </span>
     <span class='ocr_line' id='line_1_9' title="bbox 105 1120 1758 1198; baseline 0.001 -18"><span class='ocrx_word' id='word_1_102' title='bbox 105 1122 159 1180; x_wconf 89' lang='lat' dir='ltr'><strong>diu</strong></span> <span class='ocrx_word' id='word_1_103' title='bbox 169 1121 309 1180; x_wconf 76' lang='lat' dir='ltr'><strong>mortifera</strong></span> <span class='ocrx_word' id='word_1_104' title='bbox 322 1137 377 1180; x_wconf 90' lang='lat' dir='ltr'><strong>nou</strong></span> <span class='ocrx_word' id='word_1_105' title='bbox 392 1120 514 1194; x_wconf 83' lang='lat' dir='ltr'><strong>suerum,</strong></span> <span class='ocrx_word' id='word_1_106' title='bbox 527 1123 591 1198; x_wconf 85' lang='lat' dir='ltr'><strong>quin</strong></span> <span class='ocrx_word' id='word_1_107' title='bbox 605 1138 655 1196; x_wconf 92' lang='lat' dir='ltr'><strong>pro</strong></span> <span class='ocrx_word' id='word_1_108' title='bbox 668 1139 701 1180; x_wconf 88' lang='lat' dir='ltr'><strong>eo</strong></span> <span class='ocrx_word' id='word_1_109' title='bbox 717 1128 840 1194; x_wconf 82' lang='lat' dir='ltr'><strong>tompore</strong></span> <span class='ocrx_word' id='word_1_110' title='bbox 855 1121 917 1179; x_wconf 90' lang='lat' dir='ltr'><strong>reli·</strong></span> <span class='ocrx_word' id='word_1_111' title='bbox 951 1123 1017 1195; x_wconf 87' lang='lat' dir='ltr'><strong>quis</strong></span> <span class='ocrx_word' id='word_1_112' title='bbox 1030 1138 1116 1197; x_wconf 86' lang='lat' dir='ltr'><strong>aeque</strong></span> <span class='ocrx_word' id='word_1_113' title='bbox 1129 1127 1172 1182; x_wconf 89' lang='lat' dir='ltr'><strong>est</strong></span> <span class='ocrx_word' id='word_1_114' title='bbox 1185 1122 1458 1196; x_wconf 85' lang='lat' dir='ltr'><strong>mendacium,laetis</strong></span> <span class='ocrx_word' id='word_1_115' title='bbox 1469 1131 1565 1182; x_wconf 86' lang='lat' dir='ltr'><strong>eontra</strong></span> <span class='ocrx_word' id='word_1_116' title='bbox 1577 1131 1696 1182; x_wconf 75' lang='lat' dir='ltr'><strong>menum</strong></span> <span class='ocrx_word' id='word_1_117' title='bbox 1709 1125 1758 1182; x_wconf 89' lang='lat' dir='ltr'><strong>ali·</strong></span> 
     </span>
     <span class='ocr_line' id='line_1_10' title="bbox 105 1211 1759 1286; baseline 0 -18"><span class='ocrx_word' id='word_1_118' title='bbox 105 1213 187 1284; x_wconf 87' lang='lat' dir='ltr'><strong>giesa</strong></span> <span class='ocrx_word' id='word_1_119' title='bbox 201 1217 262 1268; x_wconf 91' lang='lat' dir='ltr'><strong>erat</strong></span> <span class='ocrx_word' id='word_1_120' title='bbox 276 1211 444 1270; x_wconf 83' lang='lat' dir='ltr'><strong>observatio.</strong></span> <span class='ocrx_word' id='word_1_121' title='bbox 457 1213 493 1270; x_wconf 89' lang='lat' dir='ltr'><strong>Et</strong></span> <span class='ocrx_word' id='word_1_122' title='bbox 506 1211 559 1270; x_wconf 89' lang='lat' dir='ltr'><strong>boc</strong></span> <span class='ocrx_word' id='word_1_123' title='bbox 574 1214 656 1270; x_wconf 90' lang='lat' dir='ltr'><strong>etiam</strong></span> <span class='ocrx_word' id='word_1_124' title='bbox 671 1219 747 1270; x_wconf 90' lang='lat' dir='ltr'><strong>recte</strong></span> <span class='ocrx_word' id='word_1_125' title='bbox 761 1212 861 1284; x_wconf 88' lang='lat' dir='ltr'><strong>prebat</strong></span> <span class='ocrx_word' id='word_1_126' title='bbox 875 1227 919 1268; x_wconf 91' lang='grc' dir='ltr'><strong>ττ-</strong></span> <span class='ocrx_word' id='word_1_127' title='bbox 951 1211 1018 1286; x_wconf 81' lang='lat' dir='ltr'><strong>quid</strong></span> <span class='ocrx_word' id='word_1_128' title='bbox 1038 1213 1193 1286; x_wconf 79' lang='lat' dir='ltr'><strong>significare</strong></span> <span class='ocrx_word' id='word_1_129' title='bbox 1213 1211 1247 1269; x_wconf 91' lang='lat' dir='ltr'><strong>ad</strong></span> <span class='ocrx_word' id='word_1_130' title='bbox 1270 1211 1462 1285; x_wconf 88' lang='lat' dir='ltr'><strong>decipiendum</strong></span> <span class='ocrx_word' id='word_1_131' title='bbox 1482 1213 1584 1283; x_wconf 88' lang='lat' dir='ltr'><strong>alium,</strong></span> <span class='ocrx_word' id='word_1_132' title='bbox 1606 1229 1640 1272; x_wconf 89' lang='lat' dir='ltr'><strong>ac</strong></span> <span class='ocrx_word' id='word_1_133' title='bbox 1666 1214 1759 1272; x_wconf 88' lang='lat' dir='ltr'><strong>rerbis</strong></span> 
     </span>
     <span class='ocr_line' id='line_1_11' title="bbox 107 1301 1759 1378; baseline 0.002 -21"><span class='ocrx_word' id='word_1_134' title='bbox 107 1301 149 1357; x_wconf 90' lang='lat' dir='ltr'><strong>tio</strong></span> <span class='ocrx_word' id='word_1_135' title='bbox 164 1301 341 1378; x_wconf 74' lang='lat' dir='ltr'><strong>Hieronymi,</strong></span> <span class='ocrx_word' id='word_1_136' title='bbox 363 1317 426 1358; x_wconf 87' lang='lat' dir='ltr'><strong>uam</strong></span> <span class='ocrx_word' id='word_1_137' title='bbox 440 1301 506 1360; x_wconf 91' lang='lat' dir='ltr'><strong>alias</strong></span> <span class='ocrx_word' id='word_1_138' title='bbox 527 1318 580 1360; x_wconf 89' lang='lat' dir='ltr'><strong>cur</strong></span> <span class='ocrx_word' id='word_1_139' title='bbox 594 1303 827 1360; x_wconf 76' lang='lat' dir='ltr'><strong>observarentur?</strong></span> <span class='ocrx_word' id='word_1_140' title='bbox 842 1303 918 1361; x_wconf 88' lang='lat' dir='ltr'><strong>Unde</strong></span> <span class='ocrx_word' id='word_1_141' title='bbox 951 1301 1071 1374; x_wconf 90' lang='lat' dir='ltr'><strong>mentiri,</strong></span> <span class='ocrx_word' id='word_1_142' title='bbox 1086 1302 1150 1374; x_wconf 88' lang='lat' dir='ltr'><strong>quin</strong></span> <span class='ocrx_word' id='word_1_143' title='bbox 1165 1307 1222 1358; x_wconf 91' lang='lat' dir='ltr'><strong>tota</strong></span> <span class='ocrx_word' id='word_1_144' title='bbox 1237 1302 1305 1359; x_wconf 92' lang='lat' dir='ltr'><strong>ratio</strong></span> <span class='ocrx_word' id='word_1_145' title='bbox 1320 1301 1454 1360; x_wconf 86' lang='lat' dir='ltr'><strong>mendacii</strong></span> <span class='ocrx_word' id='word_1_146' title='bbox 1468 1303 1588 1360; x_wconf 91' lang='lat' dir='ltr'><strong>sumitur</strong></span> <span class='ocrx_word' id='word_1_147' title='bbox 1601 1317 1633 1360; x_wconf 92' lang='lat' dir='ltr'><strong>ex</strong></span> <span class='ocrx_word' id='word_1_148' title='bbox 1657 1303 1759 1377; x_wconf 89' lang='lat' dir='ltr'><strong>signiti-</strong></span> 
     </span>
    </p>
   </div>
   <div class='ocr_carea' id='block_1_3' title="bbox 107 1392 1860 1467">
    <p class='ocr_par' dir='ltr' id='par_1_3' title="bbox 107 1392 1860 1467">
     <span class='ocr_line' id='line_1_12' title="bbox 107 1392 1860 1467; baseline 0.001 -19"><span class='ocrx_word' id='word_1_149' title='bbox 107 1407 202 1464; x_wconf 86' lang='lat' dir='ltr'><strong>neque</strong></span> <span class='ocrx_word' id='word_1_150' title='bbox 219 1392 247 1449; x_wconf 87' lang='lat' dir='ltr'><strong>in</strong></span> <span class='ocrx_word' id='word_1_151' title='bbox 267 1392 407 1449; x_wconf 86' lang='lat' dir='ltr'><strong>centrario</strong></span> <span class='ocrx_word' id='word_1_152' title='bbox 428 1408 510 1450; x_wconf 89' lang='lat' dir='ltr'><strong>sensu</strong></span> <span class='ocrx_word' id='word_1_153' title='bbox 531 1392 605 1466; x_wconf 84' lang='lat' dir='ltr'><strong>loqui</strong></span> <span class='ocrx_word' id='word_1_154' title='bbox 625 1393 714 1464; x_wconf 92' lang='lat' dir='ltr'><strong>potuit</strong></span> <span class='ocrx_word' id='word_1_155' title='bbox 735 1393 917 1464; x_wconf 80' lang='lat' dir='ltr'><strong>drrgustious,</strong></span> <span class='ocrx_word' id='word_1_156' title='bbox 952 1393 1060 1450; x_wconf 87' lang='lat' dir='ltr'><strong>natione</strong></span> <span class='ocrx_word' id='word_1_157' title='bbox 1074 1399 1171 1450; x_wconf 89' lang='lat' dir='ltr'><strong>contra</strong></span> <span class='ocrx_word' id='word_1_158' title='bbox 1185 1398 1320 1450; x_wconf 72' lang='lat' dir='ltr'><strong>menum:</strong></span> <span class='ocrx_word' id='word_1_159' title='bbox 1338 1409 1400 1450; x_wconf 90' lang='lat' dir='ltr'><strong>nam</strong></span> <span class='ocrx_word' id='word_1_160' title='bbox 1414 1393 1491 1467; x_wconf 87' lang='lat' dir='ltr'><strong>qrrod</strong></span> <span class='ocrx_word' id='word_1_161' title='bbox 1506 1394 1552 1450; x_wconf 87' lang='lat' dir='ltr'><strong>list</strong></span> <span class='ocrx_word' id='word_1_162' title='bbox 1566 1393 1636 1466; x_wconf 89' lang='lat' dir='ltr'><strong>bec,</strong></span> <span class='ocrx_word' id='word_1_163' title='bbox 1655 1393 1698 1450; x_wconf 83' lang='lat' dir='ltr'><strong>sel</strong></span> <span class='ocrx_word' id='word_1_164' title='bbox 1712 1393 1758 1450; x_wconf 92' lang='lat' dir='ltr'><strong>illo</strong></span> <span class='ocrx_word' id='word_1_165' title='bbox 1855 1395 1860 1406; x_wconf 93' lang='lat'>&#39;</span> 
     </span>
    </p>
   </div>
   <div class='ocr_carea' id='block_1_4' title="bbox 104 1480 1760 1827">
    <p class='ocr_par' dir='ltr' id='par_1_4' title="bbox 104 1480 1760 1827">
     <span class='ocr_line' id='line_1_13' title="bbox 106 1480 1759 1557; baseline 0.002 -19"><span class='ocrx_word' id='word_1_166' title='bbox 106 1483 176 1555; x_wconf 88' lang='lat' dir='ltr'><strong>quia</strong></span> <span class='ocrx_word' id='word_1_167' title='bbox 196 1482 253 1555; x_wconf 90' lang='lat' dir='ltr'><strong>ipse</strong></span> <span class='ocrx_word' id='word_1_168' title='bbox 273 1480 368 1546; x_wconf 83' lang='lat' dir='ltr'><strong>docet,</strong></span> <span class='ocrx_word' id='word_1_169' title='bbox 391 1498 440 1554; x_wconf 89' lang='lat' dir='ltr'><strong>pro</strong></span> <span class='ocrx_word' id='word_1_170' title='bbox 456 1483 547 1556; x_wconf 85' lang='lat' dir='ltr'><strong>aliquo</strong></span> <span class='ocrx_word' id='word_1_171' title='bbox 569 1491 691 1556; x_wconf 90' lang='lat' dir='ltr'><strong>tempore</strong></span> <span class='ocrx_word' id='word_1_172' title='bbox 710 1483 794 1540; x_wconf 88' lang='lat' dir='ltr'><strong>luisse</strong></span> <span class='ocrx_word' id='word_1_173' title='bbox 814 1483 919 1539; x_wconf 87' lang='lat' dir='ltr'><strong>iudaeis</strong></span> <span class='ocrx_word' id='word_1_174' title='bbox 953 1482 1085 1540; x_wconf 86' lang='lat' dir='ltr'><strong>materiali</strong></span> <span class='ocrx_word' id='word_1_175' title='bbox 1105 1484 1194 1557; x_wconf 88' lang='lat' dir='ltr'><strong>signo,</strong></span> <span class='ocrx_word' id='word_1_176' title='bbox 1210 1482 1295 1540; x_wconf 85' lang='lat' dir='ltr'><strong>serbe</strong></span> <span class='ocrx_word' id='word_1_177' title='bbox 1316 1483 1425 1541; x_wconf 88' lang='lat' dir='ltr'><strong>scilicet</strong></span> <span class='ocrx_word' id='word_1_178' title='bbox 1438 1491 1486 1540; x_wconf 88' lang='lat' dir='ltr'><strong>out</strong></span> <span class='ocrx_word' id='word_1_179' title='bbox 1506 1482 1581 1542; x_wconf 86' lang='lat' dir='ltr'><strong>laeto</strong></span> <span class='ocrx_word' id='word_1_180' title='bbox 1602 1483 1759 1542; x_wconf 84' lang='lat' dir='ltr'><strong>accidenta-</strong></span> 
     </span>
     <span class='ocr_line' id='line_1_14' title="bbox 107 1570 1759 1646; baseline 0 -18"><span class='ocrx_word' id='word_1_181' title='bbox 107 1579 241 1630; x_wconf 89' lang='lat' dir='ltr'><strong>sanetum</strong></span> <span class='ocrx_word' id='word_1_182' title='bbox 256 1578 284 1630; x_wconf 91' lang='lat' dir='ltr'><strong>et</strong></span> <span class='ocrx_word' id='word_1_183' title='bbox 297 1570 445 1629; x_wconf 83' lang='lat' dir='ltr'><strong>honestum</strong></span> <span class='ocrx_word' id='word_1_184' title='bbox 457 1573 604 1632; x_wconf 82' lang='lat' dir='ltr'><strong>observare</strong></span> <span class='ocrx_word' id='word_1_185' title='bbox 615 1573 720 1646; x_wconf 86' lang='lat' dir='ltr'><strong>legalia,</strong></span> <span class='ocrx_word' id='word_1_186' title='bbox 732 1579 761 1630; x_wconf 90' lang='lat' dir='ltr'><strong>et</strong></span> <span class='ocrx_word' id='word_1_187' title='bbox 772 1572 824 1630; x_wconf 89' lang='lat' dir='ltr'><strong>boo</strong></span> <span class='ocrx_word' id='word_1_188' title='bbox 836 1574 918 1630; x_wconf 92' lang='lat' dir='ltr'><strong>modo</strong></span> <span class='ocrx_word' id='word_1_189' title='bbox 952 1573 1025 1631; x_wconf 91' lang='lat' dir='ltr'><strong>rium</strong></span> <span class='ocrx_word' id='word_1_190' title='bbox 1038 1579 1091 1630; x_wconf 90' lang='lat' dir='ltr'><strong>est.</strong></span> <span class='ocrx_word' id='word_1_191' title='bbox 1104 1573 1139 1630; x_wconf 81' lang='lat' dir='ltr'><strong>Et</strong></span> <span class='ocrx_word' id='word_1_192' title='bbox 1151 1571 1212 1630; x_wconf 88' lang='lat' dir='ltr'><strong>ideo</strong></span> <span class='ocrx_word' id='word_1_193' title='bbox 1226 1571 1254 1629; x_wconf 92' lang='lat' dir='ltr'><strong>d.</strong></span> <span class='ocrx_word' id='word_1_194' title='bbox 1266 1573 1383 1630; x_wconf 85' lang='lat' dir='ltr'><strong>Thomas</strong></span> <span class='ocrx_word' id='word_1_195' title='bbox 1398 1578 1426 1632; x_wconf 82' lang='lat'><strong>2.</strong></span> <span class='ocrx_word' id='word_1_196' title='bbox 1443 1577 1472 1640; x_wconf 81' lang='lat'><strong>2,</strong></span> <span class='ocrx_word' id='word_1_197' title='bbox 1488 1589 1517 1646; x_wconf 84' lang='lat' dir='ltr'><strong>q.</strong></span> <span class='ocrx_word' id='word_1_198' title='bbox 1534 1575 1598 1643; x_wconf 93' lang='grc'><strong>111,</strong></span> <span class='ocrx_word' id='word_1_199' title='bbox 1617 1579 1669 1630; x_wconf 90' lang='lat' dir='ltr'><strong>nrt.</strong></span> <span class='ocrx_word' id='word_1_200' title='bbox 1687 1577 1711 1632; x_wconf 92' lang='lat' dir='ltr'><strong>l.</strong></span> <span class='ocrx_word' id='word_1_201' title='bbox 1724 1573 1759 1628; x_wconf 90' lang='lat' dir='ltr'><strong>si·</strong></span> 
     </span>
     <span class='ocr_line' id='line_1_15' title="bbox 104 1660 1760 1736; baseline 0.001 -18"><span class='ocrx_word' id='word_1_202' title='bbox 104 1677 171 1718; x_wconf 86' lang='lat' dir='ltr'><strong>esse</strong></span> <span class='ocrx_word' id='word_1_203' title='bbox 184 1660 323 1719; x_wconf 88' lang='lat' dir='ltr'><strong>interdum</strong></span> <span class='ocrx_word' id='word_1_204' title='bbox 336 1668 446 1720; x_wconf 84' lang='lat' dir='ltr'><strong>serrata</strong></span> <span class='ocrx_word' id='word_1_205' title='bbox 462 1662 495 1720; x_wconf 92' lang='lat' dir='ltr'><strong>ab</strong></span> <span class='ocrx_word' id='word_1_206' title='bbox 513 1661 654 1734; x_wconf 72' lang='lat' dir='ltr'><strong>apostolis,</strong></span> <span class='ocrx_word' id='word_1_207' title='bbox 666 1677 733 1735; x_wconf 88' lang='lat' dir='ltr'><strong>ergo</strong></span> <span class='ocrx_word' id='word_1_208' title='bbox 748 1677 849 1735; x_wconf 88' lang='lat' dir='ltr'><strong>negare</strong></span> <span class='ocrx_word' id='word_1_209' title='bbox 864 1678 918 1719; x_wconf 90' lang='lat' dir='ltr'><strong>non</strong></span> <span class='ocrx_word' id='word_1_210' title='bbox 954 1663 1133 1720; x_wconf 69' lang='lat' dir='ltr'><strong>mutationem</strong></span> <span class='ocrx_word' id='word_1_211' title='bbox 1143 1661 1279 1720; x_wconf 87' lang='lat' dir='ltr'><strong>dieitesse</strong></span> <span class='ocrx_word' id='word_1_212' title='bbox 1289 1662 1427 1735; x_wconf 87' lang='lat' dir='ltr'><strong>quoddam</strong></span> <span class='ocrx_word' id='word_1_213' title='bbox 1439 1661 1624 1734; x_wconf 86' lang='lat' dir='ltr'><strong>mendesium,</strong></span> <span class='ocrx_word' id='word_1_214' title='bbox 1635 1668 1663 1720; x_wconf 92' lang='lat' dir='ltr'><strong>et</strong></span> <span class='ocrx_word' id='word_1_215' title='bbox 1672 1677 1760 1736; x_wconf 88' lang='lat' dir='ltr'><strong>aeque</strong></span> 
     </span>
     <span class='ocr_line' id='line_1_16' title="bbox 106 1748 1760 1827; baseline 0 -19"><span class='ocrx_word' id='word_1_216' title='bbox 106 1751 217 1824; x_wconf 88' lang='lat' dir='ltr'><strong>potuit,</strong></span> <span class='ocrx_word' id='word_1_217' title='bbox 238 1753 305 1824; x_wconf 87' lang='lat' dir='ltr'><strong>quin</strong></span> <span class='ocrx_word' id='word_1_218' title='bbox 320 1767 369 1824; x_wconf 92' lang='grc' dir='ltr'><strong>ρετ</strong></span> <span class='ocrx_word' id='word_1_219' title='bbox 389 1750 463 1809; x_wconf 87' lang='lat' dir='ltr'><strong>illam</strong></span> <span class='ocrx_word' id='word_1_220' title='bbox 478 1751 677 1809; x_wconf 80' lang='lat' dir='ltr'><strong>observantiam</strong></span> <span class='ocrx_word' id='word_1_221' title='bbox 698 1751 812 1824; x_wconf 88' lang='lat' dir='ltr'><strong>apostoli</strong></span> <span class='ocrx_word' id='word_1_222' title='bbox 832 1765 919 1807; x_wconf 91' lang='lat' dir='ltr'><strong>mere·</strong></span> <span class='ocrx_word' id='word_1_223' title='bbox 954 1750 1063 1807; x_wconf 91' lang='lat' dir='ltr'><strong>melam.</strong></span> <span class='ocrx_word' id='word_1_224' title='bbox 1078 1752 1133 1808; x_wconf 88' lang='lat' dir='ltr'><strong>Noc</strong></span> <span class='ocrx_word' id='word_1_225' title='bbox 1147 1748 1235 1808; x_wconf 88' lang='lat' dir='ltr'><strong>deluit</strong></span> <span class='ocrx_word' id='word_1_226' title='bbox 1248 1752 1295 1823; x_wconf 84' lang='lat' dir='ltr'><strong>qui</strong></span> <span class='ocrx_word' id='word_1_227' title='bbox 1310 1750 1428 1822; x_wconf 87' lang='lat' dir='ltr'><strong>diceret,</strong></span> <span class='ocrx_word' id='word_1_228' title='bbox 1444 1750 1640 1827; x_wconf 78' lang='lat' dir='ltr'><strong>Hieronymum</strong></span> <span class='ocrx_word' id='word_1_229' title='bbox 1660 1752 1760 1808; x_wconf 89' lang='lat' dir='ltr'><strong>sensis·</strong></span> 
     </span>
    </p>
   </div>
   <div class='ocr_carea' id='block_1_5' title="bbox 105 1831 1884 1914">
    <p class='ocr_par' dir='ltr' id='par_1_5' title="bbox 105 1831 1884 1914">
     <span class='ocr_line' id='line_1_17' title="bbox 105 1831 1884 1914; baseline 0.001 -16"><span class='ocrx_word' id='word_1_230' title='bbox 105 1846 209 1898; x_wconf 91' lang='lat' dir='ltr'><strong>rentur</strong></span> <span class='ocrx_word' id='word_1_231' title='bbox 222 1842 341 1913; x_wconf 84' lang='lat' dir='ltr'><strong>gratiam</strong></span> <span class='ocrx_word' id='word_1_232' title='bbox 361 1847 390 1898; x_wconf 91' lang='lat' dir='ltr'><strong>et</strong></span> <span class='ocrx_word' id='word_1_233' title='bbox 409 1839 541 1914; x_wconf 80' lang='lat' dir='ltr'><strong>gioriam3</strong></span> <span class='ocrx_word' id='word_1_234' title='bbox 562 1831 627 1914; x_wconf 81' lang='lat' dir='ltr'><strong>ergo</strong></span> <span class='ocrx_word' id='word_1_235' title='bbox 646 1841 800 1898; x_wconf 89' lang='lat' dir='ltr'><strong>rectissime</strong></span> <span class='ocrx_word' id='word_1_236' title='bbox 820 1847 918 1912; x_wconf 91' lang='lat' dir='ltr'><strong>potue·</strong></span> <span class='ocrx_word' id='word_1_237' title='bbox 954 1854 1001 1910; x_wconf 89' lang='lat' dir='ltr'><strong>se,</strong></span> <span class='ocrx_word' id='word_1_238' title='bbox 1017 1839 1189 1896; x_wconf 87' lang='lat' dir='ltr'><strong>mendacium</strong></span> <span class='ocrx_word' id='word_1_239' title='bbox 1208 1839 1362 1898; x_wconf 82' lang='lat' dir='ltr'><strong>officiosum</strong></span> <span class='ocrx_word' id='word_1_240' title='bbox 1375 1847 1488 1914; x_wconf 90' lang='lat' dir='ltr'><strong>propter</strong></span> <span class='ocrx_word' id='word_1_241' title='bbox 1501 1840 1693 1898; x_wconf 84' lang='lat' dir='ltr'><strong>necessitatem</strong></span> <span class='ocrx_word' id='word_1_242' title='bbox 1710 1841 1760 1900; x_wconf 88' lang='lat' dir='ltr'><strong>bo·</strong></span> <span class='ocrx_word' id='word_1_243' title='bbox 1879 1869 1884 1876; x_wconf 93' lang='lat'><em>·</em></span> 
     </span>
    </p>
   </div>
   <div class='ocr_carea' id='block_1_6' title="bbox 76 1928 1762 4963">
    <p class='ocr_par' dir='ltr' id='par_1_6' title="bbox 76 1928 1762 4963">
     <span class='ocr_line' id='line_1_18' title="bbox 106 1928 1758 2003; baseline 0 -17"><span class='ocrx_word' id='word_1_244' title='bbox 106 1937 177 1988; x_wconf 93' lang='lat' dir='ltr'><strong>runt</strong></span> <span class='ocrx_word' id='word_1_245' title='bbox 190 1947 224 1989; x_wconf 89' lang='lat' dir='ltr'><strong>ex</strong></span> <span class='ocrx_word' id='word_1_246' title='bbox 239 1930 292 1988; x_wconf 89' lang='lat' dir='ltr'><strong>boc</strong></span> <span class='ocrx_word' id='word_1_247' title='bbox 306 1946 355 2003; x_wconf 91' lang='lat' dir='ltr'><strong>spe</strong></span> <span class='ocrx_word' id='word_1_248' title='bbox 369 1929 430 1987; x_wconf 88' lang='lat' dir='ltr'><strong>illas</strong></span> <span class='ocrx_word' id='word_1_249' title='bbox 444 1933 631 1989; x_wconf 86' lang='lat' dir='ltr'><strong>coeremonias</strong></span> <span class='ocrx_word' id='word_1_250' title='bbox 645 1931 749 1999; x_wconf 68' lang='lat' dir='ltr'><strong>lacerer</strong></span> <span class='ocrx_word' id='word_1_251' title='bbox 766 1936 795 1987; x_wconf 91' lang='lat' dir='ltr'><strong>et</strong></span> <span class='ocrx_word' id='word_1_252' title='bbox 808 1928 861 1988; x_wconf 92' lang='lat' dir='ltr'><strong>boo</strong></span> <span class='ocrx_word' id='word_1_253' title='bbox 876 1936 921 1987; x_wconf 91' lang='lat' dir='ltr'><strong>est</strong></span> <span class='ocrx_word' id='word_1_254' title='bbox 953 1935 1060 1985; x_wconf 83' lang='lat' dir='ltr'><strong>uastam</strong></span> <span class='ocrx_word' id='word_1_255' title='bbox 1078 1928 1197 2001; x_wconf 89' lang='lat' dir='ltr'><strong>dictum,</strong></span> <span class='ocrx_word' id='word_1_256' title='bbox 1213 1935 1262 1986; x_wconf 90' lang='lat' dir='ltr'><strong>aut</strong></span> <span class='ocrx_word' id='word_1_257' title='bbox 1275 1928 1390 1999; x_wconf 85' lang='lat' dir='ltr'><strong>laetum,</strong></span> <span class='ocrx_word' id='word_1_258' title='bbox 1407 1929 1543 1988; x_wconf 88' lang='lat' dir='ltr'><strong>interdum</strong></span> <span class='ocrx_word' id='word_1_259' title='bbox 1557 1945 1617 1987; x_wconf 89' lang='lat' dir='ltr'><strong>esse</strong></span> <span class='ocrx_word' id='word_1_260' title='bbox 1639 1929 1758 2002; x_wconf 87' lang='lat' dir='ltr'><strong>licitum,</strong></span> 
     </span>
     <span class='ocr_line' id='line_1_19' title="bbox 107 2016 1759 2093; baseline 0.001 -15"><span class='ocrx_word' id='word_1_261' title='bbox 107 2035 243 2078; x_wconf 84' lang='lat' dir='ltr'><strong>exercere</strong></span> <span class='ocrx_word' id='word_1_262' title='bbox 269 2021 331 2078; x_wconf 86' lang='lat' dir='ltr'><strong>illas</strong></span> <span class='ocrx_word' id='word_1_263' title='bbox 352 2021 478 2093; x_wconf 88' lang='lat' dir='ltr'><strong>ponendo</strong></span> <span class='ocrx_word' id='word_1_264' title='bbox 497 2037 574 2093; x_wconf 89' lang='lat' dir='ltr'><strong>spem</strong></span> <span class='ocrx_word' id='word_1_265' title='bbox 597 2021 692 2078; x_wconf 87' lang='lat' dir='ltr'><strong>salutis</strong></span> <span class='ocrx_word' id='word_1_266' title='bbox 717 2022 742 2076; x_wconf 93' lang='lat' dir='ltr'><strong>io</strong></span> <span class='ocrx_word' id='word_1_267' title='bbox 762 2017 828 2091; x_wconf 84' lang='lat' dir='ltr'><strong>illis,</strong></span> <span class='ocrx_word' id='word_1_268' title='bbox 843 2021 919 2078; x_wconf 89' lang='lat' dir='ltr'><strong>iuxta</strong></span> <span class='ocrx_word' id='word_1_269' title='bbox 952 2023 981 2074; x_wconf 85' lang='lat' dir='ltr'><strong>et</strong></span> <span class='ocrx_word' id='word_1_270' title='bbox 993 2016 1054 2074; x_wconf 90' lang='lat' dir='ltr'><strong>ideo</strong></span> <span class='ocrx_word' id='word_1_271' title='bbox 1068 2034 1123 2075; x_wconf 89' lang='lat' dir='ltr'><strong>non</strong></span> <span class='ocrx_word' id='word_1_272' title='bbox 1137 2017 1288 2088; x_wconf 79' lang='lat' dir='ltr'><strong>dubitasse,</strong></span> <span class='ocrx_word' id='word_1_273' title='bbox 1301 2018 1546 2092; x_wconf 86' lang='lat' dir='ltr'><strong>spostolisdietam</strong></span> <span class='ocrx_word' id='word_1_274' title='bbox 1558 2018 1759 2080; x_wconf 79' lang='lat' dir='ltr'><strong>simulationem</strong></span> 
     </span>
     <span class='ocr_line' id='line_1_20' title="bbox 107 2107 1758 2185; baseline 0 -19"><span class='ocrx_word' id='word_1_275' title='bbox 107 2110 467 2182; x_wconf 85' lang='lat' dir='ltr'><strong>banc&#39;interpretationcm,</strong></span> <span class='ocrx_word' id='word_1_276' title='bbox 492 2112 566 2167; x_wconf 90' lang='lat' dir='ltr'><strong>sieut</strong></span> <span class='ocrx_word' id='word_1_277' title='bbox 580 2116 671 2182; x_wconf 90' lang='lat' dir='ltr'><strong>potest</strong></span> <span class='ocrx_word' id='word_1_278' title='bbox 686 2109 748 2181; x_wconf 93' lang='lat' dir='ltr'><strong>poni</strong></span> <span class='ocrx_word' id='word_1_279' title='bbox 762 2110 790 2166; x_wconf 91' lang='lat' dir='ltr'><strong>io</strong></span> <span class='ocrx_word' id='word_1_280' title='bbox 805 2109 919 2183; x_wconf 86' lang='lat' dir='ltr'><strong>quibus·</strong></span> <span class='ocrx_word' id='word_1_281' title='bbox 954 2107 1084 2166; x_wconf 88' lang='lat' dir='ltr'><strong>tribuero.</strong></span> <span class='ocrx_word' id='word_1_282' title='bbox 1103 2111 1137 2166; x_wconf 85' lang='lat' dir='ltr'><strong>Et</strong></span> <span class='ocrx_word' id='word_1_283' title='bbox 1156 2107 1227 2166; x_wconf 91' lang='lat' dir='ltr'><strong>idem</strong></span> <span class='ocrx_word' id='word_1_284' title='bbox 1245 2108 1350 2166; x_wconf 89' lang='lat' dir='ltr'><strong>dicitur</strong></span> <span class='ocrx_word' id='word_1_285' title='bbox 1363 2109 1397 2166; x_wconf 92' lang='lat' dir='ltr'><strong>de</strong></span> <span class='ocrx_word' id='word_1_286' title='bbox 1416 2108 1631 2185; x_wconf 77' lang='lat' dir='ltr'><strong>chrysostomo,</strong></span> <span class='ocrx_word' id='word_1_287' title='bbox 1655 2111 1719 2182; x_wconf 83' lang='lat' dir='ltr'><strong>quia</strong></span> <span class='ocrx_word' id='word_1_288' title='bbox 1733 2110 1758 2166; x_wconf 89' lang='lat' dir='ltr'><strong>in</strong></span> 
     </span>
     <span class='ocr_line' id='line_1_21' title="bbox 107 2195 1759 2276; baseline 0.001 -20"><span class='ocrx_word' id='word_1_289' title='bbox 107 2213 235 2274; x_wconf 87' lang='lat' dir='ltr'><strong>eumque</strong></span> <span class='ocrx_word' id='word_1_290' title='bbox 248 2200 328 2259; x_wconf 89' lang='lat' dir='ltr'><strong>bonis</strong></span> <span class='ocrx_word' id='word_1_291' title='bbox 343 2200 474 2272; x_wconf 89' lang='lat' dir='ltr'><strong>operibus</strong></span> <span class='ocrx_word' id='word_1_292' title='bbox 488 2215 520 2258; x_wconf 89' lang='lat' dir='ltr'><strong>ex</strong></span> <span class='ocrx_word' id='word_1_293' title='bbox 535 2197 586 2258; x_wconf 88' lang='lat' dir='ltr'><strong>lide</strong></span> <span class='ocrx_word' id='word_1_294' title='bbox 599 2205 629 2256; x_wconf 92' lang='lat' dir='ltr'><strong>et</strong></span> <span class='ocrx_word' id='word_1_295' title='bbox 641 2199 753 2256; x_wconf 89' lang='lat' dir='ltr'><strong>caritate</strong></span> <span class='ocrx_word' id='word_1_296' title='bbox 767 2197 857 2256; x_wconf 88' lang='lat' dir='ltr'><strong>iactis.</strong></span> <span class='ocrx_word' id='word_1_297' title='bbox 952 2195 1012 2253; x_wconf 90' lang='lat' dir='ltr'><strong>aliis</strong></span> <span class='ocrx_word' id='word_1_298' title='bbox 1027 2195 1096 2254; x_wconf 90' lang='lat' dir='ltr'><strong>locis</strong></span> <span class='ocrx_word' id='word_1_299' title='bbox 1115 2196 1223 2254; x_wconf 88' lang='lat' dir='ltr'><strong>videtur</strong></span> <span class='ocrx_word' id='word_1_300' title='bbox 1237 2198 1390 2276; x_wconf 86' lang='lat' dir='ltr'><strong>approbare</strong></span> <span class='ocrx_word' id='word_1_301' title='bbox 1404 2197 1577 2255; x_wconf 85' lang='lat' dir='ltr'><strong>menducium</strong></span> <span class='ocrx_word' id='word_1_302' title='bbox 1590 2213 1638 2270; x_wconf 95' lang='lat' dir='ltr'><strong>per</strong></span> <span class='ocrx_word' id='word_1_303' title='bbox 1659 2198 1759 2258; x_wconf 86' lang='lat' dir='ltr'><strong>iustam</strong></span> 
     </span>
     <span class='ocr_line' id='line_1_22' title="bbox 147 2279 1760 2361; baseline -0.001 -13"><span class='ocrx_word' id='word_1_304' title='bbox 147 2297 178 2348; x_wconf 82' lang='grc'><strong>3.</strong></span> <span class='ocrx_word' id='word_1_305' title='bbox 192 2291 283 2348; x_wconf 81' lang='lat' dir='ltr'><strong>Tertio</strong></span> <span class='ocrx_word' id='word_1_306' title='bbox 303 2289 412 2348; x_wconf 88' lang='lat' dir='ltr'><strong>tandem</strong></span> <span class='ocrx_word' id='word_1_307' title='bbox 432 2289 514 2346; x_wconf 91' lang='lat' dir='ltr'><strong>modo</strong></span> <span class='ocrx_word' id='word_1_308' title='bbox 532 2295 640 2361; x_wconf 90' lang='lat' dir='ltr'><strong>poterat</strong></span> <span class='ocrx_word' id='word_1_309' title='bbox 653 2304 716 2360; x_wconf 88' lang='lat' dir='ltr'><strong>spes</strong></span> <span class='ocrx_word' id='word_1_310' title='bbox 735 2289 831 2346; x_wconf 88' lang='lat' dir='ltr'><strong>salutis</strong></span> <span class='ocrx_word' id='word_1_311' title='bbox 855 2289 918 2361; x_wconf 89' lang='lat' dir='ltr'><strong>poni</strong></span> <span class='ocrx_word' id='word_1_312' title='bbox 952 2287 1128 2344; x_wconf 87' lang='lat' dir='ltr'><strong>occasionem</strong></span> <span class='ocrx_word' id='word_1_313' title='bbox 1139 2279 1297 2346; x_wconf 76' lang='lat' dir='ltr'><strong>dictamni</strong></span> <span class='ocrx_word' id='word_1_314' title='bbox 1308 2287 1342 2345; x_wconf 91' lang='lat' dir='ltr'><strong>ab</strong></span> <span class='ocrx_word' id='word_1_315' title='bbox 1353 2286 1397 2345; x_wconf 89' lang='lat' dir='ltr'><strong>illo</strong></span> <span class='ocrx_word' id='word_1_316' title='bbox 1410 2294 1566 2361; x_wconf 83' lang='lat' dir='ltr'><strong>tanquama</strong></span> <span class='ocrx_word' id='word_1_317' title='bbox 1582 2296 1760 2360; x_wconf 84' lang='lat' dir='ltr'><strong>praeceptore</strong></span> 
     </span>
     <span class='ocr_line' id='line_1_23' title="bbox 106 2373 1761 2453; baseline -0.002 -14"><span class='ocrx_word' id='word_1_318' title='bbox 106 2384 134 2439; x_wconf 87' lang='lat' dir='ltr'><strong>in</strong></span> <span class='ocrx_word' id='word_1_319' title='bbox 154 2380 338 2438; x_wconf 87' lang='lat' dir='ltr'><strong>caeremoniis</strong></span> <span class='ocrx_word' id='word_1_320' title='bbox 351 2381 435 2452; x_wconf 90' lang='lat' dir='ltr'><strong>legis,</strong></span> <span class='ocrx_word' id='word_1_321' title='bbox 451 2386 583 2453; x_wconf 86' lang='lat' dir='ltr'><strong>tanquam</strong></span> <span class='ocrx_word' id='word_1_322' title='bbox 600 2380 625 2435; x_wconf 89' lang='lat' dir='ltr'><strong>io</strong></span> <span class='ocrx_word' id='word_1_323' title='bbox 646 2379 808 2436; x_wconf 86' lang='lat' dir='ltr'><strong>necessariis</strong></span> <span class='ocrx_word' id='word_1_324' title='bbox 823 2377 858 2437; x_wconf 89' lang='lat' dir='ltr'><strong>ad</strong></span> <span class='ocrx_word' id='word_1_325' title='bbox 876 2394 920 2435; x_wconf 88' lang='lat' dir='ltr'><strong>se·</strong></span> <span class='ocrx_word' id='word_1_326' title='bbox 953 2382 1066 2448; x_wconf 88' lang='lat' dir='ltr'><strong>putetur</strong></span> <span class='ocrx_word' id='word_1_327' title='bbox 1082 2373 1215 2434; x_wconf 79' lang='lat' dir='ltr'><strong>didicisse</strong></span> <span class='ocrx_word' id='word_1_328' title='bbox 1229 2377 1377 2434; x_wconf 82' lang='lat' dir='ltr'><strong>Cassianus</strong></span> <span class='ocrx_word' id='word_1_329' title='bbox 1394 2375 1467 2434; x_wconf 87' lang='lat' dir='ltr'><strong>illam</strong></span> <span class='ocrx_word' id='word_1_330' title='bbox 1481 2377 1578 2434; x_wconf 83' lang='lat' dir='ltr'><strong>salsam</strong></span> <span class='ocrx_word' id='word_1_331' title='bbox 1598 2379 1761 2436; x_wconf 88' lang='lat' dir='ltr'><strong>sententiam</strong></span> 
     </span>
     <span class='ocr_line' id='line_1_24' title="bbox 109 2464 1640 2544; baseline -0.002 -17"><span class='ocrx_word' id='word_1_332' title='bbox 109 2473 212 2542; x_wconf 90' lang='lat' dir='ltr'><strong>tutem,</strong></span> <span class='ocrx_word' id='word_1_333' title='bbox 230 2469 357 2544; x_wconf 77' lang='lat' dir='ltr'><strong>quamvis</strong></span> <span class='ocrx_word' id='word_1_334' title='bbox 371 2485 426 2527; x_wconf 92' lang='lat' dir='ltr'><strong>non</strong></span> <span class='ocrx_word' id='word_1_335' title='bbox 440 2483 489 2541; x_wconf 93' lang='grc' dir='ltr'><strong>ρετ</strong></span> <span class='ocrx_word' id='word_1_336' title='bbox 502 2484 531 2526; x_wconf 92' lang='lat' dir='ltr'><strong>se</strong></span> <span class='ocrx_word' id='word_1_337' title='bbox 546 2468 746 2527; x_wconf 82' lang='lat' dir='ltr'><strong>sufficientibus</strong></span> <span class='ocrx_word' id='word_1_338' title='bbox 759 2474 809 2525; x_wconf 88' lang='lat' dir='ltr'><strong>aut</strong></span> <span class='ocrx_word' id='word_1_339' title='bbox 823 2467 919 2525; x_wconf 85' lang='lat' dir='ltr'><strong>effice·</strong></span> <span class='ocrx_word' id='word_1_340' title='bbox 953 2464 986 2522; x_wconf 90' lang='lat' dir='ltr'><strong>de</strong></span> <span class='ocrx_word' id='word_1_341' title='bbox 1001 2465 1155 2538; x_wconf 88' lang='lat' dir='ltr'><strong>mendacio,</strong></span> <span class='ocrx_word' id='word_1_342' title='bbox 1170 2481 1253 2540; x_wconf 90' lang='lat' dir='ltr'><strong>quam</strong></span> <span class='ocrx_word' id='word_1_343' title='bbox 1266 2465 1352 2524; x_wconf 87' lang='lat' dir='ltr'><strong>citato</strong></span> <span class='ocrx_word' id='word_1_344' title='bbox 1365 2466 1430 2524; x_wconf 92' lang='lat' dir='ltr'><strong>loco</strong></span> <span class='ocrx_word' id='word_1_345' title='bbox 1445 2467 1499 2525; x_wconf 90' lang='lat' dir='ltr'><strong>late</strong></span> <span class='ocrx_word' id='word_1_346' title='bbox 1511 2466 1640 2524; x_wconf 77' lang='lat' dir='ltr'><strong>defendit.</strong></span> 
     </span>
     <span class='ocr_line' id='line_1_25' title="bbox 108 2554 1758 2632; baseline -0.002 -14"><span class='ocrx_word' id='word_1_347' title='bbox 108 2561 192 2618; x_wconf 86' lang='lat' dir='ltr'><strong>eibos</strong></span> <span class='ocrx_word' id='word_1_348' title='bbox 207 2560 241 2617; x_wconf 87' lang='lat' dir='ltr'><strong>nd</strong></span> <span class='ocrx_word' id='word_1_349' title='bbox 257 2559 340 2618; x_wconf 90' lang='lat' dir='ltr'><strong>illam.</strong></span> <span class='ocrx_word' id='word_1_350' title='bbox 354 2560 389 2617; x_wconf 82' lang='lat' dir='ltr'><strong>itt</strong></span> <span class='ocrx_word' id='word_1_351' title='bbox 403 2560 428 2614; x_wconf 89' lang='lat' dir='ltr'><strong>in</strong></span> <span class='ocrx_word' id='word_1_352' title='bbox 443 2556 497 2616; x_wconf 87' lang='lat' dir='ltr'><strong>boc</strong></span> <span class='ocrx_word' id='word_1_353' title='bbox 509 2573 591 2615; x_wconf 90' lang='lat' dir='ltr'><strong>sensu</strong></span> <span class='ocrx_word' id='word_1_354' title='bbox 605 2557 764 2632; x_wconf 87' lang='lat' dir='ltr'><strong>intelligitur</strong></span> <span class='ocrx_word' id='word_1_355' title='bbox 774 2557 809 2614; x_wconf 88' lang='lat' dir='ltr'><strong>ab</strong></span> <span class='ocrx_word' id='word_1_356' title='bbox 823 2560 920 2630; x_wconf 74' lang='lat' dir='ltr'><strong>bugu·</strong></span> <span class='ocrx_word' id='word_1_357' title='bbox 992 2559 1019 2614; x_wconf 84' lang='lat' dir='ltr'><strong>t.</strong></span> <span class='ocrx_word' id='word_1_358' title='bbox 1035 2555 1233 2612; x_wconf 84' lang='lat' dir='ltr'><strong>Verumtamen</strong></span> <span class='ocrx_word' id='word_1_359' title='bbox 1255 2554 1323 2612; x_wconf 90' lang='lat' dir='ltr'><strong>baec</strong></span> <span class='ocrx_word' id='word_1_360' title='bbox 1342 2557 1413 2614; x_wconf 89' lang='lat' dir='ltr'><strong>ratio</strong></span> <span class='ocrx_word' id='word_1_361' title='bbox 1430 2556 1489 2614; x_wconf 89' lang='lat' dir='ltr'><strong>sine</strong></span> <span class='ocrx_word' id='word_1_362' title='bbox 1501 2555 1585 2615; x_wconf 91' lang='lat' dir='ltr'><strong>dubio</strong></span> <span class='ocrx_word' id='word_1_363' title='bbox 1598 2573 1652 2616; x_wconf 89' lang='lat' dir='ltr'><strong>non</strong></span> <span class='ocrx_word' id='word_1_364' title='bbox 1671 2559 1758 2631; x_wconf 90' lang='lat' dir='ltr'><strong>cogit,</strong></span> 
     </span>
     <span class='ocr_line' id='line_1_26' title="bbox 110 2643 1759 2724; baseline -0.001 -18"><span class='ocrx_word' id='word_1_365' title='bbox 110 2652 184 2708; x_wconf 83' lang='lat' dir='ltr'><strong>stiam</strong></span> <span class='ocrx_word' id='word_1_366' title='bbox 198 2649 276 2706; x_wconf 89' lang='lat' dir='ltr'><strong>dicta</strong></span> <span class='ocrx_word' id='word_1_367' title='bbox 290 2648 452 2721; x_wconf 86' lang='lat' dir='ltr'><strong>propositio,</strong></span> <span class='ocrx_word' id='word_1_368' title='bbox 467 2654 496 2705; x_wconf 91' lang='lat' dir='ltr'><strong>et</strong></span> <span class='ocrx_word' id='word_1_369' title='bbox 509 2649 703 2724; x_wconf 88' lang='lat' dir='ltr'><strong>Hieronymus,</strong></span> <span class='ocrx_word' id='word_1_370' title='bbox 721 2652 752 2703; x_wconf 92' lang='lat' dir='ltr'><strong>ut</strong></span> <span class='ocrx_word' id='word_1_371' title='bbox 764 2645 830 2718; x_wconf 90' lang='lat' dir='ltr'><strong>dixi,</strong></span> <span class='ocrx_word' id='word_1_372' title='bbox 846 2646 919 2703; x_wconf 90' lang='lat' dir='ltr'><strong>illem</strong></span> <span class='ocrx_word' id='word_1_373' title='bbox 953 2643 1074 2702; x_wconf 87' lang='lat' dir='ltr'><strong>sistendo</strong></span> <span class='ocrx_word' id='word_1_374' title='bbox 1098 2645 1124 2701; x_wconf 90' lang='lat' dir='ltr'><strong>iu</strong></span> <span class='ocrx_word' id='word_1_375' title='bbox 1145 2645 1256 2717; x_wconf 89' lang='lat' dir='ltr'><strong>propria</strong></span> <span class='ocrx_word' id='word_1_376' title='bbox 1276 2650 1304 2702; x_wconf 93' lang='lat' dir='ltr'><strong>et</strong></span> <span class='ocrx_word' id='word_1_377' title='bbox 1323 2661 1391 2716; x_wconf 87' lang='lat' dir='ltr'><strong>pura</strong></span> <span class='ocrx_word' id='word_1_378' title='bbox 1407 2645 1512 2704; x_wconf 88' lang='lat' dir='ltr'><strong>ratione</strong></span> <span class='ocrx_word' id='word_1_379' title='bbox 1530 2646 1679 2718; x_wconf 75' lang='lat' dir='ltr'><strong>mendaciiy</strong></span> <span class='ocrx_word' id='word_1_380' title='bbox 1695 2663 1759 2705; x_wconf 89' lang='lat' dir='ltr'><strong>nam</strong></span> 
     </span>
     <span class='ocr_line' id='line_1_27' title="bbox 110 2732 1757 2811; baseline -0.004 -14"><span class='ocrx_word' id='word_1_381' title='bbox 110 2757 166 2797; x_wconf 89' lang='lat' dir='ltr'><strong>non</strong></span> <span class='ocrx_word' id='word_1_382' title='bbox 182 2737 337 2811; x_wconf 85' lang='lat' dir='ltr'><strong>improbat,</strong></span> <span class='ocrx_word' id='word_1_383' title='bbox 360 2737 408 2794; x_wconf 90' lang='lat' dir='ltr'><strong>sed</strong></span> <span class='ocrx_word' id='word_1_384' title='bbox 422 2737 512 2794; x_wconf 89' lang='lat' dir='ltr'><strong>solum</strong></span> <span class='ocrx_word' id='word_1_385' title='bbox 526 2736 622 2808; x_wconf 86' lang='lat' dir='ltr'><strong>sentit,</strong></span> <span class='ocrx_word' id='word_1_386' title='bbox 644 2735 717 2793; x_wconf 89' lang='lat' dir='ltr'><strong>illam</strong></span> <span class='ocrx_word' id='word_1_387' title='bbox 733 2735 919 2794; x_wconf 89' lang='lat' dir='ltr'><strong>limitationem</strong></span> <span class='ocrx_word' id='word_1_388' title='bbox 952 2733 1032 2790; x_wconf 88' lang='lat' dir='ltr'><strong>iacilo</strong></span> <span class='ocrx_word' id='word_1_389' title='bbox 1047 2739 1090 2790; x_wconf 90' lang='lat' dir='ltr'><strong>est</strong></span> <span class='ocrx_word' id='word_1_390' title='bbox 1104 2732 1307 2791; x_wconf 83' lang='lat' dir='ltr'><strong>simulationem</strong></span> <span class='ocrx_word' id='word_1_391' title='bbox 1321 2733 1393 2794; x_wconf 89' lang='lat' dir='ltr'><strong>illam</strong></span> <span class='ocrx_word' id='word_1_392' title='bbox 1407 2735 1580 2792; x_wconf 86' lang='lat' dir='ltr'><strong>emendacio</strong></span> <span class='ocrx_word' id='word_1_393' title='bbox 1601 2733 1757 2811; x_wconf 77' lang='lat' dir='ltr'><strong>defendere.</strong></span> 
     </span>
     <span class='ocr_line' id='line_1_28' title="bbox 109 2822 1760 2899; baseline -0.001 -15"><span class='ocrx_word' id='word_1_394' title='bbox 109 2845 165 2886; x_wconf 89' lang='lat' dir='ltr'><strong>uon</strong></span> <span class='ocrx_word' id='word_1_395' title='bbox 179 2843 244 2886; x_wconf 89' lang='lat' dir='ltr'><strong>esse</strong></span> <span class='ocrx_word' id='word_1_396' title='bbox 259 2827 458 2897; x_wconf 74' lang='lat' dir='ltr'><strong>necessariam,</strong></span> <span class='ocrx_word' id='word_1_397' title='bbox 475 2827 646 2898; x_wconf 79' lang='lat' dir='ltr'><strong>dugrrstimrs</strong></span> <span class='ocrx_word' id='word_1_398' title='bbox 660 2841 726 2882; x_wconf 84' lang='lat' dir='ltr'><strong>sero</strong></span> <span class='ocrx_word' id='word_1_399' title='bbox 746 2823 819 2882; x_wconf 87' lang='lat' dir='ltr'><strong>illsrn</strong></span> <span class='ocrx_word' id='word_1_400' title='bbox 833 2824 918 2896; x_wconf 87' lang='lat' dir='ltr'><strong>addit,</strong></span> <span class='ocrx_word' id='word_1_401' title='bbox 953 2823 988 2879; x_wconf 86' lang='lat' dir='ltr'><strong>Et</strong></span> <span class='ocrx_word' id='word_1_402' title='bbox 1002 2823 1027 2880; x_wconf 90' lang='lat' dir='ltr'><strong>io</strong></span> <span class='ocrx_word' id='word_1_403' title='bbox 1045 2824 1142 2895; x_wconf 89' lang='lat' dir='ltr'><strong>primis</strong></span> <span class='ocrx_word' id='word_1_404' title='bbox 1155 2822 1189 2879; x_wconf 90' lang='lat' dir='ltr'><strong>de</strong></span> <span class='ocrx_word' id='word_1_405' title='bbox 1203 2823 1369 2899; x_wconf 88' lang='lat' dir='ltr'><strong>Hieronymo</strong></span> <span class='ocrx_word' id='word_1_406' title='bbox 1382 2824 1448 2882; x_wconf 92' lang='lat' dir='ltr'><strong>mibi</strong></span> <span class='ocrx_word' id='word_1_407' title='bbox 1467 2840 1520 2881; x_wconf 91' lang='lat' dir='ltr'><strong>noo</strong></span> <span class='ocrx_word' id='word_1_408' title='bbox 1540 2829 1665 2896; x_wconf 89' lang='lat' dir='ltr'><strong>constat,</strong></span> <span class='ocrx_word' id='word_1_409' title='bbox 1684 2825 1760 2899; x_wconf 88' lang='lat' dir='ltr'><strong>quod</strong></span> 
     </span>
     <span class='ocr_line' id='line_1_29' title="bbox 108 2913 1759 2992; baseline -0.002 -18"><span class='ocrx_word' id='word_1_410' title='bbox 108 2919 191 2992; x_wconf 78' lang='lat' dir='ltr'><strong>uuio,</strong></span> <span class='ocrx_word' id='word_1_411' title='bbox 210 2923 241 2974; x_wconf 91' lang='lat' dir='ltr'><strong>ut</strong></span> <span class='ocrx_word' id='word_1_412' title='bbox 254 2917 350 2974; x_wconf 90' lang='lat' dir='ltr'><strong>statim</strong></span> <span class='ocrx_word' id='word_1_413' title='bbox 362 2915 468 2987; x_wconf 86' lang='lat' dir='ltr'><strong>dicam,</strong></span> <span class='ocrx_word' id='word_1_414' title='bbox 483 2921 594 2984; x_wconf 87' lang='lat' dir='ltr'><strong>censet,</strong></span> <span class='ocrx_word' id='word_1_415' title='bbox 617 2929 666 2986; x_wconf 95' lang='lat' dir='ltr'><strong>pro</strong></span> <span class='ocrx_word' id='word_1_416' title='bbox 680 2914 772 2986; x_wconf 84' lang='lat' dir='ltr'><strong>aliquo</strong></span> <span class='ocrx_word' id='word_1_417' title='bbox 796 2921 919 2986; x_wconf 92' lang='lat' dir='ltr'><strong>tempore</strong></span> <span class='ocrx_word' id='word_1_418' title='bbox 954 2913 979 2969; x_wconf 91' lang='lat' dir='ltr'><strong>io</strong></span> <span class='ocrx_word' id='word_1_419' title='bbox 994 2913 1086 2987; x_wconf 86' lang='lat' dir='ltr'><strong>aliquo</strong></span> <span class='ocrx_word' id='word_1_420' title='bbox 1107 2913 1159 2970; x_wconf 89' lang='lat' dir='ltr'><strong>elio</strong></span> <span class='ocrx_word' id='word_1_421' title='bbox 1174 2913 1236 2970; x_wconf 88' lang='lat' dir='ltr'><strong>loeo</strong></span> <span class='ocrx_word' id='word_1_422' title='bbox 1251 2913 1424 2972; x_wconf 90' lang='lat' dir='ltr'><strong>mendacium</strong></span> <span class='ocrx_word' id='word_1_423' title='bbox 1439 2915 1644 2986; x_wconf 73' lang='lat' dir='ltr'><strong>approbaverit,</strong></span> <span class='ocrx_word' id='word_1_424' title='bbox 1665 2913 1759 2972; x_wconf 90' lang='lat' dir='ltr'><strong>nullibi</strong></span> 
     </span>
     <span class='ocr_line' id='line_1_30' title="bbox 108 3003 1761 3078; baseline -0.003 -14"><span class='ocrx_word' id='word_1_425' title='bbox 108 3005 323 3064; x_wconf 87' lang='lat' dir='ltr'><strong>caeremonialia</strong></span> <span class='ocrx_word' id='word_1_426' title='bbox 334 3021 387 3062; x_wconf 91' lang='lat' dir='ltr'><strong>non</strong></span> <span class='ocrx_word' id='word_1_427' title='bbox 398 3005 482 3062; x_wconf 86' lang='lat' dir='ltr'><strong>tuisse</strong></span> <span class='ocrx_word' id='word_1_428' title='bbox 494 3005 646 3075; x_wconf 76' lang='lat' dir='ltr'><strong>mortifera,</strong></span> <span class='ocrx_word' id='word_1_429' title='bbox 660 3004 722 3060; x_wconf 89' lang='lat' dir='ltr'><strong>licet</strong></span> <span class='ocrx_word' id='word_1_430' title='bbox 732 3003 832 3061; x_wconf 88' lang='lat' dir='ltr'><strong>luerint</strong></span> <span class='ocrx_word' id='word_1_431' title='bbox 845 3019 919 3060; x_wconf 91' lang='lat' dir='ltr'><strong>mor·</strong></span> <span class='ocrx_word' id='word_1_432' title='bbox 953 3005 1025 3060; x_wconf 90' lang='lat' dir='ltr'><strong>enim</strong></span> <span class='ocrx_word' id='word_1_433' title='bbox 1042 3005 1114 3076; x_wconf 88' lang='lat' dir='ltr'><strong>apud</strong></span> <span class='ocrx_word' id='word_1_434' title='bbox 1129 3003 1205 3060; x_wconf 91' lang='lat' dir='ltr'><strong>illum</strong></span> <span class='ocrx_word' id='word_1_435' title='bbox 1219 3003 1272 3060; x_wconf 90' lang='lat' dir='ltr'><strong>boo</strong></span> <span class='ocrx_word' id='word_1_436' title='bbox 1287 3004 1354 3077; x_wconf 85' lang='lat' dir='ltr'><strong>legi,</strong></span> <span class='ocrx_word' id='word_1_437' title='bbox 1369 3007 1418 3061; x_wconf 85' lang='lat' dir='ltr'><strong>ebt</strong></span> <span class='ocrx_word' id='word_1_438' title='bbox 1431 3004 1465 3060; x_wconf 92' lang='lat' dir='ltr'><strong>ab</strong></span> <span class='ocrx_word' id='word_1_439' title='bbox 1479 3005 1540 3060; x_wconf 88' lang='lat' dir='ltr'><strong>aliis</strong></span> <span class='ocrx_word' id='word_1_440' title='bbox 1559 3004 1707 3078; x_wconf 89' lang='lat' dir='ltr'><strong>allegatum</strong></span> <span class='ocrx_word' id='word_1_441' title='bbox 1721 3004 1761 3061; x_wconf 88' lang='lat' dir='ltr'><strong>in-</strong></span> 
     </span>
     <span class='ocr_line' id='line_1_31' title="bbox 109 3089 1761 3166; baseline -0.001 -14"><span class='ocrx_word' id='word_1_442' title='bbox 109 3106 168 3153; x_wconf 88' lang='lat' dir='ltr'><strong>tun:</strong></span> <span class='ocrx_word' id='word_1_443' title='bbox 188 3111 252 3153; x_wconf 88' lang='lat' dir='ltr'><strong>nam</strong></span> <span class='ocrx_word' id='word_1_444' title='bbox 267 3093 331 3152; x_wconf 91' lang='lat' dir='ltr'><strong>inde</strong></span> <span class='ocrx_word' id='word_1_445' title='bbox 343 3094 441 3164; x_wconf 91' lang='lat' dir='ltr'><strong>inlert,</strong></span> <span class='ocrx_word' id='word_1_446' title='bbox 456 3094 535 3151; x_wconf 87' lang='lat' dir='ltr'><strong>etiem</strong></span> <span class='ocrx_word' id='word_1_447' title='bbox 550 3109 600 3166; x_wconf 94' lang='lat' dir='ltr'><strong>pro</strong></span> <span class='ocrx_word' id='word_1_448' title='bbox 616 3099 683 3150; x_wconf 91' lang='lat' dir='ltr'><strong>tunc</strong></span> <span class='ocrx_word' id='word_1_449' title='bbox 698 3094 783 3150; x_wconf 87' lang='lat' dir='ltr'><strong>luisse</strong></span> <span class='ocrx_word' id='word_1_450' title='bbox 800 3094 921 3151; x_wconf 86' lang='lat' dir='ltr'><strong>mortiis-</strong></span> <span class='ocrx_word' id='word_1_451' title='bbox 955 3093 1032 3164; x_wconf 87' lang='lat' dir='ltr'><strong>reni,</strong></span> <span class='ocrx_word' id='word_1_452' title='bbox 1049 3095 1195 3166; x_wconf 86' lang='lat' dir='ltr'><strong>potiusque</strong></span> <span class='ocrx_word' id='word_1_453' title='bbox 1206 3089 1240 3149; x_wconf 84' lang='lat' dir='ltr'><strong>&#39;iu</strong></span> <span class='ocrx_word' id='word_1_454' title='bbox 1258 3095 1339 3165; x_wconf 90' lang='lat' dir='ltr'><strong>epist.</strong></span> <span class='ocrx_word' id='word_1_455' title='bbox 1357 3098 1403 3154; x_wconf 76' lang='lat'><strong>65.</strong></span> <span class='ocrx_word' id='word_1_456' title='bbox 1421 3093 1530 3152; x_wconf 89' lang='lat' dir='ltr'><strong>ridetur</strong></span> <span class='ocrx_word' id='word_1_457' title='bbox 1554 3097 1715 3152; x_wconf 86' lang='lat' dir='ltr'><strong>sententiam</strong></span> <span class='ocrx_word' id='word_1_458' title='bbox 1731 3095 1761 3151; x_wconf 92' lang='lat' dir='ltr'><strong>il·</strong></span> 
     </span>
     <span class='ocr_line' id='line_1_32' title="bbox 108 3181 1759 3258; baseline -0.001 -16"><span class='ocrx_word' id='word_1_459' title='bbox 108 3202 150 3258; x_wconf 90' lang='grc' dir='ltr'><strong>ττ,</strong></span> <span class='ocrx_word' id='word_1_460' title='bbox 164 3188 187 3242; x_wconf 89' lang='lat' dir='ltr'><strong>si</strong></span> <span class='ocrx_word' id='word_1_461' title='bbox 205 3193 235 3242; x_wconf 93' lang='lat' dir='ltr'><strong>ut</strong></span> <span class='ocrx_word' id='word_1_462' title='bbox 252 3186 409 3242; x_wconf 88' lang='lat' dir='ltr'><strong>necessaria</strong></span> <span class='ocrx_word' id='word_1_463' title='bbox 421 3183 455 3241; x_wconf 91' lang='lat' dir='ltr'><strong>ad</strong></span> <span class='ocrx_word' id='word_1_464' title='bbox 469 3182 587 3240; x_wconf 89' lang='lat' dir='ltr'><strong>salutem</strong></span> <span class='ocrx_word' id='word_1_465' title='bbox 602 3184 708 3256; x_wconf 84' lang='lat' dir='ltr'><strong>fierent,</strong></span> <span class='ocrx_word' id='word_1_466' title='bbox 721 3184 783 3256; x_wconf 89' lang='lat' dir='ltr'><strong>quis</strong></span> <span class='ocrx_word' id='word_1_467' title='bbox 798 3183 858 3240; x_wconf 89' lang='lat' dir='ltr'><strong>telis</strong></span> <span class='ocrx_word' id='word_1_468' title='bbox 871 3185 919 3242; x_wconf 88' lang='lat' dir='ltr'><strong>ob·</strong></span> <span class='ocrx_word' id='word_1_469' title='bbox 954 3183 1006 3240; x_wconf 87' lang='lat' dir='ltr'><strong>lom</strong></span> <span class='ocrx_word' id='word_1_470' title='bbox 1022 3183 1047 3239; x_wconf 92' lang='lat' dir='ltr'><strong>in</strong></span> <span class='ocrx_word' id='word_1_471' title='bbox 1064 3185 1181 3255; x_wconf 86' lang='lat' dir='ltr'><strong>Origene</strong></span> <span class='ocrx_word' id='word_1_472' title='bbox 1195 3181 1404 3255; x_wconf 86' lang='lat' dir='ltr'><strong>reprehendere.</strong></span> <span class='ocrx_word' id='word_1_473' title='bbox 1418 3185 1453 3240; x_wconf 79' lang='lat' dir='ltr'><strong>lit</strong></span> <span class='ocrx_word' id='word_1_474' title='bbox 1463 3185 1489 3240; x_wconf 90' lang='lat' dir='ltr'><strong>in</strong></span> <span class='ocrx_word' id='word_1_475' title='bbox 1506 3183 1642 3255; x_wconf 87' lang='lat' dir='ltr'><strong>praesenti</strong></span> <span class='ocrx_word' id='word_1_476' title='bbox 1654 3188 1759 3255; x_wconf 92' lang='lat' dir='ltr'><strong>punoto</strong></span> 
     </span>
     <span class='ocr_line' id='line_1_33' title="bbox 106 3270 1760 3347; baseline -0.002 -17"><span class='ocrx_word' id='word_1_477' title='bbox 106 3277 233 3332; x_wconf 87' lang='lat' dir='ltr'><strong>serratio</strong></span> <span class='ocrx_word' id='word_1_478' title='bbox 248 3275 405 3330; x_wconf 89' lang='lat' dir='ltr'><strong>contineret</strong></span> <span class='ocrx_word' id='word_1_479' title='bbox 416 3288 556 3340; x_wconf 85' lang='lat' dir='ltr'><strong>errorem,</strong></span> <span class='ocrx_word' id='word_1_480' title='bbox 572 3272 648 3346; x_wconf 86' lang='lat' dir='ltr'><strong>quod</strong></span> <span class='ocrx_word' id='word_1_481' title='bbox 665 3273 760 3347; x_wconf 90' lang='lat' dir='ltr'><strong>legalis</strong></span> <span class='ocrx_word' id='word_1_482' title='bbox 775 3273 866 3331; x_wconf 83' lang='lat' dir='ltr'><strong>adbuc</strong></span> <span class='ocrx_word' id='word_1_483' title='bbox 881 3274 920 3330; x_wconf 86' lang='lat' dir='ltr'><strong>ri·</strong></span> <span class='ocrx_word' id='word_1_484' title='bbox 953 3286 1085 3343; x_wconf 76' lang='lat' dir='ltr'><strong>expresse</strong></span> <span class='ocrx_word' id='word_1_485' title='bbox 1099 3272 1252 3330; x_wconf 84' lang='lat' dir='ltr'><strong>declararit</strong></span> <span class='ocrx_word' id='word_1_486' title='bbox 1263 3315 1270 3342; x_wconf 93' lang='lat'><strong>,</strong></span> <span class='ocrx_word' id='word_1_487' title='bbox 1283 3288 1336 3328; x_wconf 91' lang='lat' dir='ltr'><strong>non</strong></span> <span class='ocrx_word' id='word_1_488' title='bbox 1350 3286 1410 3330; x_wconf 89' lang='lat' dir='ltr'><strong>esse</strong></span> <span class='ocrx_word' id='word_1_489' title='bbox 1422 3274 1520 3329; x_wconf 90' lang='lat' dir='ltr'><strong>mentis</strong></span> <span class='ocrx_word' id='word_1_490' title='bbox 1537 3288 1618 3343; x_wconf 89' lang='lat' dir='ltr'><strong>suae,</strong></span> <span class='ocrx_word' id='word_1_491' title='bbox 1629 3270 1760 3344; x_wconf 84' lang='lat' dir='ltr'><strong>apostolis</strong></span> 
     </span>
     <span class='ocr_line' id='line_1_34' title="bbox 108 3360 1759 3437; baseline 0.001 -19"><span class='ocrx_word' id='word_1_492' title='bbox 108 3371 223 3433; x_wconf 76' lang='lat' dir='ltr'><strong>serent,</strong></span> <span class='ocrx_word' id='word_1_493' title='bbox 239 3370 269 3420; x_wconf 88' lang='lat' dir='ltr'><strong>et</strong></span> <span class='ocrx_word' id='word_1_494' title='bbox 281 3369 376 3420; x_wconf 90' lang='lat' dir='ltr'><strong>essent</strong></span> <span class='ocrx_word' id='word_1_495' title='bbox 388 3363 441 3419; x_wconf 92' lang='lat' dir='ltr'><strong>sub</strong></span> <span class='ocrx_word' id='word_1_496' title='bbox 456 3362 636 3435; x_wconf 85' lang='lat' dir='ltr'><strong>obligatione,</strong></span> <span class='ocrx_word' id='word_1_497' title='bbox 652 3363 789 3437; x_wconf 85' lang='lat' dir='ltr'><strong>sentitque</strong></span> <span class='ocrx_word' id='word_1_498' title='bbox 805 3366 858 3420; x_wconf 90' lang='lat' dir='ltr'><strong>iam</strong></span> <span class='ocrx_word' id='word_1_499' title='bbox 873 3363 919 3420; x_wconf 91' lang='lat' dir='ltr'><strong>ilio</strong></span> <span class='ocrx_word' id='word_1_500' title='bbox 954 3362 1074 3419; x_wconf 90' lang='lat' dir='ltr'><strong>tribuere</strong></span> <span class='ocrx_word' id='word_1_501' title='bbox 1085 3361 1243 3419; x_wconf 82' lang='lat' dir='ltr'><strong>officiosum</strong></span> <span class='ocrx_word' id='word_1_502' title='bbox 1258 3360 1448 3434; x_wconf 71' lang='lat' dir='ltr'><strong>mendacium,</strong></span> <span class='ocrx_word' id='word_1_503' title='bbox 1461 3376 1527 3435; x_wconf 87' lang='lat' dir='ltr'><strong>ergo</strong></span> <span class='ocrx_word' id='word_1_504' title='bbox 1543 3367 1641 3419; x_wconf 82' lang='lat' dir='ltr'><strong>centm</strong></span> <span class='ocrx_word' id='word_1_505' title='bbox 1651 3376 1759 3420; x_wconf 84' lang='lat' dir='ltr'><strong>omnem</strong></span> 
     </span>
     <span class='ocr_line' id='line_1_35' title="bbox 108 3449 1758 3527; baseline -0.001 -19"><span class='ocrx_word' id='word_1_506' title='bbox 108 3459 234 3524; x_wconf 89' lang='lat' dir='ltr'><strong>tempore</strong></span> <span class='ocrx_word' id='word_1_507' title='bbox 253 3452 337 3508; x_wconf 87' lang='lat' dir='ltr'><strong>luisse</strong></span> <span class='ocrx_word' id='word_1_508' title='bbox 356 3452 542 3523; x_wconf 86' lang='lat' dir='ltr'><strong>perniciosum</strong></span> <span class='ocrx_word' id='word_1_509' title='bbox 559 3467 695 3509; x_wconf 88' lang='lat' dir='ltr'><strong>errorem.</strong></span> <span class='ocrx_word' id='word_1_510' title='bbox 711 3451 794 3525; x_wconf 81' lang='lat' dir='ltr'><strong>idque</strong></span> <span class='ocrx_word' id='word_1_511' title='bbox 815 3452 921 3527; x_wconf 78' lang='lat' dir='ltr'><strong>colligit</strong></span> <span class='ocrx_word' id='word_1_512' title='bbox 952 3453 1088 3509; x_wconf 88' lang='lat' dir='ltr'><strong>rationem</strong></span> <span class='ocrx_word' id='word_1_513' title='bbox 1111 3459 1171 3520; x_wconf 88' lang='lat' dir='ltr'><strong>eet,</strong></span> <span class='ocrx_word' id='word_1_514' title='bbox 1195 3450 1273 3508; x_wconf 89' lang='lat' dir='ltr'><strong>illum</strong></span> <span class='ocrx_word' id='word_1_515' title='bbox 1297 3451 1413 3507; x_wconf 87' lang='lat' dir='ltr'><strong>inritum</strong></span> <span class='ocrx_word' id='word_1_516' title='bbox 1439 3451 1529 3508; x_wconf 89' lang='lat' dir='ltr'><strong>lacere</strong></span> <span class='ocrx_word' id='word_1_517' title='bbox 1548 3449 1758 3524; x_wconf 87' lang='lat' dir='ltr'><strong>approbatorem</strong></span> 
     </span>
     <span class='ocr_line' id='line_1_36' title="bbox 106 3538 1759 3615; baseline -0.002 -16"><span class='ocrx_word' id='word_1_518' title='bbox 106 3559 140 3600; x_wconf 86' lang='lat' dir='ltr'><strong>ex</strong></span> <span class='ocrx_word' id='word_1_519' title='bbox 155 3541 243 3599; x_wconf 84' lang='lat' dir='ltr'><strong>Paulo</strong></span> <span class='ocrx_word' id='word_1_520' title='bbox 257 3541 293 3597; x_wconf 87' lang='lat' dir='ltr'><strong>ad</strong></span> <span class='ocrx_word' id='word_1_521' title='bbox 306 3539 394 3598; x_wconf 85' lang='lat' dir='ltr'><strong>Galat.</strong></span> <span class='ocrx_word' id='word_1_522' title='bbox 409 3546 436 3599; x_wconf 82' lang='lat'><strong>5.</strong></span> <span class='ocrx_word' id='word_1_523' title='bbox 453 3541 576 3598; x_wconf 86' lang='lat' dir='ltr'><strong>dicente:</strong></span> <span class='ocrx_word' id='word_1_524' title='bbox 593 3545 628 3599; x_wconf 86' lang='lat' dir='ltr'><strong>Si</strong></span> <span class='ocrx_word' id='word_1_525' title='bbox 646 3541 919 3615; x_wconf 70' lang='lat' dir='ltr'><strong>ebcumeidoms&#39;nt,</strong></span> <span class='ocrx_word' id='word_1_526' title='bbox 954 3540 1101 3598; x_wconf 84' lang='lat' dir='ltr'><strong>mendacii.</strong></span> <span class='ocrx_word' id='word_1_527' title='bbox 1119 3543 1298 3612; x_wconf 78' lang='lat' dir='ltr'><strong>desumptum</strong></span> <span class='ocrx_word' id='word_1_528' title='bbox 1313 3546 1387 3612; x_wconf 91' lang='lat' dir='ltr'><strong>patet</strong></span> <span class='ocrx_word' id='word_1_529' title='bbox 1400 3556 1433 3598; x_wconf 88' lang='lat' dir='ltr'><strong>ert</strong></span> <span class='ocrx_word' id='word_1_530' title='bbox 1452 3540 1527 3598; x_wconf 88' lang='lat' dir='ltr'><strong>dicte</strong></span> <span class='ocrx_word' id='word_1_531' title='bbox 1544 3542 1627 3613; x_wconf 90' lang='lat' dir='ltr'><strong>epist.</strong></span> <span class='ocrx_word' id='word_1_532' title='bbox 1643 3543 1698 3610; x_wconf 86' lang='grc'><strong>89,</strong></span> <span class='ocrx_word' id='word_1_533' title='bbox 1713 3538 1759 3596; x_wconf 90' lang='lat' dir='ltr'><strong>ubi</strong></span> 
     </span>
     <span class='ocr_line' id='line_1_37' title="bbox 111 3625 1761 3706; baseline -0.002 -17"><span class='ocrx_word' id='word_1_534' title='bbox 111 3633 255 3689; x_wconf 77' lang='lat' dir='ltr'><strong>Christos</strong></span> <span class='ocrx_word' id='word_1_535' title='bbox 268 3629 347 3687; x_wconf 86' lang='lat' dir='ltr'><strong>oobts</strong></span> <span class='ocrx_word' id='word_1_536' title='bbox 360 3630 436 3689; x_wconf 79' lang='lat' dir='ltr'><strong>aiud</strong></span> <span class='ocrx_word' id='word_1_537' title='bbox 446 3629 592 3705; x_wconf 87' lang='lat' dir='ltr'><strong>proderit.</strong></span> <span class='ocrx_word' id='word_1_538' title='bbox 608 3632 687 3700; x_wconf 86' lang='lat' dir='ltr'><strong>Quod</strong></span> <span class='ocrx_word' id='word_1_539' title='bbox 701 3649 754 3690; x_wconf 90' lang='lat' dir='ltr'><strong>oon</strong></span> <span class='ocrx_word' id='word_1_540' title='bbox 768 3635 860 3706; x_wconf 89' lang='lat' dir='ltr'><strong>potuit</strong></span> <span class='ocrx_word' id='word_1_541' title='bbox 878 3635 919 3688; x_wconf 90' lang='lat' dir='ltr'><strong>in·</strong></span> <span class='ocrx_word' id='word_1_542' title='bbox 954 3629 987 3686; x_wconf 87' lang='lat' dir='ltr'><strong>etl</strong></span> <span class='ocrx_word' id='word_1_543' title='bbox 1002 3629 1188 3703; x_wconf 76' lang='lat' dir='ltr'><strong>Augustinum</strong></span> <span class='ocrx_word' id='word_1_544' title='bbox 1203 3629 1367 3699; x_wconf 88' lang='lat' dir='ltr'><strong>respondet:</strong></span> <span class='ocrx_word' id='word_1_545' title='bbox 1381 3627 1624 3703; x_wconf 73' lang='lat' dir='ltr'><strong>Nonofficiosons</strong></span> <span class='ocrx_word' id='word_1_546' title='bbox 1637 3625 1761 3686; x_wconf 82' lang='lat' dir='ltr'><strong>mendo·</strong></span> 
     </span>
     <span class='ocr_line' id='line_1_38' title="bbox 108 3716 1761 3795; baseline -0.002 -17"><span class='ocrx_word' id='word_1_547' title='bbox 108 3719 232 3794; x_wconf 77' lang='lat' dir='ltr'><strong>[elligere</strong></span> <span class='ocrx_word' id='word_1_548' title='bbox 247 3719 350 3776; x_wconf 82' lang='lat' dir='ltr'><strong>Paulus</strong></span> <span class='ocrx_word' id='word_1_549' title='bbox 364 3719 397 3778; x_wconf 91' lang='lat' dir='ltr'><strong>de</strong></span> <span class='ocrx_word' id='word_1_550' title='bbox 411 3721 625 3778; x_wconf 86' lang='lat' dir='ltr'><strong>circumcisione</strong></span> <span class='ocrx_word' id='word_1_551' title='bbox 642 3737 822 3795; x_wconf 82' lang='lat' dir='ltr'><strong>quecumque</strong></span> <span class='ocrx_word' id='word_1_552' title='bbox 837 3722 918 3780; x_wconf 94' lang='lat' dir='ltr'><strong>modo</strong></span> <span class='ocrx_word' id='word_1_553' title='bbox 954 3723 1052 3785; x_wconf 73' lang='lat' dir='ltr'><strong>mom,</strong></span> <span class='ocrx_word' id='word_1_554' title='bbox 1069 3724 1103 3775; x_wconf 85' lang='lat' dir='ltr'><strong>ut</strong></span> <span class='ocrx_word' id='word_1_555' title='bbox 1116 3723 1149 3776; x_wconf 83' lang='lat' dir='ltr'><strong>tu</strong></span> <span class='ocrx_word' id='word_1_556' title='bbox 1162 3717 1251 3781; x_wconf 84' lang='lat' dir='ltr'><strong>dtois,</strong></span> <span class='ocrx_word' id='word_1_557' title='bbox 1269 3716 1321 3774; x_wconf 87' lang='lat' dir='ltr'><strong>sed</strong></span> <span class='ocrx_word' id='word_1_558' title='bbox 1334 3719 1490 3777; x_wconf 84' lang='lat' dir='ltr'><strong>bonestcrrs</strong></span> <span class='ocrx_word' id='word_1_559' title='bbox 1510 3717 1761 3793; x_wconf 67' lang='lat' dir='ltr'><strong>commotum</strong></span> 
     </span>
     <span class='ocr_line' id='line_1_39' title="bbox 108 3807 1758 3884; baseline -0.003 -18"><span class='ocrx_word' id='word_1_560' title='bbox 108 3817 234 3883; x_wconf 87' lang='lat' dir='ltr'><strong>sumpta,</strong></span> <span class='ocrx_word' id='word_1_561' title='bbox 246 3809 313 3866; x_wconf 86' lang='lat' dir='ltr'><strong>olias</strong></span> <span class='ocrx_word' id='word_1_562' title='bbox 325 3811 385 3867; x_wconf 91' lang='lat' dir='ltr'><strong>eius</strong></span> <span class='ocrx_word' id='word_1_563' title='bbox 399 3810 551 3882; x_wconf 89' lang='lat' dir='ltr'><strong>propositio</strong></span> <span class='ocrx_word' id='word_1_564' title='bbox 564 3826 617 3869; x_wconf 89' lang='lat' dir='ltr'><strong>noo</strong></span> <span class='ocrx_word' id='word_1_565' title='bbox 632 3812 730 3868; x_wconf 91' lang='lat' dir='ltr'><strong>luisset</strong></span> <span class='ocrx_word' id='word_1_566' title='bbox 740 3828 789 3884; x_wconf 92' lang='lat' dir='ltr'><strong>pro</strong></span> <span class='ocrx_word' id='word_1_567' title='bbox 802 3827 836 3870; x_wconf 92' lang='lat' dir='ltr'><strong>eo</strong></span> <span class='ocrx_word' id='word_1_568' title='bbox 851 3819 919 3870; x_wconf 85' lang='lat' dir='ltr'><strong>tem·</strong></span> <span class='ocrx_word' id='word_1_569' title='bbox 953 3808 1147 3866; x_wconf 82' lang='lat' dir='ltr'><strong>ostendentes.</strong></span> <span class='ocrx_word' id='word_1_570' title='bbox 1169 3809 1205 3866; x_wconf 85' lang='lat' dir='ltr'><strong>Ht</strong></span> <span class='ocrx_word' id='word_1_571' title='bbox 1222 3809 1348 3882; x_wconf 85' lang='lat' dir='ltr'><strong>quamvis</strong></span> <span class='ocrx_word' id='word_1_572' title='bbox 1367 3810 1541 3882; x_wconf 72' lang='lat' dir='ltr'><strong>Augustinus</strong></span> <span class='ocrx_word' id='word_1_573' title='bbox 1565 3809 1590 3865; x_wconf 90' lang='lat' dir='ltr'><strong>in</strong></span> <span class='ocrx_word' id='word_1_574' title='bbox 1610 3807 1690 3880; x_wconf 91' lang='lat' dir='ltr'><strong>epist.</strong></span> <span class='ocrx_word' id='word_1_575' title='bbox 1711 3811 1758 3866; x_wconf 76' lang='grc'><strong>95.</strong></span> 
     </span>
     <span class='ocr_line' id='line_1_40' title="bbox 108 3897 1760 3973; baseline -0.003 -16"><span class='ocrx_word' id='word_1_576' title='bbox 108 3915 175 3972; x_wconf 87' lang='grc' dir='ltr'>ροτε</span> <span class='ocrx_word' id='word_1_577' title='bbox 192 3899 385 3956; x_wconf 83' lang='grc' dir='ltr'>ττ1τετττ111ετ</span> <span class='ocrx_word' id='word_1_578' title='bbox 399 3915 474 3970; x_wconf 74' lang='lat' dir='ltr'><strong>rere,</strong></span> <span class='ocrx_word' id='word_1_579' title='bbox 488 3914 550 3956; x_wconf 92' lang='lat' dir='ltr'><strong>nam</strong></span> <span class='ocrx_word' id='word_1_580' title='bbox 565 3901 623 3972; x_wconf 89' lang='lat' dir='ltr'><strong>ipse</strong></span> <span class='ocrx_word' id='word_1_581' title='bbox 637 3900 813 3958; x_wconf 87' lang='lat' dir='ltr'><strong>circumcidit</strong></span> <span class='ocrx_word' id='word_1_582' title='bbox 829 3903 921 3958; x_wconf 88' lang='lat' dir='ltr'><strong>Timo·</strong></span> <span class='ocrx_word' id='word_1_583' title='bbox 954 3898 1027 3969; x_wconf 89' lang='lat' dir='ltr'><strong>apud</strong></span> <span class='ocrx_word' id='word_1_584' title='bbox 1045 3899 1204 3973; x_wconf 88' lang='lat' dir='ltr'><strong>Hieronym.</strong></span> <span class='ocrx_word' id='word_1_585' title='bbox 1220 3906 1247 3954; x_wconf 90' lang='lat' dir='ltr'><strong>et</strong></span> <span class='ocrx_word' id='word_1_586' title='bbox 1265 3903 1309 3958; x_wconf 79' lang='grc'><strong>19,</strong></span> <span class='ocrx_word' id='word_1_587' title='bbox 1325 3897 1393 3955; x_wconf 88' lang='grc' dir='ltr'>1τιετ</span> <span class='ocrx_word' id='word_1_588' title='bbox 1412 3914 1495 3968; x_wconf 89' lang='lat' dir='ltr'><strong>sues,</strong></span> <span class='ocrx_word' id='word_1_589' title='bbox 1513 3897 1644 3972; x_wconf 87' lang='lat' dir='ltr'><strong>replicet,</strong></span> <span class='ocrx_word' id='word_1_590' title='bbox 1658 3913 1688 3956; x_wconf 90' lang='lat' dir='ltr'><strong>se</strong></span> <span class='ocrx_word' id='word_1_591' title='bbox 1706 3912 1760 3957; x_wconf 90' lang='lat' dir='ltr'><strong>ooo</strong></span> 
     </span>
     <span class='ocr_line' id='line_1_41' title="bbox 107 3985 1762 4064; baseline -0.002 -18"><span class='ocrx_word' id='word_1_592' title='bbox 107 3990 217 4062; x_wconf 92' lang='lat' dir='ltr'><strong>tbeum,</strong></span> <span class='ocrx_word' id='word_1_593' title='bbox 227 3997 257 4048; x_wconf 89' lang='lat' dir='ltr'><strong>et</strong></span> <span class='ocrx_word' id='word_1_594' title='bbox 269 3988 377 4046; x_wconf 89' lang='lat' dir='ltr'><strong>nullum</strong></span> <span class='ocrx_word' id='word_1_595' title='bbox 390 3991 484 4062; x_wconf 92' lang='lat' dir='ltr'><strong>posuit</strong></span> <span class='ocrx_word' id='word_1_596' title='bbox 494 3988 533 4045; x_wconf 94' lang='lat' dir='ltr'><strong>illi</strong></span> <span class='ocrx_word' id='word_1_597' title='bbox 546 3989 666 4061; x_wconf 85' lang='lat' dir='ltr'><strong>obicem,</strong></span> <span class='ocrx_word' id='word_1_598' title='bbox 678 3993 828 4064; x_wconf 87' lang='lat' dir='ltr'><strong>quominus</strong></span> <span class='ocrx_word' id='word_1_599' title='bbox 841 3992 919 4048; x_wconf 86' lang='lat' dir='ltr'><strong>Chri·</strong></span> <span class='ocrx_word' id='word_1_600' title='bbox 953 3986 1123 4062; x_wconf 87' lang='lat' dir='ltr'><strong>intelligere,</strong></span> <span class='ocrx_word' id='word_1_601' title='bbox 1139 3987 1207 4060; x_wconf 86' lang='lat' dir='ltr'><strong>quid</strong></span> <span class='ocrx_word' id='word_1_602' title='bbox 1223 3988 1258 4044; x_wconf 91' lang='lat' dir='ltr'><strong>sit</strong></span> <span class='ocrx_word' id='word_1_603' title='bbox 1270 4001 1308 4044; x_wconf 79' lang='lat' dir='ltr'><strong>eoo</strong></span> <span class='ocrx_word' id='word_1_604' title='bbox 1322 3985 1559 4062; x_wconf 79' lang='lat' dir='ltr'><strong>dispensatione,</strong></span> <span class='ocrx_word' id='word_1_605' title='bbox 1577 3987 1633 4044; x_wconf 84' lang='lat' dir='ltr'><strong>oisc</strong></span> <span class='ocrx_word' id='word_1_606' title='bbox 1643 3985 1762 4062; x_wconf 68' lang='lat' dir='ltr'><strong>stirpem</strong></span> 
     </span>
     <span class='ocr_line' id='line_1_42' title="bbox 107 4075 1762 4153; baseline 0 -19"><span class='ocrx_word' id='word_1_607' title='bbox 107 4086 168 4136; x_wconf 87' lang='lat' dir='ltr'><strong>stus</strong></span> <span class='ocrx_word' id='word_1_608' title='bbox 183 4079 223 4136; x_wconf 91' lang='lat' dir='ltr'><strong>illi</strong></span> <span class='ocrx_word' id='word_1_609' title='bbox 243 4077 396 4152; x_wconf 87' lang='lat' dir='ltr'><strong>prodesset.</strong></span> <span class='ocrx_word' id='word_1_610' title='bbox 412 4080 485 4153; x_wconf 83' lang='lat' dir='ltr'><strong>Ergo</strong></span> <span class='ocrx_word' id='word_1_611' title='bbox 508 4078 631 4151; x_wconf 89' lang='lat' dir='ltr'><strong>loquitur</strong></span> <span class='ocrx_word' id='word_1_612' title='bbox 650 4079 684 4136; x_wconf 93' lang='lat' dir='ltr'><strong>de</strong></span> <span class='ocrx_word' id='word_1_613' title='bbox 707 4080 920 4137; x_wconf 81' lang='lat' dir='ltr'><strong>circumcisione</strong></span> <span class='ocrx_word' id='word_1_614' title='bbox 953 4079 1049 4136; x_wconf 82' lang='lat' dir='ltr'><strong>sotice</strong></span> <span class='ocrx_word' id='word_1_615' title='bbox 1065 4075 1225 4142; x_wconf 83' lang='lat' dir='ltr'><strong>simulare,</strong></span> <span class='ocrx_word' id='word_1_616' title='bbox 1243 4078 1346 4136; x_wconf 90' lang='lat' dir='ltr'><strong>nisiex</strong></span> <span class='ocrx_word' id='word_1_617' title='bbox 1364 4077 1566 4150; x_wconf 87' lang='lat' dir='ltr'><strong>dispensatione</strong></span> <span class='ocrx_word' id='word_1_618' title='bbox 1584 4077 1707 4145; x_wconf 88' lang='lat' dir='ltr'><strong>mentiri,</strong></span> <span class='ocrx_word' id='word_1_619' title='bbox 1722 4076 1762 4134; x_wconf 90' lang='lat' dir='ltr'><strong>ni·</strong></span> 
     </span>
     <span class='ocr_line' id='line_1_43' title="bbox 105 4165 1760 4242; baseline -0.001 -18"><span class='ocrx_word' id='word_1_620' title='bbox 105 4175 253 4240; x_wconf 85' lang='lat' dir='ltr'><strong>assumpta</strong></span> <span class='ocrx_word' id='word_1_621' title='bbox 264 4173 296 4225; x_wconf 91' lang='lat' dir='ltr'><strong>ut</strong></span> <span class='ocrx_word' id='word_1_622' title='bbox 309 4169 466 4224; x_wconf 90' lang='lat' dir='ltr'><strong>necessarie</strong></span> <span class='ocrx_word' id='word_1_623' title='bbox 479 4166 513 4223; x_wconf 90' lang='lat' dir='ltr'><strong>nd</strong></span> <span class='ocrx_word' id='word_1_624' title='bbox 528 4166 654 4238; x_wconf 88' lang='lat' dir='ltr'><strong>salutem,</strong></span> <span class='ocrx_word' id='word_1_625' title='bbox 666 4175 694 4225; x_wconf 88' lang='lat' dir='ltr'><strong>et</strong></span> <span class='ocrx_word' id='word_1_626' title='bbox 708 4167 761 4225; x_wconf 90' lang='lat' dir='ltr'><strong>boo</strong></span> <span class='ocrx_word' id='word_1_627' title='bbox 777 4167 919 4226; x_wconf 86' lang='lat' dir='ltr'><strong>declarant</strong></span> <span class='ocrx_word' id='word_1_628' title='bbox 954 4165 1102 4224; x_wconf 92' lang='lat' dir='ltr'><strong>bilominus</strong></span> <span class='ocrx_word' id='word_1_629' title='bbox 1123 4168 1181 4224; x_wconf 88' lang='lat' dir='ltr'><strong>sine</strong></span> <span class='ocrx_word' id='word_1_630' title='bbox 1201 4165 1286 4224; x_wconf 90' lang='lat' dir='ltr'><strong>dubio</strong></span> <span class='ocrx_word' id='word_1_631' title='bbox 1304 4181 1358 4223; x_wconf 89' lang='lat' dir='ltr'><strong>non</strong></span> <span class='ocrx_word' id='word_1_632' title='bbox 1373 4166 1425 4225; x_wconf 92' lang='lat' dir='ltr'><strong>luit</strong></span> <span class='ocrx_word' id='word_1_633' title='bbox 1439 4167 1484 4225; x_wconf 89' lang='lat' dir='ltr'><strong>illa</strong></span> <span class='ocrx_word' id='word_1_634' title='bbox 1498 4183 1578 4226; x_wconf 87' lang='lat' dir='ltr'><strong>mens</strong></span> <span class='ocrx_word' id='word_1_635' title='bbox 1591 4166 1760 4242; x_wconf 89' lang='lat' dir='ltr'><strong>Hieronymi,</strong></span> 
     </span>
     <span class='ocr_line' id='line_1_44' title="bbox 106 4254 1760 4334; baseline -0.002 -18"><span class='ocrx_word' id='word_1_636' title='bbox 106 4258 302 4331; x_wconf 86' lang='lat' dir='ltr'><strong>praecedentia</strong></span> <span class='ocrx_word' id='word_1_637' title='bbox 316 4257 415 4314; x_wconf 83' lang='lat' dir='ltr'><strong>verbe:</strong></span> <span class='ocrx_word' id='word_1_638' title='bbox 439 4254 535 4314; x_wconf 86' lang='lat' dir='ltr'><strong>Nolite</strong></span> <span class='ocrx_word' id='word_1_639' title='bbox 554 4260 661 4313; x_wconf 65' lang='lat' dir='ltr'><strong>mount</strong></span> <span class='ocrx_word' id='word_1_640' title='bbox 675 4261 745 4330; x_wconf 82' lang='lat' dir='ltr'><strong>lupo</strong></span> <span class='ocrx_word' id='word_1_641' title='bbox 769 4261 918 4316; x_wconf 68' lang='lat' dir='ltr'><strong>remundis</strong></span> <span class='ocrx_word' id='word_1_642' title='bbox 952 4257 1055 4331; x_wconf 86' lang='lat' dir='ltr'><strong>alioqui</strong></span> <span class='ocrx_word' id='word_1_643' title='bbox 1076 4257 1258 4334; x_wconf 79' lang='lat' dir='ltr'><strong>repugnantia</strong></span> <span class='ocrx_word' id='word_1_644' title='bbox 1276 4256 1398 4315; x_wconf 84' lang='lat' dir='ltr'><strong>dixisset.</strong></span> <span class='ocrx_word' id='word_1_645' title='bbox 1419 4259 1453 4316; x_wconf 84' lang='lat' dir='ltr'><strong>Et</strong></span> <span class='ocrx_word' id='word_1_646' title='bbox 1471 4257 1532 4317; x_wconf 89' lang='lat' dir='ltr'><strong>ideo</strong></span> <span class='ocrx_word' id='word_1_647' title='bbox 1550 4257 1641 4315; x_wconf 82' lang='lat' dir='ltr'><strong>nourr</strong></span> <span class='ocrx_word' id='word_1_648' title='bbox 1663 4271 1760 4328; x_wconf 90' lang='lat' dir='ltr'><strong>supra,</strong></span> 
     </span>
     <span class='ocr_line' id='line_1_45' title="bbox 105 4345 1760 4420; baseline 0 -17"><span class='ocrx_word' id='word_1_649' title='bbox 105 4349 268 4414; x_wconf 82' lang='lat' dir='ltr'><strong>contineri,</strong></span> <span class='ocrx_word' id='word_1_650' title='bbox 286 4353 314 4403; x_wconf 90' lang='lat' dir='ltr'><strong>et</strong></span> <span class='ocrx_word' id='word_1_651' title='bbox 328 4345 390 4418; x_wconf 90' lang='lat' dir='ltr'><strong>elis,</strong></span> <span class='ocrx_word' id='word_1_652' title='bbox 406 4361 478 4420; x_wconf 87' lang='lat' dir='ltr'><strong>queo</strong></span> <span class='ocrx_word' id='word_1_653' title='bbox 492 4352 663 4419; x_wconf 83' lang='lat' dir='ltr'><strong>sequuntur:</strong></span> <span class='ocrx_word' id='word_1_654' title='bbox 683 4351 837 4406; x_wconf 80' lang='lat' dir='ltr'><strong>Enoessoti</strong></span> <span class='ocrx_word' id='word_1_655' title='bbox 849 4351 918 4406; x_wconf 87' lang='lat' dir='ltr'><strong>estis</strong></span> <span class='ocrx_word' id='word_1_656' title='bbox 953 4361 1007 4402; x_wconf 90' lang='lat' dir='ltr'><strong>non</strong></span> <span class='ocrx_word' id='word_1_657' title='bbox 1023 4348 1167 4419; x_wconf 80' lang='lat' dir='ltr'><strong>accepisse</strong></span> <span class='ocrx_word' id='word_1_658' title='bbox 1183 4346 1414 4420; x_wconf 88' lang='lat' dir='ltr'><strong>dispensationem</strong></span> <span class='ocrx_word' id='word_1_659' title='bbox 1429 4364 1480 4420; x_wconf 89' lang='lat' dir='ltr'><strong>pro</strong></span> <span class='ocrx_word' id='word_1_660' title='bbox 1500 4348 1666 4407; x_wconf 82' lang='lat' dir='ltr'><strong>relaxatione</strong></span> <span class='ocrx_word' id='word_1_661' title='bbox 1681 4345 1760 4420; x_wconf 85' lang='lat' dir='ltr'><strong>legis,</strong></span> 
     </span>
     <span class='ocr_line' id='line_1_46' title="bbox 104 4434 1762 4510; baseline 0 -16"><span class='ocrx_word' id='word_1_662' title='bbox 104 4453 126 4494; x_wconf 86' lang='lat' dir='ltr'><strong>o</strong></span> <span class='ocrx_word' id='word_1_663' title='bbox 143 4438 280 4500; x_wconf 71' lang='lat' dir='ltr'><strong>Christo,</strong></span> <span class='ocrx_word' id='word_1_664' title='bbox 298 4441 348 4509; x_wconf 81' lang='lat' dir='ltr'><strong>qut</strong></span> <span class='ocrx_word' id='word_1_665' title='bbox 359 4439 391 4493; x_wconf 88' lang='lat' dir='ltr'><strong>trs</strong></span> <span class='ocrx_word' id='word_1_666' title='bbox 403 4435 466 4508; x_wconf 75' lang='lat' dir='ltr'><strong>lege</strong></span> <span class='ocrx_word' id='word_1_667' title='bbox 479 4434 712 4508; x_wconf 57' lang='lat' dir='ltr'><strong>insidiamini,</strong></span> <span class='ocrx_word' id='word_1_668' title='bbox 732 4436 758 4494; x_wconf 91' lang='lat' dir='ltr'><strong>id</strong></span> <span class='ocrx_word' id='word_1_669' title='bbox 772 4444 816 4494; x_wconf 90' lang='lat' dir='ltr'><strong>est</strong></span> <span class='ocrx_word' id='word_1_670' title='bbox 828 4439 855 4494; x_wconf 90' lang='lat' dir='ltr'><strong>in</strong></span> <span class='ocrx_word' id='word_1_671' title='bbox 869 4437 918 4495; x_wconf 92' lang='lat' dir='ltr'><strong>ob·</strong></span> <span class='ocrx_word' id='word_1_672' title='bbox 953 4436 1001 4494; x_wconf 89' lang='lat' dir='ltr'><strong>sed</strong></span> <span class='ocrx_word' id='word_1_673' title='bbox 1021 4453 1072 4510; x_wconf 90' lang='lat' dir='ltr'><strong>pro</strong></span> <span class='ocrx_word' id='word_1_674' title='bbox 1099 4435 1229 4509; x_wconf 87' lang='lat' dir='ltr'><strong>prudenti</strong></span> <span class='ocrx_word' id='word_1_675' title='bbox 1250 4436 1505 4510; x_wconf 88' lang='lat' dir='ltr'><strong>administratione,</strong></span> <span class='ocrx_word' id='word_1_676' title='bbox 1528 4445 1557 4496; x_wconf 89' lang='lat' dir='ltr'><strong>et</strong></span> <span class='ocrx_word' id='word_1_677' title='bbox 1577 4443 1660 4496; x_wconf 88' lang='lat' dir='ltr'><strong>cauto</strong></span> <span class='ocrx_word' id='word_1_678' title='bbox 1680 4435 1762 4494; x_wconf 90' lang='lat' dir='ltr'><strong>modo</strong></span> 
     </span>
     <span class='ocr_line' id='line_1_47' title="bbox 106 4524 1759 4602; baseline -0.001 -19"><span class='ocrx_word' id='word_1_679' title='bbox 106 4528 261 4584; x_wconf 80' lang='lat' dir='ltr'><strong>servatione</strong></span> <span class='ocrx_word' id='word_1_680' title='bbox 277 4525 345 4598; x_wconf 87' lang='lat' dir='ltr'><strong>legis</strong></span> <span class='ocrx_word' id='word_1_681' title='bbox 360 4531 490 4598; x_wconf 89' lang='lat' dir='ltr'><strong>tanquam</strong></span> <span class='ocrx_word' id='word_1_682' title='bbox 505 4526 661 4584; x_wconf 85' lang='lat' dir='ltr'><strong>necessaria</strong></span> <span class='ocrx_word' id='word_1_683' title='bbox 674 4524 709 4582; x_wconf 90' lang='lat' dir='ltr'><strong>sd</strong></span> <span class='ocrx_word' id='word_1_684' title='bbox 726 4526 853 4584; x_wconf 90' lang='lat' dir='ltr'><strong>salutem.</strong></span> <span class='ocrx_word' id='word_1_685' title='bbox 870 4530 919 4584; x_wconf 79' lang='lat' dir='ltr'><strong>lt·</strong></span> <span class='ocrx_word' id='word_1_686' title='bbox 952 4527 1094 4600; x_wconf 90' lang='lat' dir='ltr'><strong>operandi.</strong></span> <span class='ocrx_word' id='word_1_687' title='bbox 1107 4525 1184 4586; x_wconf 88' lang='lat' dir='ltr'><strong>Unde</strong></span> <span class='ocrx_word' id='word_1_688' title='bbox 1194 4527 1276 4585; x_wconf 87' lang='lat' dir='ltr'><strong>etiam</strong></span> <span class='ocrx_word' id='word_1_689' title='bbox 1287 4527 1316 4585; x_wconf 93' lang='lat' dir='ltr'><strong>d.</strong></span> <span class='ocrx_word' id='word_1_690' title='bbox 1327 4526 1445 4585; x_wconf 87' lang='lat' dir='ltr'><strong>&#39;lbornas</strong></span> <span class='ocrx_word' id='word_1_691' title='bbox 1456 4526 1532 4586; x_wconf 89' lang='lat' dir='ltr'><strong>dicta</strong></span> <span class='ocrx_word' id='word_1_692' title='bbox 1542 4543 1572 4602; x_wconf 88' lang='lat' dir='ltr'><strong>q.</strong></span> <span class='ocrx_word' id='word_1_693' title='bbox 1590 4530 1653 4596; x_wconf 89' lang='grc'><strong>111,</strong></span> <span class='ocrx_word' id='word_1_694' title='bbox 1665 4531 1717 4583; x_wconf 90' lang='lat' dir='ltr'><strong>nrt.</strong></span> <span class='ocrx_word' id='word_1_695' title='bbox 1735 4529 1759 4584; x_wconf 91' lang='lat' dir='ltr'><strong>t.</strong></span> 
     </span>
     <span class='ocr_line' id='line_1_48' title="bbox 104 4614 1762 4693; baseline -0.002 -18"><span class='ocrx_word' id='word_1_696' title='bbox 104 4633 162 4691; x_wconf 82' lang='lat' dir='ltr'><strong>que</strong></span> <span class='ocrx_word' id='word_1_697' title='bbox 176 4617 215 4675; x_wconf 85' lang='lat' dir='ltr'><strong>ita</strong></span> <span class='ocrx_word' id='word_1_698' title='bbox 232 4615 384 4690; x_wconf 88' lang='lat' dir='ltr'><strong>propositio</strong></span> <span class='ocrx_word' id='word_1_699' title='bbox 398 4615 466 4672; x_wconf 88' lang='lat' dir='ltr'><strong>base</strong></span> <span class='ocrx_word' id='word_1_700' title='bbox 485 4616 630 4688; x_wconf 71' lang='lat' dir='ltr'><strong>Augustini</strong></span> <span class='ocrx_word' id='word_1_701' title='bbox 645 4616 787 4673; x_wconf 86' lang='lat' dir='ltr'><strong>serissima</strong></span> <span class='ocrx_word' id='word_1_702' title='bbox 806 4625 860 4674; x_wconf 88' lang='lat' dir='ltr'><strong>est.</strong></span> <span class='ocrx_word' id='word_1_703' title='bbox 876 4619 918 4673; x_wconf 76' lang='lat' dir='ltr'><strong>Ao</strong></span> <span class='ocrx_word' id='word_1_704' title='bbox 952 4619 1037 4690; x_wconf 81' lang='lat' dir='ltr'><strong>dixit,</strong></span> <span class='ocrx_word' id='word_1_705' title='bbox 1053 4619 1253 4693; x_wconf 88' lang='lat' dir='ltr'><strong>Hieronymum</strong></span> <span class='ocrx_word' id='word_1_706' title='bbox 1274 4633 1356 4675; x_wconf 89' lang='lat' dir='ltr'><strong>usum</strong></span> <span class='ocrx_word' id='word_1_707' title='bbox 1370 4633 1433 4677; x_wconf 86' lang='lat' dir='ltr'><strong>esse</strong></span> <span class='ocrx_word' id='word_1_708' title='bbox 1454 4617 1509 4677; x_wconf 90' lang='lat' dir='ltr'><strong>late</strong></span> <span class='ocrx_word' id='word_1_709' title='bbox 1528 4616 1636 4676; x_wconf 88' lang='lat' dir='ltr'><strong>nomine</strong></span> <span class='ocrx_word' id='word_1_710' title='bbox 1650 4614 1762 4672; x_wconf 89' lang='lat' dir='ltr'><strong>simula·</strong></span> 
     </span>
     <span class='ocr_line' id='line_1_49' title="bbox 105 4702 1430 4786; baseline 0.002 -24"><span class='ocrx_word' id='word_1_711' title='bbox 105 4724 171 4765; x_wconf 84' lang='lat' dir='ltr'><strong>vero</strong></span> <span class='ocrx_word' id='word_1_712' title='bbox 185 4708 223 4762; x_wconf 90' lang='lat' dir='ltr'><strong>sit</strong></span> <span class='ocrx_word' id='word_1_713' title='bbox 242 4711 320 4761; x_wconf 90' lang='lat' dir='ltr'><strong>certa</strong></span> <span class='ocrx_word' id='word_1_714' title='bbox 334 4702 367 4760; x_wconf 92' lang='lat' dir='ltr'><strong>ds</strong></span> <span class='ocrx_word' id='word_1_715' title='bbox 387 4703 454 4786; x_wconf 83' lang='lat' dir='ltr'><strong>lide,</strong></span> <span class='ocrx_word' id='word_1_716' title='bbox 475 4710 508 4762; x_wconf 89' lang='lat' dir='ltr'><strong>ut</strong></span> <span class='ocrx_word' id='word_1_717' title='bbox 527 4704 583 4778; x_wconf 89' lang='lat' dir='ltr'><strong>lpse</strong></span> <span class='ocrx_word' id='word_1_718' title='bbox 599 4703 717 4778; x_wconf 88' lang='lat' dir='ltr'><strong>indicat,</strong></span> <span class='ocrx_word' id='word_1_719' title='bbox 740 4707 766 4762; x_wconf 90' lang='lat' dir='ltr'><strong>io</strong></span> <span class='ocrx_word' id='word_1_720' title='bbox 789 4709 919 4779; x_wconf 87' lang='lat' dir='ltr'><strong>sequenti</strong></span> <span class='ocrx_word' id='word_1_721' title='bbox 955 4709 1037 4767; x_wconf 89' lang='lat' dir='ltr'><strong>tionis</strong></span> <span class='ocrx_word' id='word_1_722' title='bbox 1052 4724 1103 4780; x_wconf 93' lang='lat' dir='ltr'><strong>pro</strong></span> <span class='ocrx_word' id='word_1_723' title='bbox 1117 4722 1296 4783; x_wconf 82' lang='lat' dir='ltr'><strong>quocumque</strong></span> <span class='ocrx_word' id='word_1_724' title='bbox 1311 4708 1430 4765; x_wconf 84' lang='lat' dir='ltr'><strong>fictione.</strong></span> 
     </span>
     <span class='ocr_line' id='line_1_50' title="bbox 76 4791 1761 4875; baseline -0.009 -11"><span class='ocrx_word' id='word_1_725' title='bbox 76 4855 80 4864; x_wconf 91' lang='lat'><strong>.</strong></span> <span class='ocrx_word' id='word_1_726' title='bbox 105 4793 385 4868; x_wconf 69' lang='lat' dir='ltr'><strong>⁰³l¹²0⁰⁰mffl⁰ffil¹⁵</strong></span> <span class='ocrx_word' id='word_1_727' title='bbox 399 4792 533 4850; x_wconf 90' lang='lat' dir='ltr'><strong>dicemus.</strong></span> <span class='ocrx_word' id='word_1_728' title='bbox 994 4803 1031 4858; x_wconf 89' lang='grc' dir='ltr'><strong>1)ε</strong></span> <span class='ocrx_word' id='word_1_729' title='bbox 1044 4800 1243 4875; x_wconf 82' lang='lat' dir='ltr'><strong>chrysostomo</strong></span> <span class='ocrx_word' id='word_1_730' title='bbox 1263 4803 1355 4857; x_wconf 89' lang='lat' dir='ltr'><strong>eutem</strong></span> <span class='ocrx_word' id='word_1_731' title='bbox 1377 4812 1473 4854; x_wconf 87' lang='lat' dir='ltr'><strong>verum</strong></span> <span class='ocrx_word' id='word_1_732' title='bbox 1493 4803 1552 4869; x_wconf 90' lang='lat' dir='ltr'><strong>est,</strong></span> <span class='ocrx_word' id='word_1_733' title='bbox 1570 4795 1597 4852; x_wconf 90' lang='lat' dir='ltr'><strong>in</strong></span> <span class='ocrx_word' id='word_1_734' title='bbox 1616 4791 1761 4852; x_wconf 87' lang='lat' dir='ltr'><strong>allisionis</strong></span> 
     </span>
     <span class='ocr_line' id='line_1_51' title="bbox 143 4881 1761 4963; baseline -0.003 -19"><span class='ocrx_word' id='word_1_735' title='bbox 143 4889 182 4944; x_wconf 84' lang='lat' dir='ltr'><strong>be</strong></span> <span class='ocrx_word' id='word_1_736' title='bbox 197 4882 345 4956; x_wconf 90' lang='lat' dir='ltr'><strong>posteriori</strong></span> <span class='ocrx_word' id='word_1_737' title='bbox 359 4887 451 4938; x_wconf 92' lang='lat' dir='ltr'><strong>autem</strong></span> <span class='ocrx_word' id='word_1_738' title='bbox 472 4881 553 4940; x_wconf 89' lang='lat' dir='ltr'><strong>modo</strong></span> <span class='ocrx_word' id='word_1_739' title='bbox 567 4882 691 4940; x_wconf 86' lang='lat' dir='ltr'><strong>servandi</strong></span> <span class='ocrx_word' id='word_1_740' title='bbox 713 4882 853 4957; x_wconf 86' lang='lat' dir='ltr'><strong>legaliaes</strong></span> <span class='ocrx_word' id='word_1_741' title='bbox 876 4902 920 4944; x_wconf 89' lang='lat' dir='ltr'><strong>re·</strong></span> <span class='ocrx_word' id='word_1_742' title='bbox 953 4887 1493 4963; x_wconf 86' lang='lat' dir='ltr'><strong>videriexoussreaeulpamendaoium</strong></span> <span class='ocrx_word' id='word_1_743' title='bbox 1505 4883 1761 4956; x_wconf 87' lang='lat' dir='ltr'><strong>saitemexdispen·</strong></span> 
     </span>
    </p>
   </div>
   <div class='ocr_carea' id='block_1_7' title="bbox 102 4971 1762 5326">
    <p class='ocr_par' dir='ltr' id='par_1_7' title="bbox 102 4971 1762 5326">
     <span class='ocr_line' id='line_1_52' title="bbox 104 4971 1762 5051; baseline -0.002 -19"><span class='ocrx_word' id='word_1_744' title='bbox 104 4973 318 5048; x_wconf 82' lang='lat' dir='ltr'><strong>ligionexbstyue</strong></span> <span class='ocrx_word' id='word_1_745' title='bbox 329 4971 833 5048; x_wconf 82' lang='lat' dir='ltr'><strong>necessitatedocetitugustious,non</strong></span> <span class='ocrx_word' id='word_1_746' title='bbox 846 4993 918 5034; x_wconf 89' lang='lat' dir='ltr'><strong>sem·</strong></span> <span class='ocrx_word' id='word_1_747' title='bbox 954 4979 1058 5036; x_wconf 80' lang='lat' dir='ltr'><strong>eodone</strong></span> <span class='ocrx_word' id='word_1_748' title='bbox 1073 4979 1138 5051; x_wconf 74' lang='lat' dir='ltr'><strong>Dei,</strong></span> <span class='ocrx_word' id='word_1_749' title='bbox 1154 4977 1330 5036; x_wconf 87' lang='lat' dir='ltr'><strong>nibilominus</strong></span> <span class='ocrx_word' id='word_1_750' title='bbox 1349 4987 1439 5036; x_wconf 80' lang='lat' dir='ltr'><strong>tannen</strong></span> <span class='ocrx_word' id='word_1_751' title='bbox 1454 4975 1631 5050; x_wconf 89' lang='lat' dir='ltr'><strong>inpraesenti</strong></span> <span class='ocrx_word' id='word_1_752' title='bbox 1646 4973 1762 5032; x_wconf 88' lang='lat' dir='ltr'><strong>materis</strong></span> 
     </span>
     <span class='ocr_line' id='line_1_53' title="bbox 103 5058 1762 5142; baseline -0.001 -24"><span class='ocrx_word' id='word_1_753' title='bbox 103 5078 152 5134; x_wconf 91' lang='grc' dir='ltr'><strong>ρετ</strong></span> <span class='ocrx_word' id='word_1_754' title='bbox 167 5062 255 5120; x_wconf 86' lang='lat' dir='ltr'><strong>luisse</strong></span> <span class='ocrx_word' id='word_1_755' title='bbox 269 5058 453 5117; x_wconf 86' lang='lat' dir='ltr'><strong>mortiterum.</strong></span> <span class='ocrx_word' id='word_1_756' title='bbox 470 5061 517 5131; x_wconf 86' lang='lat' dir='ltr'><strong>Ht,</strong></span> <span class='ocrx_word' id='word_1_757' title='bbox 535 5067 566 5118; x_wconf 90' lang='lat' dir='ltr'><strong>ut</strong></span> <span class='ocrx_word' id='word_1_758' title='bbox 579 5061 604 5119; x_wconf 87' lang='lat' dir='ltr'><strong>id</strong></span> <span class='ocrx_word' id='word_1_759' title='bbox 618 5061 757 5136; x_wconf 86' lang='lat' dir='ltr'><strong>ostendat,</strong></span> <span class='ocrx_word' id='word_1_760' title='bbox 776 5067 918 5140; x_wconf 91' lang='lat' dir='ltr'><strong>supponit,</strong></span> <span class='ocrx_word' id='word_1_761' title='bbox 954 5085 1096 5142; x_wconf 90' lang='lat' dir='ltr'><strong>nunquam</strong></span> <span class='ocrx_word' id='word_1_762' title='bbox 1110 5068 1196 5139; x_wconf 87' lang='lat' dir='ltr'><strong>dixit,</strong></span> <span class='ocrx_word' id='word_1_763' title='bbox 1213 5068 1354 5142; x_wconf 91' lang='lat' dir='ltr'><strong>apostolos</strong></span> <span class='ocrx_word' id='word_1_764' title='bbox 1370 5067 1454 5126; x_wconf 86' lang='lat' dir='ltr'><strong>tuisse</strong></span> <span class='ocrx_word' id='word_1_765' title='bbox 1469 5067 1600 5126; x_wconf 88' lang='lat' dir='ltr'><strong>mentitos</strong></span> <span class='ocrx_word' id='word_1_766' title='bbox 1622 5062 1762 5136; x_wconf 86' lang='lat' dir='ltr'><strong>exaliqua</strong></span> 
     </span>
     <span class='ocr_line' id='line_1_54' title="bbox 102 5147 1762 5231; baseline 0.001 -25"><span class='ocrx_word' id='word_1_767' title='bbox 102 5149 247 5222; x_wconf 87' lang='lat' dir='ltr'><strong>apostolos</strong></span> <span class='ocrx_word' id='word_1_768' title='bbox 256 5164 312 5207; x_wconf 91' lang='lat' dir='ltr'><strong>non</strong></span> <span class='ocrx_word' id='word_1_769' title='bbox 322 5147 385 5206; x_wconf 84' lang='lat' dir='ltr'><strong>tinto</strong></span> <span class='ocrx_word' id='word_1_770' title='bbox 396 5154 445 5206; x_wconf 90' lang='lat' dir='ltr'><strong>aut</strong></span> <span class='ocrx_word' id='word_1_771' title='bbox 455 5149 591 5214; x_wconf 81' lang='lat' dir='ltr'><strong>simulate,</strong></span> <span class='ocrx_word' id='word_1_772' title='bbox 603 5150 651 5207; x_wconf 88' lang='lat' dir='ltr'><strong>ssd</strong></span> <span class='ocrx_word' id='word_1_773' title='bbox 664 5165 726 5209; x_wconf 87' lang='lat' dir='ltr'><strong>rere</strong></span> <span class='ocrx_word' id='word_1_774' title='bbox 739 5158 768 5210; x_wconf 89' lang='lat' dir='ltr'><strong>et</strong></span> <span class='ocrx_word' id='word_1_775' title='bbox 777 5170 811 5212; x_wconf 90' lang='lat' dir='ltr'><strong>ex</strong></span> <span class='ocrx_word' id='word_1_776' title='bbox 826 5157 919 5213; x_wconf 88' lang='lat' dir='ltr'><strong>animo</strong></span> <span class='ocrx_word' id='word_1_777' title='bbox 953 5158 1157 5231; x_wconf 89' lang='lat' dir='ltr'><strong>dispensatione</strong></span> <span class='ocrx_word' id='word_1_778' title='bbox 1171 5156 1281 5230; x_wconf 85' lang='lat' dir='ltr'><strong>divina,</strong></span> <span class='ocrx_word' id='word_1_779' title='bbox 1294 5173 1384 5231; x_wconf 85' lang='lat' dir='ltr'><strong>neque</strong></span> <span class='ocrx_word' id='word_1_780' title='bbox 1397 5159 1423 5216; x_wconf 91' lang='lat' dir='ltr'><strong>in</strong></span> <span class='ocrx_word' id='word_1_781' title='bbox 1440 5157 1492 5215; x_wconf 92' lang='lat' dir='ltr'><strong>boc</strong></span> <span class='ocrx_word' id='word_1_782' title='bbox 1507 5173 1592 5216; x_wconf 89' lang='lat' dir='ltr'><strong>seusu</strong></span> <span class='ocrx_word' id='word_1_783' title='bbox 1604 5155 1638 5214; x_wconf 94' lang='lat' dir='ltr'><strong>de</strong></span> <span class='ocrx_word' id='word_1_784' title='bbox 1652 5151 1762 5226; x_wconf 89' lang='lat' dir='ltr'><strong>dispen-</strong></span> 
     </span>
     <span class='ocr_line' id='line_1_55' title="bbox 103 5237 1762 5326; baseline -0.002 -24"><span class='ocrx_word' id='word_1_785' title='bbox 103 5255 234 5302; x_wconf 82' lang='lat' dir='ltr'><strong>serrasse</strong></span> <span class='ocrx_word' id='word_1_786' title='bbox 248 5238 345 5314; x_wconf 85' lang='lat' dir='ltr'><strong>legalia</strong></span> <span class='ocrx_word' id='word_1_787' title='bbox 355 5253 407 5316; x_wconf 91' lang='lat' dir='ltr'><strong>pro</strong></span> <span class='ocrx_word' id='word_1_788' title='bbox 419 5237 511 5318; x_wconf 71' lang='lat' dir='ltr'><strong>dinuo</strong></span> <span class='ocrx_word' id='word_1_789' title='bbox 527 5245 648 5316; x_wconf 89' lang='lat' dir='ltr'><strong>tempore</strong></span> <span class='ocrx_word' id='word_1_790' title='bbox 658 5248 721 5316; x_wconf 90' lang='lat' dir='ltr'><strong>post</strong></span> <span class='ocrx_word' id='word_1_791' title='bbox 733 5243 824 5304; x_wconf 87' lang='lat' dir='ltr'><strong>lucem</strong></span> <span class='ocrx_word' id='word_1_792' title='bbox 835 5261 919 5323; x_wconf 73' lang='lat' dir='ltr'><strong>erroro·⁴</strong></span> <span class='ocrx_word' id='word_1_793' title='bbox 955 5247 1062 5309; x_wconf 88' lang='lat' dir='ltr'><strong>satione</strong></span> <span class='ocrx_word' id='word_1_794' title='bbox 1084 5247 1227 5326; x_wconf 81' lang='lat' dir='ltr'><strong>loquitur,</strong></span> <span class='ocrx_word' id='word_1_795' title='bbox 1242 5263 1326 5324; x_wconf 83' lang='lat' dir='ltr'><strong>quam</strong></span> <span class='ocrx_word' id='word_1_796' title='bbox 1343 5249 1558 5310; x_wconf 86' lang='lat' dir='ltr'><strong>Oecononriom</strong></span> <span class='ocrx_word' id='word_1_797' title='bbox 1578 5249 1675 5318; x_wconf 78' lang='lat' dir='ltr'><strong>vocat,</strong></span> <span class='ocrx_word' id='word_1_798' title='bbox 1691 5255 1762 5318; x_wconf 84' lang='lat' dir='ltr'><strong>quae</strong></span> 
     </span>
    </p>
   </div>
   <div class='ocr_carea' id='block_1_8' title="bbox 0 0 2132 6224">
    <p class='ocr_par' dir='ltr' id='par_1_8' title="bbox 0 0 2132 6224">
     <span class='ocr_line' id='line_1_56' title="bbox 0 0 2132 6224; baseline 0 0"><span class='ocrx_word' id='word_1_799' title='bbox 0 0 2132 6224; x_wconf 95' lang='lat' dir='ltr'><strong> </strong></span> 
     </span>
    </p>
   </div>
  </div>
 </body>
</html>
