4232 6220
368 390 432 453 tbi
587 465 589 472 Ι
821 477 829 488 ἱ
1086 399 1187 451 aman
1201 405 1238 454 x.

327 511 534 590 Testamentum
549 532 711 604 antiquum,
727 522 800 586 idem
814 533 906 585 antem
919 533 962 585 est
975 524 1068 602 quood
1082 528 1134 583 boc
1170 529 1245 586 Pauli
1261 528 1294 588 ad
1308 531 1447 590 Romanos
1461 537 1495 592 ιι
1512 537 1626 598 Gentes,
1643 552 1721 610 onae
1736 534 1830 612 legem
1845 555 1907 596 non
1922 537 1979 595 lin

326 621 370 678 lex
385 635 454 677 nora
468 619 700 678 ιιιιιιιιιιιιιιιιιι
715 634 833 690 norum,
847 633 913 690 ergo
927 617 995 674 baec
1010 617 1053 674 lex
1064 633 1135 674 nora
1170 617 1252 688 bont,
1274 620 1458 680 naturaliter
1471 639 1523 690 en,
1537 639 1622 698 paine
1643 625 1714 700 lepis
1735 635 1819 694 sont,
1831 628 1978 700 fuciunt,-

327 717 436 766 nonest
452 711 570 783 scripta,
587 708 628 765 vel
646 706 746 766 tradita
762 710 839 782 signo
856 707 989 779 sensibili,
1005 708 1079 764 sicut
1091 707 1134 763 lex
1171 710 1336 781 respondet,
1352 719 1467 784 gentes,
1482 713 1516 770 de
1531 714 1631 788 quibus
1646 716 1768 789 loquitur
1780 719 1901 787 Penius,
1923 735 1979 775 nou
2085 773 2086 780 ,

328 807 425 872 retus3
442 817 495 856 non
511 804 554 857 est
566 814 633 871 ergo
648 796 701 854 boc
717 798 822 870 signnm
835 798 868 854 de
882 797 971 853 torma
983 813 1032 854 seu
1043 811 1135 852 essen·
1169 815 1229 866 esse
1251 800 1371 856 infideles
1391 803 1533 876 gentium,
1555 802 1602 860 sed
1616 819 1676 862 esse
1691 807 1805 878 gentiles
1822 822 1978 864 conversos

328 891 364 946 ιιι
376 889 457 946 buius
469 890 544 962 legis.
558 889 592 944 Et
602 881 780 943 c'onirrmatur
790 903 823 944 ex
834 888 895 944 loco
908 886 982 943 Pauli
995 891 1022 944 2.
1038 885 1072 942 ad
1082 887 1137 942 Co·
1169 889 1203 944 ad
1218 888 1315 958 iidem,
1332 897 1360 948 et
1373 893 1427 948 ιιιι
1442 892 1605 949 ιιιιιιιιιοι
1620 898 1798 968 pergratiam
1813 897 1933 967 Christi3
1949 907 1979 954 et

325 980 440 1036 rintbios
450 984 551 1050 capt:
568 975 706 1054 Epistola
716 981 787 1034 aslis
802 977 915 1034 Christi
927 979 1135 1033 ministratae
1168 976 1228 1034 ideo
1253 977 1340 1052 legem
1363 981 1494 1052 scriptam
1514 983 1543 1037 in
1564 982 1696 1039 cordibus
1716 1001 1813 1042 eornm
1834 1002 1892 1044 non
1916 1003 1980 1042 esse

325 1068 427 1136 nobis,
446 1084 506 1151 non
520 1072 705 1134 atramento,
724 1065 775 1124 sed
791 1068 900 1140 spiritu
913 1068 969 1122 Dei
983 1067 1054 1126 ciui,
1074 1080 1133 1120 raon
1168 1065 1257 1136 aliud,
1280 1083 1364 1140 quam
1382 1069 1518 1142 gratiam,
1534 1086 1583 1142 per
1596 1086 1680 1144 quam
1694 1073 1826 1132 dicuntur
1841 1075 1980 1133 naturali·

324 1163 359 1216 in
371 1158 483 1217 tabulis
505 1156 647 1232 lapideis,
666 1156 717 1214 sed
736 1161 768 1213 in
790 1153 898 1213 tabulis
912 1153 1011 1211 cordis
1023 1169 1133 1211 corna·
1169 1162 1210 1212 ter
1225 1172 1270 1228 ea,
1285 1173 1356 1230 quae
1372 1158 1437 1231 legis
1452 1165 1527 1232 sunt,
1541 1160 1643 1231 iacere,
1659 1162 1720 1234 quia
1735 1167 1824 1235 gratia
1839 1165 1899 1236 ipsa
1916 1181 1980 1236 per·

325 1248 413 1307 libas.
430 1249 482 1308 Ubi
496 1247 717 1324 Tbeopbylactus
729 1253 804 1304 notat
815 1244 1003 1316 differentiam,
1016 1245 1079 1316 quia
1091 1242 1133 1300 lex
1167 1247 1224 1304 licit
1238 1254 1377 1320 naturam,
1392 1255 1421 1305 et
1435 1250 1480 1306 nbi
1495 1249 1583 1324 adest,
1599 1251 1680 1308 modo
1693 1256 1809 1312 manime
1827 1263 1980 1312 consenta-

326 1344 480 1396 atramentc
497 1340 600 1411 scripte
615 1339 683 1409 luit,
699 1335 869 1410 evangelium
885 1340 976 1392 autem
989 1347 1039 1404 per
1054 1333 1133 1404 spiri·
1166 1353 1219 1394 neo
1233 1344 1347 1394 naturae
1363 1339 1405 1396 lex
1419 1339 1560 1410 impletur.

325 1437 400 1500 tum,
416 1444 500 1501 quam
514 1428 595 1485 etiam
611 1433 686 1483 notat
700 1425 871 1498 Augustinus
889 1427 933 1483 15.
949 1428 1047 1479 contra
1061 1424 1131 1479 Fau·
1208 1431 1235 1484 3.
1253 1429 1404 1485 Possumus
1425 1435 1517 1486 autem
1537 1429 1692 1488 doctrinam
1707 1432 1778 1490 banc
1795 1434 1917 1506 amptius
1931 1451 1978 1491 εχ.

325 1525 399 1574 sium
425 1534 488 1590 cup·
506 1523 534 1576 l·
559 1519 593 1574 Et
615 1517 810 1586 confirmatur,
831 1513 896 1586 qula
910 1511 1036 1570 Christus
1051 1511 1132 1568 huius
1166 1515 1281 1588 plicare,
1297 1515 1492 1591 distinguendo
1507 1519 1531 1574 iu
1547 1519 1606 1592 lege
1620 1536 1690 1577 nora
1704 1521 1774 1578 duas
1786 1523 1876 1597 leges,
1892 1541 1976 1582 unam

325 1607 394 1680 legis
412 1614 510 1665 auctor
529 1607 601 1664 illam
620 1622 673 1663 non
694 1606 805 1678 scripsit
821 1608 934 1661 externa
953 1609 982 1659 et
1003 1600 1131 1658 materiali
1166 1605 1358 1678 imperantem,
1381 1607 1461 1664 aliam
1478 1609 1681 1680 impellentem,
1702 1617 1734 1668 ut
1755 1613 1797 1668 sic
1820 1612 1932 1684 dicam,
1951 1621 1978 1671 et

325 1699 479 1770 scriptura,
498 1698 571 1754 sicut
585 1699 656 1754 bens
672 1710 720 1768 per
731 1693 840 1766 angelos
858 1692 968 1764 scripsit
978 1691 1066 1764 legem
1079 1693 1131 1748 ne-
1166 1693 1339 1752 adiacentem
1360 1694 1393 1752 ad
1414 1696 1526 1753 alteram
1547 1697 1726 1769 imperantem
1752 1701 1934 1774 implendam,
1951 1711 1979 1759 et

325 1787 461 1861 calogi,et
471 1788 646 1862 perblopsem
657 1784 723 1857 legis
734 1783 857 1842 datorem
869 1789 961 1839 cetera
971 1786 1128 1854 praecepta.
1165 1782 1330 1856 concedere,
1348 1785 1466 1854 priorem
1480 1787 1634 1844 consistere
1646 1791 1673 1844 in
1688 1791 1766 1864 siguo
1783 1790 1879 1864 aliquo
1891 1793 1978 1846 sensi·

323 1878 398 1951 Ergo
412 1879 520 1949 siguum
537 1885 596 1946 est,
618 1875 686 1931 banc
702 1874 805 1946 legem,
822 1888 911 1945 perse
926 1872 1130 1928 nonessescri·
1164 1871 1210 1928 bili
1231 1873 1380 1930 voluntatis
1394 1873 1504 1946 Christi,
1519 1882 1548 1931 et
1567 1876 1607 1932 sic
1622 1893 1702 1949 posse
1716 1878 1770 1936 dici
1785 1880 1876 1952 legem
1894 1896 1977 1937 voca·

323 1972 400 2039 ptam
411 1967 485 2024 sicut
494 1967 623 2038 priorem.
635 1965 670 2021 Et
680 1964 805 2037 quamvis
817 1963 900 2019 rerba
912 1961 1030 2019 sensibili
1041 1967 1069 2018 et
1081 1977 1129 2019 vo·
1163 1961 1232 2033 lem,
1253 1965 1295 2021 ael
1316 1964 1446 2036 scriptam
1467 1965 1493 2019 in
1515 1965 1624 2038 charta,
1641 1969 1683 2025 rel
1697 1970 1778 2026 etiarn
1797 1973 1936 2042 scriptam
1951 1973 1976 2028 in

325 2054 377 2112 cali
393 2055 446 2112 lata
459 2055 556 2128 tuerit,
572 2054 702 2127 quianon
717 2058 826 2124 poterat
843 2051 894 2110 alio
914 2051 996 2108 moda
1016 2051 1128 2108 indicari
1163 2059 1253 2109 mente
1268 2068 1318 2125 per
1332 2053 1502 2125 memoriam,
1518 2069 1567 2112 sen
1582 2055 1720 2116 dictamen
1731 2061 1892 2119 intellectus
1904 2060 1976 2117 indi-

224 2179 230 2190 ·
322 2146 512 2202 communitati
526 2144 665 2200 bominum
686 2140 840 2199 secundum
860 2140 1024 2198 ordinariam
1038 2140 1130 2211 prori-
1162 2143 1270 2214 cantis,
1293 2142 1427 2200 servanda
1439 2156 1508 2200 ‘esre
1528 2145 1591 2200 talia
1605 2154 1768 2222 praecepta,
1790 2151 1975 2221 posteriorem

322 2233 459 2306 dentiam,
476 2241 508 2292 nt
527 2234 624 2306 probat
643 2233 712 2290 ratio
727 2233 752 2288 in
772 2231 907 2303 principio
927 2230 1016 2304 iacta,
1032 2228 1128 2286 nibilo·
1164 2245 1227 2288 vero
1240 2229 1326 2304 legem
1339 2231 1456 2303 positam
1466 2248 1527 2290 esse
1538 2235 1564 2290 in
1576 2238 1756 2307 propensione
1769 2239 1913 2310 caritatis,
1926 2257 1974 2298 seu
2085 2291 2086 2294 ,

322 2325 414 2384 minus
431 2324 545 2381 verbum
560 2322 627 2380 illud
645 2322 735 2384 solum
750 2323 802 2380 luit
815 2322 895 2395 quasi
911 2322 1128 2378 instrumentum
1162 2319 1222 2375 fidei
1243 2335 1291 2392 per
1305 2322 1449 2378 caritatem
1468 2324 1615 2392 operantis.
1631 2326 1699 2382 Nam
1718 2327 1856 2398 impulsus
1879 2337 1976 2400 poten-

323 2414 357 2472 ad
378 2413 550 2473 scribendam
572 2413 644 2471 banc
665 2414 752 2487 legem
766 2413 791 2468 in
806 2411 942 2468 mentibus
955 2417 983 2468 et
997 2409 1127 2468 cordibus
1162 2409 1232 2480 tiae,
1247 2409 1372 2482 babitus,
1389 2409 1431 2466 vel
1446 2411 1529 2468 motio
1545 2412 1616 2470 solet
1630 2405 1737 2471 nomine
1752 2414 1820 2488 legis
1838 2418 1976 2490 signitica-

322 2495 475 2577 bomindm3
487 2519 553 2577 ergo
573 2503 640 2560 baec
655 2503 696 2560 lex
711 2518 765 2560 aon
780 2507 871 2574 potest
883 2500 938 2558 dici
951 2500 1052 2571 scripte
1067 2515 1129 2556 sen·
1163 2498 1201 2569 ri,
1224 2499 1264 2555 sic
1279 2501 1350 2556 enim
1369 2501 1473 2558 Paulus
1492 2500 1527 2557 ad
1546 2504 1662 2560 Roman.
1680 2507 1706 2562 i.
1728 2509 1976 2578 concupiscentiae

322 2594 453 2666 sibiliter,
471 2600 503 2651 nt
516 2593 556 2649 sic
570 2591 671 2649 dicam.
1161 2587 1311 2659 inpulsum
1334 2596 1418 2646 vocat
1437 2589 1524 2663 legem
1545 2591 1661 2666 inmitis,
1684 2608 1751 2666 ergo
1771 2595 1862 2653 multo
1887 2601 1976 2670 magis

362 2690 390 2742 2.
407 2684 550 2743 ιιιιιιιιιι
565 2682 651 2739 baius
666 2682 740 2739 dubii
760 2683 827 2739 satis
852 2681 1037 2739 communiter
1050 2695 1127 2738 rece·
1160 2678 1297 2750 impulsus
1311 2679 1429 2750 spiritus
1443 2682 1532 2736 sancti
1546 2681 1660 2738 interius
1674 2685 1828 2756 immissus,
1856 2687 1917 2743 sire
1928 2703 1976 2760 per

321 2779 369 2846 pte
389 2781 449 2844 est,
466 2771 554 2846 legem
569 2788 667 2830 noram
681 2772 827 2844 complecti
842 2786 896 2827 non
913 2769 1003 2826 solum
1018 2771 1127 2842 propria
1162 2764 1282 2823 internas
1297 2769 1442 2836 motiones,
1458 2769 1516 2846 sive
1531 2784 1578 2841 per
1593 2770 1755 2829 inlusionem
1776 2775 1917 2847 caritatis,
1928 2793 1977 2848 po-

320 2869 481 2935 praecepta,
498 2863 544 2918 sed
559 2863 640 2920 etiam
655 2860 780 2933 spiritum
795 2859 899 2932 gratiae
914 2858 1084 2930 inclinantis,
1099 2866 1128 2916 et
1162 2860 1218 2914 test
1232 2859 1328 2914 merito
1343 2857 1385 2914 lex
1398 2859 1503 2930 gratiae
1518 2857 1658 2930 appellari.
1674 2861 1730 2918 Ηιι
1741 2869 1834 2920 ιιιιιι
1852 2864 1928 2921 duae
1940 2867 1976 2922 le·
2085 2885 2086 2890 ¹

321 2950 411 3010 dantis
427 2952 497 3008 vires
517 2951 551 3008 ad
571 2950 657 3022 legem
678 2946 885 3007 observandam.
902 2949 974 3003 lnter
987 2963 1058 3020 quae
1072 2945 1127 3004 duo
1161 2961 1211 3020 ges
1232 2962 1286 3003 non
1307 2955 1437 3019 tauquam
1456 2946 1527 3004 dnae
1546 2949 1655 3010 omnino
1670 2949 1816 3026 distinctae
1835 2957 1976 3026 accipien-

319 3039 496 3113 principalior
508 3046 553 3098 est
573 3039 685 3111 spiritus
699 3038 812 3110 gratiae,
828 3043 856 3094 ιι
869 3035 930 3094 ideo
944 3037 978 3094 ab
993 3036 1037 3094 illo
1052 3038 1126 3109 prin·
1161 3035 1213 3092 dee
1234 3044 1315 3102 sunt,
1332 3035 1380 3093 sed
1394 3043 1426 3094 ut
1438 3037 1619 3118 coniunctae,
1635 3047 1664 3098 et
1675 3041 1755 3113 quasi
1771 3052 1974 3114 componentes

323 3129 446 3203 cipaliter
457 3129 660 3200 denominatur,
672 3134 702 3198 et
714 3143 784 3199 qnae
795 3127 833 3184 illi
844 3127 1009 3183 conveniunt
1019 3130 1126 3184 ratione
1161 3140 1244 3182 unam
1256 3124 1417 3198 perlectam.
1428 3127 1511 3184 Nemo
1522 3128 1592 3184 enim
1601 3127 1726 3186 absolute
1741 3130 1894 3205 loquendo,
1904 3134 1975 3191 duas

321 3219 439 3294 gratiae,
455 3219 614 3292 simpliciter
627 3221 651 3276 ei
665 3217 811 3275 convenire
821 3215 966 3274 dicuntur.
978 3217 1045 3285 Quia
1057 3234 1125 3292 ergo
1160 3213 1261 3271 Christi
1272 3215 1362 3288 leges,
1375 3223 1425 3272 aut
1434 3215 1504 3273 diras
1516 3233 1599 3274 novus
1611 3217 1684 3291 leges
1699 3218 1842 3294 admittet,
1858 3223 1887 3281 id
1899 3229 1972 3282 enim

283 3303 286 3310 ’
320 3311 410 3384 gratia
430 3315 459 3367 et
478 3311 579 3366 caritas
600 3307 678 3366 cordi
700 3307 867 3379 inlunditur,
889 3305 951 3364 ideo
966 3306 1126 3380 simpliciter
1160 3320 1176 3361 ι
1196 3302 1277 3362 niodo
1297 3304 1425 3378 loquendi
1446 3308 1604 3378 scripturae
1617 3315 1646 3365 et
1660 3315 1769 3380 patrum
1783 3312 1905 3370 alienum
1918 3322 1971 3385 est,

321 3401 366 3457 lex
385 3402 489 3472 gratiae
513 3400 613 3457 dicitur
633 3396 738 3455 inlundi
758 3398 784 3453 in
806 3395 938 3454 cordibus
958 3394 1084 3454 absolute
1098 3404 1126 3454 et
1159 3394 1260 3461 debent
1272 3409 1338 3468 ergo
1352 3395 1461 3469 intelligi
1480 3395 1541 3453 illae
1560 3397 1629 3454 duae
1646 3404 1776 3472 tanquam
1790 3409 1885 3474 partes
1901 3405 1972 3463 inter

321 3489 499 3562 simplicium
518 3489 581 3546 licet
595 3494 732 3562 quatenus
746 3486 1036 3559 praeceptaoontinet,
1049 3492 1124 3543 este·
1160 3501 1189 3541 ιι
1204 3487 1313 3557 unitae,
1329 3491 1358 3542 et
1371 3484 1404 3542 ad
1419 3486 1639 3544 constituendam
1653 3489 1803 3560 perlectam
1821 3491 1923 3550 Christi
1934 3493 1970 3550 le·

320 3583 381 3638 rius
396 3582 451 3637 leta
464 3581 510 3652 sit,
526 3586 553 3635 et
567 3580 671 3650 scripta
685 3577 739 3634 dici
753 3578 850 3648 possit.
868 3576 907 3632 ιιι
920 3574 1004 3633 (ιοιιι
1015 3575 1043 3632 d.
1054 3575 1125 3632 Tbo-
1158 3590 1220 3648 gam
1231 3574 1380 3649 ordinatae,
1398 3590 1446 3632 seu
1459 3575 1484 3631 iu
1499 3576 1593 3633 eedem
1608 3577 1701 3635 radice
1715 3595 1876 3654 conuenae,
1896 3599 1970 3656 nam,

321 3685 381 3728 mss
400 3686 429 3742 q.
452 3671 515 3739 ιιι,
531 3675 584 3724 ιιι.
606 3672 615 3726 1
629 3710 637 3738 ,
651 3672 678 3724 ιι
692 3667 765 3723 sumi
779 3669 870 3738 potest
882 3680 917 3722 ex
930 3663 1125 3740 Chrysostomo
1160 3672 1192 3722 ut
1205 3666 1243 3720 ait
1253 3671 1351 3720 unctor
1361 3663 1514 3736 imperfecti
1527 3681 1621 3737 supra:
1635 3669 1743 3726 Gratia
1752 3666 1825 3727 lenis
1836 3675 1891 3740 est,
1912 3689 1971 3730 non
1987 3657 1995 3674 ⁸

322 3758 415 3815 bomil.
433 3762 457 3816 ι.
470 3756 504 3814 de
515 3758 616 3830 Spiritu
626 3763 724 3812 sancto
736 3755 762 3810 in
773 3753 816 3811 die
826 3755 1004 3811 Pentecostes
1017 3760 1084 3812 tom.
1095 3759 1123 3826 3,
1160 3751 1259 3810 solnm
1272 3755 1347 3826 quin
1356 3749 1435 3810 leuia
1445 3757 1529 3827 ponii
1542 3753 1706 3822 mnino,
1722 3756 1878 3818 sedetiam
1895 3767 1973 3835 poia

322 3850 368 3906 ubi
393 3849 421 3904 in
440 3849 492 3904 fine
512 3848 593 3905 dicit:
619 3850 704 3921 Quae
718 3848 810 3920 igitar
823 3842 887 3905 len,
904 3858 996 3917 qnam
1008 3842 1123 3901 laodice
1159 3840 1239 3916 quad
1253 3841 1319 3907 lieri
1329 3845 1490 3918 praecipit,
1504 3849 1533 3900 et
1542 3845 1653 3919 ipsein
1663 3845 1893 3920 nobisfociendi
1904 3868 1972 3927 ope-

322 3937 402 3995 ccelo
416 3936 524 3995 dotem
537 3936 636 3994 dirisi
648 3937 782 4011 Spiritus
795 3935 893 3991 sancti
905 3936 1023 4005 pratia,-
1033 3939 1062 3991 ιι
1077 3932 1125 3990 bo·
1158 3937 1249 3989 ratur
1258 3935 1408 4000 viritatem,
1425 3939 1458 3990 ιιι
1470 3935 1591 4006 prelio,
1608 3935 1710 4009 inquit,
1725 3937 1821 3994 iubet:
1844 3937 1973 4013 Dillotte

321 4026 379 4085 mil.
396 4031 443 4086 28.
458 4029 486 4083 in
505 4026 669 4097 imperfecto
687 4026 765 4082 circa
785 4023 831 4080 illa
849 4023 950 4079 rerba:
969 4026 1069 4080 Venite
1083 4022 1126 4081 od
1157 4025 1294 4079 inimicos
1308 4027 1430 4089 cestros,
1447 4025 1476 4078 ιι
1489 4024 1559 4096 ipso
1571 4025 1657 4082 iacet
1670 4024 1713 4083 od
1725 4041 1773 4084 eos
1790 4025 1969 4102 dilioendoi.

321 4132 500 4190 messines,
518 4119 568 4189 qni
583 4113 741 4182 laboratis,
759 4118 815 4170 ιιι.
831 4116 904 4179 Len,
922 4112 1022 4187 inquit,
1035 4129 1124 4188 proe-
1158 4113 1264 4169 Dicitur
1274 4119 1367 4168 ιιιιιι
1378 4111 1464 4184 gratia
1478 4114 1648 4188 praecipere,
1661 4117 1726 4189 quia
1740 4117 1803 4174 talia
1820 4127 1972 4193 praecepta

322 4212 441 4280 ceptum
458 4209 502 4263 est
514 4203 643 4266 nudum,
662 4205 767 4278 gratio
779 4207 880 4260 ιιιιιιιι
894 4204 990 4259 virtus
1005 4207 1057 4260 est.
1073 4205 1126 4261 La.
1159 4201 1281 4273 postulat
1292 4208 1421 4273 tauquam
1433 4199 1484 4259 sibi
1494 4204 1742 4276 connaturalia,rel
1753 4208 1851 4267 ιιιιιιιι
1864 4219 1897 4268 ιιι
1913 4228 1972 4270 ma·

322 4299 379 4354 tius
395 4311 461 4354 vero
475 4295 528 4351 boc
543 4292 653 4351 tradidit
663 4294 833 4365 Augustinus
844 4291 878 4349 de
890 4293 983 4364 Spirit.
997 4297 1025 4349 et
1038 4291 1122 4350 litter.
1158 4292 1229 4347 aime
1242 4290 1292 4347 sibi
1302 4300 1497 4350 consentanea.
1513 4292 1580 4361 Quia
1593 4309 1659 4369 ergo
1674 4295 1700 4351 in
1714 4295 1767 4354 bac
1784 4297 1896 4372 legesis
1907 4318 1969 4374 spe·

322 4403 384 4460 cap.
404 4389 448 4459 ii,
468 4385 514 4442 ubi
529 4385 582 4456 ιιι,
599 4383 685 4456 legem
701 4398 799 4439 novam
813 4397 873 4438 esee
888 4381 1030 4438 caritatem
1045 4380 1125 4439 didu-
1159 4385 1244 4453 stata,
1256 4386 1284 4438 ιι
1294 4381 1413 4454 perlecta
1428 4381 1471 4440 lex
1490 4383 1628 4454 impulsus
1642 4384 1727 4443 diripi
1740 4389 1862 4461 Spiritus
1880 4392 1971 4463 parle-

322 4495 381 4536 sam
404 4477 430 4534 in
451 4475 583 4533 cordibus
599 4475 700 4530 nostris
714 4489 763 4545 per
776 4473 908 4543 Spiritum
923 4477 1062 4544 sanctum,
1078 4471 1126 4545 qui
1159 4473 1229 4528 ctior
1242 4477 1300 4543 est,
1313 4470 1372 4529 ideo
1384 4471 1417 4528 ab
1428 4471 1475 4528 illa
1485 4472 1557 4530 solet
1569 4473 1728 4546 simpliciter
1738 4461 1910 4538 denominari
1926 4482 1969 4540 lex

321 4569 404 4626 datus
419 4572 462 4624 ιιι
481 4565 571 4622 ιιιιι.
588 4563 663 4622 Unde
677 4560 833 4620 concludit:
850 4565 913 4619 Len
926 4576 994 4635 erqo
1009 4563 1066 4617 Dei
1080 4565 1126 4618 est
1158 4560 1230 4633 iidei,
1245 4566 1273 4617 et
1286 4560 1328 4618 les
1340 4561 1450 4633 spiritus
1463 4562 1534 4619 vitae
1544 4567 1646 4638 ,utque
1657 4563 1753 4625 endem
1766 4568 1849 4626 modo
1866 4569 1969 4628 dicitur

321 4661 453 4723 cordon·
467 4661 495 4712 et
507 4654 591 4713 inire:
609 4655 686 4711 Cum
699 4655 733 4708 in
746 4649 865 4716 iobnlis,
880 4649 977 4724 inquit,
991 4650 1124 4708 scribun-
1160 4649 1203 4707 lex
1217 4649 1242 4706 in
1261 4648 1392 4706 cordibus
1406 4651 1549 4722 impressa.
1657 4670 1676 4712 .·

321 4754 372 4804 ιιι
385 4761 477 4821 opera
493 4745 642 4808 caritatis,
661 4739 710 4796 len
724 4743 766 4798 ιιι
776 4755 910 4816 opernm,
926 4745 954 4796 et
964 4738 1069 4797 littera
1078 4755 1127 4796 οε.
1199 4744 1227 4799 t.
1244 4740 1298 4796 Sed
1319 4739 1383 4796 licet
1403 4739 1471 4797 baec
1492 4740 1617 4800 doctrina
1631 4760 1695 4802 vera
1715 4748 1766 4821 ιιι,
1787 4765 1842 4806 non
1858 4751 1967 4810 ridetur

320 4836 422 4895 cidens
438 4837 736 4911 praeomicoiorew
758 4847 826 4887 cum
846 4833 948 4888 antem
962 4831 1031 4904 ipsa
1045 4832 1126 4887 eori-
1160 4845 1296 4889 evacuare
1312 4828 1505 4887 difficultatem
1518 4831 1644 4904 positam.
1661 4829 1762 4908 Primo,
1772 4841 1839 4911 quia
1854 4856 1910 4897 non
1924 4857 1967 4900 sa-

321 4933 370 4985 los
391 4921 577 5000 diffunditur
596 4927 629 4980 in
649 4921 737 4980 eorde
756 4919 953 4987 credentium,
972 4918 1021 4976 len
1035 4919 1126 4993 estfi·
1160 4921 1195 4977 tis
1214 4918 1337 4977 declarat
1356 4918 1535 4977 differentium
1549 4921 1620 4979 inter
1636 4923 1724 4997 legem
1737 4934 1860 4986 veterem
1876 4939 1904 4987 ιι
1919 4948 1966 4988 no-

229 5005 236 5014 ’
321 5016 379 5084 (ιιι,
395 5021 423 5073 ιι
435 5017 558 5091 spiritns
570 5011 723 5091 vivificans
735 5009 916 5067 dilectorem.
929 5008 1003 5066 ldom
1015 5009 1071 5067 iere
1083 5026 1126 5066 re·
1159 5026 1239 5082 ram,
1256 5024 1319 5065 num
1333 5007 1355 5065 si
1369 5009 1464 5066 ambae
1478 5009 1689 5070 considerentur
1701 5023 1732 5072 ut
1743 5014 1818 5089 leges
1831 5017 1966 5092 imperan-

322 5107 390 5180 petit
403 5122 465 5178 cap.
483 5109 531 5178 26,
548 5104 595 5162 ubi
612 5117 724 5160 movens
738 5099 945 5171 difficultatem,
959 5101 987 5155 in
1005 5116 1060 5172 quo
1075 5098 1127 5157 dii·
1160 5105 1219 5171 tes,
1242 5098 1339 5154 ambae
1359 5097 1492 5156 dicuntur
1505 5099 1589 5158 tuisse
1604 5102 1769 5161 sensibiliter
1784 5109 1924 5182 scriptae,
1939 5117 1966 5166 et

323 5198 393 5254 terat
411 5194 453 5252 lea
471 5196 573 5269 gratiae
594 5209 611 5250 ι
628 5191 687 5263 lege
701 5198 828 5262 naturae,
842 5203 908 5245 cum
921 5189 1006 5246 etiam
1020 5189 1062 5246 les
1078 5205 1126 5247 ιιι-
1160 5204 1209 5260 per
1223 5189 1390 5246 exteriorem
1403 5187 1556 5247 doctrinam
1574 5191 1740 5266 imperatam
1756 5195 1779 5252 si
1797 5212 1863 5254 sero
1877 5202 1965 5256 ιιιιιι-

324 5286 421 5346 ιιιιιιι
441 5285 476 5344 ιιι
493 5287 597 5358 scripte
611 5285 638 5342 in
652 5280 783 5340 cordibus
797 5279 950 5352 bominum,
966 5280 1043 5338 iuxta
1058 5279 1124 5336 illud
1160 5277 1292 5337 darentur
1308 5285 1339 5340 ut
1358 5276 1474 5338 interius
1494 5285 1620 5353 receptae
1638 5281 1797 5360 asubditia,
1813 5287 1910 5346 ambae
1923 5305 1963 5346 re·
