4294 6238
916 387 1023 441 osrur
1035 389 1123 441 xvrr.
1207 333 1212 350 ⁵
1724 370 1787 436 319

467 506 607 580 CAPUT
621 509 727 580 XVII.
1027 531 1089 587 cap.
1105 519 1134 586 2,
1150 511 1177 571 d.
1192 515 1220 585 i,
1236 511 1297 570 ideo
1311 527 1344 569 er
1360 511 1479 586 antiquis
1494 511 1616 570 moribus
1630 512 1747 570 civitatis
1761 528 1827 585 pro·

912 619 917 630 ·
1026 603 1151 661 habiliter
1165 603 1321 659 coniectare
1335 617 1501 674 possumus,
1518 616 1574 673 quo
1588 617 1672 658 sensu
1688 601 1771 658 luerit
1784 600 1827 658 lex

338 715 446 774 Utrum
465 715 644 774 commo
661 715 771 775 habea,
791 721 850 776 „qm
1026 693 1167 750 instituta:
1189 691 1261 748 unde
1281 691 1307 746 in
1330 689 1383 746 hoc
1397 706 1482 765 sensu
1496 689 1592 747 dicunt
1606 691 1764 764 frequenter
1778 687 1827 748 do·

431 804 648 879 temperandi
660 804 764 880 reygm,
1026 788 1135 852 cieras,
1156 782 1243 856 legem
1262 795 1323 836 esse
1337 779 1568 852 interpretandam
1583 780 1660 837 iuxta
1673 787 1826 838 consuetu·

1024 869 1114 928 dinem
1129 871 1201 940 loci,
1217 871 1325 928 etiamsi
1339 873 1465 940 oportent
1480 868 1561 925 verina
1576 869 1642 943 legis
1657 873 1746 926 minus
1760 884 1827 941 pro·

469 982 675 1048 §mmm
685 1001 712 1048 m
1025 961 1082 1032 prle
1095 960 1314 1032 exponere,quia
1329 958 1409 1014 debet
1421 957 1544 1014 moribus
1560 957 1699 1016 hominum
1715 973 1828 1016 accom-

1025 1049 1141 1120 modsri,
1159 1055 1190 1106 ut
1203 1048 1257 1104 iste
1270 1047 1359 1104 Glass.
1374 1047 1401 1102 in
1416 1063 1478 1118 esp.
1493 1047 1644 1114 Nonnulli,
1659 1048 1694 1105 de
1710 1049 1825 1120 rescrip.

191 1167 216 1216 i.
230 1165 361 1217 Secundus
373 1166 481 1219 effectus
493 1170 879 1226 consuetudinis-dirimas
889 1175 989 1239 modus,
1025 1138 1099 1194 Bm·
1111 1138 1142 1194 'in
1156 1137 1176 1238 ,Ι
1189 1151 1288 1194 mmm
1300 1134 1415 1211 9⁰Wu'
1433 1137 1460 1193 ff·
1474 1136 1507 1193 ‘¹⁰
1522 1137 1608 1195 imm·
1625 1143 1653 1194 ⁰¹
1666 1138 1720 1194 im·
1737 1143 1764 1194 et
1778 1140 1828 1195 Pa'

224 1249 277 1299 quo
296 1237 456 1288 consuetudo
477 1239 545 1289 salet
563 1239 595 1288 ad
613 1241 830 1306 interpretandam
849 1246 940 1308 legem.
956 1273 992 1284 -
1025 1229 1136 1283 dormit.
1154 1242 1179 1283 tn
1195 1241 1257 1298 cup.
1276 1223 1457 1298 Ceriificarl,
1475 1225 1509 1282 de
1526 1226 1613 1297 sepul.
1630 1243 1707 1284 num.
1724 1231 1752 1284 2.

224 1306 251 1356 3.
263 1305 413 1357 observatio
425 1309 549 1360 auctoris.
561 1310 630 1359 -4-
645 1311 724 1372 Quom
738 1314 772 1362 sit
785 1313 872 1364 efficax
883 1327 990 1366 consue·
1063 1315 1121 1372 Alio
1141 1314 1222 1373 modo
1242 1321 1333 1387 potest
1353 1314 1527 1372 consuetudo
1548 1315 1718 1388 interpretari
1739 1317 1826 1391 legem

225 1373 453 1508 {fflffiafflgg
467 1378 991 1514 ¹ffiffi‘fssggfflffi3mffitssgggugf{¹¹2¹
1027 1411 1157 1478 tanquam
1182 1420 1268 1462 causa
1293 1419 1465 1461 concurrens
1484 1404 1519 1461 sd
1540 1405 1785 1479 introducendam,
1801 1415 1829 1463 ct

225 1514 308 1566 ,qnam
325 1521 352 1564 εἰ
371 1517 524 1571 mum,
536 1543 569 1555 ,
583 1518 670 1570 pm,
688 1521 766 1571 ,qm
784 1523 894 1588 seipsam
909 1524 991 1574 ime„
1026 1493 1211 1552 stabiliendam
1228 1493 1308 1550 telem
1324 1493 1626 1565 interpretationem,et
1640 1495 1707 1568 legis
1725 1495 1829 1569 obliga·

225 1585 333 1647 precari.
1030 1582 1130 1639 tionem
1145 1585 1172 1638 in
1187 1582 1233 1640 tali
1248 1599 1342 1650 sensu,
1356 1589 1387 1638 ut
1401 1582 1508 1654 allegati
1522 1581 1651 1641 doctores
1671 1586 1828 1658 frequenter

1027 1670 1139 1742 docent,
1155 1677 1183 1728 et
1195 1671 1250 1744 olii,
1266 1687 1336 1744 quos
1350 1670 1445 1742 relect,
1461 1677 1489 1728 et
1504 1672 1628 1743 sequitur
1643 1673 1776 1730 liascurd.
1792 1673 1828 1730 de

232 1759 255 1809 t.
271 1753 321 1810 liic
344 1761 388 1812 est
411 1755 552 1814 secundus
576 1758 733 1832 principalis
751 1747 887 1833 ellecius,
906 1780 988 1837 quem
1025 1749 1298 1831 puolonsuant,
1315 1760 1406 1817 conci.
1424 1761 1505 1831 illis,
1522 1775 1570 1831 per
1585 1764 1681 1828 totam,
1693 1769 1722 1820 et
1733 1771 1827 1833 aperte

189 1842 249 1898 iura
264 1842 391 1902 tribuunt
406 1845 609 1904 consuetudini.
619 1849 854 1910 Convenitautcm
870 1868 990 1913 consue·
1028 1847 1187 1906 declaretur
1205 1851 1232 1906 in
1253 1848 1273 1905 l·
1289 1841 1361 1905 nn'm
1376 1851 1553 1922 itinerator,
1571 1849 1599 1905 ff·
1616 1848 1649 1906 de
1664 1850 1746 1922 legib·
1762 1850 1828 1907 dum

190 1930 290 2004 tudini,
317 1948 388 2006 quae
412 1934 566 1993 seeundum
591 1936 678 2012 legem
703 1941 757 2012 sit,
779 1956 840 1998 nam
861 1952 992 2016 quaeest
1025 1936 1145 1995 dicitur:
1169 1941 1208 1996 In
1222 1937 1480 2011 antiquitatibus,
1498 1953 1574 2011 qnae
1587 1953 1626 1996 en
1639 1937 1828 2014 ieptbnspro·

189 2028 298 2094 praeter
318 2021 421 2097 legem,
445 2040 498 2081 non
520 2027 650 2098 supponit
671 2027 777 2103 legem,
799 2046 881 2103 quam
904 2033 989 2098 inter·
1020 2025 1218 2099 ficiscuntur,
1236 2025 1489 2094 consuetudinem,
1508 2031 1563 2084 out
1575 2043 1676 2085 serrem
1687 2033 1829 2104 perpetuo

189 2119 331 2190 pretetur3
355 2129 426 2188 quae
446 2130 511 2172 vero
530 2123 573 2172 est
593 2124 691 2175 contra
712 2119 816 2194 legem,
841 2121 930 2194 potius
949 2121 988 2178 illi
1026 2114 1166 2173 sinriiitcr
1191 2105 1410 2174 indicaturum
1423 2119 1648 2184 anctoritatem,
1672 2121 1732 2175 vim
1756 2117 1828 2191 leuis

190 2202 318 2276 derogat,
336 2211 367 2262 ut
380 2203 521 2262 dicemus:
538 2207 621 2278 igitur
635 2208 692 2265 solu
702 2211 876 2268 cousuetudo
894 2227 992 2268 secun·
1027 2206 1154 2264 obtinere
1168 2206 1367 2266 deterescat
1379 2221 1446 2280 ergo
1460 2206 1578 2263 diximus
1590 2223 1685 2279 supra,
1698 2208 1829 2280 interpre-

189 2291 256 2350 dum
278 2293 365 2367 legem
385 2300 477 2367 potest
496 2295 568 2354 illam
590 2297 775 2370 interpretari.
796 2301 873 2358 ilatio
900 2307 992 2358 autem
1028 2299 1158 2355 tationem
1180 2297 1238 2370 loge
1256 2297 1357 2355 iactam
1377 2310 1437 2354 esse
1456 2294 1641 2352 authenticum
1655 2311 1687 2354 ca
1705 2296 1829 2354 eillcucia

189 2383 273 2440 huius
286 2383 402 2440 effectus
416 2387 541 2456 est,quia
555 2401 607 2442 non
622 2394 664 2445 est
677 2391 831 2446 necessaria
843 2390 928 2447 maior
942 2407 992 2448 au·
1027 2384 1184 2461 legisque
1197 2391 1288 2460 potest
1302 2385 1376 2443 illam
1387 2384 1517 2458 stabilire3
1529 2387 1567 2442 ita
1581 2384 1729 2443 dicendum
1742 2393 1785 2442 est
1794 2385 1829 2443 de

189 2474 320 2544 ctoritas,
342 2488 394 2529 nec
413 2475 573 2545 expressior
597 2475 723 2533 voluntas
748 2476 782 2533 ad
815 2479 992 2551 interpretan-
1027 2471 1366 2549 cousuetudinequando
1380 2473 1414 2532 ad
1428 2474 1503 2530 illum
1519 2471 1829 2547 grndomperveultut

190 2559 251 2616 dam
273 2561 360 2634 legem
381 2562 432 2618 iarn
453 2562 572 2634 iactam,
593 2579 676 2636 quam
700 2563 733 2624 sd
753 2581 852 2624 noram
869 2567 993 2625 introdu·
1028 2565 1082 2621 vim
1094 2565 1159 2639 legis
1174 2564 1386 2623 obtineatiinec
1401 2579 1467 2635 ergo
1480 2570 1524 2621 eat
1537 2565 1647 2635 propria
1660 2565 1729 2621 ratio
1743 2563 1827 2621 huius

190 2653 320 2724 cendam3
346 2659 374 2710 ct
396 2653 432 2710 lle
451 2669 545 2710 omnes
561 2655 679 2710 rationes
694 2654 782 2712 iactae
797 2657 931 2729 superiori
945 2673 993 2714 ca·
1027 2657 1195 2726 assertionis,
1207 2656 1271 2728 quia
1283 2653 1454 2712 consuetudo
1469 2652 1568 2710 efficax
1581 2661 1624 2710 est
1637 2651 1671 2709 ad
1688 2654 1774 2726 legem
1790 2653 1829 2709 in·

189 2745 272 2814 pilea
287 2741 392 2814 fortiori
407 2741 562 2814 procedunt
575 2743 601 2798 in
614 2742 667 2801 hoc
681 2745 796 2818 ellectu,
811 2753 839 2802 et
853 2747 914 2803 iura
929 2753 993 2804 sunt
1027 2743 1243 2815 troduoendam3
1266 2759 1331 2817 ergo
1350 2747 1432 2800 etism
1448 2742 1480 2800 ad
1495 2741 1726 2814 interpretandam
1743 2742 1829 2814 legem

188 2845 329 2904 expressa,
346 2847 408 2903 cap.
426 2832 503 2888 Cum
517 2829 655 2900 dilectus,
672 2833 886 2898 deconsuetud.
904 2835 922 2892 Ι.
939 2839 993 2892 nel·
1027 2833 1178 2890 efficaciter
1197 2840 1225 2890 et
1244 2849 1292 2905 per
1311 2831 1424 2890 modum
1446 2831 1522 2905 legis.
1538 2831 1709 2904 Quapropter
1727 2834 1828 2902 omnis,

188 2922 277 2988 nime,
295 2919 314 2976 l.
330 2923 357 2978 si
370 2919 406 2978 de
420 2923 670 2995 interpretatione,
689 2923 716 2979 li.
732 2923 766 2980 de
781 2922 898 2997 iegibus.
1025 2938 1097 2996 quse
1118 2923 1272 2979 necessaria
1292 2928 1356 2979 suut
1369 2923 1394 2977 iu
1410 2920 1628 2990 cousuetudine,
1644 2928 1676 2978 ut
1693 2922 1760 2995 legis
1775 2921 1827 2979 sim

232 3017 260 3072 2.
275 3013 311 3070 ut
324 3017 414 3069 sutem
429 3013 544 3068 assertio
560 3013 645 3086 magis
658 3011 827 3086 declaretur,
843 3015 990 3071 strattone
1029 3011 1144 3084 hebeat,
1158 3011 1253 3070 eadem
1269 3013 1424 3068 necessaria
1438 3017 1513 3082 suut,
1530 3017 1562 3068 ut
1576 3010 1629 3068 hoo
1645 3010 1726 3068 modo
1742 3011 1830 3085 legem

190 3101 388 3172 confirmetur,
409 3101 540 3172 adserto,
556 3101 701 3173 dupliciter
715 3119 795 3175 posse
810 3104 990 3162 consuetudi·
1027 3101 1233 3174 interpretetur.
1246 3103 1283 3158 lie
1296 3100 1348 3158 illis
1361 3116 1428 3174 ergo
1443 3101 1574 3171 superius
1589 3099 1661 3157 dicta
1676 3099 1826 3158 sufficiunt.

189 3205 251 3246 nem
270 3190 363 3247 valere
381 3190 414 3247 ad
425 3191 662 3263 interpretandam
672 3192 781 3266 legem:
803 3209 857 3250 uno
871 3194 952 3251 modo
967 3195 992 3250 in
1070 3195 1097 3248 3.
1115 3190 1210 3248 Solum
1228 3190 1274 3246 hic
1288 3188 1440 3260 sdnotubo,
1456 3190 1580 3248 Glossam
1595 3189 1621 3245 in
1636 3189 1708 3246 dicta
1722 3189 1740 3246 l.
1757 3203 1830 3246 ncnc

189 3281 294 3338 ratione
311 3279 396 3352 sigui,
413 3279 454 3335 rel
469 3282 558 3345 testis.
575 3283 638 3354 quie
652 3282 762 3356 quando
777 3283 839 3340 talis
853 3290 907 3355 est,
924 3299 992 3340 con·
1028 3282 1211 3354 imperator,
1232 3294 1266 3336 ex
1284 3278 1368 3336 verbo
1386 3283 1541 3354 perpetuo,
1561 3278 1689 3352 colligere
1704 3294 1831 3337 necessa·

191 3368 311 3426 suetudo
325 3369 400 3425 circa
414 3368 632 3427 observationem
646 3369 713 3444 legis
727 3371 839 3446 iudicat,
855 3379 884 3430 et
897 3372 992 3430 testiin-
1029 3371 1101 3426 rium
1123 3384 1183 3426 csse
1202 3367 1381 3438 decennium,
1409 3375 1440 3426 ut
1458 3367 1631 3425 cousuetudo
1649 3367 1719 3423 hanc
1734 3367 1832 3423 habeat
1908 3435 1915 3450 ·

191 3465 284 3528 catur,
300 3455 372 3514 illum
387 3456 472 3515 luisse
486 3465 604 3516 mentem
619 3459 797 3533 legislatoris,
814 3466 842 3519 ot
855 3463 893 3518 ita
907 3461 992 3518 luisse
1027 3456 1191 3516 efficaciam.
1200 3457 1252 3514 Sed
1265 3457 1350 3530 siquis
1364 3462 1464 3514 attente
1479 3455 1647 3527 consideret,
1661 3456 1702 3514 lex
1715 3456 1760 3514 iile
1773 3455 1829 3514 duo

191 3552 376 3620 receptam,et
390 3561 443 3604 non
458 3547 510 3605 alio
526 3547 618 3620 modo,
631 3551 695 3621 qnia
710 3548 784 3624 leges
795 3549 916 3608 moribus
927 3567 992 3608 coa·
1028 3546 1112 3606 habet
1125 3547 1260 3617 membra,
1275 3535 1367 3604 unum⁴
1376 3552 1418 3603 est
1431 3543 1617 3609 conmaetndo,
1631 3544 1703 3603 allud
1717 3551 1830 3603 serden-

193 3634 315 3707 lescunt,
335 3642 367 3693 ut
379 3633 446 3693 dicit
462 3635 558 3693 isidor.
574 3639 601 3692 in
614 3652 677 3709 cap.
697 3639 722 3710 i,
737 3638 802 3696 dist.
822 3644 847 3698 i.
864 3640 921 3698 Sub
939 3638 992 3696 hac
1028 3639 1090 3694 tine
1104 3634 1260 3704 indictum
1273 3643 1302 3693 et
1315 3635 1603 3710 perticulaperpetuo
1617 3651 1671 3692 nou
1688 3635 1831 3709 coniungi·

194 3729 285 3780 auteur
306 3725 408 3782 ratione
427 3724 598 3782 consuetudo
621 3742 674 3784 uon
694 3733 784 3800 potest
803 3727 917 3786 reddere
931 3743 994 3785 cer·
1028 3733 1075 3783 tur
1089 3742 1155 3783 oum
1171 3725 1253 3799 priori
1268 3723 1401 3798 membro,
1415 3724 1461 3781 sed
1475 3725 1634 3796 simpliciter
1646 3724 1747 3782 dicitur
1763 3723 1849 3782 con·'

193 3818 249 3869 tam
263 3819 291 3870 et
304 3812 465 3872 infallibilem
480 3817 747 3888 interpretationem,
763 3818 828 3890 quia
841 3817 886 3874 ills
902 3819 994 3876 solum
1027 3813 1225 3873 suetudinem:
1242 3815 1378 3887 particula
1398 3820 1490 3871 autem
1508 3819 1649 3889 perpetuo
1670 3816 1782 3886 ponitur
1802 3815 1831 3871 in

191 3907 235 3958 est
252 3902 386 3974 quaedem
406 3903 527 3961 humano
547 3907 726 3978 coniectura3
746 3915 789 3964 est
806 3914 898 3964 autem
916 3907 994 3966 valde
1029 3904 1173 3976 posteriori
1189 3904 1372 3976 membro,.ut
1385 3902 1552 3974 declaretur,
1568 3917 1623 3960 non
1637 3891 1833 3976 quoscumque

191 3990 355 4062 probabilis,
375 3999 404 4050 et
427 3995 464 4050 lta
484 3977 559 4051 iurat
580 3995 699 4052 maritum
714 3995 747 4052 sd
761 3995 940 4053 doctrinalem
954 3997 995 4052 ln·
1029 3991 1244 4067 sententias,sed
1268 3993 1419 4065 illas,quae
1431 4007 1539 4065 semper
1551 3991 1654 4050 luerint
1665 3992 1830 4066 concordes,

115 4121 119 4128 .
192 4081 427 4151 terpretatiouem,
453 4087 480 4139 et
500 4099 556 4154 quo
574 4083 657 4140 luerit
671 4086 775 4151 maior,
796 4091 824 4142 et
840 4083 995 4143 diuturnior
1017 4083 1098 4150 ‚hanc
1117 4084 1171 4139 vim
1187 4081 1296 4139 habere.
1309 4082 1443 4150 Quocirca
1454 4097 1504 4154 pro
1517 4082 1603 4153 priori
1619 4080 1743 4138 membro
1758 4081 1833 4139 nulla

191 4171 383 4244 consuetudo,
405 4187 439 4228 eo
461 4173 513 4228 erit
525 4172 690 4243 probabilior
704 4177 880 4245 coniectura,
897 4175 921 4230 in
939 4190 994 4247 quo
1028 4170 1137 4228 additur
1157 4171 1183 4226 in
1203 4169 1249 4226 illa
1264 4169 1323 4242 lege
1339 4169 1467 4242 temporis
1478 4168 1644 4243 declaratio,
1661 4169 1709 4227 sed
1724 4185 1772 4242 per
1785 4185 1832 4244 ge·

192 4257 269 4315 nuda
292 4266 367 4316 certa
390 4261 486 4335 regule
509 4263 641 4334 resignari
666 4269 777 4335 potest,
802 4262 850 4321 sed
866 4261 994 4336 prudenti
1029 4260 1135 4318 neralcs
1158 4259 1268 4332 regulas
1288 4257 1460 4332 intelligenda
1473 4264 1516 4315 est
1530 4258 1563 4317 de
1577 4257 1779 4316 consuetudine
1795 4259 1833 4315 le-

193 4347 304 4404 orbltrlo
323 4348 532 4423 relinquendum
553 4360 605 4408 est.
621 4350 690 4409 sudi
715 4367 780 4410 roro
807 4357 919 4425 potest,
940 4367 994 4409 uon
1029 4349 1123 4422 gitime
1142 4349 1324 4420 praescripta.
1341 4347 1371 4402 lu
1391 4348 1535 4419 posteriori
1550 4347 1632 4404 etiam
1647 4346 1770 4404 membro
1788 4345 1834 4404 illa

192 4442 298 4495 tantum
319 4439 564 4512 consuetudinem,
585 4455 656 4513 quse
680 4446 723 4498 est
747 4442 824 4499 cirea
847 4442 995 4499 observara-
1029 4436 1165 4510 particula
1189 4442 1332 4512 perpetuo
1356 4451 1411 4493 non
1434 4437 1566 4509 significet
1586 4451 1722 4493 annorum
1736 4450 1833 4492 nume·

193 4526 257 4584 tiam
272 4527 360 4598 ipsius
382 4527 463 4600 legis,
480 4535 625 4602 postquam
646 4529 756 4588 condito
778 4536 831 4602 est,
851 4529 898 4589 sed
913 4532 995 4588 etism
1030 4543 1110 4600 rum,
1131 4524 1180 4583 sed
1204 4525 1378 4583 concordiam
1400 4527 1597 4583 sententiarum
1616 4532 1790 4598 perpetuam,
1806 4522 1834 4583 id

194 4615 354 4688 quasillum
370 4618 537 4689 antecessit,
557 4618 677 4675 multum
694 4619 789 4676 iuvare
803 4619 837 4676 ad
853 4620 918 4692 legis
936 4633 998 4676 sen·
1030 4623 1074 4673 eet
1093 4618 1149 4673 sine
1174 4616 1322 4688 varietate,
1342 4621 1391 4672 sut
1405 4616 1583 4688 repugnantia
1596 4630 1692 4672 esrum
1706 4616 1778 4672 inter
1791 4631 1831 4684 seq

195 4719 256 4760 sum
273 4705 490 4779 intelligendum.
507 4708 575 4763 Nom
588 4707 662 4779 quod
676 4706 777 4764 dicitur
792 4709 820 4764 in
834 4706 908 4765 diota
924 4707 993 4781 lege:
1031 4705 1075 4762 iric
1088 4705 1158 4761 enim
1174 4711 1217 4761 est
1228 4703 1325 4776 planus
1340 4720 1436 4761 sensus
1451 4704 1546 4760 talium
1558 4704 1705 4761 verborum
1717 4704 1743 4759 lu
1757 4719 1834 4761 corn·

195 4795 229 4850 Si
242 4792 278 4850 dc
289 4798 531 4868 interpretatione
545 4794 618 4868 lepis
632 4802 818 4868 coematur,
842 4799 874 4853 tn
887 4801 998 4872 primic
1031 4796 1108 4851 marni
1125 4794 1261 4861 usu.Quis
1275 4801 1369 4851 autem
1380 4807 1512 4851 numerus
1527 4794 1722 4850 sententiarum
1733 4791 1766 4848 ad
1779 4793 1833 4849 laoc

195 4884 411 4957 inspiciendum
425 4887 477 4950 est,
486 4900 541 4957 quo
553 4887 620 4942 iore
633 4888 738 4943 ciclico
751 4891 832 4942 retro
845 4888 879 4942 ln
895 4887 999 4943 tutus·
1032 4882 1171 4955 suiiiciat,
1193 4897 1247 4938 non
1265 4880 1423 4940 declaratur
1441 4882 1492 4955 ibi,
1512 4880 1559 4939 sed
1573 4884 1649 4938 iuxta
1662 4881 1737 4937 dicta
1752 4882 1834 4938 etiarn

195 4969 410 5030 modicensibus
424 4977 572 5041 otmense,
597 4980 688 5046 potest
710 4975 903 5032 conuenienter
921 4974 999 5032 intel·
1032 4973 1060 5028 lu
1075 4971 1265 5042 superioribus
1280 4970 1488 5044 intelligendum
1501 4977 1552 5027 est.
1565 4971 1632 5028 Nam
1648 4977 1761 5027 eotenus
1773 4985 1835 5026 sen-

197 5059 241 5133 l'gi
254 5075 308 5124 non
323 5060 413 5118 solum
428 5061 462 5118 de
475 5060 676 5120 cousuetudine
690 5069 878 5136 consequente
894 5064 997 5136 legem,
1033 5063 1134 5121 tentiae
1148 5061 1250 5118 habent
1264 5061 1334 5118 hano
1346 5061 1409 5126 vim,
1418 5062 1444 5116 iu
1456 5065 1592 5133 quantum
1604 5056 1836 5118 consuetudinem

127 5171 129 5174 ·
197 5150 245 5208 sed
262 5153 344 5210 etism
363 5150 396 5208 de
415 5149 601 5209 antecedente.
619 5153 687 5212 Nam
702 5153 782 5225 quis,
796 5159 867 5210 teste
882 5152 997 5223 isidoro,
1034 5151 1146 5210 etilcere
1160 5157 1286 5223 possuue
1300 5147 1372 5206 uude
1383 5150 1406 5205 si
1419 5163 1473 5205 una
1487 5153 1595 5206 nutum
1610 5147 1703 5219 luerit,
1714 5145 1756 5205 uel
1768 5161 1837 5220 pau·

199 5240 239 5298 lex
264 5240 418 5299 secundum
442 5243 545 5313 patrias
570 5243 799 5318 consuetudinem
822 5243 879 5302 deri
908 5243 997 5315 debet,
1037 5243 1141 5311 olores,
1151 5253 1233 5314 quam
1245 5238 1279 5296 ad
1291 5236 1675 5312 legitimamconsuetudinem
1686 5235 1834 5313 sufficiant,
