4232 6220
909 319 1015 378 cinnr
1027 328 1053 377 1.
1689 313 1750 375 iffi

149 457 284 512 caesarias
306 469 366 512 εεεε
388 455 543 512 bominibus
561 454 650 527 leges:
667 455 731 528 quia
744 453 828 512 homo
842 459 885 513 εει
898 454 955 510 εει·
991 451 1118 520 Quamvis
1132 467 1198 526 crgo
1213 453 1327 509 loannes
1341 467 1401 524 cap.
1415 459 1440 510 ι.
1451 450 1541 509 εοιιιιιι
1556 450 1639 524 ειιεει,
1652 452 1790 511 Christum

150 545 203 602 mal
217 547 329 617 sociale,
343 547 390 618 qui
407 561 458 601 nen
472 551 563 617 potest
575 548 769 604 convenienter
781 543 951 612 conservari,
988 538 1085 597 iecisse
1100 541 1226 614 gretiam,
1238 557 1291 596 non
1305 540 1428 598 excludit
1441 540 1547 597 dedisse
1562 541 1659 614 legem,
1673 542 1746 615 quod
1761 543 1787 599 iu

149 636 200 691 nisi
215 638 241 691 in
256 636 451 692 communitate
466 633 602 707 perlecta3
620 650 671 692 nec
691 634 752 690 talis
770 631 954 690 communitas
987 628 1046 686 aliis
1063 629 1130 688 locis
1145 630 1306 703 explicetur.
1316 633 1372 686 lmc
1387 631 1422 686 ihi
1436 633 1519 700 etiem
1533 631 1726 704 comprehendi
1743 649 1790 704 pc-

149 731 242 795 potast
256 726 313 781 sine
328 724 435 798 legibus
449 730 525 780 recte
539 724 699 796 gubernari:
713 729 741 779 ει
752 723 812 779 ideo
823 725 898 780 iunia
909 737 955 776 re·
989 725 1042 776 iest
1062 719 1114 776 suh
1129 721 1238 776 nomine
1253 720 1389 791 veritatis,
1407 727 1465 777 ium
1479 722 1541 793 quie
1556 722 1589 778 ed
1606 722 1674 778 hanc
1689 724 1789 779 rarita-

149 813 271 869 rieieiem
285 812 526 882 communitatum,
539 818 564 868 ei
577 811 700 868 diversos
712 815 778 868 fines
789 827 895 881 aarum,
909 826 954 866 re·
988 815 1045 866 tem
1065 809 1196 880 pertinuit
1217 807 1283 866 darc
1297 825 1405 870 ,noram
1425 809 1510 882 legem
1525 813 1706 884 promissam,
1730 817 1787 868 inm

149 903 204 958 riae
217 905 299 960 eiiam
315 903 389 976 legas
405 901 561 974 traduntur,
579 909 610 958 ut
624 916 656 958 es
673 919 737 972 nau,
749 909 776 958 ei
786 916 819 957 ea
831 901 953 972 superio·
987 899 1069 957 eiiam
1084 898 1149 971 qnia
1167 896 1314 970 legislatio,
1331 903 1362 954 ui
1374 905 1417 954 εει
1430 914 1493 971 pers
1508 899 1637 975 iustitiae,
1653 900 1704 956 sub
1719 901 1786 957 veri·

149 992 227 1047 ribus
241 992 315 1048 libris
333 994 400 1048 setis
414 991 588 1048 menifestum
602 998 654 1048 εει.
669 992 737 1048 Germ
752 1006 817 1063 ergo
828 990 954 1048 Ecclesia
988 992 1044 1043 tete
1060 985 1255 1059 comprehendi
1270 991 1370 1056 potest.
1582 1044 1587 1054 ,

149 1081 186 1136 ειι
200 1096 270 1137 nore
283 1080 440 1153 respublica
455 1097 526 1137 nove
540 1080 621 1138 modo
635 1086 812 1154 congregate,
825 1087 852 1136 ei
866 1079 900 1136 ed
915 1079 954 1135 el·
1027 1078 1054 1133 9.
1070 1077 1164 1147 Neque
1182 1075 1245 1146 plus
1266 1074 1356 1142 obstat
1374 1076 1453 1133 teriia
1468 1077 1612 1148 appellatio
1625 1074 1693 1150 legis
1707 1077 1789 1135 iiber·

82 1197 90 1208 ·
149 1169 286 1226 tissimum
301 1171 380 1226 linem
392 1168 528 1234 ordinata,
542 1170 671 1242 pertinuit
684 1169 717 1226 ad
729 1170 877 1241 sapientem
890 1183 953 1238 pro·
989 1165 1070 1237 tuiis3
1090 1167 1143 1222 iem
1165 1165 1235 1221 enlm
1253 1166 1279 1220 in
1301 1165 1488 1236 superioribus
1502 1165 1668 1238 explicatum
1682 1175 1742 1236 esi,
1759 1169 1789 1225 li·

104 1315 113 1332 ,
148 1257 296 1314 ridentium
310 1259 412 1316 Christi
426 1257 577 1315 irrndetoris
592 1259 662 1329 eius,
678 1265 706 1315 et
719 1257 752 1314 ad
767 1255 888 1314 eiusdem
900 1257 952 1313 Ec·
987 1252 1119 1311 beriaiem
1135 1254 1313 1312 christianam
1327 1271 1381 1310 non
1395 1255 1542 1313 excludere
1557 1258 1679 1314 omnium
1694 1258 1786 1332 legum

148 1346 248 1404 cleeiee
271 1349 468 1420 perlectionem
489 1354 518 1404 ει
536 1347 731 1417 stabilitatem,
753 1345 853 1403 hebere
871 1360 951 1402 esuo
987 1343 1195 1416 obligationem,
1215 1343 1262 1400 sed
1278 1344 1318 1400 vel
1333 1345 1524 1418 obligationem
1539 1345 1606 1420 legis
1621 1349 1731 1417 icteris,
1748 1347 1789 1404 rel

149 1437 296 1494 lundatore
308 1438 428 1511 aliquam
440 1438 527 1511 legem
539 1437 719 1494 saliemcirca
728 1434 882 1508 principalia
891 1433 952 1492 iun·
986 1432 1053 1505 legis
1067 1435 1186 1505 peccati,
1196 1439 1243 1490 eui
1257 1435 1317 1490 eius
1332 1436 1505 1509 servitutem,
1514 1451 1566 1491 non
1578 1452 1643 1492 vero
1658 1435 1725 1508 legis
1737 1452 1786 1492 nn·

147 1525 275 1582 domania
290 1526 351 1584 talis
370 1528 587 1598 communitatis,
602 1527 666 1599 quie
681 1528 737 1582 sina
753 1527 809 1598 lege
823 1540 877 1580 non
889 1540 952 1596 pos·
987 1522 1098 1596 terrulis,
1114 1528 1161 1579 eui
1174 1522 1309 1578 hnmanae
1324 1521 1480 1580 hominibus
1493 1527 1692 1583 convenientis.
1707 1524 1786 1592 Quod

147 1620 190 1670 εει
201 1616 227 1670 in
244 1632 294 1672 sua
307 1617 406 1672 unitate
417 1616 556 1672 moraliter
567 1615 734 1686 conservari,
744 1620 774 1670 ut
784 1629 816 1670 ax
828 1615 871 1684 iis,
882 1629 952 1685 quea
987 1613 1010 1668 si
1024 1610 1094 1668 hanc
1109 1627 1162 1668 non
1177 1610 1314 1683 excludit,
1336 1613 1423 1669 multo
1437 1613 1528 1669 minus
1542 1613 1669 1672 excludet
1684 1615 1786 1687 obliga·

146 1703 183 1762 de
200 1706 313 1762 materia
323 1704 405 1762 huius
418 1705 484 1778 legis
495 1704 794 1777 dicemus,evidentins
804 1704 950 1760 constabit.
986 1701 1087 1758 tionem
1107 1700 1174 1775 legis
1193 1701 1299 1776 divinae
1318 1701 1457 1758 aChrieio
1473 1702 1554 1772 latae,
1570 1709 1597 1760 et
1611 1705 1727 1762 manime
1741 1720 1787 1760 ne·

192 1800 219 1852 8.
233 1793 273 1850 hd
287 1793 496 1851 tundamentum
509 1810 575 1867 ergo
590 1793 793 1852 haereticorum
807 1808 951 1865 negamus,
985 1791 1137 1862 caesariae,
1162 1797 1193 1848 ut
1211 1789 1382 1848 declaratum
1396 1797 1448 1849 est.
1466 1792 1501 1848 Ει
1515 1790 1574 1848 ideo
1587 1793 1690 1849 Paulos
1709 1797 1732 1849 ι.
1751 1792 1785 1850 εει

145 1883 312 1954 pertinuisse
330 1884 363 1941 ed
391 1897 476 1940 suase
495 1883 589 1957 iugum
603 1883 701 1940 Christi
720 1882 827 1940 nullum
842 1898 952 1954 praeca·
985 1880 1110 1938 Corinth.
1123 1884 1151 1939 9.
1165 1896 1230 1937 cum
1244 1878 1371 1937 dixisset:
1389 1883 1501 1938 Factus
1514 1897 1581 1938 sum
1594 1885 1641 1943 iis,
1659 1884 1712 1955 pai
1724 1886 1787 1940 sine

145 1977 260 2044 piorum
286 1987 356 2028 enus
380 1972 535 2029 hominihus
560 1973 716 2045 imponere,
740 1979 851 2044 propter
865 1972 970 2044 legem*
985 1967 1045 2044 ispe
1059 1975 1138 2034 sunt,
1155 1972 1243 2042 quasi
1256 1971 1319 2025 sine
1333 1967 1395 2042 iope
1409 1984 1510 2037 essem,
1520 1968 1546 2027 id
1560 1970 1705 2028 declarans
1720 1972 1785 2029 suh-

146 2054 232 2117 unam
251 2060 323 2133 fidei,
338 2067 370 2117 ut
383 2061 417 2117 ab
431 2061 494 2133 ipsis
508 2061 750 2132 capiteomnium
765 2062 829 2134 qrria
842 2076 896 2118 non
908 2067 952 2117 εει
985 2061 1088 2132 iungit:
1111 2060 1188 2116 Cum
1203 2061 1268 2115 sinc
1281 2055 1343 2130 ispe
1355 2060 1412 2114 Dei
1425 2075 1485 2114 non
1498 2057 1663 2127 serenasset
1677 2063 1710 2117 tn
1724 2059 1785 2133 ispe

56 2142 61 2150 ’
144 2151 238 2208 minua
261 2152 416 2208 necessaria
435 2149 874 2224 lexcaritatis,quemlerfidei,
892 2157 950 2207 tum
985 2163 1078 2206 essem
1095 2148 1219 2214 Christi·
1232 2154 1260 2203 ει
1274 2145 1307 2204 εει
1319 2148 1435 2204 ιιοεειε.
1453 2151 1479 2206 6.
1495 2163 1562 2205 curn
1579 2149 1700 2208 dixisset:
1717 2155 1784 2208 Non

145 2240 228 2296 etiem
244 2241 308 2312 quia
324 2239 359 2297 ad
373 2240 608 2298 conservationem
620 2240 703 2312 ipsius
715 2239 819 2312 fidei,ei
830 2238 863 2296 ed
874 2255 951 2296 exer·
984 2241 1056 2294 estis
1081 2235 1134 2294 aab
1158 2235 1234 2310 lepe,
1262 2234 1313 2294 sed
1331 2235 1384 2293 sab
1397 2240 1514 2309 pratia,
1538 2237 1571 2294 ad
1586 2238 1783 2296 excludendam

145 2329 243 2385 citium
262 2329 332 2400 eius,
348 2335 404 2384 iem
418 2330 445 2384 in
459 2329 540 2384 cultu
554 2329 611 2398 liei,
621 2343 704 2400 quam
718 2329 744 2383 in
759 2327 949 2385 iustificatione
984 2325 1080 2384 ielsam
1101 2325 1353 2397 interpretationem
1371 2333 1399 2382 et
1417 2326 1617 2398 imprudentem
1632 2327 1786 2387 libertatem

148 2415 266 2473 hominis
278 2417 330 2474 elia
343 2423 491 2490 praccepta
505 2425 583 2474 erant
596 2416 762 2488 necessarie,
773 2431 843 2489 quae
857 2417 951 2491 gravia
985 2416 1185 2472 haereticorum
1201 2415 1365 2488 interroget:
1385 2413 1468 2491 Quid
1480 2416 1568 2490 erpo?
1581 2415 1784 2491 peccabimus,

145 2523 209 2568 non,
219 2513 303 2578 sunt,
323 2509 388 2580 quie
407 2508 466 2579 ipso
480 2508 579 2578 spirito
593 2507 654 2564 iidei
667 2511 695 2563 et
709 2521 794 2563 norea
808 2506 875 2579 legis
890 2505 950 2563 red·
985 2508 1129 2577 quoniam
1142 2521 1201 2561 non
1217 2516 1319 2561 sacrus
1335 2504 1388 2560 sab
1402 2503 1472 2579 iepe,
1491 2504 1543 2562 sed
1558 2505 1611 2563 oab
1625 2507 1746 2580 pratia?
1759 2513 1787 2565 ει

146 2595 251 2653 duntur
270 2597 381 2668 suevia,
407 2587 439 2652 ist
456 2595 526 2652 inira
541 2595 677 2654 dicemus.
693 2597 787 2668 Neque
803 2596 866 2652 huic
881 2596 951 2652 rcri-
984 2593 1150 2666 respondet:
1173 2593 1268 2651 Absit.
1284 2595 1319 2650 Et
1332 2593 1481 2651 clarissima
1502 2595 1534 2653 ed
1554 2596 1662 2654 Galatas
1679 2602 1705 2670 b,
1721 2613 1786 2655 cum

146 2685 196 2741 tati
210 2684 301 2742 obstat
319 2685 406 2759 prima
420 2685 564 2758 appellatio
579 2684 660 2742 buius
675 2683 752 2758 legis,
764 2701 819 2758 qua
832 2691 950 2742 vocetur
986 2684 1115 2742 dixisset:
1135 2685 1190 2740 Vos
1208 2686 1240 2740 tn
1260 2681 1429 2740 libertatem
1448 2688 1546 2742 vocati
1559 2689 1642 2753 estis,
1654 2683 1786 2756 fraires,-

145 2773 196 2830 ieor
207 2771 300 2845 fidei,
323 2777 389 2846 qrria
414 2774 468 2829 hoc
482 2773 589 2830 nomine
604 2789 658 2832 non
673 2775 845 2847 significetur
859 2774 949 2832 solnm
986 2773 1063 2831 addit
1076 2774 1291 2830 correctionem:
1311 2775 1441 2830 Tantam
1458 2789 1496 2830 rae
1512 2773 1680 2832 itheriaiem
1693 2779 1726 2832 in
1739 2793 1786 2834 oc·

146 2869 324 2936 praecaptum
342 2861 484 2930 credendi,
497 2878 560 2917 nam
570 2865 652 2921 etiam
665 2864 767 2920 dicitur
782 2863 822 2920 ies
837 2865 949 2936 amoris,
986 2865 1137 2920 cerionem
1151 2859 1225 2918 detis
1239 2864 1348 2927 carnis,
1358 2860 1409 2918 scd
1421 2878 1476 2936 per
1488 2867 1649 2922 caritatem
1661 2869 1785 2941 spiritus

145 2959 175 3008 ει
195 2958 311 3008 vocetur
334 2953 416 3008 etiam
438 2952 481 3008 lex
502 2949 615 3022 spiritus
630 2954 717 3024 ritae,
737 2952 858 3025 subque
872 2954 951 3010 titulo
984 2957 1091 3011 servite
1107 2955 1252 3020 invicem·
1271 2954 1366 3008 omnis
1385 2953 1464 3008 enim
1484 2951 1534 3009 iac
1552 2956 1584 3010 in
1602 2970 1661 3010 uno
1680 2970 1789 3012 sermo·

145 3038 342 3112 comprehendi
359 3047 477 3111 possunt
489 3043 581 3097 omnia
592 3029 675 3113 opera
686 3044 843 3098 necessaria
853 3041 886 3099 ed
898 3044 952 3115 spi·
984 3058 1022 3098 ne
1038 3039 1195 3115 impietur:
1207 3039 1320 3113 Diiipes
1337 3042 1630 3113 panathenaicum,
1654 3046 1732 3100 sicui
1745 3048 1786 3100 te·

145 3127 273 3184 ritrralem
289 3127 382 3186 altam.
396 3128 503 3185 Dicitur
516 3143 583 3202 crgo
597 3129 640 3186 lex
655 3129 723 3197 bdei,
739 3131 802 3204 qula
816 3133 843 3187 in
858 3147 887 3187 se
902 3132 951 3188 ha·
984 3132 1096 3203 ipsum.
1113 3131 1153 3186 lix
1172 3145 1228 3202 quo
1247 3129 1340 3201 colligi
1354 3130 1434 3187 etiem
1448 3136 1538 3201 potest
1551 3133 1637 3204 ratio,
1653 3132 1689 3190 ob
1704 3149 1787 3206 quam

145 3217 192 3273 bet
206 3217 334 3288 spiritum
347 3222 376 3273 ει
387 3218 522 3290 gretiam,
542 3219 624 3275 cuius
643 3218 850 3278 tundamentum
864 3227 892 3278 et
905 3236 949 3277 ra·
983 3217 1096 3276 dicetur
1111 3218 1154 3275 lar
1168 3219 1270 3275 Christi
1285 3219 1328 3275 les
1342 3218 1490 3291 libertatis,
1505 3220 1548 3276 rel
1563 3222 1626 3293 quia
1640 3221 1727 3295 legem
1743 3239 1788 3279 re-

144 3304 256 3382 digast
276 3304 357 3376 lidae,
382 3313 410 3362 ει
427 3307 491 3379 quie
505 3308 613 3376 omnia,
636 3322 707 3381 quae
720 3309 869 3382 praecipit,
884 3318 950 3367 sunt
985 3314 1072 3365 terem
1090 3307 1214 3372 abstulit,
1230 3306 1272 3363 rel
1286 3308 1348 3380 quie
1363 3315 1406 3364 est
1419 3307 1461 3365 lar
1477 3310 1589 3381 amoris,
1600 3315 1628 3366 et
1640 3327 1692 3366 non
1708 3312 1788 3370 timo·

144 3394 332 3468 principaliter
345 3393 456 3452 tondete
470 3396 498 3450 in
513 3394 611 3467 iide,et
624 3395 657 3452 ed
672 3397 800 3453 iustitiam
812 3397 872 3456 lidei
883 3414 949 3456 con·
983 3399 1037 3470 ris,
1061 3397 1135 3454 sicut
1157 3396 1198 3453 lex
1212 3402 1307 3467 reios,
1328 3403 1357 3453 at
1369 3397 1407 3453 ite
1420 3411 1474 3453 non
1487 3404 1595 3471 coacte,
1612 3399 1659 3456 ead
1674 3411 1788 3473 sponte·

144 3482 313 3556 seqrrendarn
328 3490 393 3540 sunt
405 3483 505 3540 valida.
521 3485 556 3541 Et
577 3485 614 3540 iia
633 3485 689 3540 iere
707 3487 836 3557 esposuit
856 3489 949 3560 hugn-
985 3502 1053 3556 nee,
1075 3493 1104 3543 et
1125 3485 1240 3543 manime
1254 3485 1397 3542 voluntate
1411 3499 1444 3542 ac
1459 3485 1583 3544 libertate
1598 3487 1631 3544 ed
1647 3505 1724 3546 suem
1740 3492 1789 3547 ob·

145 3573 236 3630 atinus
252 3572 320 3630 libro
339 3571 372 3629 da
388 3573 492 3644 Spiritu
505 3581 533 3630 ai
546 3573 633 3631 littera
648 3588 710 3645 cap.
732 3578 780 3645 13,
797 3581 824 3632 et
841 3579 885 3634 ιι.
902 3578 950 3632 lli·
985 3577 1149 3647 servantiam
1165 3574 1283 3646 inducit,
1301 3575 1343 3632 rci
1358 3577 1422 3648 quia
1438 3575 1533 3633 liberet
1547 3592 1563 3635 a
1577 3580 1708 3636 servitute
1724 3595 1788 3653 pec-

145 3677 256 3735 nusquc
269 3664 365 3719 iurant
378 3662 532 3720 haereticos
542 3664 625 3720 verba
640 3662 685 3720 illa
695 3664 778 3719 liarci
792 3678 819 3720 c.
834 3668 876 3721 lt:
889 3667 951 3740 (ini
985 3666 1112 3736 ceti,imo
1127 3666 1236 3722 etiams
1250 3664 1309 3737 iege
1320 3664 1431 3721 inmitis:
1441 3681 1502 3722 nam
1518 3666 1581 3724 licei
1596 3668 1717 3725 tomitem
1733 3686 1786 3727 non

144 3749 393 3818 concrediderit,
416 3750 680 3810 condemnabitur:
699 3767 761 3809 nem
777 3753 950 3826 intelligenda
985 3753 1110 3821 aulerci,
1126 3753 1173 3810 dat
1187 3755 1257 3810 rires
1272 3750 1305 3809 ad
1324 3753 1486 3811 vincendum
1502 3754 1597 3830 illum,
1614 3759 1689 3817 sicut
1703 3762 1789 3817 sensit

145 3848 215 3898 sunt
232 3841 265 3897 da
284 3839 334 3898 lide
349 3841 428 3912 risa,
442 3857 510 3915 seu,
528 3841 602 3916 quod
618 3841 688 3898 idem
702 3848 760 3912 est,
776 3841 810 3899 de
824 3843 886 3914 illo,
903 3845 951 3917 qui
984 3843 1156 3916 augustinns
1170 3843 1215 3899 lib.
1230 3845 1253 3899 ι.
1270 3843 1303 3900 de
1317 3844 1498 3918 Continentia,
1513 3861 1576 3920 cap.
1588 3853 1632 3921 te,
1644 3857 1673 3907 et
1687 3850 1722 3908 da
1736 3853 1787 3909 Na-

144 3945 201 3986 non
215 3929 315 4004 credit,
331 3930 403 3987 sicut
417 3937 534 4002 oporiet,
549 3931 575 3987 id
590 3937 632 3988 est
645 3947 698 3988 non
715 3932 805 3988 solum
824 3933 950 4004 specula·
985 3941 1047 3992 inre
1061 3942 1089 3991 et
1102 3933 1200 4006 gratia,
1217 3949 1280 4004 cep.
1299 3937 1346 3991 ti.
1592 3925 1595 3934 ¹

147 4019 216 4088 tire,
238 4017 285 4075 sad
306 4021 389 4076 etiem
409 4020 546 4092 practice,
562 4021 645 4076 vitam
660 4036 738 4079 suam
754 4036 819 4077 cum
834 4037 885 4078 soe
899 4021 950 4078 fide
1023 4022 1063 4080 hd
1077 4029 1207 4096 quartum
1222 4021 1340 4095 denique
1361 4037 1393 4080 ex
1413 4024 1521 4082 nomine
1535 4026 1665 4100 evangelii
1681 4029 1788 4088 nulium

119 4123 121 4127 ·
145 4108 354 4165 coniormendo.
376 4110 443 4164 Nem
463 4107 530 4164 alies
548 4115 657 4165 constat
675 4124 706 4166 er
728 4108 869 4182 evangelio
883 4110 949 4166 idei·
984 4117 1178 4183 argumentum
1196 4110 1331 4182 sumitur,
1353 4113 1517 4170 nouaclum
1537 4116 1601 4188 quia
1622 4116 1687 4175 licet
1705 4134 1787 4176 arao-

145 4195 218 4253 thaai
235 4201 284 4267 ιι,
295 4196 416 4253 homines
430 4195 604 4253 condemnari
617 4212 669 4253 non
682 4197 770 4254 solum
782 4204 893 4270 propter
903 4197 949 4255 de·
983 4200 1086 4273 galium
1101 4201 1305 4258 denominatum
1320 4201 1404 4259 luerit
1416 4217 1431 4258 a
1441 4203 1513 4261 bono
1524 4206 1620 4263 nuntio
1633 4209 1709 4280 regni
1723 4225 1787 4266 coa·

145 4284 250 4342 lectum
269 4285 346 4357 lidei,
367 4283 416 4342 sed
435 4286 518 4342 etiam
536 4291 650 4357 propter
668 4285 807 4344 delectum
821 4303 946 4360 operum:
983 4289 1092 4364 lorum,
1113 4297 1141 4347 et
1154 4290 1251 4347 salutis
1265 4306 1314 4364 per
1328 4291 1468 4350 Christum
1481 4294 1581 4364 lactea,
1596 4311 1650 4352 non
1665 4297 1789 4354 excludit

145 4389 210 4432 nem
224 4372 945 4452 Deuareddctanicnipuesecundomopcrasua‚
983 4378 1103 4451 reliqum
1128 4385 1186 4436 ium
1206 4380 1786 4458 eiiamquiaiilndhonumnuntiumpro'·
1845 4449 1850 4460 ,

145 4463 181 4522 ad
195 4465 311 4522 Roman.
329 4467 357 4533 2,
373 4469 401 4520 ei
415 4462 474 4520 ideo
489 4470 582 4520 menet
594 4465 693 4522 Petrus
706 4470 733 4523 2.
750 4465 856 4538 epistol.
874 4481 901 4523 c.
922 4471 946 4526 l:
983 4469 1121 4526 missionis
1141 4469 1219 4542 regni
1240 4469 1383 4527 coelorum
1401 4471 1427 4526 in
1448 4473 1590 4546 evangelio
1604 4490 1658 4532 nen
1677 4475 1722 4547 m,
1739 4478 1791 4533 nisi

145 4556 294 4626 Satapiie,
311 4558 345 4610 at
355 4569 410 4627 per
425 4553 503 4611 bona
517 4568 609 4628 opera
623 4560 736 4612 ceriam
747 4561 878 4614 vestram
893 4554 949 4612 eie·
984 4559 1036 4616 sub
1053 4558 1235 4630 promissione
1250 4558 1377 4616 servandi
1392 4559 1479 4634 legem
1490 4561 1643 4620 christiin
1659 4562 1789 4621 haeretici

145 4647 274 4700 ctionem
289 4649 317 4701 et
330 4640 661 4714 uocationemsaciatis.
984 4647 1036 4705 hoc
1058 4653 1189 4721 negantes
1208 4655 1306 4705 contra
1324 4665 1454 4722 expresse
1468 4651 1551 4710 rerba
1565 4652 1666 4710 Christi
1680 4661 1707 4710 et
1722 4670 1788 4710 con·

186 4732 287 4790 Deinde
307 4747 361 4788 nen
379 4731 469 4790 obstet
488 4731 610 4789 secunda
629 4733 773 4806 appellatio
791 4732 862 4808 lepis
879 4751 951 4809 pra
984 4744 1027 4795 tra
1046 4737 1114 4795 alies
1130 4739 1287 4810 Scripturas
1301 4737 1472 4814 loquuntur3
1489 4757 1552 4799 nem
1565 4744 1659 4800 locon.
1681 4747 1724 4803 15.
1741 4760 1789 4802 ex·

145 4823 216 4888 tiae,
235 4836 284 4878 sen
301 4823 436 4894 praciam
451 4837 513 4878 nam
529 4821 592 4878 licet
605 4821 743 4879 interdum
757 4830 873 4881 vocetur
887 4840 951 4897 gre·
984 4842 1079 4900 presse
1103 4828 1196 4901 posuit
1219 4827 1347 4885 Christus
1372 4829 1574 4904 conditionem,
1598 4833 1707 4890 dicens:
1730 4838 1788 4892 Vos

145 4911 184 4968 iia
201 4911 236 4967 ab
257 4927 308 4984 eo,
323 4910 398 4984 qued
412 4913 593 4983 praecipuum
607 4918 650 4968 esi
665 4912 690 4967 in
706 4913 778 4985 ipsa,
793 4919 819 4970 ει
834 4914 949 4970 menime
985 4920 1079 4975 antici
1094 4921 1152 4976 mei
1163 4919 1244 4986 estis,
1263 4915 1433 4988 riseccritis
1447 4935 1499 4988 ec,
1514 4937 1592 4994 puae
1605 4938 1657 4996 epo
1666 4928 1788 4999 proeci-

144 5001 297 5072 intenium,
321 5015 375 5056 non
396 4999 584 5057 excluduntur
597 5010 742 5073 praecepta
757 5004 949 5061 convenientia
980 5011 1034 5084 pto
1053 5009 1151 5072 cobis:
1169 5017 1197 5066 et
1215 5009 1328 5065 iterum:
1344 5012 1378 5066 Si
1393 5015 1558 5085 praccepta
1573 5028 1640 5070 ntea
1653 5029 1788 5072 servare·

145 5090 232 5148 stetui
254 5090 374 5162 gratiae,
395 5095 423 5146 ει
443 5089 503 5146 ideo
521 5089 563 5146 lex
582 5091 661 5146 etiam
677 5090 838 5163 appelletur.
854 5095 949 5166 Neque
984 5101 1067 5166 ritis,
1094 5097 1254 5157 manebitis
1278 5099 1311 5154 in
1335 5097 1492 5156 dilectione
1515 5117 1597 5170 mea,
1616 5109 1644 5160 ει
1657 5120 1720 5177 cep.
1741 5112 1785 5165 li:

144 5185 274 5257 oportet,
297 5187 328 5237 ut
348 5181 374 5236 in
394 5178 507 5253 singulis
525 5179 592 5240 iocis
614 5187 765 5255 utrumque
783 5181 946 5258 explicetur.
989 5190 1050 5264 Qui
1063 5187 1152 5248 babet
1169 5185 1321 5246 orandata
1334 5203 1416 5257 mco,
1444 5195 1471 5248 et
1488 5197 1588 5250 omrai
1601 5208 1653 5262 ea,
1669 5194 1719 5252 iiie
1733 5201 1787 5266 cci,

224 5289 328 5342 Susam,
341 5285 618 5344 deiectius-Paraii.
1468 5347 1472 5354 Ι
1546 5299 1574 5346 εει
