4190 6234
390 313 433 382 ta
699 366 710 398 ,
1088 329 1239 382 amnnv.

350 455 415 530 lem,
430 457 580 530 verbalem,
600 464 630 518 et
650 459 782 534 inutilem3
797 457 972 518 nibilominus
991 473 1043 518 nac
1064 473 1146 530 nora,
1182 458 1276 518 instari
1297 465 1406 535 puteat,
1430 466 1490 518 tum
1513 461 1580 534 quia
1603 466 1751 536 praecepta
1764 461 1915 538 religionis
1934 456 2002 516 non'
2084 461 2085 538 ζ

349 565 402 607 nec
415 548 528 621 puerilis
541 556 595 623 ast,
611 553 675 624 quia
688 551 735 608 illa
755 557 872 609 utuntur
885 565 983 624 graves
1002 549 1145 620 doctores,
1182 549 1269 624 magis
1294 550 1421 610 ridentur
1444 551 1561 626 obligare
1584 552 1612 610 in
1629 555 1798 612 conscientia
1810 553 2006 628 praelatum,

349 656 406 698 non
420 646 526 698 tantum
541 640 674 713 moderni,
690 640 738 699 sed
759 643 838 699 etiam
852 643 968 716 antiqui,
985 648 1017 699 ut
1035 639 1145 698 llenrie.
1182 656 1265 714 quam
1279 640 1433 715 subditum,
1447 647 1506 700 tum
1519 642 1610 715 etiam,
1622 643 1687 717 quia
1699 643 1745 702 bie
1756 645 1862 718 agimm
1873 641 1917 703 de
1934 643 2006 716 lege

350 729 446 804 dngel.
462 734 570 799 Castro,
585 739 613 788 et
626 732 710 805 aliqui
724 731 768 789 alii
782 748 814 789 ea
828 733 951 806 allegatis
966 731 1055 804 capite
1069 743 1149 803 prae·
1183 739 1313 804 respectu
1327 731 1441 790 subditi.
1453 734 1489 792 lit
1502 733 1540 791 tta
1551 732 1599 810 (ut
1611 734 1673 806 ipae
1683 734 1764 793 etiam
1779 734 1893 805 latetml
1909 735 1939 790 si
1953 731 2004 790 lex

350 820 459 879 cedenti
473 838 522 895 pro
543 829 637 880 nostra
651 826 794 882 sententie.
809 824 865 882 Nec
879 825 963 882 ctiam
978 828 1071 895 potest
1091 820 1147 878 dici
1182 822 1304 895 poenalia
1316 823 1438 896 imponat
1447 838 1562 897 poenam
1574 825 1632 897 ipso
1643 824 1717 883 laeto
1728 825 1906 898 solvendam,
1918 822 2003 882 obli·

351 912 454 970 inublis
474 918 524 970 aut
543 913 677 986 verballs3
700 929 762 972 nam
783 930 853 987 rem,
874 931 958 989 quam
979 921 1146 983 tractamus,
1182 919 1230 987 gat
1253 912 1394 971 subditum
1421 914 1448 970 in
1471 915 1639 971 conscientia
1657 923 1721 988 post
1735 919 2002 990 transgressionem

350 1009 428 1061 recte
437 1001 569 1076 declarat,
581 1011 609 1062 et
621 1012 714 1077 puteat
727 1008 827 1079 optima
839 1007 945 1064 ratione
956 1005 1076 1080 landari,
1085 1007 1149 1081 quia
1182 1001 1248 1075 legis
1273 1002 1308 1061 ad
1333 1002 1490 1062 solvendam
1510 1020 1637 1077 poenam.
1651 1007 1686 1063 lit
1699 1006 1760 1064 ideo
1774 1007 1801 1064 in
1816 1007 2002 1065 uniuersum

351 1095 432 1152 simul
446 1096 526 1153 etiam
539 1095 703 1169 probabitur
718 1097 831 1154 assertio
845 1098 946 1170 posita.
1182 1095 1269 1168 magis
1284 1093 1386 1168 placet,
1402 1093 1472 1152 bano
1488 1094 1575 1168 legem
1590 1111 1697 1168 semper
1711 1098 1823 1170 resolvi,
1839 1105 1871 1156 ut
1884 1100 1937 1155 sic
1954 1095 2001 1153 di-

389 1187 468 1246 Ratio
489 1193 582 1246 autem
602 1194 656 1259 est,
671 1189 736 1262 quia
750 1187 888 1262 legislator
902 1187 992 1260 puteat
1005 1187 1084 1245 simul
1098 1203 1149 1244 sua
1183 1200 1261 1257 cam,
1285 1186 1312 1242 in
1339 1185 1459 1259 aliquam
1484 1185 1674 1260 obligationem
1688 1189 1887 1260 conscientiae,
1907 1197 1949 1245 ut
1965 1187 2003 1244 ll·

351 1277 410 1352 lege
434 1276 555 1351 obligare
578 1279 607 1334 in
631 1281 817 1349 conscientia,
843 1277 1006 1351 imponendo
1033 1293 1149 1350 poenam
1183 1274 1232 1332 bro
1248 1275 1293 1348 lll,
1310 1291 1372 1350 cap.
1384 1276 1476 1334 livill.
1491 1275 1638 1347 declaravi,
1654 1280 1719 1353 quia
1733 1279 1796 1336 lieet
1808 1295 1862 1336 non
1875 1279 2002 1353 obliget

353 1367 613 1442 transgressoribus,
630 1375 661 1425 ut
673 1370 700 1424 in
722 1367 911 1441 superioribus
931 1374 1072 1425 ostensum
1093 1373 1148 1439 est,
1183 1365 1270 1438 adid,
1286 1365 1362 1440 quod
1374 1366 1530 1425 immediate
1544 1369 1686 1443 praecipit,
1701 1378 1791 1428 tamen
1805 1371 1829 1427 si
1842 1370 1948 1444 quoad
1965 1369 2002 1425 il-

352 1463 480 1531 etputest
490 1457 572 1516 ctiam
583 1458 738 1531 obligarein
749 1459 918 1516 conscientia
930 1458 987 1515 sine
998 1456 1149 1518 adiectione
1184 1454 1232 1512 lud
1247 1471 1302 1513 nun
1317 1463 1454 1528 servetur,
1466 1457 1572 1531 obligat
1584 1459 1612 1514 in
1627 1459 1808 1531 conscientia,
1818 1459 1859 1518 rel
1875 1459 1916 1517 ad
1934 1458 2001 1516 sol-

353 1565 471 1625 poenaeq
486 1565 552 1622 ergo
570 1553 651 1608 etiarn
671 1557 763 1623 potest
776 1549 898 1624 obligare
919 1548 1008 1607 solum
1023 1547 1058 1605 ad
1076 1546 1151 1605 debi-
1185 1545 1300 1604 vendam
1314 1562 1441 1619 poenam,
1454 1547 1479 1603 ei
1492 1547 1527 1604 sit
1540 1548 1610 1606 lstaa
1623 1549 1781 1623 sententiae,
1791 1549 1834 1608 vel
1848 1551 1882 1608 ad
1898 1552 2002 1608 susti·

354 1647 414 1699 tum
428 1654 542 1712 poenae,
558 1645 586 1697 et
599 1640 634 1697 ita
648 1641 765 1700 resultat
778 1638 914 1697 distinctio
933 1638 1096 1697 trimembris
1108 1653 1152 1695 re·
1184 1635 1299 1706 nendum
1314 1636 1400 1707 illam,
1409 1651 1474 1694 cum
1488 1637 1614 1715 imposita
1626 1638 1720 1710 luerit,
1730 1647 1761 1697 ut
1771 1640 1896 1698 sensitd.
1915 1640 2002 1698 Tbo-

354 1737 452 1804 spectu
463 1729 531 1804 legis
543 1730 679 1789 humanae
692 1733 720 1787 in
735 1733 886 1803 communi,
898 1737 927 1789 et
940 1729 1098 1788 bimembris
1109 1745 1151 1786 re·
1186 1742 1244 1784 mes
1259 1731 1286 1785 2.
1300 1731 1328 1802 2,
1340 1744 1369 1801 q.
1389 1731 1452 1798 teu,
1468 1734 1521 1784 art.
1537 1731 1564 1787 9.
1576 1727 1610 1786 ad
1629 1733 1653 1787 l:
1669 1745 1735 1804 ergo
1750 1729 1925 1790 sufficienter
1938 1728 2002 1787 sal-

355 1828 453 1896 spectu
464 1822 530 1896 legis
539 1821 770 1896 poenalis.Solum
781 1821 1054 1895 superestprebanda
1063 1822 1150 1893 prima
1186 1825 1268 1876 vatur
1281 1820 1309 1875 in
1323 1817 1369 1875 tali
1383 1824 1488 1876 statuto
1504 1833 1570 1877 vera
1583 1819 1652 1877 ratio
1666 1820 1744 1894 legis.

292 1901 295 1908 '
355 1914 572 1986 consequentia,
594 1913 687 1986 negari
706 1913 779 1969 enim
799 1919 902 1986 posset,
924 1911 989 1986 quia
1009 1912 1090 1985 culpa
1110 1917 1153 1969 est
1227 1915 1256 1969 i.
1272 1910 1365 1968 ultera
1385 1923 1450 1967 vero
1470 1925 1551 1982 pars,
1565 1909 1684 1983 scilieet,
1698 1911 1773 1969 bunc
1786 1909 1900 1969 mudum
1918 1913 1997 1984 legis

356 2003 442 2076 prior,
459 2017 541 2076 quam
555 2017 659 2074 poena,
674 2009 703 2062 et
716 2003 753 2061 ita
766 2009 857 2076 potest
868 2003 903 2060 ab
916 2003 962 2061 illa
976 2004 1111 2076 separari,
1126 2007 1154 2058 et
1191 2017 1245 2057 nnn
1261 2015 1416 2073 repugnare
1429 2014 1494 2058 cum
1509 2001 1660 2074 aequitate,
1675 2017 1725 2058 seu
1738 2003 1854 2073 iustitia,
1869 2001 1999 2074 probari

358 2095 422 2150 cdm
435 2091 482 2150 illa
500 2093 647 2166 coniungi:
671 2109 758 2166 poena
777 2109 843 2150 vern
867 2109 931 2152 cum
952 2093 987 2151 sit
1005 2092 1151 2174 posterior,
1188 2090 1258 2150 solet
1270 2108 1304 2148 ca
1319 2089 1415 2163 regula
1430 2091 1496 2147 iuria
1511 2095 1558 2163 23,
1574 2091 1600 2148 in
1615 2095 1643 2164 6,
1655 2091 1728 2165 qued
1743 2108 1830 2165 poena
1843 2091 1998 2150 interdum

357 2198 439 2258 quam
454 2181 547 2255 eulpa,
563 2182 629 2241 licet
646 2185 732 2256 possit
746 2200 812 2242 cum
825 2181 871 2241 illa
891 2184 1030 2256 coniungi,
1046 2199 1100 2242 non
1113 2189 1155 2240 ta·
1187 2180 1340 2239 incurritur
1360 2181 1418 2238 sine
1439 2179 1535 2254 culpa,
1557 2182 1681 2254 quamvis
1695 2198 1748 2240 non
1763 2185 1822 2240 aine
1835 2197 1940 2254 causa,
1961 2186 1999 2262 ut
2084 2241 2085 2250 2

358 2289 420 2330 men
434 2272 545 2331 videtur
559 2288 639 2345 posse
654 2275 687 2331 ab
701 2273 746 2332 illa
760 2277 892 2348 separari,
904 2277 969 2348 quia
982 2273 1113 2333 fundatur
1126 2273 1154 2330 in
1187 2272 1268 2328 etiam
1283 2269 1349 2328 diait
1360 2269 1513 2328 d.Tbumas
1523 2275 1552 2329 2.
1566 2276 1594 2344 2,
1609 2287 1637 2345 q.
1656 2277 1720 2346 108,
1734 2279 1787 2330 art.
1804 2277 1833 2331 l.
1848 2272 1883 2330 ad
1898 2279 1933 2340 2,
1950 2273 1997 2329 al·

342 2364 412 2436 illa.
432 2362 487 2421 Sed
506 2362 680 2422 nibilominus
702 2365 834 2438 probatur
855 2367 1070 2440 consequentia,
1091 2366 1155 2439 quia
1188 2359 1277 2418 lenens
1297 2361 1423 2434 exempla
1442 2361 1665 2436 irregularitatis,
1681 2377 1751 2436 quae
1764 2379 1845 2437 saepe
1860 2365 1997 2421 incurri-

359 2455 403 2512 ille
417 2453 516 2512 modus
530 2454 712 2528 praecipiendi
725 2472 780 2514 non
793 2462 837 2512 est
855 2464 953 2514 contra
966 2457 1098 2514 rationem
1117 2456 1155 2513 le·
1189 2458 1236 2510 tur
1254 2453 1315 2511 sine
1328 2452 1433 2526 culpa,
1452 2460 1481 2510 et
1493 2454 1566 2511 idem
1579 2460 1622 2510 eat
1634 2453 1669 2510 de
1682 2453 1841 2512 interdicto.
1858 2455 1901 2513 Ad
1917 2455 1997 2511 baec

358 2546 411 2620 gis,
426 2561 478 2603 nec
491 2553 590 2604 contra
604 2547 736 2604 rationem
750 2548 878 2620 iustitiae,
893 2562 959 2622 erge
973 2553 1065 2620 potest
1078 2547 1155 2620 legis·
1190 2559 1255 2600 vero
1270 2542 1323 2600 dici
1338 2542 1681 2618 posset,irregularitatem
1694 2544 1768 2602 illam
1783 2560 1837 2603 nun
1847 2561 1911 2602 esee
1924 2561 2000 2618 poe·

356 2634 428 2694 latur
449 2652 499 2708 pro
519 2652 570 2692 auu
587 2636 714 2709 prudenti
728 2637 843 2696 arbitrio
855 2637 931 2694 illum
948 2644 1055 2695 tantum
1070 2640 1155 2694 intem
1189 2649 1267 2706 nam3
1287 2632 1465 2691 interdictum
1480 2649 1545 2691 reru
1559 2650 1701 2709 nunquam
1715 2635 1815 2708 imponi
1829 2635 1886 2693 aine
1901 2635 1997 2708 culpa

361 2727 438 2800 dere,
452 2727 661 2801 manualium,
676 2743 742 2801 ergo
757 2730 781 2785 si
794 2729 832 2786 ita
846 2728 939 2800 iaciat,
954 2730 1105 2786 constituet
1118 2729 1155 2786 le·
1189 2725 1453 2799 alicuiua,quamais
1467 2724 1683 2798 comprehendat
1696 2727 1853 2783 innocentes
1869 2732 1996 2800 propter
2084 2757 2085 2764 κ

361 2832 422 2892 gem
438 2832 505 2890 pure
520 2817 670 2890 poenalem,
682 2833 753 2893 quae
767 2820 793 2874 in
809 2819 977 2876 conscientia
987 2835 1042 2875 nun
1055 2818 1158 2892 obliget
1189 2818 1307 2890 aliquam
1329 2816 1472 2889 unionem,
1487 2831 1570 2890 quam
1590 2815 1692 2874 babent
1711 2832 1777 2874 cum
1797 2817 1992 2891 delinquente.

361 2907 396 2964 ud
411 2914 505 2968 actum
519 2913 708 2982 praeceptum,
724 2908 772 2966 sed
787 2916 894 2967 tanturn
909 2909 960 2966 sub
974 2910 1156 2982 poena.Prior
1190 2907 1270 2965 Sicut
1287 2921 1376 2979 poena
1393 2906 1479 2979 putris
1503 2909 1646 2979 peccantis
1660 2907 1732 2965 solet
1743 2907 1900 2966 redundare
1916 2910 1946 2966 in
1962 2910 1995 2964 ti·

361 2999 558 3073 consequentia
571 3005 660 3074 patet,
676 2999 739 3072 quia
753 3015 817 3057 curn
837 3007 956 3074 utraque
970 3000 1096 3074 obligatio
1111 3017 1157 3058 ca·
1189 2998 1240 3057 lios
1256 2999 1424 3055 innocentes.
1442 2996 1495 3055 Sed
1510 2998 1536 3054 in
1550 2998 1604 3056 hoe
1618 3015 1673 3055 non
1688 3006 1732 3056 est
1745 2998 1778 3056 de
1793 3001 1904 3057 nomine
1920 3016 1994 3056 con-

362 3089 409 3147 dat
422 3089 474 3146 sub
488 3095 651 3162 potestatem
666 3087 848 3164 legislatoris,
863 3095 954 3163 potest
967 3097 1049 3163 prout
1062 3089 1157 3148 volue-
1190 3087 1367 3147 tendendum.
1384 3089 1514 3146 letemur
1527 3090 1610 3161 enim,
1625 3096 1657 3147 ut
1669 3083 1724 3148 diu
1738 3105 1801 3162 cap.
1818 3090 1995 3162 praeceden-

363 3179 401 3238 rit
414 3179 461 3237 illa
474 3179 525 3252 uti,
539 3185 674 3253 quantum
687 3183 756 3237 ratio
770 3179 838 3253 legis
851 3182 938 3238 iustae
953 3181 1093 3252 permittit.
1105 3183 1156 3239 Po·
1189 3180 1224 3253 ti,
1242 3194 1357 3253 poenam
1369 3178 1395 3234 ln
1407 3180 1527 3235 maxima
1537 3177 1656 3252 quadam
1667 3180 1833 3252 proprietate
1845 3190 1993 3253 sumptam

363 3271 460 3328 sterion
479 3271 545 3328 item
566 3273 764 3344 consequentia
782 3271 856 3328 clara
875 3279 928 3346 est,
947 3273 1011 3346 quia
1030 3269 1156 3346 obligatio
1189 3268 1332 3328 includere
1345 3270 1483 3327 rationem
1497 3269 1649 3340 vindictae,
1665 3276 1695 3327 et
1707 3269 1799 3328 dicere
1812 3271 1941 3330 ordinem
1956 3271 1993 3329 ad

363 3363 433 3437 legis
447 3361 548 3434 pendet
561 3375 594 3418 er
609 3360 755 3418 intentione
768 3361 941 3435 legislatoris,
958 3367 987 3419 et
1000 3376 1053 3417 non
1066 3367 1158 3434 potest
1191 3360 1329 3435 propriam
1342 3359 1531 3432 culpemllon
1541 3367 1585 3418 est
1599 3366 1688 3419 tamen
1699 3375 1813 3418 necesse
1823 3363 1860 3419 lta
1869 3363 1896 3418 in
1908 3379 1994 3436 prae·

361 3453 437 3511 illam
450 3450 583 3510 excedere
595 3467 629 3510 ex
643 3451 749 3526 vulgari
764 3453 876 3525 regula,
893 3451 967 3527 quod
983 3456 1063 3509 actus
1077 3468 1156 3526 agen·
1191 3452 1262 3509 senti
1276 3450 1358 3524 sumi,
1374 3467 1437 3508 nam
1453 3451 1607 3524 generalius
1621 3434 1704 3509 omne*
1714 3449 1923 3510 incommodum
1941 3469 1992 3510 na·

253 3620 256 3625 ,
365 3544 433 3601 tium
446 3559 501 3600 nun
515 3540 653 3602 excedunt
666 3543 845 3600 intentionem
859 3558 965 3599 eorum.
1191 3549 1289 3617 turae,
1308 3557 1342 3599 err
1361 3557 1539 3617 quacumque
1564 3557 1652 3602 causa
1672 3548 1819 3613 nascatur,
1838 3541 1994 3602 includitur

404 3639 430 3693 3.
446 3635 522 3692 Prior
533 3649 600 3692 vero
612 3649 676 3705 pars
690 3631 875 3691 antecedentia
888 3633 1021 3705 probatur
1035 3631 1158 3705 exemplo
1191 3633 1243 3690 sub
1257 3631 1329 3691 malo
1343 3647 1457 3706 poenae,
1469 3640 1498 3690 et
1510 3633 1667 3705 specialiter
1684 3649 1717 3690 ae
1732 3632 1830 3690 morali
1850 3632 1935 3691 modo
1950 3635 1992 3692 lo-

364 3723 524 3800 regularum
549 3723 724 3797 religionum,
750 3738 820 3797 quae
843 3721 896 3780 boe
920 3720 1001 3779 modo
1027 3721 1156 3795 obligant.
1191 3717 1405 3798 quendo,eliam
1419 3721 1523 3781 dicitur
1537 3738 1625 3797 poena
1639 3723 1991 3799 propriaomuisadlictiu,

364 3814 540 3888 Respondent
549 3813 642 3888 aliqui,
654 3813 714 3871 illas
724 3829 779 3870 non
790 3829 850 3870 esse
861 3813 945 3885 leges,
958 3811 1005 3868 aed
1015 3811 1057 3870 vel
1071 3811 1159 3901 censi·
1191 3830 1262 3889 quae
1274 3815 1304 3871 lit
1317 3829 1367 3886 per
1380 3812 1492 3872 modum
1506 3815 1670 3888 cuaedonls,
1685 3820 1718 3871 ut
1730 3813 1773 3872 lea
1788 3813 1881 3888 aliqua
1895 3833 1993 3874 serve·

363 3907 458 3982 lla‚vel
468 3905 846 3979 conventionesquasdam,et
856 3901 934 3977 quasi
946 3902 1094 3974 pacta.Sed
1105 3903 1157 3960 boc
1192 3912 1248 3969 tur,
1264 3913 1293 3962 et
1307 3904 1374 3962 baec
1389 3911 1481 3977 potest
1494 3905 1553 3961 sine
1568 3905 1650 3976 culpa
1663 3905 1858 3964 contrabeum
1871 3906 1989 3982 imponi,

270 4055 274 4064 ,
364 3997 449 4074 gratis
469 3995 582 4068 dicitur,
604 4010 668 4050 nam
688 3994 871 4051 cummuniter
889 4007 968 4049 verae
987 3993 1157 4050 constitutio·
1192 3995 1315 4069 quamvis
1335 4011 1388 4052 non
1408 3994 1464 4051 sine
1485 3993 1577 4068 aliquo
1598 3993 1708 4052 delectu
1722 3994 1764 4052 vel
1777 3997 1989 4067 imperfectione

363 4106 424 4163 nes,
436 4093 463 4146 et
473 4093 577 4144 statuta
586 4090 746 4155 censentur,
755 4091 782 4141 et
794 4086 832 4140 ita
843 4099 858 4141 a
868 4083 1045 4141 Pontificibus
1059 4099 1157 4141 vocan·
1192 4083 1265 4158 apud
1278 4084 1411 4142 homines.
1427 4083 1506 4152 Quod
1525 4099 1592 4159 ergo
1607 4084 1650 4141 bic
1664 4084 1764 4143 modus
1778 4101 1882 4159 poenae
1896 4090 1989 4160 possit

363 4187 426 4250 tur,
451 4193 516 4236 cuna
540 4175 605 4233 dant
624 4179 786 4249 potestatem
809 4172 905 4232 edilia
923 4172 1075 4232 condenda.
1090 4177 1156 4234 llem
1191 4178 1248 4234 sine
1262 4176 1395 4233 iniustitia
1408 4175 1744 4252 impuni,probatur,quia
1758 4179 1885 4250 superior
1896 4185 1990 4251 potest

363 4270 427 4346 quia
440 4274 506 4325 sunt
519 4272 600 4324 actua
613 4264 809 4323 iurisdictionis
821 4271 848 4322 et
859 4267 1000 4338 potestatis
1011 4265 1157 4340 superioris
1191 4283 1291 4342 eogere
1306 4266 1340 4324 ad
1353 4273 1447 4324 actum
1461 4265 1495 4323 de
1509 4281 1539 4322 se
1553 4266 1667 4339 bunum,
1676 4268 1781 4338 etiqmsi
1794 4269 1822 4324 in
1836 4269 1988 4327 omissione

363 4358 526 4429 imponentis
540 4358 729 4414 necessitatem
744 4354 863 4428 aliquam
878 4354 1074 4428 desperandi,
1090 4372 1156 4432 ergo
1190 4359 1253 4415 talis
1270 4363 1350 4415 actus
1362 4372 1417 4413 non
1431 4356 1466 4413 sit
1479 4355 1576 4428 culpa,
1591 4355 1734 4430 quiaillud
1749 4363 1841 4429 potest
1854 4359 1988 4431 expedire

363 4450 501 4508 excedunt
512 4447 646 4504 rationem
661 4445 778 4514 consilii,
788 4451 815 4502 et
828 4462 882 4502 non
898 4454 963 4504 sunt
972 4453 1078 4505 tantum
1091 4463 1157 4506 eon·
1191 4448 1227 4506 ad
1246 4449 1349 4506 bonum
1365 4454 1557 4519 commune,et
1569 4445 1637 4504 nihil
1650 4447 1733 4504 habet
1745 4453 1842 4505 contm
1852 4450 1990 4509 rationem

363 4543 514 4600 ventinncs.
530 4539 597 4595 Nam
620 4537 685 4593 licet
705 4535 777 4593 illam
792 4543 958 4609 supponant,
973 4546 1111 4612 quatenus
1126 4539 1151 4596 in
1190 4548 1219 4598 et
1231 4546 1328 4596 coutm
1351 4536 1475 4595 debitum
1488 4536 1638 4612 superioris
1652 4537 1789 4609 officiumq
1810 4555 1876 4613 ergo
1891 4540 1989 4600 eadem

362 4631 495 4706 principio
509 4627 563 4685 luit
576 4627 729 4684 necessaria
743 4626 876 4699 professio
889 4627 951 4695 talia
966 4635 1067 4703 atetus3
1082 4636 1157 4702 poet·
1190 4629 1293 4687 ratione
1310 4634 1401 4702 potest
1412 4627 1538 4699 superior
1552 4641 1621 4683 onus
1630 4625 1802 4701 aliquod,rel
1811 4627 1988 4689 afflictionem

360 4739 393 4781 ea
410 4719 539 4793 obligatio
562 4719 688 4775 nascitur
703 4733 737 4774 ea
754 4715 1156 4792 iurisdictione.Undequidam
1190 4736 1291 4794 ponere
1315 4725 1428 4791 propter
1452 4716 1626 4774 omissionem
1650 4714 1725 4776 illius
1749 4724 1850 4789 actus,
1877 4721 1985 4780 etiamsi

360 4813 530 4880 existimant,
547 4807 582 4865 ad
596 4808 727 4866 rationem
743 4807 887 4882 legissetis
902 4823 974 4880 esse,
990 4807 1064 4882 quod
1077 4809 1157 4867 indu·
1190 4810 1272 4884 culpa
1293 4825 1346 4866 nun
1365 4808 1450 4867 luerit
1468 4805 1539 4881 apud
1553 4808 1651 4864 Deum.
1667 4808 1802 4865 Probatur
1815 4825 1987 4884 consequen·

361 4910 407 4961 cat
427 4900 617 4959 necessitatem
638 4898 695 4954 aive
715 4896 749 4954 ad
769 4897 890 4970 culpam,
907 4899 962 4957 sire
976 4899 1011 4955 ad
1025 4914 1152 4970 poenam.
1190 4901 1237 4971 tia,
1250 4900 1316 4974 quia
1329 4898 1375 4956 illa
1388 4898 1492 4972 punitio
1508 4904 1575 4954 tunc
1589 4912 1644 4954 non
1658 4905 1710 4968 est,
1722 4900 1774 4955 nisi
1787 4899 1924 4972 quaedam
1939 4920 1987 4961 co·

358 4997 454 5054 Castro
468 5005 535 5048 aero
551 5004 636 5063 supra
650 4986 729 5056 dixit,
744 4987 900 5045 huiusmodi
915 4988 1002 5062 legem
1017 4989 1154 5062 imponere
1189 4994 1272 5065 actio,
1284 4997 1316 5048 ut
1330 4991 1387 5060 fiat,
1402 4989 1444 5046 rel
1459 5003 1514 5045 nen
1528 4987 1574 5044 fiat
1587 4988 1651 5045 tulis
1665 4995 1756 5058 actue3
1769 5005 1841 5062 quac
1855 5007 1985 5052 necessa·

360 5081 550 5157 obligationem
574 5080 600 5135 in
625 5077 791 5136 conscientia
810 5077 910 5146 iudici,
927 5085 959 5135 ut
972 5085 1154 5153 transgresso·
1189 5083 1230 5139 ria
1242 5088 1299 5151 est,
1320 5087 1350 5138 ut
1369 5081 1450 5137 timor
1463 5079 1535 5136 illius
1549 5077 1743 5136 antecedenter
1756 5080 1837 5138 etiam
1852 5090 1936 5156 cogat
1951 5083 1986 5142 ad

361 5190 419 5233 rem
440 5172 551 5246 puniat,
573 5174 601 5226 et
620 5167 656 5226 ita
669 5167 772 5246 latetur
786 5167 885 5225 habere
900 5168 986 5244 magis
1002 5170 1154 5242 proprieta-
1189 5169 1326 5229 vitandam
1340 5169 1454 5227 similem
1469 5170 1728 5243 transgressionem.
1741 5170 1777 5228 llt
1791 5171 1983 5250 confirmatur,

355 5271 411 5324 eur
429 5262 497 5338 legia
516 5258 769 5340 respectnjudtels,
783 5275 869 5334 quum
882 5266 1013 5335 respectu
1027 5262 1079 5321 rei.
1095 5260 1149 5323 Sed
1188 5277 1253 5322 nam
1264 5260 1402 5322 intumum
1413 5265 1505 5336 potest
1517 5259 1675 5334 respublica
1685 5260 1833 5322 aliaunara
1843 5264 1985 5340 imponere
