<?xml version="1.0" encoding="UTF-8"?>
<!DOCTYPE html PUBLIC "-//W3C//DTD XHTML 1.0 Transitional//EN"
    "http://www.w3.org/TR/xhtml1/DTD/xhtml1-transitional.dtd">
<html xmlns="http://www.w3.org/1999/xhtml" xml:lang="en" lang="en">
 <head>
  <title>
</title>
<meta http-equiv="Content-Type" content="text/html;charset=utf-8" />
  <meta name='ocr-system' content='tesseract 3.04.00' />
  <meta name='ocr-capabilities' content='ocr_page ocr_carea ocr_par ocr_line ocrx_word'/>
</head>
<body>
  <div class='ocr_page' id='page_1' title='image "./tractatusdelegi00sugoog_0057.png"; bbox 0 0 4190 6234; ppageno 0'>
   <div class='ocr_carea' id='block_1_1' title="bbox 414 335 1270 413">
    <p class='ocr_par' dir='ltr' id='par_1_1' title="bbox 414 335 1270 413">
     <span class='ocr_line' id='line_1_1' title="bbox 414 335 1270 413; baseline -0.001 -1"><span class='ocrx_word' id='word_1_1' title='bbox 414 348 457 412; x_wconf 75' lang='grc'><strong>46</strong></span> <span class='ocrx_word' id='word_1_2' title='bbox 529 335 535 350; x_wconf 76' lang='grc'><em>“</em></span> <span class='ocrx_word' id='word_1_3' title='bbox 1119 362 1221 412; x_wconf 83' lang='lat' dir='ltr'><strong>amna</strong></span> <span class='ocrx_word' id='word_1_4' title='bbox 1235 363 1270 413; x_wconf 82' lang='lat' dir='ltr'><strong>v.</strong></span> 
     </span>
    </p>
   </div>
   <div class='ocr_carea' id='block_1_2' title="bbox 334 485 2072 1286">
    <p class='ocr_par' dir='ltr' id='par_1_2' title="bbox 334 485 2072 1286">
     <span class='ocr_line' id='line_1_2' title="bbox 376 485 2012 564; baseline 0.001 -16"><span class='ocrx_word' id='word_1_5' title='bbox 376 492 528 548; x_wconf 86' lang='lat' dir='ltr'><strong>ontionem.</strong></span> <span class='ocrx_word' id='word_1_6' title='bbox 544 489 621 548; x_wconf 87' lang='lat' dir='ltr'><strong>Solet</strong></span> <span class='ocrx_word' id='word_1_7' title='bbox 640 485 673 546; x_wconf 91' lang='lat' dir='ltr'><strong>ad</strong></span> <span class='ocrx_word' id='word_1_8' title='bbox 694 488 747 546; x_wconf 90' lang='lat' dir='ltr'><strong>hcc</strong></span> <span class='ocrx_word' id='word_1_9' title='bbox 769 488 1046 564; x_wconf 68' lang='lat' dir='ltr'><strong>allegoricarum,</strong></span> <span class='ocrx_word' id='word_1_10' title='bbox 1064 485 1098 546; x_wconf 92' lang='lat' dir='ltr'><strong>de</strong></span> <span class='ocrx_word' id='word_1_11' title='bbox 1112 504 1178 562; x_wconf 93' lang='lat' dir='ltr'><strong>poe·</strong></span> <span class='ocrx_word' id='word_1_12' title='bbox 1212 489 1238 545; x_wconf 92' lang='lat' dir='ltr'><strong>in</strong></span> <span class='ocrx_word' id='word_1_13' title='bbox 1259 489 1429 547; x_wconf 90' lang='lat' dir='ltr'><strong>conscientia</strong></span> <span class='ocrx_word' id='word_1_14' title='bbox 1449 495 1513 562; x_wconf 90' lang='lat' dir='ltr'><strong>post</strong></span> <span class='ocrx_word' id='word_1_15' title='bbox 1531 487 1612 546; x_wconf 91' lang='lat' dir='ltr'><strong>latam</strong></span> <span class='ocrx_word' id='word_1_16' title='bbox 1627 490 1788 549; x_wconf 86' lang='lat' dir='ltr'><strong>sententiam</strong></span> <span class='ocrx_word' id='word_1_17' title='bbox 1800 489 2012 550; x_wconf 90' lang='lat' dir='ltr'><strong>declaratcriam</strong></span> 
     </span>
     <span class='ocr_line' id='line_1_3' title="bbox 375 577 2072 654; baseline 0.001 -17"><span class='ocrx_word' id='word_1_18' title='bbox 375 581 434 650; x_wconf 90' lang='lat' dir='ltr'><strong>nis,</strong></span> <span class='ocrx_word' id='word_1_19' title='bbox 456 579 503 637; x_wconf 89' lang='lat' dir='ltr'><strong>ubi</strong></span> <span class='ocrx_word' id='word_1_20' title='bbox 523 582 594 651; x_wconf 88' lang='lat' dir='ltr'><strong>Papa</strong></span> <span class='ocrx_word' id='word_1_21' title='bbox 608 577 746 651; x_wconf 85' lang='lat' dir='ltr'><strong>prohibet,</strong></span> <span class='ocrx_word' id='word_1_22' title='bbox 763 594 796 635; x_wconf 86' lang='lat' dir='ltr'><strong>ne</strong></span> <span class='ocrx_word' id='word_1_23' title='bbox 813 579 924 653; x_wconf 85' lang='lat' dir='ltr'><strong>quidem</strong></span> <span class='ocrx_word' id='word_1_24' title='bbox 938 579 1033 636; x_wconf 86' lang='lat' dir='ltr'><strong>clerici</strong></span> <span class='ocrx_word' id='word_1_25' title='bbox 1046 580 1073 636; x_wconf 90' lang='lat' dir='ltr'><strong>io</strong></span> <span class='ocrx_word' id='word_1_26' title='bbox 1089 595 1177 652; x_wconf 92' lang='lat' dir='ltr'><strong>poena</strong></span> <span class='ocrx_word' id='word_1_27' title='bbox 1211 578 1343 637; x_wconf 90' lang='lat' dir='ltr'><strong>criminis.</strong></span> <span class='ocrx_word' id='word_1_28' title='bbox 1356 579 1491 638; x_wconf 79' lang='lat' dir='ltr'>Probatur</span> <span class='ocrx_word' id='word_1_29' title='bbox 1504 581 1646 639; x_wconf 87' lang='lat' dir='ltr'><strong>contraris</strong></span> <span class='ocrx_word' id='word_1_30' title='bbox 1660 581 1778 654; x_wconf 87' lang='lat' dir='ltr'><strong>ratione,</strong></span> <span class='ocrx_word' id='word_1_31' title='bbox 1792 583 1859 654; x_wconf 89' lang='lat' dir='ltr'><strong>quia</strong></span> <span class='ocrx_word' id='word_1_32' title='bbox 1873 580 1941 640; x_wconf 93' lang='lat' dir='ltr'><strong>licet</strong></span> <span class='ocrx_word' id='word_1_33' title='bbox 1956 583 2014 640; x_wconf 86' lang='lat' dir='ltr'><strong>talis</strong></span> <span class='ocrx_word' id='word_1_34' title='bbox 2071 579 2072 584; x_wconf 74' lang='grc'>’</span> 
     </span>
     <span class='ocr_line' id='line_1_4' title="bbox 376 668 2016 745; baseline 0.001 -16"><span class='ocrx_word' id='word_1_35' title='bbox 376 671 560 729; x_wconf 73' lang='lat' dir='ltr'><strong>molestentur</strong></span> <span class='ocrx_word' id='word_1_36' title='bbox 579 671 663 728; x_wconf 88' lang='lat' dir='ltr'><strong>etiam</strong></span> <span class='ocrx_word' id='word_1_37' title='bbox 677 675 740 743; x_wconf 89' lang='lat' dir='ltr'><strong>post</strong></span> <span class='ocrx_word' id='word_1_38' title='bbox 754 668 1019 726; x_wconf 72' lang='lat' dir='ltr'><strong>condemnationem.</strong></span> <span class='ocrx_word' id='word_1_39' title='bbox 1034 671 1113 726; x_wconf 83' lang='lat' dir='ltr'><strong>Ratio</strong></span> <span class='ocrx_word' id='word_1_40' title='bbox 1127 685 1176 727; x_wconf 91' lang='lat' dir='ltr'><strong>au·</strong></span> <span class='ocrx_word' id='word_1_41' title='bbox 1212 671 1348 728; x_wconf 88' lang='lat' dir='ltr'><strong>sententia</strong></span> <span class='ocrx_word' id='word_1_42' title='bbox 1371 687 1426 727; x_wconf 95' lang='lat' dir='ltr'><strong>non</strong></span> <span class='ocrx_word' id='word_1_43' title='bbox 1451 671 1624 744; x_wconf 88' lang='lat' dir='ltr'><strong>praecipiat,</strong></span> <span class='ocrx_word' id='word_1_44' title='bbox 1643 671 1687 728; x_wconf 92' lang='lat' dir='ltr'><strong>lex</strong></span> <span class='ocrx_word' id='word_1_45' title='bbox 1705 677 1795 729; x_wconf 90' lang='lat' dir='ltr'><strong>tamen</strong></span> <span class='ocrx_word' id='word_1_46' title='bbox 1814 673 1955 745; x_wconf 76' lang='lat' dir='ltr'><strong>praecipit</strong></span> <span class='ocrx_word' id='word_1_47' title='bbox 1972 673 2016 732; x_wconf 86' lang='lat' dir='ltr'><strong>ills</strong></span> 
     </span>
     <span class='ocr_line' id='line_1_5' title="bbox 375 758 2017 836; baseline 0.002 -18"><span class='ocrx_word' id='word_1_48' title='bbox 375 768 430 818; x_wconf 88' lang='lat' dir='ltr'><strong>tem</strong></span> <span class='ocrx_word' id='word_1_49' title='bbox 444 761 590 834; x_wconf 89' lang='lat' dir='ltr'><strong>praecipua</strong></span> <span class='ocrx_word' id='word_1_50' title='bbox 604 766 663 832; x_wconf 90' lang='lat' dir='ltr'><strong>est,</strong></span> <span class='ocrx_word' id='word_1_51' title='bbox 682 759 746 832; x_wconf 89' lang='lat' dir='ltr'><strong>qula</strong></span> <span class='ocrx_word' id='word_1_52' title='bbox 759 758 793 815; x_wconf 93' lang='lat' dir='ltr'><strong>ad</strong></span> <span class='ocrx_word' id='word_1_53' title='bbox 808 759 929 816; x_wconf 80' lang='lat' dir='ltr'><strong>osticium</strong></span> <span class='ocrx_word' id='word_1_54' title='bbox 944 759 1042 817; x_wconf 91' lang='lat' dir='ltr'><strong>indicis</strong></span> <span class='ocrx_word' id='word_1_55' title='bbox 1057 766 1174 832; x_wconf 89' lang='lat' dir='ltr'><strong>spectat,</strong></span> <span class='ocrx_word' id='word_1_56' title='bbox 1212 762 1346 818; x_wconf 87' lang='lat' dir='ltr'><strong>sententia</strong></span> <span class='ocrx_word' id='word_1_57' title='bbox 1360 762 1460 833; x_wconf 88' lang='lat' dir='ltr'><strong>posite,</strong></span> <span class='ocrx_word' id='word_1_58' title='bbox 1472 776 1521 818; x_wconf 88' lang='lat' dir='ltr'><strong>seu</strong></span> <span class='ocrx_word' id='word_1_59' title='bbox 1537 777 1587 834; x_wconf 92' lang='lat' dir='ltr'><strong>pro</strong></span> <span class='ocrx_word' id='word_1_60' title='bbox 1601 761 1646 818; x_wconf 92' lang='lat' dir='ltr'><strong>illo</strong></span> <span class='ocrx_word' id='word_1_61' title='bbox 1661 767 1786 832; x_wconf 87' lang='lat' dir='ltr'><strong>statu,ut</strong></span> <span class='ocrx_word' id='word_1_62' title='bbox 1798 764 1891 836; x_wconf 87' lang='lat' dir='ltr'><strong>capite</strong></span> <span class='ocrx_word' id='word_1_63' title='bbox 1905 777 2017 835; x_wconf 70' lang='lat' dir='ltr'><strong>praece·v</strong></span> 
     </span>
     <span class='ocr_line' id='line_1_6' title="bbox 375 848 2015 925; baseline 0.001 -17"><span class='ocrx_word' id='word_1_64' title='bbox 375 867 429 909; x_wconf 92' lang='lat' dir='ltr'><strong>uon</strong></span> <span class='ocrx_word' id='word_1_65' title='bbox 445 857 551 908; x_wconf 88' lang='lat' dir='ltr'><strong>tautum</strong></span> <span class='ocrx_word' id='word_1_66' title='bbox 565 848 688 922; x_wconf 85' lang='lat' dir='ltr'><strong>prolerre</strong></span> <span class='ocrx_word' id='word_1_67' title='bbox 704 852 882 920; x_wconf 87' lang='lat' dir='ltr'><strong>senteutiam,</strong></span> <span class='ocrx_word' id='word_1_68' title='bbox 905 848 1048 907; x_wconf 87' lang='lat' dir='ltr'><strong>sedetiam</strong></span> <span class='ocrx_word' id='word_1_69' title='bbox 1063 850 1174 923; x_wconf 72' lang='lat' dir='ltr'><strong>exequi,</strong></span> <span class='ocrx_word' id='word_1_70' title='bbox 1211 849 1287 908; x_wconf 91' lang='lat' dir='ltr'><strong>denti</strong></span> <span class='ocrx_word' id='word_1_71' title='bbox 1298 849 1468 908; x_wconf 88' lang='lat' dir='ltr'><strong>declaratum</strong></span> <span class='ocrx_word' id='word_1_72' title='bbox 1478 852 1724 924; x_wconf 86' lang='lat' dir='ltr'><strong>est.Supponimus</strong></span> <span class='ocrx_word' id='word_1_73' title='bbox 1735 857 2015 925; x_wconf 88' lang='lat' dir='ltr'><strong>autempraeceptam</strong></span> 
     </span>
     <span class='ocr_line' id='line_1_7' title="bbox 375 938 2016 1016; baseline 0.001 -18"><span class='ocrx_word' id='word_1_74' title='bbox 375 957 441 998; x_wconf 89' lang='lat' dir='ltr'><strong>reus</strong></span> <span class='ocrx_word' id='word_1_75' title='bbox 455 947 549 998; x_wconf 87' lang='lat' dir='ltr'><strong>autem</strong></span> <span class='ocrx_word' id='word_1_76' title='bbox 565 956 619 997; x_wconf 92' lang='lat' dir='ltr'><strong>non</strong></span> <span class='ocrx_word' id='word_1_77' title='bbox 634 946 748 998; x_wconf 88' lang='lat' dir='ltr'><strong>tenetur</strong></span> <span class='ocrx_word' id='word_1_78' title='bbox 763 940 855 998; x_wconf 89' lang='lat' dir='ltr'><strong>subire</strong></span> <span class='ocrx_word' id='word_1_79' title='bbox 870 939 989 996; x_wconf 80' lang='lat' dir='ltr'><strong>cilicium</strong></span> <span class='ocrx_word' id='word_1_80' title='bbox 1004 938 1113 1012; x_wconf 89' lang='lat' dir='ltr'><strong>iudicis,</strong></span> <span class='ocrx_word' id='word_1_81' title='bbox 1123 955 1175 997; x_wconf 86' lang='lat' dir='ltr'><strong>nec</strong></span> <span class='ocrx_word' id='word_1_82' title='bbox 1210 956 1271 999; x_wconf 88' lang='lat' dir='ltr'><strong>esse</strong></span> <span class='ocrx_word' id='word_1_83' title='bbox 1289 942 1409 1014; x_wconf 89' lang='lat' dir='ltr'><strong>iustum,</strong></span> <span class='ocrx_word' id='word_1_84' title='bbox 1427 941 1519 1014; x_wconf 89' lang='lat' dir='ltr'><strong>idest,</strong></span> <span class='ocrx_word' id='word_1_85' title='bbox 1535 957 1650 1013; x_wconf 89' lang='lat' dir='ltr'><strong>poenam</strong></span> <span class='ocrx_word' id='word_1_86' title='bbox 1664 958 1725 1000; x_wconf 88' lang='lat' dir='ltr'><strong>esse</strong></span> <span class='ocrx_word' id='word_1_87' title='bbox 1739 943 1831 1016; x_wconf 84' lang='lat' dir='ltr'><strong>talem,</strong></span> <span class='ocrx_word' id='word_1_88' title='bbox 1847 958 1923 1016; x_wconf 92' lang='lat' dir='ltr'><strong>quae</strong></span> <span class='ocrx_word' id='word_1_89' title='bbox 1937 943 2016 1000; x_wconf 90' lang='lat' dir='ltr'><strong>etiam</strong></span> 
     </span>
     <span class='ocr_line' id='line_1_8' title="bbox 375 1030 2017 1104; baseline -0.001 -15"><span class='ocrx_word' id='word_1_90' title='bbox 375 1031 432 1089; x_wconf 88' lang='lat' dir='ltr'><strong>lieri</strong></span> <span class='ocrx_word' id='word_1_91' title='bbox 446 1031 569 1088; x_wconf 75' lang='lat' dir='ltr'><strong>minister</strong></span> <span class='ocrx_word' id='word_1_92' title='bbox 583 1031 643 1087; x_wconf 91' lang='lat' dir='ltr'><strong>eius</strong></span> <span class='ocrx_word' id='word_1_93' title='bbox 656 1035 754 1086; x_wconf 91' lang='lat' dir='ltr'><strong>contra</strong></span> <span class='ocrx_word' id='word_1_94' title='bbox 768 1030 905 1102; x_wconf 69' lang='lat' dir='ltr'><strong>seipsum,</strong></span> <span class='ocrx_word' id='word_1_95' title='bbox 923 1043 988 1102; x_wconf 82' lang='lat' dir='ltr'><strong>ergo</strong></span> <span class='ocrx_word' id='word_1_96' title='bbox 1004 1045 1052 1101; x_wconf 91' lang='lat' dir='ltr'><strong>per</strong></span> <span class='ocrx_word' id='word_1_97' title='bbox 1067 1036 1176 1086; x_wconf 92' lang='lat' dir='ltr'><strong>senteu-</strong></span> <span class='ocrx_word' id='word_1_98' title='bbox 1211 1033 1264 1089; x_wconf 89' lang='lat' dir='ltr'><strong>hoc</strong></span> <span class='ocrx_word' id='word_1_99' title='bbox 1283 1031 1367 1089; x_wconf 94' lang='lat' dir='ltr'><strong>modo</strong></span> <span class='ocrx_word' id='word_1_100' title='bbox 1385 1032 1514 1104; x_wconf 89' lang='lat' dir='ltr'><strong>imposita</strong></span> <span class='ocrx_word' id='word_1_101' title='bbox 1529 1047 1583 1089; x_wconf 94' lang='lat' dir='ltr'><strong>non</strong></span> <span class='ocrx_word' id='word_1_102' title='bbox 1597 1033 1705 1090; x_wconf 84' lang='lat' dir='ltr'><strong>excedit</strong></span> <span class='ocrx_word' id='word_1_103' title='bbox 1719 1032 1835 1104; x_wconf 85' lang='lat' dir='ltr'><strong>debitam</strong></span> <span class='ocrx_word' id='word_1_104' title='bbox 1851 1031 2017 1088; x_wconf 92' lang='lat' dir='ltr'><strong>moderatio-</strong></span> 
     </span>
     <span class='ocr_line' id='line_1_9' title="bbox 334 1119 2016 1197; baseline 0.001 -18"><span class='ocrx_word' id='word_1_105' title='bbox 334 1183 338 1192; x_wconf 62' lang='lat'><strong>,</strong></span> <span class='ocrx_word' id='word_1_106' title='bbox 375 1125 441 1179; x_wconf 89' lang='lat' dir='ltr'><strong>tiam</strong></span> <span class='ocrx_word' id='word_1_107' title='bbox 457 1137 510 1178; x_wconf 92' lang='lat' dir='ltr'><strong>uon</strong></span> <span class='ocrx_word' id='word_1_108' title='bbox 525 1120 662 1194; x_wconf 80' lang='lat' dir='ltr'><strong>obligatur</strong></span> <span class='ocrx_word' id='word_1_109' title='bbox 676 1120 710 1178; x_wconf 89' lang='lat' dir='ltr'><strong>ad</strong></span> <span class='ocrx_word' id='word_1_110' title='bbox 724 1121 806 1179; x_wconf 90' lang='lat' dir='ltr'><strong>talem</strong></span> <span class='ocrx_word' id='word_1_111' title='bbox 821 1119 1026 1187; x_wconf 85' lang='lat' dir='ltr'><strong>actionem,sed</strong></span> <span class='ocrx_word' id='word_1_112' title='bbox 1040 1119 1075 1176; x_wconf 88' lang='lat' dir='ltr'><strong>ad</strong></span> <span class='ocrx_word' id='word_1_113' title='bbox 1090 1121 1174 1177; x_wconf 87' lang='lat' dir='ltr'><strong>solam</strong></span> <span class='ocrx_word' id='word_1_114' title='bbox 1213 1122 1337 1192; x_wconf 83' lang='lat' dir='ltr'><strong>uem,vel</strong></span> <span class='ocrx_word' id='word_1_115' title='bbox 1349 1126 1516 1197; x_wconf 88' lang='lat' dir='ltr'><strong>aequitatem</strong></span> <span class='ocrx_word' id='word_1_116' title='bbox 1528 1122 1760 1196; x_wconf 79' lang='lat' dir='ltr'><strong>humanam3ergo</strong></span> <span class='ocrx_word' id='word_1_117' title='bbox 1772 1123 1825 1180; x_wconf 89' lang='lat' dir='ltr'><strong>tale</strong></span> <span class='ocrx_word' id='word_1_118' title='bbox 1836 1129 2016 1195; x_wconf 89' lang='lat' dir='ltr'><strong>praeceptum</strong></span> 
     </span>
     <span class='ocr_line' id='line_1_10' title="bbox 376 1209 2014 1286; baseline -0.001 -17"><span class='ocrx_word' id='word_1_119' title='bbox 376 1213 529 1284; x_wconf 86' lang='lat' dir='ltr'><strong>passionem</strong></span> <span class='ocrx_word' id='word_1_120' title='bbox 545 1211 602 1268; x_wconf 92' lang='lat' dir='ltr'><strong>sine</strong></span> <span class='ocrx_word' id='word_1_121' title='bbox 618 1211 829 1270; x_wconf 78' lang='lat' dir='ltr'><strong>resistentiallt</strong></span> <span class='ocrx_word' id='word_1_122' title='bbox 843 1209 1051 1268; x_wconf 83' lang='lat' dir='ltr'><strong>ltasolvithaec</strong></span> <span class='ocrx_word' id='word_1_123' title='bbox 1068 1216 1175 1267; x_wconf 88' lang='lat' dir='ltr'><strong>senten·</strong></span> <span class='ocrx_word' id='word_1_124' title='bbox 1211 1215 1302 1270; x_wconf 90' lang='lat' dir='ltr'><strong>statim</strong></span> <span class='ocrx_word' id='word_1_125' title='bbox 1330 1210 1440 1285; x_wconf 71' lang='lat' dir='ltr'><strong>obligat.</strong></span> <span class='ocrx_word' id='word_1_126' title='bbox 1465 1211 1542 1271; x_wconf 87' lang='lat' dir='ltr'><strong>Unde</strong></span> <span class='ocrx_word' id='word_1_127' title='bbox 1572 1220 1684 1286; x_wconf 89' lang='lat' dir='ltr'><strong>propter</strong></span> <span class='ocrx_word' id='word_1_128' title='bbox 1707 1212 1778 1269; x_wconf 86' lang='lat' dir='ltr'><strong>hanc</strong></span> <span class='ocrx_word' id='word_1_129' title='bbox 1802 1227 1924 1269; x_wconf 89' lang='lat' dir='ltr'><strong>oausam</strong></span> <span class='ocrx_word' id='word_1_130' title='bbox 1947 1227 2014 1268; x_wconf 93' lang='lat' dir='ltr'><strong>nun·</strong></span> 
     </span>
    </p>
   </div>
   <div class='ocr_carea' id='block_1_3' title="bbox 361 1299 2018 1650">
    <p class='ocr_par' dir='ltr' id='par_1_3' title="bbox 361 1299 2018 1650">
     <span class='ocr_line' id='line_1_11' title="bbox 376 1299 2017 1377; baseline -0.001 -17"><span class='ocrx_word' id='word_1_131' title='bbox 376 1305 412 1360; x_wconf 85' lang='lat' dir='ltr'><strong>tia</strong></span> <span class='ocrx_word' id='word_1_132' title='bbox 426 1301 635 1359; x_wconf 87' lang='lat' dir='ltr'><strong>laudamentum</strong></span> <span class='ocrx_word' id='word_1_133' title='bbox 650 1301 858 1374; x_wconf 78' lang='lat' dir='ltr'><strong>praecedentis3</strong></span> <span class='ocrx_word' id='word_1_134' title='bbox 879 1308 939 1359; x_wconf 90' lang='lat' dir='ltr'><strong>tum</strong></span> <span class='ocrx_word' id='word_1_135' title='bbox 953 1302 1017 1374; x_wconf 88' lang='lat' dir='ltr'><strong>quia</strong></span> <span class='ocrx_word' id='word_1_136' title='bbox 1031 1305 1123 1374; x_wconf 76' lang='lat' dir='ltr'><strong>negat,</strong></span> <span class='ocrx_word' id='word_1_137' title='bbox 1138 1299 1175 1356; x_wconf 91' lang='lat' dir='ltr'><strong>le·</strong></span> <span class='ocrx_word' id='word_1_138' title='bbox 1211 1317 1293 1377; x_wconf 90' lang='lat' dir='ltr'><strong>qnam</strong></span> <span class='ocrx_word' id='word_1_139' title='bbox 1314 1301 1358 1360; x_wconf 91' lang='lat' dir='ltr'><strong>illa</strong></span> <span class='ocrx_word' id='word_1_140' title='bbox 1379 1301 1516 1375; x_wconf 89' lang='lat' dir='ltr'><strong>particula</strong></span> <span class='ocrx_word' id='word_1_141' title='bbox 1536 1304 1650 1374; x_wconf 88' lang='lat' dir='ltr'><strong>ponitur</strong></span> <span class='ocrx_word' id='word_1_142' title='bbox 1671 1304 1698 1358; x_wconf 93' lang='lat' dir='ltr'><strong>in</strong></span> <span class='ocrx_word' id='word_1_143' title='bbox 1720 1302 1790 1375; x_wconf 80' lang='lat' dir='ltr'><strong>lege,</strong></span> <span class='ocrx_word' id='word_1_144' title='bbox 1802 1302 1854 1358; x_wconf 87' lang='lat' dir='ltr'><strong>uisi</strong></span> <span class='ocrx_word' id='word_1_145' title='bbox 1871 1301 1921 1359; x_wconf 86' lang='lat' dir='ltr'><strong>ubi</strong></span> <span class='ocrx_word' id='word_1_146' title='bbox 1934 1316 2017 1373; x_wconf 87' lang='lat' dir='ltr'><strong>poena</strong></span> 
     </span>
     <span class='ocr_line' id='line_1_12' title="bbox 375 1391 2018 1468; baseline -0.002 -16"><span class='ocrx_word' id='word_1_147' title='bbox 375 1411 438 1468; x_wconf 79' lang='lat' dir='ltr'><strong>gem</strong></span> <span class='ocrx_word' id='word_1_148' title='bbox 449 1392 590 1466; x_wconf 90' lang='lat' dir='ltr'><strong>poenalem</strong></span> <span class='ocrx_word' id='word_1_149' title='bbox 601 1391 733 1451; x_wconf 82' lang='lat' dir='ltr'><strong>inducere</strong></span> <span class='ocrx_word' id='word_1_150' title='bbox 743 1393 814 1449; x_wconf 90' lang='lat' dir='ltr'><strong>hano</strong></span> <span class='ocrx_word' id='word_1_151' title='bbox 826 1391 1116 1465; x_wconf 80' lang='lat' dir='ltr'><strong>obligationem,etiam</strong></span> <span class='ocrx_word' id='word_1_152' title='bbox 1126 1406 1175 1462; x_wconf 91' lang='lat' dir='ltr'><strong>pro</strong></span> <span class='ocrx_word' id='word_1_153' title='bbox 1211 1392 1338 1450; x_wconf 90' lang='lat' dir='ltr'><strong>adiuncta</strong></span> <span class='ocrx_word' id='word_1_154' title='bbox 1354 1392 1416 1450; x_wconf 88' lang='lat' dir='ltr'><strong>talis</strong></span> <span class='ocrx_word' id='word_1_155' title='bbox 1430 1398 1483 1464; x_wconf 90' lang='lat' dir='ltr'><strong>est,</strong></span> <span class='ocrx_word' id='word_1_156' title='bbox 1499 1398 1530 1448; x_wconf 92' lang='lat' dir='ltr'><strong>ut</strong></span> <span class='ocrx_word' id='word_1_157' title='bbox 1544 1393 1647 1464; x_wconf 86' lang='lat' dir='ltr'><strong>possit,</strong></span> <span class='ocrx_word' id='word_1_158' title='bbox 1663 1399 1693 1448; x_wconf 90' lang='lat' dir='ltr'><strong>et</strong></span> <span class='ocrx_word' id='word_1_159' title='bbox 1705 1391 1793 1463; x_wconf 87' lang='lat' dir='ltr'><strong>licite,</strong></span> <span class='ocrx_word' id='word_1_160' title='bbox 1808 1398 1837 1448; x_wconf 89' lang='lat' dir='ltr'><strong>et</strong></span> <span class='ocrx_word' id='word_1_161' title='bbox 1849 1393 2018 1448; x_wconf 86' lang='lat' dir='ltr'><strong>convenien-</strong></span> 
     </span>
     <span class='ocr_line' id='line_1_13' title="bbox 375 1480 2015 1557; baseline -0.003 -15"><span class='ocrx_word' id='word_1_162' title='bbox 375 1484 421 1542; x_wconf 94' lang='lat' dir='ltr'><strong>illo</strong></span> <span class='ocrx_word' id='word_1_163' title='bbox 436 1491 568 1556; x_wconf 81' lang='lat' dir='ltr'><strong>tempore3</strong></span> <span class='ocrx_word' id='word_1_164' title='bbox 581 1492 641 1541; x_wconf 92' lang='lat' dir='ltr'><strong>tum</strong></span> <span class='ocrx_word' id='word_1_165' title='bbox 655 1485 747 1557; x_wconf 89' lang='lat' dir='ltr'><strong>etiam,</strong></span> <span class='ocrx_word' id='word_1_166' title='bbox 760 1483 826 1557; x_wconf 90' lang='lat' dir='ltr'><strong>quia</strong></span> <span class='ocrx_word' id='word_1_167' title='bbox 839 1488 930 1554; x_wconf 89' lang='lat' dir='ltr'><strong>potet,</strong></span> <span class='ocrx_word' id='word_1_168' title='bbox 943 1489 1053 1554; x_wconf 90' lang='lat' dir='ltr'><strong>praeter</strong></span> <span class='ocrx_word' id='word_1_169' title='bbox 1067 1487 1176 1538; x_wconf 87' lang='lat' dir='ltr'><strong>senten·</strong></span> <span class='ocrx_word' id='word_1_170' title='bbox 1212 1489 1254 1539; x_wconf 92' lang='lat' dir='ltr'><strong>ter</strong></span> <span class='ocrx_word' id='word_1_171' title='bbox 1266 1481 1388 1539; x_wconf 91' lang='lat' dir='ltr'><strong>mandari</strong></span> <span class='ocrx_word' id='word_1_172' title='bbox 1399 1482 1600 1553; x_wconf 85' lang='lat' dir='ltr'><strong>executioni,et</strong></span> <span class='ocrx_word' id='word_1_173' title='bbox 1612 1480 1795 1538; x_wconf 71' lang='lat' dir='ltr'><strong>observarint</strong></span> <span class='ocrx_word' id='word_1_174' title='bbox 1806 1482 1869 1554; x_wconf 90' lang='lat' dir='ltr'><strong>ipso</strong></span> <span class='ocrx_word' id='word_1_175' title='bbox 1881 1495 1943 1554; x_wconf 61' lang='grc' dir='ltr'><strong>τους</strong></span> <span class='ocrx_word' id='word_1_176' title='bbox 1952 1496 2015 1553; x_wconf 80' lang='lat' dir='ltr'><strong>ergo</strong></span> 
     </span>
     <span class='ocr_line' id='line_1_14' title="bbox 361 1569 2016 1650; baseline -0.003 -19"><span class='ocrx_word' id='word_1_177' title='bbox 361 1570 453 1646; x_wconf 79' lang='lat' dir='ltr'><strong>tiam,</strong></span> <span class='ocrx_word' id='word_1_178' title='bbox 465 1573 566 1647; x_wconf 92' lang='lat' dir='ltr'><strong>aliquid</strong></span> <span class='ocrx_word' id='word_1_179' title='bbox 582 1572 653 1631; x_wconf 92' lang='lat' dir='ltr'><strong>aliud</strong></span> <span class='ocrx_word' id='word_1_180' title='bbox 667 1587 728 1631; x_wconf 90' lang='lat' dir='ltr'><strong>esse</strong></span> <span class='ocrx_word' id='word_1_181' title='bbox 741 1571 941 1644; x_wconf 85' lang='lat' dir='ltr'><strong>expectandum</strong></span> <span class='ocrx_word' id='word_1_182' title='bbox 958 1569 1089 1650; x_wconf 84' lang='lat' dir='ltr'><strong>aiudice,</strong></span> <span class='ocrx_word' id='word_1_183' title='bbox 1103 1570 1175 1626; x_wconf 74' lang='lat' dir='ltr'><strong>sciti·</strong></span> <span class='ocrx_word' id='word_1_184' title='bbox 1211 1575 1320 1645; x_wconf 77' lang='lat' dir='ltr'><strong>signum</strong></span> <span class='ocrx_word' id='word_1_185' title='bbox 1334 1573 1483 1645; x_wconf 83' lang='lat' dir='ltr'><strong>est,legem</strong></span> <span class='ocrx_word' id='word_1_186' title='bbox 1498 1570 1637 1628; x_wconf 87' lang='lat' dir='ltr'><strong>intendere</strong></span> <span class='ocrx_word' id='word_1_187' title='bbox 1652 1569 1773 1645; x_wconf 81' lang='lat' dir='ltr'><strong>obligare</strong></span> <span class='ocrx_word' id='word_1_188' title='bbox 1788 1586 1821 1627; x_wconf 87' lang='lat' dir='ltr'><strong>eo</strong></span> <span class='ocrx_word' id='word_1_189' title='bbox 1836 1571 2016 1644; x_wconf 87' lang='lat' dir='ltr'><strong>ipso,saltem</strong></span> 
     </span>
    </p>
   </div>
   <div class='ocr_carea' id='block_1_4' title="bbox 366 1659 2072 4074">
    <p class='ocr_par' dir='ltr' id='par_1_4' title="bbox 366 1659 2072 4074">
     <span class='ocr_line' id='line_1_15' title="bbox 375 1659 2016 1736; baseline -0.003 -14"><span class='ocrx_word' id='word_1_190' title='bbox 375 1673 420 1724; x_wconf 87' lang='lat' dir='ltr'><strong>cet</strong></span> <span class='ocrx_word' id='word_1_191' title='bbox 434 1663 714 1723; x_wconf 86' lang='lat' dir='ltr'><strong>executionemUnde</strong></span> <span class='ocrx_word' id='word_1_192' title='bbox 728 1663 808 1720; x_wconf 89' lang='lat' dir='ltr'><strong>etiam</strong></span> <span class='ocrx_word' id='word_1_193' title='bbox 821 1664 944 1736; x_wconf 63' lang='lat' dir='ltr'><strong>negatio</strong></span> <span class='ocrx_word' id='word_1_194' title='bbox 957 1661 1090 1718; x_wconf 67' lang='lat' dir='ltr'><strong>senentio</strong></span> <span class='ocrx_word' id='word_1_195' title='bbox 1102 1661 1175 1717; x_wconf 89' lang='lat' dir='ltr'><strong>iusta</strong></span> <span class='ocrx_word' id='word_1_196' title='bbox 1201 1669 1357 1736; x_wconf 85' lang='lat' dir='ltr'><strong>postquam</strong></span> <span class='ocrx_word' id='word_1_197' title='bbox 1370 1663 1504 1718; x_wconf 88' lang='lat' dir='ltr'><strong>sententis</strong></span> <span class='ocrx_word' id='word_1_198' title='bbox 1515 1659 1695 1719; x_wconf 90' lang='lat' dir='ltr'><strong>declaratoria</strong></span> <span class='ocrx_word' id='word_1_199' title='bbox 1706 1660 1855 1733; x_wconf 84' lang='lat' dir='ltr'><strong>protertur.</strong></span> <span class='ocrx_word' id='word_1_200' title='bbox 1864 1660 2016 1717; x_wconf 79' lang='lat' dir='ltr'><strong>Confirma-</strong></span> 
     </span>
     <span class='ocr_line' id='line_1_16' title="bbox 375 1749 2016 1826; baseline -0.002 -15"><span class='ocrx_word' id='word_1_201' title='bbox 375 1753 476 1812; x_wconf 91' lang='lat' dir='ltr'><strong>iuclodi</strong></span> <span class='ocrx_word' id='word_1_202' title='bbox 491 1753 544 1810; x_wconf 90' lang='lat' dir='ltr'><strong>talc</strong></span> <span class='ocrx_word' id='word_1_203' title='bbox 559 1759 753 1826; x_wconf 88' lang='lat' dir='ltr'><strong>praeceptum,</strong></span> <span class='ocrx_word' id='word_1_204' title='bbox 773 1751 820 1808; x_wconf 89' lang='lat' dir='ltr'><strong>sed</strong></span> <span class='ocrx_word' id='word_1_205' title='bbox 836 1752 925 1808; x_wconf 89' lang='lat' dir='ltr'><strong>solum</strong></span> <span class='ocrx_word' id='word_1_206' title='bbox 940 1749 1093 1809; x_wconf 90' lang='lat' dir='ltr'><strong>sustinendi</strong></span> <span class='ocrx_word' id='word_1_207' title='bbox 1107 1765 1172 1821; x_wconf 93' lang='lat' dir='ltr'><strong>poe·</strong></span> <span class='ocrx_word' id='word_1_208' title='bbox 1211 1758 1271 1825; x_wconf 90' lang='lat' dir='ltr'><strong>tur,</strong></span> <span class='ocrx_word' id='word_1_209' title='bbox 1288 1767 1320 1808; x_wconf 89' lang='lat' dir='ltr'><strong>ae</strong></span> <span class='ocrx_word' id='word_1_210' title='bbox 1335 1750 1513 1810; x_wconf 86' lang='lat' dir='ltr'><strong>declaratur:</strong></span> <span class='ocrx_word' id='word_1_211' title='bbox 1529 1766 1591 1807; x_wconf 90' lang='lat' dir='ltr'><strong>nam</strong></span> <span class='ocrx_word' id='word_1_212' title='bbox 1606 1751 1627 1806; x_wconf 91' lang='lat' dir='ltr'><strong>si</strong></span> <span class='ocrx_word' id='word_1_213' title='bbox 1641 1750 1683 1808; x_wconf 91' lang='lat' dir='ltr'><strong>lea</strong></span> <span class='ocrx_word' id='word_1_214' title='bbox 1698 1750 1782 1822; x_wconf 90' lang='lat' dir='ltr'><strong>dicat,</strong></span> <span class='ocrx_word' id='word_1_215' title='bbox 1797 1749 1973 1824; x_wconf 80' lang='lat' dir='ltr'><strong>ipsosacto,</strong></span> <span class='ocrx_word' id='word_1_216' title='bbox 1990 1759 2016 1808; x_wconf 90' lang='lat' dir='ltr'><strong>et</strong></span> 
     </span>
     <span class='ocr_line' id='line_1_17' title="bbox 375 1838 2015 1919; baseline -0.003 -18"><span class='ocrx_word' id='word_1_217' title='bbox 375 1861 449 1916; x_wconf 91' lang='lat' dir='ltr'><strong>nam,</strong></span> <span class='ocrx_word' id='word_1_218' title='bbox 459 1843 534 1919; x_wconf 92' lang='lat' dir='ltr'><strong>quod</strong></span> <span class='ocrx_word' id='word_1_219' title='bbox 549 1843 660 1917; x_wconf 88' lang='lat' dir='ltr'><strong>probari</strong></span> <span class='ocrx_word' id='word_1_220' title='bbox 675 1849 768 1915; x_wconf 87' lang='lat' dir='ltr'><strong>potest</strong></span> <span class='ocrx_word' id='word_1_221' title='bbox 780 1846 941 1914; x_wconf 78' lang='lat' dir='ltr'><strong>argumento</strong></span> <span class='ocrx_word' id='word_1_222' title='bbox 953 1839 1074 1914; x_wconf 90' lang='lat' dir='ltr'><strong>quodam</strong></span> <span class='ocrx_word' id='word_1_223' title='bbox 1087 1842 1115 1896; x_wconf 88' lang='lat' dir='ltr'><strong>in</strong></span> <span class='ocrx_word' id='word_1_224' title='bbox 1129 1854 1174 1895; x_wconf 90' lang='lat' dir='ltr'><strong>su·</strong></span> <span class='ocrx_word' id='word_1_225' title='bbox 1211 1842 1322 1916; x_wconf 77' lang='lat' dir='ltr'><strong>absque</strong></span> <span class='ocrx_word' id='word_1_226' title='bbox 1342 1839 1410 1899; x_wconf 85' lang='lat' dir='ltr'><strong>rollo</strong></span> <span class='ocrx_word' id='word_1_227' title='bbox 1428 1838 1638 1907; x_wconf 75' lang='lat' dir='ltr'><strong>declaratione,</strong></span> <span class='ocrx_word' id='word_1_228' title='bbox 1655 1855 1703 1912; x_wconf 91' lang='lat' dir='ltr'><strong>per</strong></span> <span class='ocrx_word' id='word_1_229' title='bbox 1729 1857 1758 1898; x_wconf 93' lang='lat' dir='ltr'><strong>se</strong></span> <span class='ocrx_word' id='word_1_230' title='bbox 1773 1841 1880 1914; x_wconf 77' lang='lat' dir='ltr'><strong>obligat</strong></span> <span class='ocrx_word' id='word_1_231' title='bbox 1901 1843 1929 1897; x_wconf 89' lang='lat' dir='ltr'><strong>in</strong></span> <span class='ocrx_word' id='word_1_232' title='bbox 1951 1856 2015 1897; x_wconf 93' lang='lat' dir='ltr'><strong>con·</strong></span> 
     </span>
     <span class='ocr_line' id='line_1_18' title="bbox 375 1929 2016 2008; baseline -0.004 -16"><span class='ocrx_word' id='word_1_233' title='bbox 375 1933 528 2008; x_wconf 81' lang='lat' dir='ltr'><strong>perietibus</strong></span> <span class='ocrx_word' id='word_1_234' title='bbox 549 1933 642 2002; x_wconf 71' lang='lat' dir='ltr'><strong>lacto,</strong></span> <span class='ocrx_word' id='word_1_235' title='bbox 666 1933 730 2006; x_wconf 88' lang='lat' dir='ltr'><strong>quia</strong></span> <span class='ocrx_word' id='word_1_236' title='bbox 751 1947 805 1990; x_wconf 92' lang='lat' dir='ltr'><strong>nou</strong></span> <span class='ocrx_word' id='word_1_237' title='bbox 826 1931 889 2003; x_wconf 90' lang='lat' dir='ltr'><strong>plus</strong></span> <span class='ocrx_word' id='word_1_238' title='bbox 910 1937 1002 2003; x_wconf 91' lang='lat' dir='ltr'><strong>potest</strong></span> <span class='ocrx_word' id='word_1_239' title='bbox 1016 1930 1173 2001; x_wconf 89' lang='lat' dir='ltr'><strong>praecipere</strong></span> <span class='ocrx_word' id='word_1_240' title='bbox 1212 1933 1327 1990; x_wconf 88' lang='lat' dir='ltr'><strong>scientia</strong></span> <span class='ocrx_word' id='word_1_241' title='bbox 1340 1931 1375 1988; x_wconf 90' lang='lat' dir='ltr'><strong>ad</strong></span> <span class='ocrx_word' id='word_1_242' title='bbox 1388 1931 1579 1987; x_wconf 82' lang='lat' dir='ltr'><strong>executionem</strong></span> <span class='ocrx_word' id='word_1_243' title='bbox 1594 1945 1712 2004; x_wconf 81' lang='lat' dir='ltr'><strong>poenae3</strong></span> <span class='ocrx_word' id='word_1_244' title='bbox 1727 1945 1796 2004; x_wconf 80' lang='lat' dir='ltr'><strong>ergo</strong></span> <span class='ocrx_word' id='word_1_245' title='bbox 1811 1929 1927 2004; x_wconf 90' lang='lat' dir='ltr'><strong>quando</strong></span> <span class='ocrx_word' id='word_1_246' title='bbox 1941 1932 2016 2002; x_wconf 89' lang='lat' dir='ltr'><strong>ponit</strong></span> 
     </span>
     <span class='ocr_line' id='line_1_19' title="bbox 374 2018 2072 2098; baseline -0.002 -18"><span class='ocrx_word' id='word_1_247' title='bbox 374 2024 467 2095; x_wconf 86' lang='lat' dir='ltr'><strong>ludex,</strong></span> <span class='ocrx_word' id='word_1_248' title='bbox 483 2039 565 2098; x_wconf 90' lang='lat' dir='ltr'><strong>quam</strong></span> <span class='ocrx_word' id='word_1_249' title='bbox 579 2023 637 2094; x_wconf 84' lang='lat' dir='ltr'><strong>lex,</strong></span> <span class='ocrx_word' id='word_1_250' title='bbox 653 2022 696 2080; x_wconf 85' lang='lat' dir='ltr'><strong>rel</strong></span> <span class='ocrx_word' id='word_1_251' title='bbox 710 2021 806 2078; x_wconf 89' lang='lat' dir='ltr'><strong>saltem</strong></span> <span class='ocrx_word' id='word_1_252' title='bbox 822 2037 876 2080; x_wconf 92' lang='lat' dir='ltr'><strong>non</strong></span> <span class='ocrx_word' id='word_1_253' title='bbox 892 2018 1005 2077; x_wconf 87' lang='lat' dir='ltr'><strong>intendit</strong></span> <span class='ocrx_word' id='word_1_254' title='bbox 1019 2018 1081 2090; x_wconf 92' lang='lat' dir='ltr'><strong>plus</strong></span> <span class='ocrx_word' id='word_1_255' title='bbox 1096 2034 1174 2090; x_wconf 90' lang='lat' dir='ltr'><strong>prae·</strong></span> <span class='ocrx_word' id='word_1_256' title='bbox 1209 2026 1274 2098; x_wconf 84' lang='lat' dir='ltr'><strong>tpso</strong></span> <span class='ocrx_word' id='word_1_257' title='bbox 1290 2021 1393 2094; x_wconf 84' lang='lat' dir='ltr'><strong>secto,</strong></span> <span class='ocrx_word' id='word_1_258' title='bbox 1415 2021 1556 2092; x_wconf 90' lang='lat' dir='ltr'><strong>solamque</strong></span> <span class='ocrx_word' id='word_1_259' title='bbox 1571 2021 1733 2078; x_wconf 89' lang='lat' dir='ltr'><strong>sententiam</strong></span> <span class='ocrx_word' id='word_1_260' title='bbox 1746 2019 1960 2078; x_wconf 89' lang='lat' dir='ltr'><strong>declaratoriam</strong></span> <span class='ocrx_word' id='word_1_261' title='bbox 1975 2035 2015 2077; x_wconf 90' lang='lat' dir='ltr'><strong>re-</strong></span> <span class='ocrx_word' id='word_1_262' title='bbox 2071 2093 2072 2096; x_wconf 8' lang='grc' dir='ltr'><strong>Ἴ</strong></span> 
     </span>
     <span class='ocr_line' id='line_1_20' title="bbox 377 2107 2014 2196; baseline -0.002 -26"><span class='ocrx_word' id='word_1_263' title='bbox 377 2116 485 2186; x_wconf 90' lang='lat' dir='ltr'><strong>cipere,</strong></span> <span class='ocrx_word' id='word_1_264' title='bbox 513 2114 576 2187; x_wconf 91' lang='lat' dir='ltr'><strong>qaia</strong></span> <span class='ocrx_word' id='word_1_265' title='bbox 597 2111 702 2170; x_wconf 92' lang='lat' dir='ltr'><strong>iudicat</strong></span> <span class='ocrx_word' id='word_1_266' title='bbox 715 2109 870 2168; x_wconf 89' lang='lat' dir='ltr'><strong>secuudum</strong></span> <span class='ocrx_word' id='word_1_267' title='bbox 885 2111 985 2184; x_wconf 77' lang='lat' dir='ltr'><strong>legem3</strong></span> <span class='ocrx_word' id='word_1_268' title='bbox 1003 2108 1051 2166; x_wconf 87' lang='lat' dir='ltr'><strong>sed</strong></span> <span class='ocrx_word' id='word_1_269' title='bbox 1065 2107 1107 2166; x_wconf 92' lang='lat' dir='ltr'><strong>lex</strong></span> <span class='ocrx_word' id='word_1_270' title='bbox 1121 2123 1176 2164; x_wconf 90' lang='lat' dir='ltr'><strong>uon</strong></span> <span class='ocrx_word' id='word_1_271' title='bbox 1211 2113 1310 2186; x_wconf 89' lang='lat' dir='ltr'><strong>quirit,</strong></span> <span class='ocrx_word' id='word_1_272' title='bbox 1323 2127 1378 2168; x_wconf 93' lang='lat' dir='ltr'><strong>non</strong></span> <span class='ocrx_word' id='word_1_273' title='bbox 1392 2108 1514 2196; x_wconf 79' lang='lat' dir='ltr'><strong>postulat</strong></span> <span class='ocrx_word' id='word_1_274' title='bbox 1528 2109 1609 2167; x_wconf 90' lang='lat' dir='ltr'><strong>aliam</strong></span> <span class='ocrx_word' id='word_1_275' title='bbox 1622 2110 1722 2168; x_wconf 89' lang='lat' dir='ltr'><strong>iudicis</strong></span> <span class='ocrx_word' id='word_1_276' title='bbox 1735 2113 2014 2182; x_wconf 89' lang='lat' dir='ltr'><strong>executionem,com</strong></span> 
     </span>
     <span class='ocr_line' id='line_1_21' title="bbox 377 2196 2013 2276; baseline -0.002 -16"><span class='ocrx_word' id='word_1_277' title='bbox 377 2203 509 2276; x_wconf 88' lang='lat' dir='ltr'><strong>praecipit</strong></span> <span class='ocrx_word' id='word_1_278' title='bbox 527 2203 664 2258; x_wconf 73' lang='lat' dir='ltr'><strong>actionem</strong></span> <span class='ocrx_word' id='word_1_279' title='bbox 684 2202 856 2259; x_wconf 80' lang='lat' dir='ltr'><strong>caecutirem</strong></span> <span class='ocrx_word' id='word_1_280' title='bbox 872 2214 991 2273; x_wconf 83' lang='lat' dir='ltr'><strong>poenae,</strong></span> <span class='ocrx_word' id='word_1_281' title='bbox 1002 2196 1051 2255; x_wconf 90' lang='lat' dir='ltr'><strong>sed</strong></span> <span class='ocrx_word' id='word_1_282' title='bbox 1068 2203 1174 2255; x_wconf 89' lang='lat' dir='ltr'><strong>tantum</strong></span> <span class='ocrx_word' id='word_1_283' title='bbox 1212 2203 1246 2260; x_wconf 89' lang='lat' dir='ltr'><strong>ab</strong></span> <span class='ocrx_word' id='word_1_284' title='bbox 1264 2201 1312 2259; x_wconf 90' lang='lat' dir='ltr'><strong>illo</strong></span> <span class='ocrx_word' id='word_1_285' title='bbox 1328 2202 1417 2258; x_wconf 91' lang='lat' dir='ltr'><strong>solum</strong></span> <span class='ocrx_word' id='word_1_286' title='bbox 1433 2201 1595 2258; x_wconf 88' lang='lat' dir='ltr'><strong>sententiam</strong></span> <span class='ocrx_word' id='word_1_287' title='bbox 1610 2199 1818 2258; x_wconf 86' lang='lat' dir='ltr'><strong>declaratorism</strong></span> <span class='ocrx_word' id='word_1_288' title='bbox 1832 2201 1961 2258; x_wconf 86' lang='lat' dir='ltr'><strong>criminis</strong></span> <span class='ocrx_word' id='word_1_289' title='bbox 1975 2215 2013 2256; x_wconf 89' lang='lat' dir='ltr'><strong>re·</strong></span> 
     </span>
     <span class='ocr_line' id='line_1_22' title="bbox 377 2288 2012 2367; baseline -0.004 -17"><span class='ocrx_word' id='word_1_290' title='bbox 377 2291 586 2365; x_wconf 68' lang='lat' dir='ltr'><strong>sustinentiam</strong></span> <span class='ocrx_word' id='word_1_291' title='bbox 602 2306 680 2364; x_wconf 74' lang='lat' dir='ltr'><strong>ergo.</strong></span> <span class='ocrx_word' id='word_1_292' title='bbox 1210 2292 1320 2367; x_wconf 71' lang='lat' dir='ltr'><strong>quirat,</strong></span> <span class='ocrx_word' id='word_1_293' title='bbox 1341 2306 1407 2364; x_wconf 82' lang='lat' dir='ltr'><strong>ergo</strong></span> <span class='ocrx_word' id='word_1_294' title='bbox 1427 2295 1491 2364; x_wconf 88' lang='lat' dir='ltr'><strong>post</strong></span> <span class='ocrx_word' id='word_1_295' title='bbox 1506 2288 1580 2346; x_wconf 88' lang='lat' dir='ltr'><strong>illam</strong></span> <span class='ocrx_word' id='word_1_296' title='bbox 1594 2291 1755 2348; x_wconf 87' lang='lat' dir='ltr'><strong>senteutiam</strong></span> <span class='ocrx_word' id='word_1_297' title='bbox 1769 2288 1908 2362; x_wconf 84' lang='lat' dir='ltr'><strong>prolatam</strong></span> <span class='ocrx_word' id='word_1_298' title='bbox 1922 2291 2012 2346; x_wconf 85' lang='lat' dir='ltr'><strong>statim</strong></span> 
     </span>
     <span class='ocr_line' id='line_1_23' title="bbox 416 2372 1883 2456; baseline -0.003 -14"><span class='ocrx_word' id='word_1_299' title='bbox 416 2387 443 2442; x_wconf 88' lang='lat' dir='ltr'><strong>li.</strong></span> <span class='ocrx_word' id='word_1_300' title='bbox 455 2383 649 2441; x_wconf 79' lang='lat' dir='ltr'><strong>Verumtamen</strong></span> <span class='ocrx_word' id='word_1_301' title='bbox 664 2381 853 2440; x_wconf 87' lang='lat' dir='ltr'><strong>controversia</strong></span> <span class='ocrx_word' id='word_1_302' title='bbox 867 2379 935 2438; x_wconf 92' lang='lat' dir='ltr'><strong>haec</strong></span> <span class='ocrx_word' id='word_1_303' title='bbox 951 2379 1030 2437; x_wconf 85' lang='lat' dir='ltr'><strong>laoile</strong></span> <span class='ocrx_word' id='word_1_304' title='bbox 1044 2380 1174 2451; x_wconf 90' lang='lat' dir='ltr'><strong>componi</strong></span> <span class='ocrx_word' id='word_1_305' title='bbox 1212 2381 1314 2456; x_wconf 81' lang='lat' dir='ltr'><strong>obligat</strong></span> <span class='ocrx_word' id='word_1_306' title='bbox 1328 2397 1405 2439; x_wconf 89' lang='lat' dir='ltr'><strong>rcum</strong></span> <span class='ocrx_word' id='word_1_307' title='bbox 1421 2379 1453 2437; x_wconf 91' lang='lat' dir='ltr'><strong>ad</strong></span> <span class='ocrx_word' id='word_1_308' title='bbox 1468 2383 1657 2438; x_wconf 86' lang='lat' dir='ltr'><strong>executionem</strong></span> <span class='ocrx_word' id='word_1_309' title='bbox 1672 2394 1787 2452; x_wconf 90' lang='lat' dir='ltr'><strong>poenae.</strong></span> <span class='ocrx_word' id='word_1_310' title='bbox 1879 2372 1883 2380; x_wconf 82' lang='grc'><em>’</em></span> 
     </span>
     <span class='ocr_line' id='line_1_24' title="bbox 376 2469 2013 2546; baseline -0.002 -15"><span class='ocrx_word' id='word_1_311' title='bbox 376 2473 492 2546; x_wconf 67' lang='lat' dir='ltr'><strong>poterit,</strong></span> <span class='ocrx_word' id='word_1_312' title='bbox 514 2487 575 2528; x_wconf 91' lang='lat' dir='ltr'><strong>nam</strong></span> <span class='ocrx_word' id='word_1_313' title='bbox 596 2471 618 2527; x_wconf 86' lang='lat' dir='ltr'><strong>si</strong></span> <span class='ocrx_word' id='word_1_314' title='bbox 639 2487 683 2528; x_wconf 89' lang='lat' dir='ltr'><strong>res</strong></span> <span class='ocrx_word' id='word_1_315' title='bbox 698 2471 755 2543; x_wconf 89' lang='lat' dir='ltr'><strong>ipsa</strong></span> <span class='ocrx_word' id='word_1_316' title='bbox 769 2471 896 2528; x_wconf 87' lang='lat' dir='ltr'><strong>distincte</strong></span> <span class='ocrx_word' id='word_1_317' title='bbox 911 2469 1076 2542; x_wconf 82' lang='lat' dir='ltr'><strong>explicetur,</strong></span> <span class='ocrx_word' id='word_1_318' title='bbox 1091 2483 1175 2540; x_wconf 80' lang='lat' dir='ltr'><strong>paros</strong></span> <span class='ocrx_word' id='word_1_319' title='bbox 1252 2477 1277 2533; x_wconf 82' lang='lat' dir='ltr'><strong>l.</strong></span> <span class='ocrx_word' id='word_1_320' title='bbox 1295 2473 1395 2530; x_wconf 87' lang='lat' dir='ltr'><strong>Contra</strong></span> <span class='ocrx_word' id='word_1_321' title='bbox 1416 2472 1486 2528; x_wconf 89' lang='lat' dir='ltr'><strong>hanc</strong></span> <span class='ocrx_word' id='word_1_322' title='bbox 1501 2485 1565 2528; x_wconf 86' lang='lat' dir='ltr'><strong>vero</strong></span> <span class='ocrx_word' id='word_1_323' title='bbox 1583 2472 1765 2528; x_wconf 81' lang='lat' dir='ltr'><strong>assertionem</strong></span> <span class='ocrx_word' id='word_1_324' title='bbox 1779 2469 1862 2528; x_wconf 87' lang='lat' dir='ltr'><strong>obiici</strong></span> <span class='ocrx_word' id='word_1_325' title='bbox 1876 2476 1973 2545; x_wconf 90' lang='lat' dir='ltr'><strong>potest</strong></span> <span class='ocrx_word' id='word_1_326' title='bbox 1983 2485 2013 2528; x_wconf 88' lang='lat' dir='ltr'><strong>ex</strong></span> 
     </span>
     <span class='ocr_line' id='line_1_25' title="bbox 375 2557 2013 2634; baseline -0.002 -14"><span class='ocrx_word' id='word_1_327' title='bbox 375 2577 437 2620; x_wconf 90' lang='lat' dir='ltr'><strong>esse</strong></span> <span class='ocrx_word' id='word_1_328' title='bbox 451 2568 542 2634; x_wconf 88' lang='lat' dir='ltr'><strong>potest</strong></span> <span class='ocrx_word' id='word_1_329' title='bbox 555 2559 703 2630; x_wconf 80' lang='lat' dir='ltr'><strong>dissensio,</strong></span> <span class='ocrx_word' id='word_1_330' title='bbox 719 2563 769 2616; x_wconf 86' lang='lat' dir='ltr'><strong>nisi</strong></span> <span class='ocrx_word' id='word_1_331' title='bbox 784 2561 903 2618; x_wconf 84' lang='lat' dir='ltr'><strong>tortasse</strong></span> <span class='ocrx_word' id='word_1_332' title='bbox 918 2559 943 2616; x_wconf 92' lang='lat' dir='ltr'><strong>in</strong></span> <span class='ocrx_word' id='word_1_333' title='bbox 959 2574 1015 2615; x_wconf 92' lang='lat' dir='ltr'><strong>uno</strong></span> <span class='ocrx_word' id='word_1_334' title='bbox 1031 2558 1072 2615; x_wconf 90' lang='lat' dir='ltr'><strong>vel</strong></span> <span class='ocrx_word' id='word_1_335' title='bbox 1089 2557 1174 2616; x_wconf 85' lang='lat' dir='ltr'><strong>altero</strong></span> <span class='ocrx_word' id='word_1_336' title='bbox 1210 2564 1494 2634; x_wconf 83' lang='lat' dir='ltr'><strong>Gorarruria,supra,</strong></span> <span class='ocrx_word' id='word_1_337' title='bbox 1503 2559 1567 2632; x_wconf 72' lang='lat' dir='ltr'><strong>illat,</strong></span> <span class='ocrx_word' id='word_1_338' title='bbox 1578 2562 1676 2619; x_wconf 80' lang='lat' dir='ltr'><strong>3.Nam</strong></span> <span class='ocrx_word' id='word_1_339' title='bbox 1687 2559 1767 2618; x_wconf 90' lang='lat' dir='ltr'><strong>etiam</strong></span> <span class='ocrx_word' id='word_1_340' title='bbox 1778 2567 1841 2633; x_wconf 92' lang='lat' dir='ltr'><strong>post</strong></span> <span class='ocrx_word' id='word_1_341' title='bbox 1850 2561 2013 2618; x_wconf 88' lang='lat' dir='ltr'><strong>sententiam</strong></span> 
     </span>
     <span class='ocr_line' id='line_1_26' title="bbox 375 2650 2010 2724; baseline -0.002 -14"><span class='ocrx_word' id='word_1_342' title='bbox 375 2651 499 2724; x_wconf 86' lang='lat' dir='ltr'><strong>exemplo</strong></span> <span class='ocrx_word' id='word_1_343' title='bbox 518 2650 689 2709; x_wconf 83' lang='lat' dir='ltr'><strong>diversarum</strong></span> <span class='ocrx_word' id='word_1_344' title='bbox 701 2665 862 2723; x_wconf 91' lang='lat' dir='ltr'><strong>poenarum.</strong></span> <span class='ocrx_word' id='word_1_345' title='bbox 876 2651 966 2707; x_wconf 86' lang='lat' dir='ltr'><strong>Primo</strong></span> <span class='ocrx_word' id='word_1_346' title='bbox 977 2664 1043 2722; x_wconf 80' lang='lat' dir='ltr'><strong>ergo</strong></span> <span class='ocrx_word' id='word_1_347' title='bbox 1054 2663 1087 2706; x_wconf 88' lang='lat' dir='ltr'><strong>ex</strong></span> <span class='ocrx_word' id='word_1_348' title='bbox 1098 2655 1175 2723; x_wconf 87' lang='lat' dir='ltr'><strong>parte</strong></span> <span class='ocrx_word' id='word_1_349' title='bbox 1210 2652 1463 2711; x_wconf 88' lang='lat' dir='ltr'><strong>condemnatoriam</strong></span> <span class='ocrx_word' id='word_1_350' title='bbox 1483 2667 1537 2707; x_wconf 93' lang='lat' dir='ltr'><strong>uon</strong></span> <span class='ocrx_word' id='word_1_351' title='bbox 1558 2657 1668 2708; x_wconf 88' lang='lat' dir='ltr'><strong>tenetur</strong></span> <span class='ocrx_word' id='word_1_352' title='bbox 1691 2666 1756 2708; x_wconf 89' lang='lat' dir='ltr'><strong>reus</strong></span> <span class='ocrx_word' id='word_1_353' title='bbox 1771 2667 1888 2722; x_wconf 91' lang='lat' dir='ltr'><strong>poenam</strong></span> <span class='ocrx_word' id='word_1_354' title='bbox 1902 2652 2010 2724; x_wconf 84' lang='lat' dir='ltr'><strong>exequi,</strong></span> 
     </span>
     <span class='ocr_line' id='line_1_27' title="bbox 376 2739 2011 2816; baseline -0.001 -17"><span class='ocrx_word' id='word_1_355' title='bbox 376 2742 525 2800; x_wconf 88' lang='lat' dir='ltr'><strong>sententiae</strong></span> <span class='ocrx_word' id='word_1_356' title='bbox 544 2741 671 2814; x_wconf 80' lang='lat' dir='ltr'><strong>distingui</strong></span> <span class='ocrx_word' id='word_1_357' title='bbox 692 2747 783 2813; x_wconf 87' lang='lat' dir='ltr'><strong>potest</strong></span> <span class='ocrx_word' id='word_1_358' title='bbox 805 2743 876 2798; x_wconf 90' lang='lat' dir='ltr'><strong>inter</strong></span> <span class='ocrx_word' id='word_1_359' title='bbox 897 2741 1059 2796; x_wconf 90' lang='lat' dir='ltr'><strong>sententiam</strong></span> <span class='ocrx_word' id='word_1_360' title='bbox 1073 2739 1175 2797; x_wconf 92' lang='lat' dir='ltr'><strong>conde·</strong></span> <span class='ocrx_word' id='word_1_361' title='bbox 1211 2744 1263 2800; x_wconf 92' lang='lat' dir='ltr'><strong>nisi</strong></span> <span class='ocrx_word' id='word_1_362' title='bbox 1276 2743 1360 2800; x_wconf 91' lang='lat' dir='ltr'><strong>iudex</strong></span> <span class='ocrx_word' id='word_1_363' title='bbox 1375 2741 1448 2799; x_wconf 88' lang='lat' dir='ltr'><strong>illam</strong></span> <span class='ocrx_word' id='word_1_364' title='bbox 1462 2748 1630 2814; x_wconf 84' lang='lat' dir='ltr'><strong>exequatur:</strong></span> <span class='ocrx_word' id='word_1_365' title='bbox 1647 2755 1713 2816; x_wconf 75' lang='lat' dir='ltr'><strong>ergo</strong></span> <span class='ocrx_word' id='word_1_366' title='bbox 1728 2741 1925 2800; x_wconf 88' lang='lat' dir='ltr'><strong>multominus</strong></span> <span class='ocrx_word' id='word_1_367' title='bbox 1941 2748 2011 2798; x_wconf 85' lang='lat' dir='ltr'><strong>tene·</strong></span> 
     </span>
     <span class='ocr_line' id='line_1_28' title="bbox 376 2827 2011 2904; baseline -0.003 -13"><span class='ocrx_word' id='word_1_368' title='bbox 376 2834 553 2903; x_wconf 82' lang='lat' dir='ltr'><strong>montorium,</strong></span> <span class='ocrx_word' id='word_1_369' title='bbox 569 2830 610 2887; x_wconf 87' lang='lat' dir='ltr'><strong>vel</strong></span> <span class='ocrx_word' id='word_1_370' title='bbox 625 2828 854 2903; x_wconf 73' lang='lat' dir='ltr'><strong>declaraturam,</strong></span> <span class='ocrx_word' id='word_1_371' title='bbox 870 2845 933 2886; x_wconf 91' lang='lat' dir='ltr'><strong>nam</strong></span> <span class='ocrx_word' id='word_1_372' title='bbox 946 2827 979 2885; x_wconf 93' lang='lat' dir='ltr'><strong>de</strong></span> <span class='ocrx_word' id='word_1_373' title='bbox 993 2837 1112 2902; x_wconf 89' lang='lat' dir='ltr'><strong>utraque</strong></span> <span class='ocrx_word' id='word_1_374' title='bbox 1127 2845 1174 2902; x_wconf 92' lang='lat' dir='ltr'><strong>po·</strong></span> <span class='ocrx_word' id='word_1_375' title='bbox 1211 2833 1287 2890; x_wconf 85' lang='lat' dir='ltr'><strong>bitur</strong></span> <span class='ocrx_word' id='word_1_376' title='bbox 1308 2839 1372 2904; x_wconf 90' lang='lat' dir='ltr'><strong>post</strong></span> <span class='ocrx_word' id='word_1_377' title='bbox 1391 2829 1478 2888; x_wconf 89' lang='lat' dir='ltr'><strong>solam</strong></span> <span class='ocrx_word' id='word_1_378' title='bbox 1499 2831 1662 2888; x_wconf 89' lang='lat' dir='ltr'><strong>sententiam</strong></span> <span class='ocrx_word' id='word_1_379' title='bbox 1681 2828 1894 2890; x_wconf 90' lang='lat' dir='ltr'><strong>declaratorism</strong></span> <span class='ocrx_word' id='word_1_380' title='bbox 1909 2830 2011 2888; x_wconf 81' lang='lat' dir='ltr'><strong>etiaomi</strong></span> 
     </span>
     <span class='ocr_line' id='line_1_29' title="bbox 376 2919 2011 2996; baseline -0.002 -16"><span class='ocrx_word' id='word_1_381' title='bbox 376 2930 431 2980; x_wconf 86' lang='lat' dir='ltr'><strong>test</strong></span> <span class='ocrx_word' id='word_1_382' title='bbox 450 2923 560 2996; x_wconf 91' lang='lat' dir='ltr'><strong>quaeri,</strong></span> <span class='ocrx_word' id='word_1_383' title='bbox 583 2937 615 2978; x_wconf 89' lang='lat' dir='ltr'><strong>aa</strong></span> <span class='ocrx_word' id='word_1_384' title='bbox 637 2927 701 2992; x_wconf 91' lang='lat' dir='ltr'><strong>post</strong></span> <span class='ocrx_word' id='word_1_385' title='bbox 720 2919 792 2976; x_wconf 87' lang='lat' dir='ltr'><strong>illam</strong></span> <span class='ocrx_word' id='word_1_386' title='bbox 813 2919 894 2978; x_wconf 88' lang='lat' dir='ltr'><strong>latam</strong></span> <span class='ocrx_word' id='word_1_387' title='bbox 916 2923 1020 2975; x_wconf 87' lang='lat' dir='ltr'><strong>oriatur</strong></span> <span class='ocrx_word' id='word_1_388' title='bbox 1034 2919 1175 2990; x_wconf 88' lang='lat' dir='ltr'><strong>praedicta</strong></span> <span class='ocrx_word' id='word_1_389' title='bbox 1211 2923 1254 2979; x_wconf 89' lang='lat' dir='ltr'><strong>lex</strong></span> <span class='ocrx_word' id='word_1_390' title='bbox 1273 2920 1456 2979; x_wconf 87' lang='lat' dir='ltr'><strong>condemnare</strong></span> <span class='ocrx_word' id='word_1_391' title='bbox 1477 2927 1625 2978; x_wconf 91' lang='lat' dir='ltr'><strong>censeatur</strong></span> <span class='ocrx_word' id='word_1_392' title='bbox 1639 2921 1696 2993; x_wconf 91' lang='lat' dir='ltr'><strong>ipso</strong></span> <span class='ocrx_word' id='word_1_393' title='bbox 1711 2921 1794 2978; x_wconf 90' lang='lat' dir='ltr'><strong>lacto.</strong></span> <span class='ocrx_word' id='word_1_394' title='bbox 1810 2921 1974 2995; x_wconf 85' lang='lat' dir='ltr'><strong>Respondeo</strong></span> <span class='ocrx_word' id='word_1_395' title='bbox 1987 2921 2011 2976; x_wconf 93' lang='lat' dir='ltr'><strong>in</strong></span> 
     </span>
     <span class='ocr_line' id='line_1_30' title="bbox 375 3009 2011 3085; baseline -0.003 -15"><span class='ocrx_word' id='word_1_396' title='bbox 375 3012 513 3085; x_wconf 77' lang='lat' dir='ltr'><strong>obligatio.</strong></span> <span class='ocrx_word' id='word_1_397' title='bbox 530 3013 559 3069; x_wconf 93' lang='lat' dir='ltr'><strong>ln</strong></span> <span class='ocrx_word' id='word_1_398' title='bbox 581 3011 634 3068; x_wconf 90' lang='lat' dir='ltr'><strong>hoc</strong></span> <span class='ocrx_word' id='word_1_399' title='bbox 655 3015 747 3066; x_wconf 90' lang='lat' dir='ltr'><strong>autem</strong></span> <span class='ocrx_word' id='word_1_400' title='bbox 769 3016 872 3081; x_wconf 90' lang='lat' dir='ltr'><strong>puncto</strong></span> <span class='ocrx_word' id='word_1_401' title='bbox 893 3023 1006 3066; x_wconf 89' lang='lat' dir='ltr'><strong>necesse</strong></span> <span class='ocrx_word' id='word_1_402' title='bbox 1020 3015 1080 3077; x_wconf 90' lang='lat' dir='ltr'><strong>est,</strong></span> <span class='ocrx_word' id='word_1_403' title='bbox 1097 3015 1128 3066; x_wconf 89' lang='lat' dir='ltr'><strong>ut</strong></span> <span class='ocrx_word' id='word_1_404' title='bbox 1140 3024 1175 3065; x_wconf 88' lang='lat' dir='ltr'><strong>ex</strong></span> <span class='ocrx_word' id='word_1_405' title='bbox 1211 3013 1317 3084; x_wconf 90' lang='lat' dir='ltr'><strong>primis,</strong></span> <span class='ocrx_word' id='word_1_406' title='bbox 1331 3009 1497 3069; x_wconf 89' lang='lat' dir='ltr'><strong>antecedens</strong></span> <span class='ocrx_word' id='word_1_407' title='bbox 1508 3026 1561 3066; x_wconf 92' lang='lat' dir='ltr'><strong>non</strong></span> <span class='ocrx_word' id='word_1_408' title='bbox 1572 3025 1634 3082; x_wconf 83' lang='lat' dir='ltr'><strong>esse</strong></span> <span class='ocrx_word' id='word_1_409' title='bbox 1649 3011 1674 3066; x_wconf 91' lang='lat' dir='ltr'><strong>in</strong></span> <span class='ocrx_word' id='word_1_410' title='bbox 1689 3013 1850 3068; x_wconf 86' lang='lat' dir='ltr'><strong>universum</strong></span> <span class='ocrx_word' id='word_1_411' title='bbox 1862 3028 1972 3082; x_wconf 85' lang='lat' dir='ltr'><strong>verum,</strong></span> <span class='ocrx_word' id='word_1_412' title='bbox 1983 3015 2011 3066; x_wconf 93' lang='lat' dir='ltr'><strong>ut</strong></span> 
     </span>
     <span class='ocr_line' id='line_1_31' title="bbox 375 3099 2009 3174; baseline -0.001 -16"><span class='ocrx_word' id='word_1_413' title='bbox 375 3107 452 3174; x_wconf 90' lang='lat' dir='ltr'><strong>parte</strong></span> <span class='ocrx_word' id='word_1_414' title='bbox 467 3101 559 3173; x_wconf 80' lang='lat' dir='ltr'><strong>legum</strong></span> <span class='ocrx_word' id='word_1_415' title='bbox 572 3099 712 3157; x_wconf 87' lang='lat' dir='ltr'><strong>distinctio</strong></span> <span class='ocrx_word' id='word_1_416' title='bbox 727 3113 792 3156; x_wconf 83' lang='lat' dir='ltr'><strong>carm</strong></span> <span class='ocrx_word' id='word_1_417' title='bbox 806 3099 985 3171; x_wconf 87' lang='lat' dir='ltr'><strong>proportione</strong></span> <span class='ocrx_word' id='word_1_418' title='bbox 998 3099 1053 3154; x_wconf 89' lang='lat' dir='ltr'><strong>liat.</strong></span> <span class='ocrx_word' id='word_1_419' title='bbox 1068 3100 1134 3156; x_wconf 90' lang='lat' dir='ltr'><strong>Nam</strong></span> <span class='ocrx_word' id='word_1_420' title='bbox 1150 3099 1174 3154; x_wconf 89' lang='lat' dir='ltr'><strong>si</strong></span> <span class='ocrx_word' id='word_1_421' title='bbox 1211 3101 1303 3159; x_wconf 88' lang='lat' dir='ltr'><strong>statim</strong></span> <span class='ocrx_word' id='word_1_422' title='bbox 1318 3100 1492 3168; x_wconf 85' lang='lat' dir='ltr'><strong>dicamQuia</strong></span> <span class='ocrx_word' id='word_1_423' title='bbox 1505 3115 1570 3157; x_wconf 83' lang='lat' dir='ltr'><strong>vero</strong></span> <span class='ocrx_word' id='word_1_424' title='bbox 1581 3100 1720 3158; x_wconf 88' lang='lat' dir='ltr'><strong>interdum</strong></span> <span class='ocrx_word' id='word_1_425' title='bbox 1731 3101 1891 3173; x_wconf 72' lang='lat' dir='ltr'><strong>potestesse</strong></span> <span class='ocrx_word' id='word_1_426' title='bbox 1904 3116 2009 3171; x_wconf 85' lang='lat' dir='ltr'><strong>verum,</strong></span> 
     </span>
     <span class='ocr_line' id='line_1_32' title="bbox 376 3186 2008 3264; baseline -0.002 -15"><span class='ocrx_word' id='word_1_427' title='bbox 376 3193 418 3249; x_wconf 89' lang='lat' dir='ltr'><strong>lex</strong></span> <span class='ocrx_word' id='word_1_428' title='bbox 433 3192 556 3248; x_wconf 89' lang='lat' dir='ltr'><strong>continet</strong></span> <span class='ocrx_word' id='word_1_429' title='bbox 571 3196 677 3247; x_wconf 89' lang='lat' dir='ltr'><strong>tautam</strong></span> <span class='ocrx_word' id='word_1_430' title='bbox 692 3203 807 3261; x_wconf 88' lang='lat' dir='ltr'><strong>poenam</strong></span> <span class='ocrx_word' id='word_1_431' title='bbox 822 3186 974 3259; x_wconf 82' lang='lat' dir='ltr'><strong>lesendam,</strong></span> <span class='ocrx_word' id='word_1_432' title='bbox 996 3203 1046 3244; x_wconf 86' lang='lat' dir='ltr'><strong>uec</strong></span> <span class='ocrx_word' id='word_1_433' title='bbox 1061 3189 1169 3260; x_wconf 89' lang='lat' dir='ltr'><strong>operari</strong></span> <span class='ocrx_word' id='word_1_434' title='bbox 1211 3201 1242 3250; x_wconf 91' lang='lat' dir='ltr'><strong>ut</strong></span> <span class='ocrx_word' id='word_1_435' title='bbox 1256 3193 1337 3250; x_wconf 88' lang='lat' dir='ltr'><strong>etiam</strong></span> <span class='ocrx_word' id='word_1_436' title='bbox 1352 3191 1454 3262; x_wconf 89' lang='lat' dir='ltr'><strong>dicam,</strong></span> <span class='ocrx_word' id='word_1_437' title='bbox 1468 3197 1495 3248; x_wconf 89' lang='lat' dir='ltr'><strong>et</strong></span> <span class='ocrx_word' id='word_1_438' title='bbox 1510 3190 1571 3247; x_wconf 92' lang='lat' dir='ltr'><strong>iude</strong></span> <span class='ocrx_word' id='word_1_439' title='bbox 1584 3197 1677 3264; x_wconf 90' lang='lat' dir='ltr'><strong>potest</strong></span> <span class='ocrx_word' id='word_1_440' title='bbox 1690 3197 1885 3264; x_wconf 80' lang='lat' dir='ltr'><strong>argumentum</strong></span> <span class='ocrx_word' id='word_1_441' title='bbox 1900 3191 2008 3258; x_wconf 84' lang='lat' dir='ltr'><strong>confici,</strong></span> 
     </span>
     <span class='ocr_line' id='line_1_33' title="bbox 374 3277 2009 3355; baseline -0.002 -17"><span class='ocrx_word' id='word_1_442' title='bbox 374 3288 483 3354; x_wconf 90' lang='lat' dir='ltr'><strong>potest,</strong></span> <span class='ocrx_word' id='word_1_443' title='bbox 499 3295 550 3337; x_wconf 88' lang='lat' dir='ltr'><strong>nee</strong></span> <span class='ocrx_word' id='word_1_444' title='bbox 564 3279 656 3336; x_wconf 92' lang='lat' dir='ltr'><strong>locum</strong></span> <span class='ocrx_word' id='word_1_445' title='bbox 670 3279 770 3336; x_wconf 87' lang='lat' dir='ltr'><strong>habere</strong></span> <span class='ocrx_word' id='word_1_446' title='bbox 785 3279 916 3336; x_wconf 89' lang='lat' dir='ltr'><strong>sententia</strong></span> <span class='ocrx_word' id='word_1_447' title='bbox 931 3284 1037 3335; x_wconf 89' lang='lat' dir='ltr'><strong>tantum</strong></span> <span class='ocrx_word' id='word_1_448' title='bbox 1051 3277 1174 3336; x_wconf 91' lang='lat' dir='ltr'><strong>declara·</strong></span> <span class='ocrx_word' id='word_1_449' title='bbox 1210 3280 1298 3354; x_wconf 89' lang='lat' dir='ltr'><strong>addo,</strong></span> <span class='ocrx_word' id='word_1_450' title='bbox 1313 3296 1374 3338; x_wconf 90' lang='lat' dir='ltr'><strong>esse</strong></span> <span class='ocrx_word' id='word_1_451' title='bbox 1387 3281 1569 3338; x_wconf 79' lang='lat' dir='ltr'><strong>differentiam</strong></span> <span class='ocrx_word' id='word_1_452' title='bbox 1584 3282 1655 3336; x_wconf 91' lang='lat' dir='ltr'><strong>inter</strong></span> <span class='ocrx_word' id='word_1_453' title='bbox 1670 3279 1758 3355; x_wconf 77' lang='lat' dir='ltr'><strong>legem</strong></span> <span class='ocrx_word' id='word_1_454' title='bbox 1779 3281 1940 3352; x_wconf 87' lang='lat' dir='ltr'><strong>punientem</strong></span> <span class='ocrx_word' id='word_1_455' title='bbox 1954 3281 2009 3350; x_wconf 89' lang='lat' dir='ltr'><strong>ipso</strong></span> 
     </span>
     <span class='ocr_line' id='line_1_34' title="bbox 374 3368 2007 3444; baseline -0.004 -15"><span class='ocrx_word' id='word_1_456' title='bbox 374 3373 445 3430; x_wconf 91' lang='lat' dir='ltr'><strong>toria</strong></span> <span class='ocrx_word' id='word_1_457' title='bbox 459 3371 719 3428; x_wconf 83' lang='lat' dir='ltr'><strong>oriminis.Primum</strong></span> <span class='ocrx_word' id='word_1_458' title='bbox 731 3373 807 3441; x_wconf 90' lang='lat' dir='ltr'><strong>patet</strong></span> <span class='ocrx_word' id='word_1_459' title='bbox 820 3383 853 3424; x_wconf 90' lang='lat' dir='ltr'><strong>ex</strong></span> <span class='ocrx_word' id='word_1_460' title='bbox 867 3368 948 3426; x_wconf 89' lang='lat' dir='ltr'><strong>dictis</strong></span> <span class='ocrx_word' id='word_1_461' title='bbox 961 3369 1047 3440; x_wconf 90' lang='lat' dir='ltr'><strong>capite</strong></span> <span class='ocrx_word' id='word_1_462' title='bbox 1061 3383 1174 3441; x_wconf 90' lang='lat' dir='ltr'><strong>praece·</strong></span> <span class='ocrx_word' id='word_1_463' title='bbox 1211 3370 1283 3428; x_wconf 89' lang='lat' dir='ltr'><strong>lacto</strong></span> <span class='ocrx_word' id='word_1_464' title='bbox 1304 3377 1333 3428; x_wconf 87' lang='lat' dir='ltr'><strong>et</strong></span> <span class='ocrx_word' id='word_1_465' title='bbox 1351 3369 1470 3428; x_wconf 88' lang='lat' dir='ltr'><strong>iudicem</strong></span> <span class='ocrx_word' id='word_1_466' title='bbox 1490 3369 1731 3427; x_wconf 87' lang='lat' dir='ltr'><strong>condemnantem:</strong></span> <span class='ocrx_word' id='word_1_467' title='bbox 1746 3368 1819 3442; x_wconf 93' lang='lat' dir='ltr'><strong>quod</strong></span> <span class='ocrx_word' id='word_1_468' title='bbox 1834 3369 1879 3428; x_wconf 91' lang='lat' dir='ltr'><strong>lex</strong></span> <span class='ocrx_word' id='word_1_469' title='bbox 1894 3371 2007 3444; x_wconf 88' lang='lat' dir='ltr'><strong>puniens</strong></span> 
     </span>
     <span class='ocr_line' id='line_1_35' title="bbox 374 3458 2010 3538; baseline -0.004 -16"><span class='ocrx_word' id='word_1_470' title='bbox 374 3463 468 3535; x_wconf 79' lang='lat' dir='ltr'><strong>denti3</strong></span> <span class='ocrx_word' id='word_1_471' title='bbox 494 3478 556 3520; x_wconf 89' lang='lat' dir='ltr'><strong>nam</strong></span> <span class='ocrx_word' id='word_1_472' title='bbox 576 3461 629 3518; x_wconf 89' lang='lat' dir='ltr'><strong>hoc</strong></span> <span class='ocrx_word' id='word_1_473' title='bbox 648 3458 803 3533; x_wconf 88' lang='lat' dir='ltr'><strong>specialiter</strong></span> <span class='ocrx_word' id='word_1_474' title='bbox 818 3465 948 3532; x_wconf 89' lang='lat' dir='ltr'><strong>operatur</strong></span> <span class='ocrx_word' id='word_1_475' title='bbox 960 3459 1096 3531; x_wconf 91' lang='lat' dir='ltr'><strong>particula</strong></span> <span class='ocrx_word' id='word_1_476' title='bbox 1108 3461 1173 3538; x_wconf 73' lang='lat' dir='ltr'><strong>ipso</strong></span> <span class='ocrx_word' id='word_1_477' title='bbox 1210 3465 1270 3533; x_wconf 89' lang='lat' dir='ltr'><strong>ipso</strong></span> <span class='ocrx_word' id='word_1_478' title='bbox 1285 3461 1358 3519; x_wconf 86' lang='lat' dir='ltr'><strong>laeto</strong></span> <span class='ocrx_word' id='word_1_479' title='bbox 1373 3461 1463 3518; x_wconf 90' lang='lat' dir='ltr'><strong>statim</strong></span> <span class='ocrx_word' id='word_1_480' title='bbox 1478 3461 1612 3532; x_wconf 87' lang='lat' dir='ltr'><strong>praecipit</strong></span> <span class='ocrx_word' id='word_1_481' title='bbox 1623 3459 1754 3534; x_wconf 89' lang='lat' dir='ltr'><strong>quidquid</strong></span> <span class='ocrx_word' id='word_1_482' title='bbox 1769 3463 1957 3520; x_wconf 86' lang='lat' dir='ltr'><strong>necessarium</strong></span> <span class='ocrx_word' id='word_1_483' title='bbox 1970 3464 2010 3515; x_wconf 88' lang='lat' dir='ltr'><strong>est</strong></span> 
     </span>
     <span class='ocr_line' id='line_1_36' title="bbox 366 3548 2009 3626; baseline -0.005 -16"><span class='ocrx_word' id='word_1_484' title='bbox 366 3551 472 3626; x_wconf 86' lang='lat' dir='ltr'><strong>socto;</strong></span> <span class='ocrx_word' id='word_1_485' title='bbox 491 3566 575 3624; x_wconf 82' lang='lat' dir='ltr'><strong>ergo,</strong></span> <span class='ocrx_word' id='word_1_486' title='bbox 597 3548 643 3606; x_wconf 89' lang='lat' dir='ltr'><strong>illa</strong></span> <span class='ocrx_word' id='word_1_487' title='bbox 663 3549 823 3620; x_wconf 84' lang='lat' dir='ltr'><strong>deficiente,</strong></span> <span class='ocrx_word' id='word_1_488' title='bbox 846 3554 938 3605; x_wconf 85' lang='lat' dir='ltr'><strong>cessat</strong></span> <span class='ocrx_word' id='word_1_489' title='bbox 952 3548 1077 3606; x_wconf 81' lang='lat' dir='ltr'><strong>edoctus.</strong></span> <span class='ocrx_word' id='word_1_490' title='bbox 1095 3549 1174 3606; x_wconf 83' lang='lat' dir='ltr'><strong>Ratio</strong></span> <span class='ocrx_word' id='word_1_491' title='bbox 1210 3552 1243 3610; x_wconf 96' lang='lat' dir='ltr'><strong>ad</strong></span> <span class='ocrx_word' id='word_1_492' title='bbox 1263 3553 1454 3609; x_wconf 86' lang='lat' dir='ltr'><strong>executionem</strong></span> <span class='ocrx_word' id='word_1_493' title='bbox 1476 3565 1596 3622; x_wconf 90' lang='lat' dir='ltr'><strong>poenae,</strong></span> <span class='ocrx_word' id='word_1_494' title='bbox 1615 3549 1762 3623; x_wconf 88' lang='lat' dir='ltr'><strong>solamque</strong></span> <span class='ocrx_word' id='word_1_495' title='bbox 1775 3550 1910 3622; x_wconf 89' lang='lat' dir='ltr'><strong>permittit</strong></span> <span class='ocrx_word' id='word_1_496' title='bbox 1923 3556 2009 3607; x_wconf 82' lang='lat' dir='ltr'><strong>tram·</strong></span> 
     </span>
     <span class='ocr_line' id='line_1_37' title="bbox 374 3638 2072 3715; baseline -0.003 -16"><span class='ocrx_word' id='word_1_497' title='bbox 374 3643 455 3700; x_wconf 88' lang='lat' dir='ltr'><strong>etiam</strong></span> <span class='ocrx_word' id='word_1_498' title='bbox 474 3648 517 3698; x_wconf 92' lang='lat' dir='ltr'><strong>est</strong></span> <span class='ocrx_word' id='word_1_499' title='bbox 530 3639 657 3711; x_wconf 83' lang='lat' dir='ltr'><strong>evidens,</strong></span> <span class='ocrx_word' id='word_1_500' title='bbox 674 3639 738 3712; x_wconf 90' lang='lat' dir='ltr'><strong>quie</strong></span> <span class='ocrx_word' id='word_1_501' title='bbox 753 3639 885 3696; x_wconf 89' lang='lat' dir='ltr'><strong>sententia</strong></span> <span class='ocrx_word' id='word_1_502' title='bbox 900 3645 1006 3696; x_wconf 91' lang='lat' dir='ltr'><strong>tantum</strong></span> <span class='ocrx_word' id='word_1_503' title='bbox 1021 3638 1173 3696; x_wconf 89' lang='lat' dir='ltr'><strong>declarato·</strong></span> <span class='ocrx_word' id='word_1_504' title='bbox 1209 3643 1330 3715; x_wconf 76' lang='lat' dir='ltr'><strong>gressori</strong></span> <span class='ocrx_word' id='word_1_505' title='bbox 1344 3647 1491 3713; x_wconf 87' lang='lat' dir='ltr'><strong>expectare</strong></span> <span class='ocrx_word' id='word_1_506' title='bbox 1506 3639 1604 3697; x_wconf 88' lang='lat' dir='ltr'><strong>iudicis</strong></span> <span class='ocrx_word' id='word_1_507' title='bbox 1619 3639 1844 3712; x_wconf 88' lang='lat' dir='ltr'><strong>declarationem,</strong></span> <span class='ocrx_word' id='word_1_508' title='bbox 1859 3648 1890 3698; x_wconf 91' lang='lat' dir='ltr'><strong>et</strong></span> <span class='ocrx_word' id='word_1_509' title='bbox 1903 3639 2008 3697; x_wconf 93' lang='lat' dir='ltr'><strong>nullum</strong></span> <span class='ocrx_word' id='word_1_510' title='bbox 2071 3707 2072 3712; x_wconf 8' lang='grc' dir='ltr'>γ</span> 
     </span>
     <span class='ocr_line' id='line_1_38' title="bbox 374 3726 2007 3804; baseline -0.004 -15"><span class='ocrx_word' id='word_1_511' title='bbox 374 3733 429 3804; x_wconf 92' lang='lat' dir='ltr'><strong>ris,</strong></span> <span class='ocrx_word' id='word_1_512' title='bbox 451 3737 482 3789; x_wconf 88' lang='lat' dir='ltr'><strong>ut</strong></span> <span class='ocrx_word' id='word_1_513' title='bbox 501 3729 563 3788; x_wconf 90' lang='lat' dir='ltr'><strong>tulis</strong></span> <span class='ocrx_word' id='word_1_514' title='bbox 582 3736 636 3802; x_wconf 89' lang='lat' dir='ltr'><strong>est,</strong></span> <span class='ocrx_word' id='word_1_515' title='bbox 650 3745 703 3785; x_wconf 93' lang='lat' dir='ltr'><strong>non</strong></span> <span class='ocrx_word' id='word_1_516' title='bbox 717 3729 846 3801; x_wconf 88' lang='lat' dir='ltr'><strong>praecipit</strong></span> <span class='ocrx_word' id='word_1_517' title='bbox 860 3727 961 3802; x_wconf 91' lang='lat' dir='ltr'><strong>aliquid</strong></span> <span class='ocrx_word' id='word_1_518' title='bbox 977 3727 1010 3784; x_wconf 93' lang='lat' dir='ltr'><strong>de</strong></span> <span class='ocrx_word' id='word_1_519' title='bbox 1023 3744 1107 3799; x_wconf 83' lang='lat' dir='ltr'><strong>noro,</strong></span> <span class='ocrx_word' id='word_1_520' title='bbox 1124 3727 1171 3784; x_wconf 91' lang='lat' dir='ltr'><strong>sed</strong></span> <span class='ocrx_word' id='word_1_521' title='bbox 1210 3729 1283 3787; x_wconf 89' lang='lat' dir='ltr'><strong>aliud</strong></span> <span class='ocrx_word' id='word_1_522' title='bbox 1304 3731 1484 3788; x_wconf 89' lang='lat' dir='ltr'><strong>ministerium</strong></span> <span class='ocrx_word' id='word_1_523' title='bbox 1506 3729 1605 3787; x_wconf 86' lang='lat' dir='ltr'><strong>iudicis</strong></span> <span class='ocrx_word' id='word_1_524' title='bbox 1619 3729 1680 3788; x_wconf 87' lang='lat' dir='ltr'><strong>vult</strong></span> <span class='ocrx_word' id='word_1_525' title='bbox 1697 3744 1759 3787; x_wconf 90' lang='lat' dir='ltr'><strong>esse</strong></span> <span class='ocrx_word' id='word_1_526' title='bbox 1771 3731 1962 3789; x_wconf 87' lang='lat' dir='ltr'><strong>necessarium</strong></span> <span class='ocrx_word' id='word_1_527' title='bbox 1975 3726 2007 3785; x_wconf 91' lang='lat' dir='ltr'><strong>ad</strong></span> 
     </span>
     <span class='ocr_line' id='line_1_39' title="bbox 375 3815 2005 3892; baseline -0.002 -14"><span class='ocrx_word' id='word_1_528' title='bbox 375 3821 464 3878; x_wconf 87' lang='lat' dir='ltr'><strong>solum</strong></span> <span class='ocrx_word' id='word_1_529' title='bbox 478 3819 526 3876; x_wconf 88' lang='lat' dir='ltr'><strong>dat</strong></span> <span class='ocrx_word' id='word_1_530' title='bbox 539 3818 678 3890; x_wconf 91' lang='lat' dir='ltr'><strong>publicam</strong></span> <span class='ocrx_word' id='word_1_531' title='bbox 690 3824 717 3873; x_wconf 91' lang='lat' dir='ltr'><strong>et</strong></span> <span class='ocrx_word' id='word_1_532' title='bbox 731 3816 875 3874; x_wconf 91' lang='lat' dir='ltr'><strong>iuridicam</strong></span> <span class='ocrx_word' id='word_1_533' title='bbox 890 3818 1012 3874; x_wconf 83' lang='lat' dir='ltr'><strong>notitiam</strong></span> <span class='ocrx_word' id='word_1_534' title='bbox 1026 3815 1130 3889; x_wconf 70' lang='lat' dir='ltr'><strong>delicti,</strong></span> <span class='ocrx_word' id='word_1_535' title='bbox 1145 3823 1173 3874; x_wconf 94' lang='lat' dir='ltr'><strong>at</strong></span> <span class='ocrx_word' id='word_1_536' title='bbox 1210 3821 1291 3878; x_wconf 88' lang='lat' dir='ltr'><strong>talam</strong></span> <span class='ocrx_word' id='word_1_537' title='bbox 1311 3821 1513 3877; x_wconf 88' lang='lat' dir='ltr'><strong>executionem.</strong></span> <span class='ocrx_word' id='word_1_538' title='bbox 1529 3821 1565 3876; x_wconf 87' lang='lat' dir='ltr'><strong>Et</strong></span> <span class='ocrx_word' id='word_1_539' title='bbox 1585 3821 1650 3892; x_wconf 90' lang='lat' dir='ltr'><strong>quia</strong></span> <span class='ocrx_word' id='word_1_540' title='bbox 1671 3820 1712 3877; x_wconf 87' lang='lat' dir='ltr'><strong>lex</strong></span> <span class='ocrx_word' id='word_1_541' title='bbox 1727 3820 1810 3878; x_wconf 87' lang='lat' dir='ltr'><strong>semel</strong></span> <span class='ocrx_word' id='word_1_542' title='bbox 1829 3820 1885 3878; x_wconf 93' lang='lat' dir='ltr'><strong>lata</strong></span> <span class='ocrx_word' id='word_1_543' title='bbox 1900 3833 2005 3892; x_wconf 89' lang='lat' dir='ltr'><strong>semper</strong></span> 
     </span>
     <span class='ocr_line' id='line_1_40' title="bbox 374 3906 2006 3985; baseline -0.002 -17"><span class='ocrx_word' id='word_1_544' title='bbox 374 3925 463 3985; x_wconf 87' lang='lat' dir='ltr'><strong>neque</strong></span> <span class='ocrx_word' id='word_1_545' title='bbox 484 3910 526 3968; x_wconf 89' lang='lat' dir='ltr'><strong>lex</strong></span> <span class='ocrx_word' id='word_1_546' title='bbox 547 3910 605 3980; x_wconf 88' lang='lat' dir='ltr'><strong>ipsa</strong></span> <span class='ocrx_word' id='word_1_547' title='bbox 620 3909 646 3964; x_wconf 94' lang='lat' dir='ltr'><strong>in</strong></span> <span class='ocrx_word' id='word_1_548' title='bbox 661 3907 706 3964; x_wconf 92' lang='lat' dir='ltr'><strong>illo</strong></span> <span class='ocrx_word' id='word_1_549' title='bbox 721 3922 790 3964; x_wconf 91' lang='lat' dir='ltr'><strong>casu</strong></span> <span class='ocrx_word' id='word_1_550' title='bbox 806 3908 956 3980; x_wconf 88' lang='lat' dir='ltr'><strong>praecepit,</strong></span> <span class='ocrx_word' id='word_1_551' title='bbox 971 3907 1102 3980; x_wconf 89' lang='lat' dir='ltr'><strong>quianon</strong></span> <span class='ocrx_word' id='word_1_552' title='bbox 1117 3906 1171 3965; x_wconf 88' lang='lat' dir='ltr'><strong>lert</strong></span> <span class='ocrx_word' id='word_1_553' title='bbox 1209 3909 1306 3966; x_wconf 89' lang='lat' dir='ltr'><strong>eodem</strong></span> <span class='ocrx_word' id='word_1_554' title='bbox 1327 3908 1407 3965; x_wconf 93' lang='lat' dir='ltr'><strong>modo</strong></span> <span class='ocrx_word' id='word_1_555' title='bbox 1427 3909 1577 3980; x_wconf 86' lang='lat' dir='ltr'><strong>praecipit,</strong></span> <span class='ocrx_word' id='word_1_556' title='bbox 1603 3909 1663 3966; x_wconf 93' lang='lat' dir='ltr'><strong>ideo</strong></span> <span class='ocrx_word' id='word_1_557' title='bbox 1689 3924 1798 3982; x_wconf 90' lang='lat' dir='ltr'><strong>semper</strong></span> <span class='ocrx_word' id='word_1_558' title='bbox 1816 3909 1899 3968; x_wconf 78' lang='lat' dir='ltr'><strong>edam</strong></span> <span class='ocrx_word' id='word_1_559' title='bbox 1912 3907 2006 3968; x_wconf 89' lang='lat' dir='ltr'><strong>eodem</strong></span> 
     </span>
     <span class='ocr_line' id='line_1_41' title="bbox 374 3997 2005 4074; baseline -0.004 -16"><span class='ocrx_word' id='word_1_560' title='bbox 374 4016 488 4074; x_wconf 88' lang='lat' dir='ltr'><strong>posnam</strong></span> <span class='ocrx_word' id='word_1_561' title='bbox 508 4001 566 4070; x_wconf 88' lang='lat' dir='ltr'><strong>ipsc</strong></span> <span class='ocrx_word' id='word_1_562' title='bbox 587 3998 683 4067; x_wconf 82' lang='lat' dir='ltr'><strong>lacto,</strong></span> <span class='ocrx_word' id='word_1_563' title='bbox 705 4004 737 4054; x_wconf 93' lang='lat' dir='ltr'><strong>ut</strong></span> <span class='ocrx_word' id='word_1_564' title='bbox 758 3997 955 4069; x_wconf 82' lang='lat' dir='ltr'><strong>supponimus3</strong></span> <span class='ocrx_word' id='word_1_565' title='bbox 971 4012 1037 4070; x_wconf 82' lang='lat' dir='ltr'><strong>ergo</strong></span> <span class='ocrx_word' id='word_1_566' title='bbox 1052 4013 1105 4054; x_wconf 91' lang='lat' dir='ltr'><strong>noa</strong></span> <span class='ocrx_word' id='word_1_567' title='bbox 1120 4006 1171 4071; x_wconf 91' lang='lat' dir='ltr'><strong>est,</strong></span> <span class='ocrx_word' id='word_1_568' title='bbox 1209 3999 1290 4056; x_wconf 91' lang='lat' dir='ltr'><strong>modo</strong></span> <span class='ocrx_word' id='word_1_569' title='bbox 1315 3998 1416 4072; x_wconf 81' lang='lat' dir='ltr'><strong>obligat</strong></span> <span class='ocrx_word' id='word_1_570' title='bbox 1440 3997 1909 4071; x_wconf 88' lang='lat' dir='ltr'><strong>postdeclaratoriamsenteotiam.</strong></span> <span class='ocrx_word' id='word_1_571' title='bbox 1924 3998 2005 4057; x_wconf 86' lang='lat' dir='ltr'><strong>ludex</strong></span> 
     </span>
    </p>
   </div>
   <div class='ocr_carea' id='block_1_5' title="bbox 265 4085 2006 4161">
    <p class='ocr_par' dir='ltr' id='par_1_5' title="bbox 265 4085 2006 4161">
     <span class='ocr_line' id='line_1_42' title="bbox 265 4085 2006 4161; baseline -0.002 -13"><span class='ocrx_word' id='word_1_572' title='bbox 265 4107 267 4112; x_wconf 92' lang='lat'>·</span> <span class='ocrx_word' id='word_1_573' title='bbox 376 4091 448 4148; x_wconf 91' lang='lat' dir='ltr'><strong>unde</strong></span> <span class='ocrx_word' id='word_1_574' title='bbox 467 4090 570 4146; x_wconf 88' lang='lat' dir='ltr'><strong>oriatur</strong></span> <span class='ocrx_word' id='word_1_575' title='bbox 590 4087 730 4160; x_wconf 83' lang='lat' dir='ltr'><strong>obligatio.</strong></span> <span class='ocrx_word' id='word_1_576' title='bbox 747 4085 907 4143; x_wconf 64' lang='lat' dir='ltr'><strong>&amp;claudum</strong></span> <span class='ocrx_word' id='word_1_577' title='bbox 929 4093 1039 4159; x_wconf 89' lang='lat' dir='ltr'><strong>autem,</strong></span> <span class='ocrx_word' id='word_1_578' title='bbox 1057 4087 1170 4158; x_wconf 91' lang='lat' dir='ltr'><strong>scilicet,</strong></span> <span class='ocrx_word' id='word_1_579' title='bbox 1210 4095 1300 4146; x_wconf 89' lang='lat' dir='ltr'><strong>autem</strong></span> <span class='ocrx_word' id='word_1_580' title='bbox 1313 4087 1380 4146; x_wconf 88' lang='lat' dir='ltr'><strong>dnm</strong></span> <span class='ocrx_word' id='word_1_581' title='bbox 1394 4089 1570 4156; x_wconf 87' lang='lat' dir='ltr'><strong>condemnat,</strong></span> <span class='ocrx_word' id='word_1_582' title='bbox 1590 4104 1644 4144; x_wconf 92' lang='lat' dir='ltr'><strong>non</strong></span> <span class='ocrx_word' id='word_1_583' title='bbox 1669 4103 1777 4161; x_wconf 89' lang='lat' dir='ltr'><strong>semper</strong></span> <span class='ocrx_word' id='word_1_584' title='bbox 1794 4089 1885 4148; x_wconf 90' lang='lat' dir='ltr'><strong>utitur</strong></span> <span class='ocrx_word' id='word_1_585' title='bbox 1906 4088 2006 4148; x_wconf 88' lang='lat' dir='ltr'><strong>eisdem</strong></span> 
     </span>
    </p>
   </div>
   <div class='ocr_carea' id='block_1_6' title="bbox 368 4176 2007 5331">
    <p class='ocr_par' dir='ltr' id='par_1_6' title="bbox 368 4176 2007 5331">
     <span class='ocr_line' id='line_1_43' title="bbox 375 4176 2007 4252; baseline -0.005 -12"><span class='ocrx_word' id='word_1_586' title='bbox 375 4199 430 4240; x_wconf 93' lang='lat' dir='ltr'><strong>non</strong></span> <span class='ocrx_word' id='word_1_587' title='bbox 444 4195 506 4238; x_wconf 90' lang='lat' dir='ltr'><strong>esse</strong></span> <span class='ocrx_word' id='word_1_588' title='bbox 521 4180 612 4236; x_wconf 91' lang='lat' dir='ltr'><strong>locum</strong></span> <span class='ocrx_word' id='word_1_589' title='bbox 624 4177 672 4236; x_wconf 88' lang='lat' dir='ltr'><strong>tali</strong></span> <span class='ocrx_word' id='word_1_590' title='bbox 686 4177 835 4234; x_wconf 89' lang='lat' dir='ltr'><strong>sententiae</strong></span> <span class='ocrx_word' id='word_1_591' title='bbox 848 4176 872 4232; x_wconf 93' lang='lat' dir='ltr'><strong>in</strong></span> <span class='ocrx_word' id='word_1_592' title='bbox 885 4191 917 4233; x_wconf 94' lang='lat' dir='ltr'><strong>eo</strong></span> <span class='ocrx_word' id='word_1_593' title='bbox 930 4183 1100 4250; x_wconf 88' lang='lat' dir='ltr'><strong>casu,patet,</strong></span> <span class='ocrx_word' id='word_1_594' title='bbox 1109 4177 1172 4250; x_wconf 90' lang='lat' dir='ltr'><strong>quia</strong></span> <span class='ocrx_word' id='word_1_595' title='bbox 1208 4178 1318 4248; x_wconf 82' lang='lat' dir='ltr'><strong>uerbis,</strong></span> <span class='ocrx_word' id='word_1_596' title='bbox 1333 4185 1360 4234; x_wconf 92' lang='lat' dir='ltr'><strong>et</strong></span> <span class='ocrx_word' id='word_1_597' title='bbox 1373 4177 1433 4234; x_wconf 90' lang='lat' dir='ltr'><strong>ideo</strong></span> <span class='ocrx_word' id='word_1_598' title='bbox 1447 4193 1500 4233; x_wconf 91' lang='lat' dir='ltr'><strong>non</strong></span> <span class='ocrx_word' id='word_1_599' title='bbox 1516 4192 1625 4249; x_wconf 88' lang='lat' dir='ltr'><strong>semper</strong></span> <span class='ocrx_word' id='word_1_600' title='bbox 1638 4177 1758 4252; x_wconf 78' lang='lat' dir='ltr'><strong>obligat,</strong></span> <span class='ocrx_word' id='word_1_601' title='bbox 1780 4177 1822 4234; x_wconf 85' lang='lat' dir='ltr'><strong>vel</strong></span> <span class='ocrx_word' id='word_1_602' title='bbox 1836 4193 1892 4235; x_wconf 94' lang='lat' dir='ltr'><strong>non</strong></span> <span class='ocrx_word' id='word_1_603' title='bbox 1906 4176 2007 4251; x_wconf 74' lang='lat' dir='ltr'><strong>obligat</strong></span> 
     </span>
     <span class='ocr_line' id='line_1_44' title="bbox 374 4264 2005 4341; baseline -0.004 -12"><span class='ocrx_word' id='word_1_604' title='bbox 374 4275 401 4329; x_wconf 92' lang='lat' dir='ltr'><strong>in</strong></span> <span class='ocrx_word' id='word_1_605' title='bbox 421 4269 465 4327; x_wconf 94' lang='lat' dir='ltr'><strong>illo</strong></span> <span class='ocrx_word' id='word_1_606' title='bbox 485 4269 601 4326; x_wconf 89' lang='lat' dir='ltr'><strong>maxime</strong></span> <span class='ocrx_word' id='word_1_607' title='bbox 621 4266 714 4325; x_wconf 92' lang='lat' dir='ltr'><strong>locum</strong></span> <span class='ocrx_word' id='word_1_608' title='bbox 735 4264 818 4324; x_wconf 90' lang='lat' dir='ltr'><strong>habet</strong></span> <span class='ocrx_word' id='word_1_609' title='bbox 834 4265 941 4324; x_wconf 87' lang='lat' dir='ltr'><strong>dictum</strong></span> <span class='ocrx_word' id='word_1_610' title='bbox 956 4268 1170 4339; x_wconf 88' lang='lat' dir='ltr'><strong>supracitatum</strong></span> <span class='ocrx_word' id='word_1_611' title='bbox 1208 4268 1241 4326; x_wconf 88' lang='lat' dir='ltr'><strong>sd</strong></span> <span class='ocrx_word' id='word_1_612' title='bbox 1264 4269 1453 4326; x_wconf 88' lang='lat' dir='ltr'><strong>executionem</strong></span> <span class='ocrx_word' id='word_1_613' title='bbox 1477 4265 1628 4324; x_wconf 87' lang='lat' dir='ltr'><strong>immediate</strong></span> <span class='ocrx_word' id='word_1_614' title='bbox 1642 4266 1794 4325; x_wconf 79' lang='lat' dir='ltr'><strong>taciendam</strong></span> <span class='ocrx_word' id='word_1_615' title='bbox 1808 4272 2005 4341; x_wconf 90' lang='lat' dir='ltr'><strong>peractionem</strong></span> 
     </span>
     <span class='ocr_line' id='line_1_45' title="bbox 374 4356 2006 4431; baseline -0.003 -13"><span class='ocrx_word' id='word_1_616' title='bbox 374 4376 407 4418; x_wconf 84' lang='lat' dir='ltr'><strong>ex</strong></span> <span class='ocrx_word' id='word_1_617' title='bbox 423 4360 441 4416; x_wconf 94' lang='grc' dir='ltr'><strong>Ι.</strong></span> <span class='ocrx_word' id='word_1_618' title='bbox 454 4363 588 4426; x_wconf 80' lang='lat' dir='ltr'><strong>Proeses,</strong></span> <span class='ocrx_word' id='word_1_619' title='bbox 603 4360 634 4416; x_wconf 84' lang='lat' dir='ltr'><strong>C.</strong></span> <span class='ocrx_word' id='word_1_620' title='bbox 646 4356 680 4413; x_wconf 91' lang='lat' dir='ltr'><strong>de</strong></span> <span class='ocrx_word' id='word_1_621' title='bbox 693 4363 843 4414; x_wconf 80' lang='lat' dir='ltr'><strong>sentences</strong></span> <span class='ocrx_word' id='word_1_622' title='bbox 856 4356 1111 4430; x_wconf 81' lang='lat' dir='ltr'><strong>interlocutlepsm</strong></span> <span class='ocrx_word' id='word_1_623' title='bbox 1123 4357 1172 4415; x_wconf 84' lang='lat' dir='ltr'><strong>cle·</strong></span> <span class='ocrx_word' id='word_1_624' title='bbox 1208 4358 1293 4431; x_wconf 89' lang='lat' dir='ltr'><strong>ipsios</strong></span> <span class='ocrx_word' id='word_1_625' title='bbox 1314 4357 1352 4415; x_wconf 90' lang='lat' dir='ltr'><strong>rei</strong></span> <span class='ocrx_word' id='word_1_626' title='bbox 1376 4357 1479 4431; x_wconf 88' lang='lat' dir='ltr'><strong>absque</strong></span> <span class='ocrx_word' id='word_1_627' title='bbox 1499 4357 1551 4413; x_wconf 89' lang='lat' dir='ltr'><strong>alia</strong></span> <span class='ocrx_word' id='word_1_628' title='bbox 1571 4357 1732 4415; x_wconf 87' lang='lat' dir='ltr'><strong>executione</strong></span> <span class='ocrx_word' id='word_1_629' title='bbox 1753 4373 1821 4428; x_wconf 90' lang='lat' dir='ltr'><strong>saa,</strong></span> <span class='ocrx_word' id='word_1_630' title='bbox 1840 4358 1889 4417; x_wconf 90' lang='lat' dir='ltr'><strong>sed</strong></span> <span class='ocrx_word' id='word_1_631' title='bbox 1914 4374 1968 4417; x_wconf 90' lang='lat' dir='ltr'><strong>uno</strong></span> <span class='ocrx_word' id='word_1_632' title='bbox 1980 4361 2006 4414; x_wconf 91' lang='lat' dir='ltr'><strong>et</strong></span> 
     </span>
     <span class='ocr_line' id='line_1_46' title="bbox 368 4445 1948 4522; baseline -0.001 -16"><span class='ocrx_word' id='word_1_633' title='bbox 368 4449 523 4522; x_wconf 81' lang='lat' dir='ltr'><strong>finitivam</strong></span> <span class='ocrx_word' id='word_1_634' title='bbox 546 4463 605 4504; x_wconf 82' lang='lat' dir='ltr'><strong>non</strong></span> <span class='ocrx_word' id='word_1_635' title='bbox 629 4445 842 4509; x_wconf 65' lang='lat' dir='ltr'><strong>aecclesiolam,</strong></span> <span class='ocrx_word' id='word_1_636' title='bbox 866 4445 912 4503; x_wconf 85' lang='lat' dir='ltr'><strong>vel</strong></span> <span class='ocrx_word' id='word_1_637' title='bbox 926 4445 1172 4505; x_wconf 76' lang='lat' dir='ltr'><strong>corodemnontem</strong></span> <span class='ocrx_word' id='word_1_638' title='bbox 1208 4447 1295 4506; x_wconf 90' lang='lat' dir='ltr'><strong>altero</strong></span> <span class='ocrx_word' id='word_1_639' title='bbox 1321 4447 1401 4505; x_wconf 91' lang='lat' dir='ltr'><strong>modo</strong></span> <span class='ocrx_word' id='word_1_640' title='bbox 1424 4447 1721 4520; x_wconf 88' lang='lat' dir='ltr'><strong>potestcoudcmnare,</strong></span> <span class='ocrx_word' id='word_1_641' title='bbox 1738 4448 1948 4507; x_wconf 87' lang='lat' dir='ltr'><strong>utiamdicam.</strong></span> 
     </span>
     <span class='ocr_line' id='line_1_47' title="bbox 375 4526 2002 4612; baseline -0.001 -17"><span class='ocrx_word' id='word_1_642' title='bbox 375 4554 460 4596; x_wconf 83' lang='lat' dir='ltr'><strong>renna</strong></span> <span class='ocrx_word' id='word_1_643' title='bbox 477 4553 532 4612; x_wconf 83' lang='lat' dir='ltr'><strong>pro</strong></span> <span class='ocrx_word' id='word_1_644' title='bbox 552 4541 635 4595; x_wconf 84' lang='lat' dir='ltr'><strong>tosto</strong></span> <span class='ocrx_word' id='word_1_645' title='bbox 653 4553 712 4594; x_wconf 79' lang='lat' dir='ltr'><strong>nore</strong></span> <span class='ocrx_word' id='word_1_646' title='bbox 723 4535 838 4594; x_wconf 70' lang='lat' dir='ltr'><strong>nonem</strong></span> <span class='ocrx_word' id='word_1_647' title='bbox 856 4538 884 4597; x_wconf 92' lang='lat' dir='ltr'><strong>ln</strong></span> <span class='ocrx_word' id='word_1_648' title='bbox 899 4553 932 4594; x_wconf 94' lang='lat' dir='ltr'><strong>eo</strong></span> <span class='ocrx_word' id='word_1_649' title='bbox 949 4526 1040 4595; x_wconf 86' lang='lat' dir='ltr'><strong>a&#39;utem</strong></span> <span class='ocrx_word' id='word_1_650' title='bbox 1055 4554 1133 4611; x_wconf 91' lang='lat' dir='ltr'><strong>casu,</strong></span> <span class='ocrx_word' id='word_1_651' title='bbox 1149 4539 1173 4596; x_wconf 91' lang='lat' dir='ltr'><strong>si</strong></span> <span class='ocrx_word' id='word_1_652' title='bbox 1245 4538 1407 4612; x_wconf 85' lang='lat' dir='ltr'><strong>Quanquam</strong></span> <span class='ocrx_word' id='word_1_653' title='bbox 1422 4544 1515 4594; x_wconf 90' lang='lat' dir='ltr'><strong>autem</strong></span> <span class='ocrx_word' id='word_1_654' title='bbox 1529 4536 1597 4593; x_wconf 87' lang='lat' dir='ltr'><strong>haee</strong></span> <span class='ocrx_word' id='word_1_655' title='bbox 1611 4537 1648 4592; x_wconf 88' lang='lat' dir='ltr'><strong>sit</strong></span> <span class='ocrx_word' id='word_1_656' title='bbox 1663 4536 1758 4610; x_wconf 77' lang='lat' dir='ltr'><strong>regula</strong></span> <span class='ocrx_word' id='word_1_657' title='bbox 1768 4537 1904 4609; x_wconf 83' lang='lat' dir='ltr'><strong>generalis</strong></span> <span class='ocrx_word' id='word_1_658' title='bbox 1918 4539 1952 4595; x_wconf 86' lang='lat' dir='ltr'><strong>ds</strong></span> <span class='ocrx_word' id='word_1_659' title='bbox 1966 4553 2002 4607; x_wconf 90' lang='lat' dir='ltr'><strong>se,</strong></span> 
     </span>
     <span class='ocr_line' id='line_1_48' title="bbox 376 4626 2004 4702; baseline -0.002 -16"><span class='ocrx_word' id='word_1_660' title='bbox 376 4628 489 4686; x_wconf 89' lang='lat' dir='ltr'><strong>daretur</strong></span> <span class='ocrx_word' id='word_1_661' title='bbox 504 4627 635 4684; x_wconf 88' lang='lat' dir='ltr'><strong>sententia</strong></span> <span class='ocrx_word' id='word_1_662' title='bbox 649 4641 717 4698; x_wconf 90' lang='lat' dir='ltr'><strong>pure</strong></span> <span class='ocrx_word' id='word_1_663' title='bbox 728 4626 909 4684; x_wconf 86' lang='lat' dir='ltr'><strong>declaratoria</strong></span> <span class='ocrx_word' id='word_1_664' title='bbox 923 4627 1113 4701; x_wconf 84' lang='lat' dir='ltr'><strong>criminis,ncc</strong></span> <span class='ocrx_word' id='word_1_665' title='bbox 1125 4629 1171 4687; x_wconf 83' lang='lat' dir='ltr'><strong>ab·</strong></span> <span class='ocrx_word' id='word_1_666' title='bbox 1206 4628 1330 4687; x_wconf 89' lang='lat' dir='ltr'><strong>dubitari</strong></span> <span class='ocrx_word' id='word_1_667' title='bbox 1350 4626 1522 4684; x_wconf 87' lang='lat' dir='ltr'><strong>nihilominus</strong></span> <span class='ocrx_word' id='word_1_668' title='bbox 1537 4633 1631 4700; x_wconf 89' lang='lat' dir='ltr'><strong>potest</strong></span> <span class='ocrx_word' id='word_1_669' title='bbox 1644 4642 1677 4683; x_wconf 90' lang='lat' dir='ltr'><strong>an</strong></span> <span class='ocrx_word' id='word_1_670' title='bbox 1692 4628 1814 4698; x_wconf 88' lang='lat' dir='ltr'><strong>patiatur</strong></span> <span class='ocrx_word' id='word_1_671' title='bbox 1827 4627 1948 4702; x_wconf 89' lang='lat' dir='ltr'><strong>aliquam</strong></span> <span class='ocrx_word' id='word_1_672' title='bbox 1961 4641 2004 4684; x_wconf 89' lang='lat' dir='ltr'><strong>ex·</strong></span> 
     </span>
     <span class='ocr_line' id='line_1_49' title="bbox 375 4715 2003 4793; baseline -0.001 -19"><span class='ocrx_word' id='word_1_673' title='bbox 375 4716 504 4790; x_wconf 86' lang='lat' dir='ltr'><strong>solveret,</strong></span> <span class='ocrx_word' id='word_1_674' title='bbox 520 4732 570 4774; x_wconf 90' lang='lat' dir='ltr'><strong>nee</strong></span> <span class='ocrx_word' id='word_1_675' title='bbox 584 4715 738 4789; x_wconf 91' lang='lat' dir='ltr'><strong>damnaret,</strong></span> <span class='ocrx_word' id='word_1_676' title='bbox 753 4732 803 4774; x_wconf 89' lang='lat' dir='ltr'><strong>nec</strong></span> <span class='ocrx_word' id='word_1_677' title='bbox 819 4715 979 4790; x_wconf 80' lang='lat' dir='ltr'><strong>formaliter,</strong></span> <span class='ocrx_word' id='word_1_678' title='bbox 995 4725 1027 4776; x_wconf 90' lang='lat' dir='ltr'><strong>ut</strong></span> <span class='ocrx_word' id='word_1_679' title='bbox 1040 4722 1170 4793; x_wconf 87' lang='lat' dir='ltr'><strong>supponi·</strong></span> <span class='ocrx_word' id='word_1_680' title='bbox 1208 4721 1379 4792; x_wconf 79' lang='lat' dir='ltr'><strong>ceptionem3</strong></span> <span class='ocrx_word' id='word_1_681' title='bbox 1401 4723 1430 4774; x_wconf 88' lang='lat' dir='ltr'><strong>et</strong></span> <span class='ocrx_word' id='word_1_682' title='bbox 1449 4718 1474 4772; x_wconf 90' lang='lat' dir='ltr'><strong>iu</strong></span> <span class='ocrx_word' id='word_1_683' title='bbox 1495 4715 1654 4789; x_wconf 88' lang='lat' dir='ltr'><strong>particulari</strong></span> <span class='ocrx_word' id='word_1_684' title='bbox 1674 4716 1745 4774; x_wconf 91' lang='lat' dir='ltr'><strong>solet</strong></span> <span class='ocrx_word' id='word_1_685' title='bbox 1762 4719 1858 4789; x_wconf 89' lang='lat' dir='ltr'><strong>quaeri</strong></span> <span class='ocrx_word' id='word_1_686' title='bbox 1870 4717 1905 4776; x_wconf 90' lang='lat' dir='ltr'><strong>de</strong></span> <span class='ocrx_word' id='word_1_687' title='bbox 1920 4730 2003 4791; x_wconf 89' lang='lat' dir='ltr'><strong>poena</strong></span> 
     </span>
     <span class='ocr_line' id='line_1_50' title="bbox 376 4806 2002 4882; baseline 0 -19"><span class='ocrx_word' id='word_1_688' title='bbox 376 4815 437 4880; x_wconf 81' lang='lat' dir='ltr'><strong>tur,</strong></span> <span class='ocrx_word' id='word_1_689' title='bbox 457 4821 508 4864; x_wconf 91' lang='lat' dir='ltr'><strong>neo</strong></span> <span class='ocrx_word' id='word_1_690' title='bbox 522 4807 639 4878; x_wconf 86' lang='lat' dir='ltr'><strong>virtute,</strong></span> <span class='ocrx_word' id='word_1_691' title='bbox 654 4807 720 4878; x_wconf 90' lang='lat' dir='ltr'><strong>quia</strong></span> <span class='ocrx_word' id='word_1_692' title='bbox 735 4821 784 4862; x_wconf 91' lang='lat' dir='ltr'><strong>nec</strong></span> <span class='ocrx_word' id='word_1_693' title='bbox 800 4807 845 4866; x_wconf 86' lang='lat' dir='ltr'><strong>lex</strong></span> <span class='ocrx_word' id='word_1_694' title='bbox 858 4807 915 4879; x_wconf 91' lang='lat' dir='ltr'><strong>ipsa</strong></span> <span class='ocrx_word' id='word_1_695' title='bbox 928 4806 1079 4882; x_wconf 65' lang='lat' dir='ltr'><strong>damnaret,</strong></span> <span class='ocrx_word' id='word_1_696' title='bbox 1096 4817 1171 4869; x_wconf 90' lang='lat' dir='ltr'><strong>esset</strong></span> <span class='ocrx_word' id='word_1_697' title='bbox 1205 4809 1407 4867; x_wconf 84' lang='lat' dir='ltr'><strong>confiscationis</strong></span> <span class='ocrx_word' id='word_1_698' title='bbox 1421 4807 1543 4864; x_wconf 88' lang='lat' dir='ltr'><strong>omnium</strong></span> <span class='ocrx_word' id='word_1_699' title='bbox 1556 4807 1746 4875; x_wconf 73' lang='lat' dir='ltr'><strong>honorumue</strong></span> <span class='ocrx_word' id='word_1_700' title='bbox 1762 4821 1811 4879; x_wconf 89' lang='lat' dir='ltr'><strong>per</strong></span> <span class='ocrx_word' id='word_1_701' title='bbox 1824 4809 1949 4866; x_wconf 87' lang='lat' dir='ltr'><strong>eamdem</strong></span> <span class='ocrx_word' id='word_1_702' title='bbox 1964 4823 2002 4864; x_wconf 89' lang='lat' dir='ltr'><strong>ro-</strong></span> 
     </span>
     <span class='ocr_line' id='line_1_51' title="bbox 374 4895 2003 4974; baseline 0 -20"><span class='ocrx_word' id='word_1_703' title='bbox 374 4913 442 4971; x_wconf 80' lang='lat' dir='ltr'><strong>ergo</strong></span> <span class='ocrx_word' id='word_1_704' title='bbox 456 4898 588 4954; x_wconf 90' lang='lat' dir='ltr'><strong>sententia</strong></span> <span class='ocrx_word' id='word_1_705' title='bbox 602 4895 714 4968; x_wconf 88' lang='lat' dir='ltr'><strong>iniusta,</strong></span> <span class='ocrx_word' id='word_1_706' title='bbox 731 4897 784 4953; x_wconf 90' lang='lat' dir='ltr'><strong>imo</strong></span> <span class='ocrx_word' id='word_1_707' title='bbox 799 4903 827 4954; x_wconf 90' lang='lat' dir='ltr'><strong>et</strong></span> <span class='ocrx_word' id='word_1_708' title='bbox 841 4897 967 4964; x_wconf 82' lang='lat' dir='ltr'><strong>ridicula,</strong></span> <span class='ocrx_word' id='word_1_709' title='bbox 982 4905 1009 4955; x_wconf 93' lang='lat' dir='ltr'><strong>et</strong></span> <span class='ocrx_word' id='word_1_710' title='bbox 1022 4899 1089 4957; x_wconf 88' lang='lat' dir='ltr'><strong>adeo</strong></span> <span class='ocrx_word' id='word_1_711' title='bbox 1103 4901 1172 4960; x_wconf 88' lang='lat' dir='ltr'><strong>stul·</strong></span> <span class='ocrx_word' id='word_1_712' title='bbox 1206 4901 1299 4974; x_wconf 84' lang='lat' dir='ltr'><strong>gulam</strong></span> <span class='ocrx_word' id='word_1_713' title='bbox 1322 4898 1458 4970; x_wconf 81' lang='lat' dir='ltr'><strong>obligetur</strong></span> <span class='ocrx_word' id='word_1_714' title='bbox 1479 4913 1543 4954; x_wconf 88' lang='lat' dir='ltr'><strong>reus</strong></span> <span class='ocrx_word' id='word_1_715' title='bbox 1562 4899 1589 4952; x_wconf 89' lang='lat' dir='ltr'><strong>in</strong></span> <span class='ocrx_word' id='word_1_716' title='bbox 1611 4897 1781 4954; x_wconf 89' lang='lat' dir='ltr'><strong>couscientia</strong></span> <span class='ocrx_word' id='word_1_717' title='bbox 1802 4896 1838 4955; x_wconf 92' lang='lat' dir='ltr'><strong>ad</strong></span> <span class='ocrx_word' id='word_1_718' title='bbox 1856 4896 1930 4956; x_wconf 88' lang='lat' dir='ltr'><strong>illem</strong></span> <span class='ocrx_word' id='word_1_719' title='bbox 1944 4911 2003 4955; x_wconf 89' lang='lat' dir='ltr'><strong>exe·</strong></span> 
     </span>
     <span class='ocr_line' id='line_1_52' title="bbox 376 4985 2003 5063; baseline -0.002 -18"><span class='ocrx_word' id='word_1_720' title='bbox 376 4995 413 5059; x_wconf 90' lang='lat' dir='ltr'><strong>ta,</strong></span> <span class='ocrx_word' id='word_1_721' title='bbox 429 4994 460 5044; x_wconf 91' lang='lat' dir='ltr'><strong>at</strong></span> <span class='ocrx_word' id='word_1_722' title='bbox 472 4987 612 5045; x_wconf 88' lang='lat' dir='ltr'><strong>moraliter</strong></span> <span class='ocrx_word' id='word_1_723' title='bbox 626 5001 681 5043; x_wconf 94' lang='lat' dir='ltr'><strong>non</strong></span> <span class='ocrx_word' id='word_1_724' title='bbox 696 4985 730 5042; x_wconf 87' lang='lat' dir='ltr'><strong>sit</strong></span> <span class='ocrx_word' id='word_1_725' title='bbox 744 4986 890 5059; x_wconf 87' lang='lat' dir='ltr'><strong>possibilis.</strong></span> <span class='ocrx_word' id='word_1_726' title='bbox 1205 4989 1354 5063; x_wconf 86' lang='lat' dir='ltr'><strong>quendam,</strong></span> <span class='ocrx_word' id='word_1_727' title='bbox 1367 4986 1504 5044; x_wconf 84' lang='lat' dir='ltr'><strong>statimne</strong></span> <span class='ocrx_word' id='word_1_728' title='bbox 1519 4986 1605 5043; x_wconf 84' lang='lat' dir='ltr'><strong>lentur</strong></span> <span class='ocrx_word' id='word_1_729' title='bbox 1616 4985 1942 5046; x_wconf 86' lang='lat' dir='ltr'><strong>sententiodeclaratoria</strong></span> <span class='ocrx_word' id='word_1_730' title='bbox 1952 4987 2003 5044; x_wconf 90' lang='lat' dir='ltr'><strong>cri-</strong></span> 
     </span>
     <span class='ocr_line' id='line_1_53' title="bbox 413 5075 2003 5152; baseline -0.001 -18"><span class='ocrx_word' id='word_1_731' title='bbox 413 5077 540 5135; x_wconf 90' lang='lat' dir='ltr'><strong>Secuudo</strong></span> <span class='ocrx_word' id='word_1_732' title='bbox 556 5077 632 5134; x_wconf 88' lang='lat' dir='ltr'><strong>aliter</strong></span> <span class='ocrx_word' id='word_1_733' title='bbox 646 5075 793 5134; x_wconf 90' lang='lat' dir='ltr'><strong>dicendam</strong></span> <span class='ocrx_word' id='word_1_734' title='bbox 807 5082 859 5150; x_wconf 88' lang='lat' dir='ltr'><strong>eat,</strong></span> <span class='ocrx_word' id='word_1_735' title='bbox 875 5076 985 5150; x_wconf 89' lang='lat' dir='ltr'><strong>quando</strong></span> <span class='ocrx_word' id='word_1_736' title='bbox 999 5077 1042 5136; x_wconf 90' lang='lat' dir='ltr'><strong>lex</strong></span> <span class='ocrx_word' id='word_1_737' title='bbox 1056 5079 1171 5152; x_wconf 90' lang='lat' dir='ltr'><strong>imponit</strong></span> <span class='ocrx_word' id='word_1_738' title='bbox 1206 5079 1296 5135; x_wconf 85' lang='lat' dir='ltr'><strong>minis.</strong></span> <span class='ocrx_word' id='word_1_739' title='bbox 1313 5079 1379 5136; x_wconf 88' lang='lat' dir='ltr'><strong>Nam</strong></span> <span class='ocrx_word' id='word_1_740' title='bbox 1394 5075 1477 5133; x_wconf 89' lang='lat' dir='ltr'><strong>multi</strong></span> <span class='ocrx_word' id='word_1_741' title='bbox 1489 5091 1521 5132; x_wconf 94' lang='lat' dir='ltr'><strong>ex</strong></span> <span class='ocrx_word' id='word_1_742' title='bbox 1535 5075 1696 5132; x_wconf 82' lang='lat' dir='ltr'><strong>auctoribus</strong></span> <span class='ocrx_word' id='word_1_743' title='bbox 1711 5075 1801 5133; x_wconf 89' lang='lat' dir='ltr'><strong>citatis</strong></span> <span class='ocrx_word' id='word_1_744' title='bbox 1815 5077 1961 5149; x_wconf 82' lang='lat' dir='ltr'><strong>affirment,</strong></span> <span class='ocrx_word' id='word_1_745' title='bbox 1973 5082 2003 5132; x_wconf 93' lang='lat' dir='ltr'><strong>ut</strong></span> 
     </span>
     <span class='ocr_line' id='line_1_54' title="bbox 375 5164 1999 5241; baseline -0.001 -16"><span class='ocrx_word' id='word_1_746' title='bbox 375 5183 491 5241; x_wconf 88' lang='lat' dir='ltr'><strong>poenam</strong></span> <span class='ocrx_word' id='word_1_747' title='bbox 505 5167 563 5239; x_wconf 88' lang='lat' dir='ltr'><strong>ipso</strong></span> <span class='ocrx_word' id='word_1_748' title='bbox 576 5169 664 5224; x_wconf 79' lang='lat' dir='ltr'><strong>tacto:</strong></span> <span class='ocrx_word' id='word_1_749' title='bbox 690 5166 712 5222; x_wconf 91' lang='lat' dir='ltr'><strong>si</strong></span> <span class='ocrx_word' id='word_1_750' title='bbox 726 5181 759 5223; x_wconf 91' lang='lat' dir='ltr'><strong>ex</strong></span> <span class='ocrx_word' id='word_1_751' title='bbox 773 5172 849 5238; x_wconf 90' lang='lat' dir='ltr'><strong>parte</strong></span> <span class='ocrx_word' id='word_1_752' title='bbox 863 5168 902 5223; x_wconf 92' lang='lat' dir='ltr'><strong>rei</strong></span> <span class='ocrx_word' id='word_1_753' title='bbox 917 5166 1007 5240; x_wconf 92' lang='lat' dir='ltr'><strong>aliqua</strong></span> <span class='ocrx_word' id='word_1_754' title='bbox 1021 5169 1111 5239; x_wconf 88' lang='lat' dir='ltr'><strong>actio,</strong></span> <span class='ocrx_word' id='word_1_755' title='bbox 1128 5168 1170 5226; x_wconf 83' lang='lat' dir='ltr'><strong>vel</strong></span> <span class='ocrx_word' id='word_1_756' title='bbox 1206 5165 1480 5240; x_wconf 82' lang='lat' dir='ltr'><strong>Soto,ltedin.Gord.</strong></span> <span class='ocrx_word' id='word_1_757' title='bbox 1489 5167 1590 5223; x_wconf 79' lang='lat' dir='ltr'><strong>daton.</strong></span> <span class='ocrx_word' id='word_1_758' title='bbox 1600 5164 1912 5241; x_wconf 88' lang='lat' dir='ltr'><strong>indicatSimsnc.dicto</strong></span> <span class='ocrx_word' id='word_1_759' title='bbox 1923 5169 1999 5238; x_wconf 83' lang='lat' dir='ltr'><strong>tice,</strong></span> 
     </span>
     <span class='ocr_line' id='line_1_55' title="bbox 376 5253 1998 5331; baseline -0.002 -16"><span class='ocrx_word' id='word_1_760' title='bbox 376 5257 532 5330; x_wconf 87' lang='lat' dir='ltr'><strong>cooperatio</strong></span> <span class='ocrx_word' id='word_1_761' title='bbox 547 5256 704 5314; x_wconf 89' lang='lat' dir='ltr'><strong>necessaria</strong></span> <span class='ocrx_word' id='word_1_762' title='bbox 717 5262 775 5328; x_wconf 89' lang='lat' dir='ltr'><strong>est,</strong></span> <span class='ocrx_word' id='word_1_763' title='bbox 790 5255 824 5315; x_wconf 90' lang='lat' dir='ltr'><strong>ed</strong></span> <span class='ocrx_word' id='word_1_764' title='bbox 839 5256 913 5315; x_wconf 89' lang='lat' dir='ltr'><strong>illam</strong></span> <span class='ocrx_word' id='word_1_765' title='bbox 926 5256 1065 5330; x_wconf 78' lang='lat' dir='ltr'><strong>obligatur</strong></span> <span class='ocrx_word' id='word_1_766' title='bbox 1078 5258 1170 5316; x_wconf 88' lang='lat' dir='ltr'><strong>statim</strong></span> <span class='ocrx_word' id='word_1_767' title='bbox 1205 5275 1234 5316; x_wconf 92' lang='lat' dir='ltr'><strong>n.</strong></span> <span class='ocrx_word' id='word_1_768' title='bbox 1254 5262 1316 5318; x_wconf 83' lang='lat' dir='ltr'><strong>tea.</strong></span> <span class='ocrx_word' id='word_1_769' title='bbox 1332 5259 1464 5316; x_wconf 85' lang='lat' dir='ltr'><strong>Nitentor</strong></span> <span class='ocrx_word' id='word_1_770' title='bbox 1479 5259 1507 5314; x_wconf 94' lang='lat' dir='ltr'><strong>in</strong></span> <span class='ocrx_word' id='word_1_771' title='bbox 1519 5253 1703 5313; x_wconf 77' lang='lat' dir='ltr'><strong>inindumentis</strong></span> <span class='ocrx_word' id='word_1_772' title='bbox 1717 5257 1880 5327; x_wconf 61' lang='lat' dir='ltr'><strong>posidonii</strong></span> <span class='ocrx_word' id='word_1_773' title='bbox 1895 5261 1998 5331; x_wconf 88' lang='lat' dir='ltr'><strong>putant,</strong></span> 
     </span>
    </p>
   </div>
   <div class='ocr_carea' id='block_1_7' title="bbox 0 0 2100 6231">
    <p class='ocr_par' dir='ltr' id='par_1_7' title="bbox 0 0 2100 6231">
     <span class='ocr_line' id='line_1_56' title="bbox 0 0 2100 6231; baseline 0 0"><span class='ocrx_word' id='word_1_774' title='bbox 0 0 2100 6231; x_wconf 95' lang='lat' dir='ltr'><strong> </strong></span> 
     </span>
    </p>
   </div>
  </div>
 </body>
</html>
