4256 6224
808 391 811 399 ·
835 420 837 424 ,
867 362 973 413 canna
987 363 1063 414 vin.
1672 341 1734 406 557

129 504 197 546 ιιιιιιι
223 506 238 546 a
262 492 396 548 suavitate
417 489 526 548 divinae
546 487 748 561 providentiae,
772 487 858 562 legem
883 495 938 545 tam
976 489 1048 546 rium
1069 495 1239 562 supponunt.
1262 489 1366 548 Octava
1386 503 1446 545 esse
1465 492 1570 561 potest,
1586 483 1659 560 quod
1676 484 1717 540 lex
1731 480 1776 539 illa

129 594 278 636 onerosam
295 579 449 637 bominibus
461 579 612 652 imponere,
626 578 786 650 praesertim
798 594 851 634 non
863 592 942 649 prae·
976 579 1110 652 quaedam
1125 581 1278 638 secundum
1294 596 1323 636 sc
1338 580 1407 636 mala
1421 577 1604 651 permittebat.
1616 577 1692 634 llanc
1703 573 1774 632 enim

129 667 223 724 hendo
242 669 393 740 copiosiora
405 668 503 726 auxilia
514 667 626 724 adillam
637 666 941 740 implendamllespon·
975 671 1046 725 iuter
1068 669 1288 740 imperfectiones
1305 669 1378 726 illius
1399 668 1464 742 legis
1480 669 1555 739 ponit
1569 667 1662 722 isidor.
1681 665 1726 721 lib.
1743 669 1772 722 2.

127 756 213 814 detur
231 801 238 828 ,
259 759 418 815 suavitatem
439 758 543 815 divinae
557 757 743 830 providentiae
758 773 811 813 non
827 771 942 812 esseae·
976 759 1009 816 de
1029 758 1164 816 different.
1185 760 1272 831 spirit.
1296 776 1323 816 c.
1340 765 1391 828 283
1413 759 1477 815 licet
1490 757 1561 813 enirn
1577 756 1620 813 illa
1635 753 1774 826 permissio

128 847 244 920 qualem
256 863 323 919 ,nee
335 846 457 904 eiusdem
469 847 541 904 modi
552 848 577 902 in
588 848 716 903 omnibus
727 845 858 917 operibus
869 845 940 917 eius,
976 856 1050 905 osset
1063 865 1128 904 curn
1143 851 1319 906 excusatione
1334 865 1349 904 a
1364 855 1488 921 peccato,
1505 853 1635 916 utsupra
1652 841 1775 900 declara·

129 936 180 993 sed
196 953 262 993 cum
283 937 459 1009 proportione
474 936 602 994 distribui
613 937 689 993 iuxta
700 941 882 991 occurrentes
895 949 942 990 oc·
977 939 1013 1009 vi,
1029 938 1194 995 fundabatur
1209 940 1236 993 in
1251 938 1372 1010 periculo
1386 937 1497 994 maioris
1511 934 1583 1000 mali,
1602 940 1629 990 et
1643 934 1670 988 ιιι
1684 931 1776 1003 aliqua

129 1026 270 1084 essiones.
290 1026 420 1083 Homines
439 1041 505 1098 ergo
526 1033 594 1087 tunc
612 1023 771 1096 indigebant
788 1023 833 1080 illo
848 1037 941 1096 onere,
979 1028 1061 1083 nimia
1080 1029 1305 1099 concupiscentia
1323 1027 1489 1083 sensibilium
1504 1040 1613 1094 rerum,
1628 1030 1656 1080 et
1669 1022 1727 1077 ideo
1741 1021 1776 1078 ad

130 1123 165 1172 ιιι
179 1117 388 1172 continerentur
404 1118 433 1170 in
445 1115 547 1185 ollioio,
560 1121 588 1171 et
598 1114 778 1171 abidolornm
789 1112 867 1170 cultu
879 1113 941 1168 abs·
977 1117 1211 1188 imperfectionem
1223 1117 1290 1190 legis
1302 1116 1461 1188 pertinebat.
1474 1116 1593 1187 Denique
1605 1112 1698 1184 plures
1708 1111 1776 1167 aliae

132 1205 327 1276 traherentur,
344 1211 376 1261 ut
397 1205 483 1261 Clam.
493 1219 599 1276 supra,
614 1205 784 1276 Augustinus
801 1209 829 1260 ει
840 1203 884 1259 alii
895 1217 943 1274 pa·
977 1207 1198 1278 imperfectiones
1213 1206 1286 1263 illius
1298 1205 1364 1279 legis
1376 1204 1521 1262 memorari
1534 1209 1655 1276 possent,
1668 1201 1715 1258 sed
1726 1199 1776 1256 hae

132 1301 192 1350 tres
204 1295 305 1365 passim
319 1292 431 1349 docent:
442 1309 556 1350 onerare
569 1300 660 1350 autem
670 1292 821 1362 subditum,
831 1290 941 1363 quando
978 1295 1122 1353 sufficiunt
1132 1296 1165 1352 ad
1177 1296 1234 1352 elus
1248 1296 1477 1366 imperfectionem
1490 1292 1695 1362 ostendendam,
1709 1291 1775 1348 allae

132 1381 236 1454 indiget
263 1381 309 1438 tali
329 1399 411 1439 onere
432 1383 466 1439 ad
488 1386 576 1440 rusius
590 1382 705 1454 bonum,
721 1399 774 1438 non
787 1391 829 1438 est
843 1388 940 1437 contra
978 1402 1042 1442 vcro
1064 1387 1258 1442 tractabuntur
1272 1386 1367 1442 melius
1388 1384 1457 1442 libro
1474 1383 1615 1457 sequenti,
1630 1387 1774 1454 utramque

132 1486 249 1528 suavem
270 1470 467 1542 providentiam
488 1473 647 1544 superioris.
663 1472 778 1529 Accedit
788 1469 885 1545 „quod
900 1471 938 1526 illi
977 1474 1064 1546 legem
1079 1483 1199 1531 veterem
1214 1482 1243 1533 et
1256 1490 1354 1531 noram
1369 1475 1438 1530 inter
1453 1491 1482 1530 se
1496 1469 1672 1530 conterendo.

133 1559 237 1634 populo
255 1576 396 1633 nunquam
409 1563 517 1635 negavit
527 1565 599 1619 neus
611 1563 742 1618 auxilium
755 1561 895 1617 sufficiens
906 1560 941 1617 ad
1018 1567 1043 1621 ι.
1059 1564 1240 1621 Nihilominus
1250 1564 1311 1621 dico
1323 1563 1459 1620 seeundo:
1474 1565 1527 1620 hex
1540 1569 1619 1618 vetus
1631 1564 1658 1618 in
1670 1576 1720 1617 suo
1731 1576 1775 1616 ur·
1806 1617 1811 1624 ,

134 1651 225 1722 legem
239 1649 415 1720 implendam,
432 1658 463 1707 ut
477 1651 561 1708 dccet
571 1651 599 1706 d.
611 1652 727 1707 Thomas
738 1667 767 1722 q.
782 1655 829 1720 98,
842 1656 894 1706 art.
911 1654 939 1717 2,
977 1651 1039 1710 dine
1053 1660 1083 1710 et
1096 1655 1183 1727 gradu
1196 1654 1316 1726 perfecta
1327 1653 1388 1710 luit.
1400 1656 1439 1710 lta
1449 1654 1531 1711 docet
1541 1652 1569 1708 d.
1581 1653 1675 1708 Thorn.
1685 1667 1712 1723 q.
1728 1655 1775 1719 98,

133 1738 200 1794 licet
215 1737 282 1795 illud
299 1755 354 1794 non
370 1739 447 1796 daret
460 1756 492 1796 err
508 1740 611 1811 debito,
627 1746 675 1796 aut
689 1742 791 1797 virtute
803 1739 882 1813 legis,
894 1737 941 1794 sed
977 1748 1031 1799 art.
1047 1748 1082 1812 2,
1097 1742 1131 1798 ad
1151 1748 1174 1813 t,
1191 1749 1219 1800 et
1233 1743 1365 1814 probatur
1380 1742 1550 1799 sufficienter
1565 1740 1712 1798 rationibus
1726 1739 1778 1796 du·

133 1843 167 1884 es
183 1831 283 1884 merito
301 1827 411 1897 Christi,
427 1836 459 1885 nt
472 1827 633 1900 supradixi.
976 1830 1077 1887 bitandi
1102 1832 1185 1902 priori
1206 1832 1270 1888 loco
1296 1833 1398 1904 positis.
1421 1832 1636 1903 Declaraturque
1658 1831 1683 1885 in
1704 1829 1777 1886 hunc

176 1921 204 1974 6.
220 1917 309 1974 fortia
327 1919 497 1990 imperfectio
513 1918 584 1974 illius
604 1918 671 1991 legis
686 1924 742 1989 est,
758 1918 821 1990 quia
835 1918 950 1996 gravis-s
977 1919 1104 1975 modum:
1126 1935 1189 1975 nam
1203 1919 1245 1976 len
1260 1920 1305 1976 illa
1319 1921 1485 1977 considerari
1501 1926 1601 1991 potest,
1615 1919 1656 1976 vel
1674 1919 1778 1974 ratione

135 2009 219 2064 simas
245 2022 346 2079 poenas
368 2008 530 2079 temporales
551 2007 721 2077 minabatur,
743 2015 770 2062 et
784 2005 837 2063 illis
854 2008 942 2078 inagis
976 2009 1100 2082 generis,
1120 2009 1183 2082 quia
1199 2009 1306 2066 scilicet
1324 2007 1366 2065 lex
1380 2007 1467 2066 divina
1482 2009 1548 2080 fuit,
1564 2008 1605 2064 vel
1622 2005 1778 2063 secundum

136 2098 257 2154 terrebat
280 2096 413 2167 homines,
435 2113 517 2170 quarn
540 2113 632 2154 amore
651 2094 817 2166 attraheret,
839 2101 868 2151 et
881 2094 941 2151 ideo
976 2097 1113 2168 propriam
1137 2101 1275 2169 speciem,
1297 2099 1362 2171 quia
1381 2098 1431 2153 fuit
1445 2099 1504 2154 tulis
1519 2098 1561 2154 lex
1577 2097 1676 2153 divina.
1691 2095 1776 2153 Priori

135 2187 209 2242 dicta
230 2192 272 2241 est
295 2185 337 2242 lex
357 2185 476 2258 timoris,
492 2187 557 2259 quia
571 2186 636 2242 licat
648 2201 696 2256 spe
711 2186 791 2241 etiam
807 2185 940 2256 praemio·
976 2183 1060 2243 modo
1075 2193 1197 2257 spectata
1216 2187 1311 2245 hahuit
1328 2202 1435 2243 omnem
1450 2187 1644 2258 perfectionem
1663 2185 1716 2257 legi
1736 2185 1775 2240 di·

136 2291 198 2331 rum
210 2275 343 2330 excitaret
361 2273 492 2346 homines,
503 2274 677 2347 praevalebat
689 2283 780 2332 tamen
791 2289 941 2346 poenarum
977 2277 1055 2332 vinae
1069 2277 1201 2347 positivae
1212 2277 1429 2346 convenientem,
1442 2283 1474 2333 ut
1483 2293 1515 2333 ex
1526 2275 1607 2332 dictis
1620 2275 1698 2330 facile
1710 2290 1776 2331 con·

136 2368 231 2437 aanor,
247 2370 277 2420 ut
291 2365 358 2421 libro
381 2370 479 2420 contra
496 2365 682 2435 Adimantum,
699 2381 726 2420 c.
748 2368 792 2432 to,
807 2370 836 2420 et
852 2367 901 2434 it,
916 2370 954 2426 et¹
978 2372 1050 2422 stare
1065 2372 1168 2438 potest:
1185 2382 1247 2422 nam
1261 2369 1347 2422 ιιειιιιι
1362 2365 1442 2422 habet
1452 2365 1605 2437 proximum
1618 2370 1774 2434 auctorem,

137 2454 185 2510 lib.
203 2453 236 2510 dc
252 2455 348 2511 morib.
366 2453 475 2510 Eccles.
493 2471 519 2510 c.
533 2460 580 2513 28.
593 2455 800 2526 trodithugust.
815 2453 860 2509 nbi
876 2468 942 2508 cum
976 2454 1003 2510 in
1024 2455 1095 2511 illius
1114 2457 1186 2512 enim
1200 2455 1340 2513 voluntate
1356 2457 1478 2527 proxime
1493 2455 1605 2513 fundata
1620 2453 1685 2524 tuit,
1702 2470 1776 2510 eanr-

136 2545 223 2601 Panlo
238 2544 271 2601 ad
286 2544 369 2601 Hebr.
389 2549 433 2602 12.
449 2561 482 2600 en
498 2547 556 2616 ipsa
570 2546 659 2601 forma
673 2543 795 2600 tradendi
809 2541 896 2616 legem
910 2541 940 2597 il·
977 2559 1030 2616 que
1051 2545 1197 2616 indicavit,
1217 2553 1246 2601 et
1266 2546 1300 2602 ab
1315 2545 1386 2602 illius
1401 2551 1536 2617 potestate
1552 2543 1703 2616 processit,
1719 2558 1773 2598 uon

138 2632 193 2689 lam
213 2633 239 2690 id
260 2633 314 2690 late
334 2633 487 2690 coufirmat.
510 2634 586 2690 Unde
600 2634 682 2690 etiarn
698 2633 793 2704 infert,
810 2631 898 2705 legem
911 2629 943 2684 il·
977 2640 1082 2691 tanturn
1100 2641 1132 2690 ut
1145 2641 1259 2691 auctore
1270 2643 1396 2705 naturae,
1409 2633 1456 2690 sed
1468 2636 1548 2690 etiam
1561 2638 1716 2689 utauctorc
1728 2647 1775 2686 su·

135 2725 190 2780 lam
214 2725 297 2780 fuisse
318 2724 409 2795 potius
428 2737 587 2792 servorum,
608 2739 691 2796 qnam
705 2722 838 2792 tiliorum,
855 2725 882 2777 ει
896 2734 943 2791 po·
978 2724 1152 2796 pernaturall.
1169 2723 1246 2782 Unde
1260 2725 1339 2781 ctiam
1354 2724 1458 2794 habuit,
1471 2729 1567 2780 utnon
1578 2721 1668 2778 solum
1679 2727 1775 2776 sancta

136 2819 190 2870 test
210 2829 270 2870 esse
290 2821 388 2886 quarta
407 2814 466 2869 eius
488 2812 672 2885 imperfectio,
689 2827 759 2884 quae
780 2810 897 2867 sumitur
909 2824 943 2864 ex
976 2820 1004 2869 et
1026 2813 1201 2870 immaculata
1220 2815 1319 2884 fuerit,
1336 2814 1477 2872 sedetiam
1493 2829 1541 2886 per
1557 2812 1636 2868 tidem
1652 2811 1776 2866 innotue-

134 2903 181 2958 illo
198 2903 231 2958 ad
245 2905 324 2960 aon.
335 2909 365 2961 8:
383 2907 450 2960 Non
464 2907 542 2959 enim
557 2905 713 2976 accepistis
728 2903 868 2974 spirltum
882 2913 943 2954 ser·
977 2904 1013 2962 rit
1026 2897 1194 2975 hominihus,
1207 2911 1233 2960 et
1248 2903 1280 2959 ad
1295 2903 1530 2976 supernaturalem
1546 2903 1624 2958 finem
1638 2900 1721 2957 fuerit
1731 2915 1775 2954 or·

136 2995 238 3049 uitatis
254 2996 364 3048 iterum
377 2995 409 3048 ia
423 2995 537 3048 timore.
554 2993 603 3049 Ubi
618 2991 760 3064 chrysost.
775 2996 803 3046 ct
814 2989 905 3060 graeci
916 2994 944 3044 et
977 2993 1079 3050 dinato.
1097 2996 1217 3066 lienique
1237 3009 1268 3048 ea
1288 2991 1384 3050 eodem
1400 2993 1547 3064 principio,
1563 2997 1590 3046 et
1604 2990 1693 3062 gradu
1709 2987 1775 3044 divi·

136 3082 223 3146 latini,
243 3089 271 3138 et
284 3086 402 3154 august.
420 3097 503 3152 supra
514 3081 550 3136 ita
560 3085 712 3151 exponunt.
726 3082 776 3136 Per
788 3078 859 3134 illam
871 3077 942 3132 enim
977 3097 1027 3139 nae
1041 3083 1107 3154 legis
1121 3081 1364 3138 immutabilitatem
1381 3082 1525 3153 specialem
1540 3080 1647 3149 habuit,
1663 3093 1774 3150 quamn

135 3170 301 3242 particulam
325 3174 434 3227 lterum
456 3169 553 3226 nlludit
573 3168 606 3224 ad
625 3169 728 3240 legem,
748 3169 812 3240 quin
826 3166 870 3221 ille
884 3172 944 3222 erat
977 3171 1067 3228 diviua
1079 3172 1216 3229 voluntate
1228 3171 1415 3243 participat,id
1427 3173 1497 3226 enim
1509 3183 1657 3226 commune
1671 3175 1713 3222 εει
1724 3166 1774 3238 legi

137 3260 252 3330 spiritus
269 3260 335 3332 legis
351 3261 459 3332 veteris,
476 3265 588 3331 propter
600 3257 675 3330 qood
686 3257 789 3313 dicitur
800 3255 834 3312 ad
846 3255 939 3312 Gall.
976 3261 1101 3329 divinae,
1122 3267 1154 3316 ut
1172 3260 1334 3326 distasset,
1350 3266 1382 3315 ιιι
1399 3262 1426 3314 in
1446 3259 1570 3330 sequenti
1589 3257 1674 3327 capite
1695 3255 1775 3312 latius

138 3349 172 3404 de
186 3350 271 3404 reteri
294 3349 483 3418 Testamenta,
503 3350 534 3403 ιιι
554 3350 724 3404 seruitutem
737 3343 942 3418 generossefi·
976 3349 1167 3422 explicabitur.

137 3438 204 3493 lios.
231 3439 291 3494 Non
311 3439 374 3510 quia
395 3438 457 3493 iusti
477 3436 550 3493 illius
565 3437 694 3506 temporis
708 3450 770 3492 rere
784 3449 835 3490 non
850 3421 944 3490 essent
1017 3447 1043 3497 8.
1060 3439 1205 3496 Ροειειιιιιι
1220 3443 1312 3494 autem
1331 3437 1413 3492 morio
1427 3432 1627 3491 considerando
1642 3430 1728 3504 legam
1744 3431 1774 3488 il·

139 3527 202 3598 hlii,
218 3526 266 3582 sed
284 3527 347 3599 quia
362 3541 395 3582 ex
409 3528 435 3582 vi
450 3527 515 3598 legis
530 3541 582 3581 non
597 3525 821 3597 gubernabantur
836 3529 868 3579 ιιι
883 3522 940 3592 tilii,
976 3528 1029 3584 lam
1040 3569 1047 3598 ,
1060 3534 1092 3583 ut
1104 3525 1164 3583 talis
1177 3527 1218 3582 lea
1230 3525 1283 3581 fult
1297 3526 1376 3606 quasi
1390 3526 1416 3580 in
1431 3524 1531 3596 specie,
1544 3529 1573 3579 et
1583 3521 1677 3577 hahuit
1690 3521 1774 3576 alium

139 3614 187 3670 sed
202 3622 233 3670 ut
245 3616 327 3670 servi.
347 3612 424 3671 Unde
437 3615 461 3669 in
474 3614 606 3685 principio
619 3612 742 3669 eiusdem
754 3611 849 3683 capitis
860 3610 942 3682 sigui·
976 3615 1087 3673 modum
1111 3615 1299 3687 paerfectionis,
1321 3616 1387 3685 quia
1407 3613 1458 3668 sub
1476 3612 1522 3668 tali
1537 3613 1640 3668 ratione
1654 3609 1721 3664 nihil
1736 3609 1773 3664 illi

139 3705 202 3758 beat
216 3703 328 3775 Paulus,
348 3703 480 3775 populum
494 3703 570 3758 illurn
586 3713 651 3758 tunc
667 3703 751 3758 fuisse
763 3701 941 3757 velutiblium
975 3704 1075 3774 defuit,
1098 3705 1177 3776 quasi
1198 3702 1272 3775 quod
1294 3701 1330 3758 illi
1343 3707 1416 3759 esset
1430 3701 1550 3758 debitum
1565 3698 1718 3754 secundum
1734 3703 1774 3754 ta·

140 3791 296 3864 parvulum,
314 3794 361 3863 itui
375 3809 434 3848 nori
448 3789 551 3863 dissert
565 3807 585 3848 α
600 3807 693 3857 seruo,
707 3789 758 3846 sed
770 3790 823 3847 suh
835 3792 941 3845 tutori·
975 3793 1028 3848 lem
1050 3795 1199 3863 rationem,
1220 3807 1268 3847 seu
1284 3789 1358 3863 quod
1372 3792 1400 3846 in
1414 3789 1508 3846 ordine
1523 3788 1556 3844 ad
1572 3787 1726 3858 proximum
1744 3785 1774 3840 fr·

141 3881 194 3936 bus
214 3887 241 3937 et
262 3881 414 3937 actoribus
432 3885 475 3937 est
492 3879 641 3952 usquead
656 3879 852 3954 praefinitum
870 3883 943 3933 tem·
975 3898 1037 3939 nem
1053 3899 1134 3939 suurn
1149 3881 1344 3953 adaequatum,
1360 3887 1389 3936 ct
1402 3881 1428 3936 in
1443 3878 1537 3936 ordine
1553 3876 1586 3933 ad
1601 3875 1667 3933 tales
1679 3891 1774 3946 perso-

135 3987 193 4044 pus
215 3985 237 4025 c
256 3972 360 4026 Putre.
383 3971 422 4025 lia
444 3984 499 4041 quc
513 3971 595 4025 etiam
609 3969 719 4025 videtur
733 3968 837 4040 colligi,
855 3967 941 4040 legem
975 3989 1035 4044 nas,
1048 3988 1096 4029 seu
1110 3970 1345 4043 talempopulum,
1358 3968 1477 4026 attalem
1490 3974 1592 4024 statum
1605 3967 1711 4038 generis
1723 3963 1774 4020 hu-

139 4058 212 4115 illam
235 4075 296 4114 esse
315 4060 458 4116 infantium
480 4074 530 4114 sou
551 4059 747 4131 parvulorum,
770 4073 840 4131 quae
854 4062 943 4128 potest
976 4063 1048 4118 mani
1060 4061 1159 4118 habere
1173 4059 1309 4116 debuerit.
1322 4061 1357 4116 Et
1371 4060 1396 4115 iu
1412 4059 1463 4114 hoc
1479 4057 1694 4114 sensuClemeus
1707 4069 1775 4126 papa

138 4164 199 4205 esse
224 4151 320 4221 quinta
341 4151 398 4206 eius
418 4148 597 4220 imperfectio.
613 4150 699 4216 Quem
714 4150 795 4204 etiarn
808 4146 941 4203 indicavit
974 4149 1042 4206 dixit
1057 4150 1100 4206 lib.
1119 4154 1145 4207 6.
1163 4149 1274 4206 constit.
1291 4164 1317 4204 c.
1336 4151 1379 4212 ta,
1395 4145 1487 4220 legem
1500 4146 1587 4203 ittam
1593 4145 1694 4219 fuisse
1707 4159 1772 4218 per-

139 4236 215 4294 Paul.
233 4238 266 4294 ad
283 4238 340 4294 Gal.
356 4243 389 4310 3,
408 4237 559 4294 assimilans
578 4238 665 4310 legem
685 4237 755 4293 illam
771 4238 939 4309 paedagogo,
965 4238 1098 4309 sectum,
1121 4238 1265 4312 pieuunr,·
1284 4242 1312 4294 et
1329 4236 1415 4294 nullu
1428 4254 1465 4294 aa
1476 4243 1565 4310 porte
1578 4235 1771 4308 deficientem.

140 4339 171 4387 ιιι
192 4345 277 4401 ειιριε
298 4328 465 4400 explicatum
483 4333 536 4383 εει.
560 4327 610 4384 tibi
628 4327 708 4384 etiam
727 4327 939 4397 declaravimus,
975 4330 1093 4400 Denique
1113 4327 1139 4383 id
1159 4331 1261 4399 optime
1276 4326 1398 4384 declarat
1411 4326 1438 4383 d.
1456 4327 1573 4384 Thomas
1588 4341 1689 4396 supra,
1711 4323 1774 4395 quia

138 4417 204 4474 huie
230 4417 426 4488 imperfectioni
446 4415 577 4472 adnexam
598 4416 682 4472 fuisse
704 4415 800 4486 aliam,
822 4415 938 4486 scilicet,
975 4418 1105 4490 perfectio
1129 4417 1247 4473 alicuius
1270 4417 1335 4488 legis
1349 4417 1374 4472 in
1390 4418 1481 4488 specie
1496 4422 1621 4487 sumptae
1636 4429 1688 4468 non
1707 4429 1773 4469 eon-

139 4505 214 4580 qnod
231 4506 272 4562 lex
286 4505 328 4562 illa
340 4520 385 4562 rea
396 4504 557 4577 temporales
568 4507 753 4578 promitteret,
765 4506 866 4576 quihus
877 4519 938 4575 par·
976 4508 1114 4564 sideratur
1129 4506 1265 4576 absolute,
1277 4507 1324 4562 sed
1336 4522 1403 4562 cum
1414 4507 1588 4578 proportione
1599 4504 1632 4560 ad
1644 4519 1702 4572 eos,
1714 4504 1772 4574 qui·

139 4596 197 4652 ruli
216 4595 288 4651 allici
306 4595 396 4650 solent
414 4592 448 4649 nd
469 4593 619 4666 parendum
640 4594 813 4668 paedagogo,
829 4594 939 4650 ethaeo
975 4597 1028 4652 bus
1041 4595 1137 4666 datur,
1157 4597 1193 4651 ita
1213 4603 1245 4651 ιιι
1258 4597 1342 4652 ειιιιιι
1360 4604 1388 4652 ει
1401 4594 1548 4651 conditioni
1563 4608 1660 4649 eorum
1675 4592 1712 4647 sit
1725 4607 1772 4648 ac-

138 4701 200 4741 essc
218 4689 310 4756 potest
323 4691 398 4739 senta
412 4683 483 4739 illius
499 4683 565 4755 legis
581 4684 761 4755 imperiectio.
777 4686 812 4740 Et
825 4684 940 4753 septima
975 4684 1159 4742 commodata.
1175 4687 1242 4740 llam
1258 4683 1332 4756 leges
1347 4683 1480 4756 religiosis
1495 4680 1730 4752 accommodatae,
1748 4683 1770 4736 si

138 4789 198 4829 esse
216 4778 320 4844 potest,
335 4774 399 4844 quia
415 4788 468 4828 non
485 4771 568 4829 dabat
581 4773 693 4830 consilia
707 4773 893 4845 perfectionis,
909 4779 941 4829 ut
975 4773 1162 4830 saecularibus
1177 4773 1363 4844 imponantur,
1380 4771 1564 4828 exorbitantes
1577 4775 1671 4840 erunt,
1686 4777 1714 4826 ct
1724 4768 1772 4824 de-

139 4862 321 4934 paupertatis,
330 4868 358 4917 et
367 4861 511 4932 castitatis,
521 4877 592 4933 quae
602 4868 645 4918 est
656 4863 735 4918 etiam
748 4861 851 4918 adnexa
863 4878 940 4934 prae·
976 4865 1067 4922 dolent
1078 4879 1093 4920 a
1105 4863 1271 4934 perfectione
1282 4863 1359 4936 legis,
1371 4862 1435 4934 qrria
1446 4860 1488 4917 lex
1499 4858 1637 4933 quoddam
1652 4858 1771 4915 medium

139 4951 315 5022 cedentibus,
333 4956 391 5006 turn
407 4951 473 5022 quia
488 4949 554 5006 haec
570 4967 623 5006 non
638 4957 703 5008 sunt
716 4951 827 5007 consilia
840 4966 941 5022 pueru-
974 4961 1026 5025 est,
1037 4952 1157 5009 medium
1172 4957 1276 5024 autem,
1292 4959 1323 5008 ut
1337 4952 1372 5007 sit
1385 4950 1547 5023 perfectum,
1560 4949 1640 5006 debet
1653 4965 1713 5006 esse
1728 4949 1772 5006 lini

140 5057 204 5098 rum
224 5043 251 5096 in
268 5039 318 5096 tide
332 5045 361 5095 et
374 5039 476 5112 gratia,
492 5039 539 5095 sed
553 5041 689 5114 virorum,
706 5047 763 5097 turn
779 5042 861 5098 etiam
875 5043 940 5114 quia
974 5042 1225 5099 accommodatum.
1242 5039 1316 5098 Unde
1331 5047 1406 5096 recto
1419 5040 1488 5096 dicit
1502 5039 1529 5096 d.
1546 5038 1674 5106 Thomas,
1691 5037 1714 5094 si
1728 5038 1771 5094 lex

141 5129 204 5187 talia
221 5128 335 5186 consilia
348 5143 403 5185 non
417 5128 485 5185 bena
499 5129 649 5186 cohaerent
662 5146 726 5188 oum
741 5131 939 5202 temporalibus
973 5134 1130 5205 imponatur
1144 5145 1242 5202 puero,
1259 5137 1289 5186 ιιι
1303 5129 1338 5186 sit
1350 5129 1482 5201 perfecta,
1495 5145 1549 5186 non
1559 5128 1641 5186 debet
1652 5143 1684 5184 ca
1695 5141 1772 5198 prae·

138 5217 382 5291 promissionibus,
398 5233 470 5290 quac
484 5218 612 5276 aflectum
627 5218 679 5276 illis
693 5219 814 5276 consiliis
827 5225 939 5277 contra·
974 5224 1076 5294 cipere,
1091 5235 1162 5295 quae
1175 5220 1285 5293 propria
1299 5225 1364 5276 sunt
1377 5219 1512 5291 virortrm,
1528 5217 1575 5276 sed
1586 5233 1656 5292 quae
1670 5233 1772 5290 pucro-
