4260 6222
404 253 466 320 ato
1108 267 1209 318 arnna
1223 269 1298 320 ιιιιι.
1331 295 1333 300 -

365 396 416 452 teri
430 393 494 452 dato
510 393 543 452 ad
557 395 754 467 prouidendum
769 395 857 466 illum,
872 397 898 451 in
912 396 971 452 iure
985 408 1038 452 non
1053 399 1165 466 reputa·
1202 395 1290 450 ciente
1306 393 1349 451 illa
1364 400 1514 468 potestate,
1537 411 1588 453 nec
1603 401 1723 468 potestas
1737 396 1781 472 illa
1795 397 1899 454 firmari
1915 407 1996 470 potest

364 491 412 543 ιιιι
427 491 458 542 ut
471 481 573 558 aliquid
587 485 702 551 luctum,
712 484 758 542 sed
770 492 801 542 ut
812 487 931 544 existens
942 485 967 542 io
980 484 1082 556 fieriqet
1093 484 1165 552 ideo,
1200 499 1235 540 ea
1255 484 1300 542 illa
1320 483 1554 559 denominatione,
1574 503 1639 544 cum
1663 487 1696 544 nb
1712 488 1756 544 illa
1769 489 1864 560 pedus
1882 490 1992 547 resultet.

366 577 439 631 sicut
456 589 540 646 supra
553 573 722 646 dicebamus,
740 574 956 632 iurisdictionem
971 572 1123 648 delegatam
1138 573 1167 628 io
1201 574 1324 632 Potestas
1336 581 1429 632 autern
1441 577 1501 647 ipsa
1512 577 1553 634 sic
1565 593 1708 645 concessa,
1721 578 1827 635 etiamsi
1839 578 1891 636 iana
1905 581 1938 636 sit
1948 597 1996 636 na·

365 665 425 721 loro
447 665 633 733 contentioso,
649 680 701 720 non
716 665 832 736 lirrnari,
847 680 877 721 re
892 665 1013 737 integra,
1028 679 1062 721 ex
1076 664 1167 735 dispo·
1201 662 1294 720 raliter
1314 663 1340 719 in
1364 680 1415 736 eo,
1431 666 1476 721 cui
1490 665 1594 724 directe
1609 667 1787 737 conceditur,
1805 684 1861 724 non
1878 675 1995 726 censetur

364 755 461 812 sitione
485 756 567 826 iuris,
590 757 628 812 ita
647 755 793 814 dicendum
813 762 856 812 est
873 755 906 811 de
921 754 967 810 illa
982 754 1108 825 licentia,
1125 750 1168 808 vel
1202 751 1373 826 privilegium
1393 755 1468 827 eius,
1491 772 1541 813 nec
1562 759 1650 830 gratia
1663 757 1699 814 illi
1715 758 1806 830 lacta,
1823 773 1891 813 cum
1907 759 1997 814 nonsit

364 843 559 918 qualicumque
579 847 678 902 lurein
693 844 743 902 illis
758 845 885 902 materiis.
905 847 939 901 lit
955 847 993 901 ita
1008 829 1086 900 l'acile
1101 855 1167 898 con·
1201 841 1263 898 data
1285 843 1311 897 in
1331 842 1452 901 savorem
1473 848 1549 917 eius,
1573 855 1601 903 et
1617 847 1678 903 ideo
1699 862 1746 919 per
1766 862 1795 903 se
1811 862 1867 903 non
1885 847 1996 906 firmatur

363 934 503 1006 cillantur,
522 942 550 991 et
563 935 744 1007 expediuntur
758 935 859 992 omnia.
871 937 906 990 Et
917 933 990 990 bunc
1002 933 1113 990 modum
1128 931 1167 987 di·
1202 933 1258 988 sine
1279 931 1369 1004 aliquo
1393 950 1463 1004 usn,
1482 935 1547 1007 quia
1560 942 1705 1007 reputatur
1720 935 1897 1006 mandatum,
1907 943 1934 992 et
1949 953 1997 992 non

363 1022 442 1080 cendi
456 1039 507 1096 ego
522 1023 637 1080 libenter
652 1024 846 1095 amplecterer,
862 1025 927 1096 quia
942 1037 1007 1079 vero
1021 1022 1098 1078 illum
1112 1037 1166 1078 non
1201 1024 1300 1094 gratia.
1314 1023 1348 1077 Ει
1368 1021 1437 1079 idem
1459 1039 1558 1081 censeo
1578 1025 1670 1098 quoad
1691 1027 1761 1082 banc
1783 1031 1890 1097 partera
1912 1027 1938 1081 io
1961 1043 1998 1083 re·

361 1114 468 1171 invenio
483 1113 534 1171 sub
549 1114 599 1169 lanc
614 1113 700 1171 lormn
715 1113 749 1170 ab
764 1113 925 1172 auctoribus
940 1119 1088 1185 assertum,
1106 1111 1166 1168 aliis
1201 1111 1312 1182 scriptis
1332 1110 1581 1185 dispensationum,
1603 1129 1673 1187 quae
1692 1130 1789 1172 seeum
1804 1115 1924 1196 afferunt
1939 1116 1997 1172 obli-

274 1209 280 1212 “
361 1202 593 1261 considerandum
614 1203 747 1276 relinquo.
1202 1202 1339 1272 gatiouern
1354 1201 1541 1275 dispensandi,
1559 1204 1622 1276 quin
1636 1205 1673 1261 ibi
1688 1205 1840 1261 nonhabet
1855 1205 1943 1262 locun]
1960 1221 1996 1264 ra·

406 1298 449 1352 lt.
466 1293 540 1349 Alter
560 1309 625 1366 ergo
640 1293 739 1352 modus
752 1294 861 1352 dicendi
874 1309 934 1351 esse
949 1300 1054 1366 potest,
1078 1299 1109 1350 ut
1124 1308 1166 1349 re·
1202 1291 1253 1359 tio,
1270 1291 1311 1347 vet
1325 1298 1421 1348 nutura
1442 1292 1573 1366 privilegii
1595 1300 1724 1367 respectu
1743 1293 1878 1368 delegati,
1894 1294 1940 1351 sed
1957 1311 1996 1366 po·

320 1381 324 1388 '
362 1383 428 1456 gula
442 1382 509 1438 baec
533 1383 690 1440 universalis
705 1385 739 1441 sit
752 1385 777 1440 in
793 1385 918 1441 omnibus
933 1383 1070 1454 materiis,
1091 1384 1167 1456 quod
1202 1381 1256 1435 tius
1271 1379 1339 1437 ratio
1355 1379 1483 1438 mandati.

362 1471 480 1529 lacultas
500 1471 583 1528 alicui
597 1472 659 1529 data
673 1474 706 1530 ad
721 1473 904 1531 exercendum
919 1473 1049 1530 ellectum
1066 1473 1166 1546 gratio·
1243 1473 1287 1528 19.
1303 1474 1338 1526 at
1357 1486 1421 1527 vero
1442 1472 1551 1543 quando
1570 1473 1737 1545 rescriptum
1754 1473 1864 1532 directe
1882 1473 1995 1532 concedit

363 1578 425 1640 sum
443 1562 517 1619 cirea
533 1563 626 1632 alium,
640 1563 661 1620 ιι
676 1565 711 1621 ιιι
726 1564 797 1621 lacta
810 1569 916 1621 tantum
931 1564 1087 1637 ingratiam
1104 1578 1165 1635 per·
1201 1558 1361 1618 laenitatem
1377 1559 1508 1634 aliquam,
1520 1561 1562 1618 vel
1577 1562 1712 1620 licentiam
1727 1563 1926 1636 subdito,licet
1938 1581 1995 1620 usus

362 1667 446 1711 sonae
464 1651 630 1726 designatae,
645 1653 690 1710 cui
704 1645 765 1712 talis
779 1653 896 1710 allectus
910 1659 953 1709 est
966 1650 1163 1724 conterendus,
1199 1651 1259 1706 eins
1275 1649 1435 1722 pendentes
1450 1652 1514 1721 alio,
1528 1661 1659 1723 operante
1674 1654 1748 1710 clrca
1760 1654 1871 1726 ipsum,
1885 1660 1915 1711 ut
1927 1656 1993 1711 estin

362 1745 427 1802 dum
447 1757 491 1800 res
505 1749 548 1798 est
561 1742 677 1817 integra,
695 1758 748 1799 non
761 1750 892 1808 censetur
906 1742 993 1816 gratia
1007 1742 1096 1814 lacta,
1116 1741 1165 1799 sed
1199 1738 1309 1796 licentia
1331 1738 1446 1812 eligendi
1460 1739 1663 1810 confessorem,
1679 1741 1721 1800 vel
1735 1743 1887 1803 conlitendi
1904 1742 1945 1800 tali
1959 1759 1993 1798 sa·

362 1830 495 1889 iacienda.
504 1832 539 1889 Et
552 1831 758 1890 tundamentum
772 1848 833 1890 esse
847 1832 937 1904 debet,
949 1832 1013 1905 quia
1027 1831 1162 1905 quaedam
1199 1827 1303 1885 cerdoti
1326 1828 1469 1902 designato
1487 1829 1704 1904 aconcedente,
1717 1838 1746 1889 et
1759 1832 1786 1888 in
1801 1831 1899 1888 litteris
1915 1830 1991 1888 dimia-

360 1924 422 1979 iura
442 1923 481 1978 ita
502 1928 639 1980 statuunt.
655 1924 690 1981 Et
710 1922 773 1982 licet
793 1923 819 1979 in
839 1922 1026 1980 determinatis
1046 1921 1164 1979 materiis
1199 1917 1279 1974 soriis
1304 1917 1338 1975 ad
1358 1916 1545 1990 srrscipiendos
1566 1918 1677 1977 ordines
1698 1937 1713 1977 a
1733 1936 1915 1994 quocumque
1933 1921 1993 1976 reta

361 2011 534 2085 loquantur,
555 2028 609 2070 non
625 2011 750 2071 videntur
765 2014 814 2071 niti
829 2014 974 2072 iuratione
992 2011 1164 2085 specialitatis
1200 2005 1245 2064 tali
1264 2008 1410 2079 episcopo,
1430 2015 1459 2065 et
1472 2009 1497 2064 in
1512 2009 1660 2083 similibus,
1678 2019 1745 2068 tuac
1761 2010 1827 2068 talis
1845 2011 1947 2068 licentia
1957 2019 1991 2068 est

362 2102 510 2180 materiae,
534 2101 580 2158 sed
606 2105 633 2160 io
658 2103 745 2160 torma
765 2109 793 2160 et
810 2103 892 2160 modo
912 2101 1117 2174 concessionis,
1133 2107 1165 2158 ut
1197 2113 1294 2155 verum
1319 2097 1508 2172 privilegium,
1531 2105 1560 2156 et
1579 2100 1667 2173 gratia
1685 2115 1715 2156 re
1729 2116 1792 2157 vera
1807 2106 1852 2157 est
1867 2101 1917 2156 iana
1931 2101 1990 2156 lacta

361 2189 469 2265 glossae
489 2198 517 2248 et
529 2191 657 2249 doctores
672 2193 897 2264 interpretentur.
914 2193 949 2249 Et
963 2193 1001 2249 ita
1022 2190 1164 2248 admitten·
1198 2187 1289 2259 quoad
1311 2204 1389 2244 suam
1405 2186 1587 2246 immediatam
1601 2190 1828 2264 concessionem,
1853 2195 1881 2246 et
1894 2189 1947 2246 ideo
1958 2195 1989 2245 ot·

361 2279 427 2336 dum
443 2296 498 2336 oon
511 2287 565 2353 est,
577 2281 651 2354 quud
663 2285 690 2339 in
704 2281 824 2356 quadam
839 2282 991 2338 obiectione
1007 2278 1161 2352 dicebatur,
1198 2278 1274 2334 iamsi
1293 2279 1427 2334 moriatur
1444 2277 1611 2354 concedens,
1627 2294 1657 2336 re
1670 2280 1802 2336 existente
1818 2280 1933 2352 integra,
1946 2293 1988 2359 non

361 2370 388 2424 in
406 2368 448 2424 his
468 2371 608 2442 rescriptis
622 2368 776 2444 delegatum
790 2386 851 2428 esse
865 2377 1043 2428 executorem
1059 2367 1163 2442 gratias
1198 2371 1287 2440 perit,
1306 2368 1354 2424 sed
1370 2369 1396 2424 io
1410 2384 1442 2424 eo
1457 2371 1537 2426 etiam
1552 2375 1680 2427 servatur
1694 2369 1789 2442 regula
1809 2368 1988 2442 principalis,a

362 2457 438 2515 alteri
453 2473 620 2532 concessae,
636 2460 683 2517 sed
697 2460 844 2518 dicendum
857 2467 911 2532 est,
928 2459 1087 2533 delegatum
1103 2475 1163 2516 esse
1199 2457 1275 2514 nobis
1300 2459 1403 2530 posita,
1427 2464 1458 2514 ut
1473 2459 1499 2514 in
1514 2458 1573 2514 aliis
1587 2458 1666 2531 loeis,
1682 2461 1865 2532 quaesituri,
1880 2461 1906 2516 in
1920 2458 1988 2531 parti·

362 2553 539 2606 executorem
558 2549 672 2622 gratiae
683 2549 760 2607 alteri
781 2547 989 2621 concedendam
1009 2563 1071 2606 nana
1088 2555 1163 2604 ante·
1198 2547 1285 2605 culari
1304 2546 1368 2604 dixi.
1382 2549 1417 2603 Et
1429 2546 1565 2605 declarari
1579 2564 1653 2606 nunc
1668 2555 1769 2620 potest,
1779 2549 1848 2621 quia
1861 2547 1952 2606 similes
1964 2547 1987 2602 li·

362 2653 445 2711 quam
459 2639 504 2696 ille
520 2647 613 2698 utatur
627 2655 679 2697 ιιιιι
690 2655 814 2711 munere,
828 2639 923 2696 saltem
937 2638 1163 2708 inchoative,non
1186 2625 1314 2708 centias,
1330 2643 1359 2694 et
1373 2637 1513 2710 privilegia
1526 2637 1589 2694 data
1604 2636 1638 2694 ad
1652 2639 1802 2711 actara,qui
1819 2655 1872 2695 noa
1886 2637 1987 2710 pendent

361 2737 492 2786 censetur
516 2730 605 2804 gratia
629 2728 719 2798 lacta,
743 2745 777 2786 ex
801 2730 904 2786 iurium
919 2727 1103 2798 dispositione.
1122 2725 1163 2784 ld
1198 2742 1231 2784 er
1247 2727 1481 2784 actionealterius
1496 2729 1568 2792 tertii
1582 2727 1655 2787 circa
1667 2728 1882 2802 privilegiatum,
1897 2733 1987 2784 utsunt

267 2839 271 2844 ·
360 2817 482 2891 exempla
507 2825 599 2876 autem
620 2820 646 2875 in
667 2820 838 2875 contrarium
859 2815 979 2874 adducta
1002 2816 1162 2888 responderi
1198 2816 1306 2874 licentia
1331 2833 1385 2874 non
1403 2817 1555 2888 ieiunandi,
1571 2818 1711 2875 laborandi
1724 2821 1752 2875 in
1765 2819 1810 2876 die
1826 2818 1894 2876 lesio
1907 2859 1913 2890 ,
1928 2816 1986 2876 eele-

361 2914 454 2979 posset
466 2910 592 2982 negando
607 2908 708 2980 omnia,
728 2906 869 2980 inquibus
884 2906 979 2978 regula
994 2904 1038 2962 illa
1053 2907 1162 2978 proprie
1198 2906 1293 2964 brandi
1311 2908 1335 2963 in
1350 2909 1457 2977 privato
1472 2907 1602 2976 oratorio,
1613 2906 1739 2966 audiendi
1754 2924 1868 2966 sacrum
1882 2913 1985 2979 tenpore

360 3012 414 3053 non
432 3005 568 3068 servatur,
579 2999 684 3055 etiamsi
699 2997 814 3054 manime
830 3001 975 3053 versentur
989 2995 1063 3052 cirea
1079 3003 1162 3052 mate·
1199 2995 1354 3066 interdicti,
1375 3003 1401 3052 et
1417 2996 1530 3068 similia,
1547 3012 1601 3052 non
1615 3003 1726 3055 cessant
1741 3013 1787 3068 per
1805 3003 1917 3056 mortem
1930 3013 1984 3053 con·

360 3088 428 3144 riam
445 3087 674 3160 spiritualem,rel
690 3091 901 3144 concernentem
918 3085 1038 3156 illam,et
1052 3085 1162 3142 omnino
1198 3083 1329 3156 cedentis,
1340 3085 1421 3142 etiam
1436 3101 1466 3140 re
1483 3085 1754 3158 integra,utestlere
1769 3089 1920 3144 communis
1931 3102 1984 3141 con·

360 3175 554 3244 incurabilem,
575 3192 607 3233 ac
627 3178 806 3248 pertinentem
828 3175 861 3233 ad
883 3175 1098 3232 iurisdictionem
1114 3190 1162 3232 ro·
1197 3190 1310 3247 sensus,
1323 3189 1388 3247 ergo
1405 3173 1475 3230 idem
1486 3175 1546 3243 erit,
1558 3176 1663 3232 etiamsi
1674 3183 1756 3234 actus
1767 3191 1917 3234 concessus
1930 3193 1983 3230 m:-

360 3266 528 3336 luntariam,
550 3272 580 3323 et
598 3267 655 3323 sive
674 3273 797 3338 potestas
818 3266 943 3338 delegata
963 3262 1044 3322 detur
1058 3262 1162 3321 directe
1197 3266 1275 3321 sistat
1288 3266 1314 3319 in
1330 3263 1483 3335 recipiendo
1498 3264 1598 3336 aliquid
1610 3265 1644 3321 ab
1658 3266 1720 3337 alio,
1734 3266 1797 3337 qnia
1808 3265 1903 3322 eodem
1915 3265 1982 3321 modo

358 3355 496 3413 sacerdoti
515 3355 724 3428 dispensatum,
745 3357 800 3413 sive
816 3356 958 3427 desurper
974 3355 1107 3410 licentiam
1123 3353 1162 3410 di·
1196 3361 1238 3411 est
1263 3355 1315 3410 iam
1339 3353 1411 3410 lacta
1433 3354 1534 3424 gratia,
1554 3362 1581 3410 et
1596 3371 1648 3410 non
1665 3360 1769 3432 tantum
1783 3354 1915 3420 iacienda,
1929 3369 1981 3408 cuni

358 3451 433 3502 recte
459 3460 621 3502 concessam
643 3447 695 3517 ipsi
713 3444 913 3516 dispensando,
929 3444 970 3500 vel
985 3441 1160 3500 absolvendo.
1198 3443 1249 3499 sub
1269 3442 1363 3500 eadem
1384 3442 1471 3499 lorrna
1486 3442 1565 3498 detur
1581 3442 1698 3500 licentia.
1709 3442 1785 3501 Unde
1797 3444 1826 3500 in
1840 3443 1883 3500 illo
1899 3441 1980 3498 babere

359 3537 432 3592 llaec
456 3541 547 3591 autem
569 3539 711 3607 responsio
731 3543 773 3592 est
793 3535 874 3592 nimis
888 3533 1027 3606 rigorose,
1042 3541 1070 3590 et
1084 3532 1161 3590 valde
1197 3538 1287 3602 potest
1307 3530 1417 3597 locum,
1438 3530 1511 3606 quod
1532 3526 1617 3602 supr'a
1636 3531 1798 3602 dicebatur,
1819 3533 1935 3600 scilicet,
1955 3529 1978 3582 il·

358 3624 492 3681 contraria
517 3625 614 3697 praxi,
636 3631 664 3681 et
683 3625 770 3681 satori
791 3626 956 3695 animarum,
970 3629 999 3680 et
1013 3623 1073 3680 ideo
1089 3622 1161 3680 illam
1196 3621 1253 3681 lum
1272 3623 1384 3679 tertium
1405 3631 1465 3678 esse
1485 3623 1564 3694 quasi
1590 3628 1767 3680 executorem
1790 3624 1894 3696 gratiae
1918 3619 1979 3676 alteri

358 3728 413 3770 non
433 3728 533 3769 censeo
560 3713 764 3771 admittendam.
1198 3712 1250 3769 ium
1262 3710 1361 3777 laetae,
1376 3717 1405 3767 et
1425 3707 1486 3767 ideo
1497 3711 1598 3768 firmari
1610 3711 1716 3768 ratione
1732 3711 1816 3784 illius,
1833 3713 1931 3770 etiamsi
1944 3723 1978 3764 res

401 3805 445 3860 ltl.
455 3801 592 3868 Quocirca
606 3801 703 3858 melius
718 3802 747 3858 lat
760 3800 899 3858 distinctio
915 3800 984 3858 inter
999 3799 1157 3858 facultatem
1197 3801 1232 3857 sit
1253 3800 1357 3872 integra
1371 3843 1378 3870 ,
1391 3806 1565 3872 argumento
1579 3815 1641 3872 cap.
1659 3803 1695 3858 St
1713 3817 1802 3875 super
1816 3803 1932 3875 qratia,
1951 3797 1977 3853 de

359 3888 430 3945 banc
445 3888 550 3946 directe
564 3889 655 3947 datam
667 3890 793 3964 delegato
809 3892 834 3946 in
849 3890 970 3947 levorem
985 3889 1102 3962 tertii,et
1112 3889 1160 3946 da·
1196 3889 1271 3947 ollio.
1288 3889 1415 3962 delegati,
1438 3889 1462 3944 in
1483 3893 1510 3960 s,
1529 3897 1557 3946 et
1570 3891 1682 3963 regulae
1695 3891 1847 3962 generalis,
1866 3887 1931 3962 quod
1942 3900 1977 3941 ac·

359 3987 413 4035 tam
431 3977 535 4034 directe
554 3979 605 4060 ipsi
624 3979 786 4050 poenitenti,
807 3988 838 4036 ut
856 3979 940 4052 eligat
962 3979 1159 4050 consessorem,
1195 3980 1346 4038 cessorium
1371 3981 1497 4051 sequitur
1521 3979 1682 4051 principale.
1699 3981 1733 4036 Et
1758 3980 1794 4036 ita
1819 3979 1976 4037 constituitur

360 4068 401 4124 vel
416 4065 482 4139 quid
497 4067 597 4126 simile:
611 4081 673 4124 narn
688 4083 736 4140 per
750 4067 870 4140 priorem
885 4083 939 4124 non
954 4075 1085 4125 censetur
1102 4069 1161 4125 lieri
1197 4070 1274 4126 tacite
1297 4067 1448 4125 dillerentia
1471 4068 1541 4125 inter
1566 4068 1639 4125 bunc
1659 4066 1772 4126 modum
1786 4075 1814 4126 et
1835 4065 1975 4142 praeceden-

359 4156 414 4214 ulla
428 4158 516 4229 gratia
530 4156 566 4212 illi
581 4159 672 4224 tertio,
685 4155 733 4213 sed
747 4157 836 4214 solum
848 4158 936 4229 parari
952 4158 1022 4214 aiam
1038 4157 1070 4213 nd
1086 4157 1160 4214 illam
1196 4166 1267 4227 tem,
1289 4159 1353 4231 quia
1373 4159 1399 4213 in
1420 4157 1473 4213 hoc
1493 4158 1591 4229 gratia,
1606 4173 1678 4230 quae
1691 4157 1721 4214 lit
1735 4157 1919 4232 privilegians,
1933 4169 1974 4210 aon

358 4245 550 4319 obtinendam,
575 4251 604 4302 et
627 4248 715 4304 creari
733 4262 861 4319 causam,
883 4256 914 4305 ut
934 4249 972 4303 sic
988 4245 1095 4316 dicam,
1112 4261 1160 4318 per
1195 4255 1239 4306 est
1253 4247 1329 4304 solus
1343 4245 1458 4303 ellectua
1473 4245 1595 4318 iuturus,
1609 4262 1696 4319 neque
1711 4254 1754 4303 est
1770 4248 1830 4304 sola
1844 4243 1973 4320 permissio,

358 4352 441 4410 quom
456 4335 517 4409 flat,
532 4342 560 4393 et
573 4335 634 4393 ideo
647 4337 735 4394 donee
751 4337 796 4395 illa
807 4353 891 4394 causa
907 4335 1008 4409 aliquid
1029 4345 1159 4407 operetur
1195 4338 1237 4394 vel
1252 4336 1431 4393 denominatio
1446 4351 1461 4392 a
1476 4342 1611 4407 potestate
1624 4337 1702 4394 alteri
1717 4353 1869 4408 concessa,
1888 4334 1929 4392 sed
1942 4338 1975 4388 est

357 4428 434 4482 circa
451 4425 528 4483 illum
542 4427 670 4496 tertium,
690 4443 744 4483 non
760 4429 865 4485 censeri
882 4429 999 4500 gratiam
1023 4424 1106 4484 ullam
1121 4425 1159 4482 la·
1194 4441 1259 4483 vera
1274 4427 1418 4482 concessio
1433 4425 1550 4482 alicuius
1565 4425 1809 4498 immunitatis,rel
1823 4425 1924 4484 moralis
1936 4435 1974 4493 po·

358 4522 431 4572 ctam
451 4515 489 4571 illi
509 4517 606 4586 tertio,
628 4531 717 4589 neque
737 4532 797 4573 esse
817 4519 844 4573 in
863 4516 908 4574 illo
922 4517 1026 4574 lactum
1041 4515 1154 4588 aliquid,
1193 4514 1314 4584 testatis,
1338 4522 1368 4571 ut
1386 4515 1451 4571 satis
1465 4515 1633 4586 explicatum
1647 4521 1699 4573 est.
1717 4517 1810 4590 Neque
1826 4516 1923 4574 ridetur
1937 4527 1973 4566 ne·

357 4604 432 4678 quod
446 4607 471 4661 in
484 4607 544 4678 ipso
559 4620 718 4678 permanere
734 4606 839 4678 possit,
855 4607 878 4661 si
894 4606 1043 4678 reintegra
1059 4620 1160 4662 conce·
1193 4605 1346 4660 cessarium
1361 4603 1393 4660 ad
1409 4604 1532 4675 singula,
1548 4621 1619 4678 quae
1632 4605 1668 4660 ibi
1682 4605 1873 4675 inculcantur,
1889 4602 1973 4675 specia-

356 4695 422 4752 dens
440 4695 582 4754 morietur.
596 4697 663 4752 Nam
684 4696 749 4752 illud
763 4699 824 4767 ius,
842 4695 883 4752 vel
898 4695 1021 4768 licentia,
1039 4695 1114 4767 quod
1131 4696 1158 4751 in
1193 4695 1241 4750 tim
1256 4693 1432 4765 respondere.
1449 4695 1543 4750 Solum
1561 4701 1653 4766 potest
1667 4685 1867 4767 in'particulari
1882 4690 1971 4765 inquiri,

357 4787 510 4850 obiectione
525 4786 666 4859 principali
681 4786 948 4858 consideratur,non
963 4791 1108 4857 reputatur
1127 4795 1158 4842 ιιι
1193 4798 1227 4838 an
1250 4783 1275 4838 in
1295 4783 1393 4838 iudicio
1413 4783 1588 4840 consessionis
1610 4783 1777 4852 admittenda
1801 4785 1879 4842 etiarn
1894 4782 1924 4837 ιιι
1939 4777 1972 4833 illa

357 4875 456 4948 aliquid
472 4878 500 4932 in
513 4876 557 4933 illo
571 4877 698 4949 existens,
712 4875 759 4932 sed
773 4877 815 4933 vel
830 4882 872 4932 est
887 4875 945 4932 sola
960 4875 1112 4947 permissio,
1127 4880 1158 4932 ut
1192 4871 1341 4929 differentia
1363 4874 1431 4929 inter
1451 4872 1610 4930 tenultatem
1630 4875 1721 4932 datam
1740 4875 1884 4946 poenitenti
1898 4869 1926 4928 ad
1937 4883 1971 4924 ιι·

356 4965 424 5021 alius
438 4967 526 5037 possit
541 4964 616 5023 circa
632 4965 708 5023 illum
722 4966 847 5037 operari,
863 4964 905 5020 vel
921 4972 965 5020 est
978 4966 1058 5037 quasi
1073 4963 1156 5023 deno·
1192 4961 1356 5018 sumendum
1372 4961 1452 5020 talem
1469 4963 1667 5038 consessorem,
1680 4964 1721 5019 vel
1736 4965 1828 5022 dataro
1842 4957 1970 5022 consessori

357 5056 468 5113 minatio
482 5057 636 5114 extrinseca
650 5056 787 5113 resultans
801 5071 834 5112 ex
848 5049 984 5127 potestate
1000 5054 1077 5112 alteri
1092 5069 1158 5111 con·
1192 5052 1225 5110 ad
1247 5050 1411 5109 audiendum
1430 5054 1511 5110 tatem
1527 5056 1710 5124 poenitentem
1724 5055 1752 5111 ιιι
1765 5055 1855 5111 solum
1869 5053 1967 5110 larona

357 5159 452 5216 cessa,
475 5161 545 5218 quae
566 5145 748 5203 denominatio
769 5161 824 5202 aon
845 5150 934 5216 potest
953 5143 1067 5216 durare,
1095 5144 1158 5201 deli·
1191 5144 1274 5216 ipsius
1298 5144 1470 5216 poenitentis.
1487 5144 1563 5202 llulti
1588 5145 1662 5202 enim
1684 5145 1720 5203 ita
1734 5144 1834 5204 sentire
1849 5143 1964 5212 rideatur,
