<?xml version="1.0" encoding="UTF-8"?>
<!DOCTYPE html PUBLIC "-//W3C//DTD XHTML 1.0 Transitional//EN"
    "http://www.w3.org/TR/xhtml1/DTD/xhtml1-transitional.dtd">
<html xmlns="http://www.w3.org/1999/xhtml" xml:lang="en" lang="en">
 <head>
  <title>
</title>
<meta http-equiv="Content-Type" content="text/html;charset=utf-8" />
  <meta name='ocr-system' content='tesseract 3.04.00' />
  <meta name='ocr-capabilities' content='ocr_page ocr_carea ocr_par ocr_line ocrx_word'/>
</head>
<body>
  <div class='ocr_page' id='page_1' title='image "./tractatusdelegi00sugoog_0415.png"; bbox 0 0 4290 6222; ppageno 0'>
   <div class='ocr_carea' id='block_1_1' title="bbox 427 349 1303 412">
    <p class='ocr_par' dir='ltr' id='par_1_1' title="bbox 427 349 1303 412">
     <span class='ocr_line' id='line_1_1' title="bbox 427 349 1303 412; baseline -0.006 -1"><span class='ocrx_word' id='word_1_1' title='bbox 427 349 490 412; x_wconf 73' lang='lat'>402</span> <span class='ocrx_word' id='word_1_2' title='bbox 1111 360 1303 410; x_wconf 81' lang='lat' dir='ltr'>xiauuvru.</span> 
     </span>
    </p>
   </div>
   <div class='ocr_carea' id='block_1_2' title="bbox 386 469 2029 1900">
    <p class='ocr_par' dir='ltr' id='par_1_2' title="bbox 386 469 2029 1900">
     <span class='ocr_line' id='line_1_2' title="bbox 387 469 2028 562; baseline -0.002 -17"><span class='ocrx_word' id='word_1_3' title='bbox 387 487 497 562; x_wconf 91' lang='lat' dir='ltr'>quando</span> <span class='ocrx_word' id='word_1_4' title='bbox 512 488 569 544; x_wconf 89' lang='lat' dir='ltr'>dies</span> <span class='ocrx_word' id='word_1_5' title='bbox 584 487 680 544; x_wconf 88' lang='lat' dir='ltr'>natalis</span> <span class='ocrx_word' id='word_1_6' title='bbox 696 487 799 544; x_wconf 86' lang='lat' dir='ltr'>Domini</span> <span class='ocrx_word' id='word_1_7' title='bbox 813 485 916 552; x_wconf 83' lang='lat' dir='ltr'>incidit,</span> <span class='ocrx_word' id='word_1_8' title='bbox 928 484 1051 542; x_wconf 79' lang='lat' dir='ltr'>declarat</span> <span class='ocrx_word' id='word_1_9' title='bbox 1064 469 1184 540; x_wconf 76' lang='lat' dir='ltr'>Pontifex</span> <span class='ocrx_word' id='word_1_10' title='bbox 1257 484 1310 541; x_wconf 90' lang='lat' dir='ltr'>Sed</span> <span class='ocrx_word' id='word_1_11' title='bbox 1325 482 1497 541; x_wconf 89' lang='lat' dir='ltr'>nihilominus</span> <span class='ocrx_word' id='word_1_12' title='bbox 1516 485 1606 557; x_wconf 90' lang='lat' dir='ltr'>placet</span> <span class='ocrx_word' id='word_1_13' title='bbox 1618 487 1664 542; x_wconf 89' lang='lat' dir='ltr'>illa</span> <span class='ocrx_word' id='word_1_14' title='bbox 1684 491 1827 545; x_wconf 90' lang='lat' dir='ltr'>sententia.</span> <span class='ocrx_word' id='word_1_15' title='bbox 1855 489 1948 543; x_wconf 89' lang='lat' dir='ltr'>Primo</span> <span class='ocrx_word' id='word_1_16' title='bbox 1968 487 2028 558; x_wconf 91' lang='lat' dir='ltr'>qui-</span> 
     </span>
     <span class='ocr_line' id='line_1_3' title="bbox 387 574 2027 649; baseline -0.002 -15"><span class='ocrx_word' id='word_1_17' title='bbox 387 594 441 634; x_wconf 89' lang='lat' dir='ltr'>non</span> <span class='ocrx_word' id='word_1_18' title='bbox 455 579 562 634; x_wconf 88' lang='lat' dir='ltr'>extendi</span> <span class='ocrx_word' id='word_1_19' title='bbox 583 577 615 633; x_wconf 88' lang='lat' dir='ltr'>ud</span> <span class='ocrx_word' id='word_1_20' title='bbox 630 593 689 636; x_wconf 91' lang='lat' dir='ltr'>eus,</span> <span class='ocrx_word' id='word_1_21' title='bbox 702 579 749 648; x_wconf 95' lang='lat' dir='ltr'>qui</span> <span class='ocrx_word' id='word_1_22' title='bbox 763 585 838 640; x_wconf 88' lang='lat' dir='ltr'>voto,</span> <span class='ocrx_word' id='word_1_23' title='bbox 853 575 893 632; x_wconf 91' lang='lat' dir='ltr'>vel</span> <span class='ocrx_word' id='word_1_24' title='bbox 909 577 1025 646; x_wconf 87' lang='lat' dir='ltr'>regulari</span> <span class='ocrx_word' id='word_1_25' title='bbox 1038 575 1184 630; x_wconf 89' lang='lat' dir='ltr'>observau-</span> <span class='ocrx_word' id='word_1_26' title='bbox 1218 574 1291 641; x_wconf 88' lang='lat' dir='ltr'>dem,</span> <span class='ocrx_word' id='word_1_27' title='bbox 1307 576 1370 647; x_wconf 91' lang='lat' dir='ltr'>quia</span> <span class='ocrx_word' id='word_1_28' title='bbox 1383 576 1519 648; x_wconf 87' lang='lat' dir='ltr'>privilegis</span> <span class='ocrx_word' id='word_1_29' title='bbox 1532 579 1588 647; x_wconf 91' lang='lat' dir='ltr'>ipsa</span> <span class='ocrx_word' id='word_1_30' title='bbox 1601 580 1675 649; x_wconf 89' lang='lat' dir='ltr'>prius</span> <span class='ocrx_word' id='word_1_31' title='bbox 1689 577 1804 635; x_wconf 85' lang='lat' dir='ltr'>iderunt</span> <span class='ocrx_word' id='word_1_32' title='bbox 1814 577 1943 632; x_wconf 88' lang='lat' dir='ltr'>absolute</span> <span class='ocrx_word' id='word_1_33' title='bbox 1961 593 2027 632; x_wconf 93' lang='lat' dir='ltr'>cou-</span> 
     </span>
     <span class='ocr_line' id='line_1_4' title="bbox 388 661 2028 736; baseline 0 -15"><span class='ocrx_word' id='word_1_34' title='bbox 388 668 422 722; x_wconf 90' lang='lat' dir='ltr'>tie</span> <span class='ocrx_word' id='word_1_35' title='bbox 440 666 472 722; x_wconf 89' lang='lat' dir='ltr'>ad</span> <span class='ocrx_word' id='word_1_36' title='bbox 488 666 558 723; x_wconf 83' lang='lat' dir='ltr'>illem</span> <span class='ocrx_word' id='word_1_37' title='bbox 577 661 763 723; x_wconf 86' lang='lat' dir='ltr'>abstinentium</span> <span class='ocrx_word' id='word_1_38' title='bbox 779 674 845 722; x_wconf 89' lang='lat' dir='ltr'>suut</span> <span class='ocrx_word' id='word_1_39' title='bbox 860 668 974 723; x_wconf 85' lang='lat' dir='ltr'>astricti:</span> <span class='ocrx_word' id='word_1_40' title='bbox 992 665 1094 722; x_wconf 88' lang='lat' dir='ltr'>indicat</span> <span class='ocrx_word' id='word_1_41' title='bbox 1106 680 1183 736; x_wconf 86' lang='lat' dir='ltr'>ergo,</span> <span class='ocrx_word' id='word_1_42' title='bbox 1219 679 1297 718; x_wconf 88' lang='lat' dir='ltr'>cessa</span> <span class='ocrx_word' id='word_1_43' title='bbox 1313 665 1454 726; x_wconf 84' lang='lat' dir='ltr'>societati,</span> <span class='ocrx_word' id='word_1_44' title='bbox 1466 674 1561 735; x_wconf 91' lang='lat' dir='ltr'>postea</span> <span class='ocrx_word' id='word_1_45' title='bbox 1577 682 1640 722; x_wconf 90' lang='lat' dir='ltr'>vero</span> <span class='ocrx_word' id='word_1_46' title='bbox 1653 666 1741 723; x_wconf 87' lang='lat' dir='ltr'>addita</span> <span class='ocrx_word' id='word_1_47' title='bbox 1753 667 1803 723; x_wconf 87' lang='lat' dir='ltr'>luit</span> <span class='ocrx_word' id='word_1_48' title='bbox 1818 665 1960 722; x_wconf 70' lang='lat' dir='ltr'>restrictio</span> <span class='ocrx_word' id='word_1_49' title='bbox 1979 681 2028 735; x_wconf 89' lang='lat' dir='ltr'>per</span> 
     </span>
     <span class='ocr_line' id='line_1_5' title="bbox 386 753 2027 828; baseline -0.001 -18"><span class='ocrx_word' id='word_1_50' title='bbox 386 757 512 828; x_wconf 89' lang='lat' dir='ltr'>generale</span> <span class='ocrx_word' id='word_1_51' title='bbox 541 757 711 828; x_wconf 89' lang='lat' dir='ltr'>privilegium</span> <span class='ocrx_word' id='word_1_52' title='bbox 737 757 835 812; x_wconf 89' lang='lat' dir='ltr'>babere</span> <span class='ocrx_word' id='word_1_53' title='bbox 864 755 1083 811; x_wconf 79' lang='lat' dir='ltr'>subintellectam</span> <span class='ocrx_word' id='word_1_54' title='bbox 1111 755 1183 811; x_wconf 90' lang='lat' dir='ltr'>illam</span> <span class='ocrx_word' id='word_1_55' title='bbox 1220 754 1364 822; x_wconf 79' lang='lat' dir='ltr'>specialem</span> <span class='ocrx_word' id='word_1_56' title='bbox 1385 753 1619 824; x_wconf 90' lang='lat' dir='ltr'>declarationem,</span> <span class='ocrx_word' id='word_1_57' title='bbox 1640 771 1710 826; x_wconf 90' lang='lat' dir='ltr'>quae</span> <span class='ocrx_word' id='word_1_58' title='bbox 1730 773 1782 812; x_wconf 93' lang='lat' dir='ltr'>nou</span> <span class='ocrx_word' id='word_1_59' title='bbox 1806 756 1948 828; x_wconf 75' lang='lat' dir='ltr'>restringit</span> <span class='ocrx_word' id='word_1_60' title='bbox 1970 771 2027 810; x_wconf 87' lang='lat' dir='ltr'>uro-</span> 
     </span>
     <span class='ocr_line' id='line_1_6' title="bbox 386 841 2025 916; baseline -0.002 -16"><span class='ocrx_word' id='word_1_61' title='bbox 386 845 587 910; x_wconf 88' lang='lat' dir='ltr'>oomlitionem,</span> <span class='ocrx_word' id='word_1_62' title='bbox 604 853 634 901; x_wconf 91' lang='lat' dir='ltr'>ut</span> <span class='ocrx_word' id='word_1_63' title='bbox 654 845 806 916; x_wconf 78' lang='lat' dir='ltr'>regularem</span> <span class='ocrx_word' id='word_1_64' title='bbox 825 845 1026 901; x_wconf 85' lang='lat' dir='ltr'>observantiam</span> <span class='ocrx_word' id='word_1_65' title='bbox 1042 861 1095 900; x_wconf 90' lang='lat' dir='ltr'>noo</span> <span class='ocrx_word' id='word_1_66' title='bbox 1117 843 1185 900; x_wconf 89' lang='lat' dir='ltr'>rela-</span> <span class='ocrx_word' id='word_1_67' title='bbox 1220 841 1285 898; x_wconf 90' lang='lat' dir='ltr'>dum</span> <span class='ocrx_word' id='word_1_68' title='bbox 1303 843 1394 899; x_wconf 89' lang='lat' dir='ltr'>utendi</span> <span class='ocrx_word' id='word_1_69' title='bbox 1411 845 1560 916; x_wconf 84' lang='lat' dir='ltr'>privilegio,</span> <span class='ocrx_word' id='word_1_70' title='bbox 1574 846 1623 899; x_wconf 90' lang='lat' dir='ltr'>uisi</span> <span class='ocrx_word' id='word_1_71' title='bbox 1638 845 1728 916; x_wconf 87' lang='lat' dir='ltr'>quoad</span> <span class='ocrx_word' id='word_1_72' title='bbox 1740 846 1907 902; x_wconf 88' lang='lat' dir='ltr'>Societatem</span> <span class='ocrx_word' id='word_1_73' title='bbox 1924 845 2025 914; x_wconf 75' lang='lat' dir='ltr'>ipsam5</span> 
     </span>
     <span class='ocr_line' id='line_1_7' title="bbox 386 933 2028 1007; baseline 0.001 -19"><span class='ocrx_word' id='word_1_74' title='bbox 386 939 442 1004; x_wconf 80' lang='lat' dir='ltr'>ret.</span> <span class='ocrx_word' id='word_1_75' title='bbox 460 935 527 1000; x_wconf 86' lang='lat' dir='ltr'>Quia</span> <span class='ocrx_word' id='word_1_76' title='bbox 543 933 729 1007; x_wconf 89' lang='lat' dir='ltr'>intelliguntur</span> <span class='ocrx_word' id='word_1_77' title='bbox 745 937 944 992; x_wconf 89' lang='lat' dir='ltr'>communicari</span> <span class='ocrx_word' id='word_1_78' title='bbox 958 951 1001 1004; x_wconf 92' lang='lat' dir='ltr'>ea,</span> <span class='ocrx_word' id='word_1_79' title='bbox 1014 949 1084 1006; x_wconf 88' lang='lat' dir='ltr'>quae</span> <span class='ocrx_word' id='word_1_80' title='bbox 1099 934 1132 989; x_wconf 89' lang='lat' dir='ltr'>ad</span> <span class='ocrx_word' id='word_1_81' title='bbox 1147 934 1186 989; x_wconf 87' lang='lat' dir='ltr'>la·</span> <span class='ocrx_word' id='word_1_82' title='bbox 1219 934 1433 989; x_wconf 88' lang='lat' dir='ltr'>comnmuicatlo</span> <span class='ocrx_word' id='word_1_83' title='bbox 1453 943 1546 990; x_wconf 91' lang='lat' dir='ltr'>autem</span> <span class='ocrx_word' id='word_1_84' title='bbox 1569 933 1627 989; x_wconf 88' lang='lat' dir='ltr'>aliis</span> <span class='ocrx_word' id='word_1_85' title='bbox 1647 935 1825 1007; x_wconf 84' lang='lat' dir='ltr'>religionibus</span> <span class='ocrx_word' id='word_1_86' title='bbox 1840 943 1937 1005; x_wconf 86' lang='lat' dir='ltr'>postea</span> <span class='ocrx_word' id='word_1_87' title='bbox 1956 937 2028 989; x_wconf 86' lang='lat' dir='ltr'>lacta</span> 
     </span>
     <span class='ocr_line' id='line_1_8' title="bbox 386 1021 2027 1096; baseline -0.002 -18"><span class='ocrx_word' id='word_1_88' title='bbox 386 1037 481 1078; x_wconf 89' lang='lat' dir='ltr'>vorem</span> <span class='ocrx_word' id='word_1_89' title='bbox 497 1026 651 1095; x_wconf 89' lang='lat' dir='ltr'>pertinent,</span> <span class='ocrx_word' id='word_1_90' title='bbox 667 1040 721 1080; x_wconf 94' lang='lat' dir='ltr'>non</span> <span class='ocrx_word' id='word_1_91' title='bbox 736 1040 806 1096; x_wconf 90' lang='lat' dir='ltr'>quae</span> <span class='ocrx_word' id='word_1_92' title='bbox 822 1024 855 1079; x_wconf 91' lang='lat' dir='ltr'>ad</span> <span class='ocrx_word' id='word_1_93' title='bbox 871 1027 1017 1094; x_wconf 90' lang='lat' dir='ltr'>perniciem</span> <span class='ocrx_word' id='word_1_94' title='bbox 1031 1025 1185 1080; x_wconf 92' lang='lat' dir='ltr'>communi·</span> <span class='ocrx_word' id='word_1_95' title='bbox 1220 1027 1263 1076; x_wconf 91' lang='lat' dir='ltr'>est</span> <span class='ocrx_word' id='word_1_96' title='bbox 1278 1021 1312 1077; x_wconf 90' lang='lat' dir='ltr'>de</span> <span class='ocrx_word' id='word_1_97' title='bbox 1332 1023 1398 1078; x_wconf 91' lang='lat' dir='ltr'>solis</span> <span class='ocrx_word' id='word_1_98' title='bbox 1414 1023 1558 1094; x_wconf 80' lang='lat' dir='ltr'>privilegiis</span> <span class='ocrx_word' id='word_1_99' title='bbox 1571 1033 1599 1078; x_wconf 91' lang='lat' dir='ltr'>et</span> <span class='ocrx_word' id='word_1_100' title='bbox 1620 1025 1727 1092; x_wconf 88' lang='lat' dir='ltr'>gratiis,</span> <span class='ocrx_word' id='word_1_101' title='bbox 1743 1041 1796 1079; x_wconf 94' lang='lat' dir='ltr'>non</span> <span class='ocrx_word' id='word_1_102' title='bbox 1812 1023 1844 1078; x_wconf 90' lang='lat' dir='ltr'>de</span> <span class='ocrx_word' id='word_1_103' title='bbox 1868 1023 2027 1079; x_wconf 88' lang='lat' dir='ltr'>huiusmodi</span> 
     </span>
     <span class='ocr_line' id='line_1_9' title="bbox 386 1110 2028 1186; baseline -0.002 -16"><span class='ocrx_word' id='word_1_104' title='bbox 386 1119 526 1182; x_wconf 81' lang='lat' dir='ltr'>careatur,</span> <span class='ocrx_word' id='word_1_105' title='bbox 548 1120 575 1170; x_wconf 90' lang='lat' dir='ltr'>et</span> <span class='ocrx_word' id='word_1_106' title='bbox 595 1129 665 1185; x_wconf 87' lang='lat' dir='ltr'>quae</span> <span class='ocrx_word' id='word_1_107' title='bbox 687 1113 719 1170; x_wconf 92' lang='lat' dir='ltr'>ad</span> <span class='ocrx_word' id='word_1_108' title='bbox 741 1113 953 1170; x_wconf 81' lang='lat' dir='ltr'>aedificationem</span> <span class='ocrx_word' id='word_1_109' title='bbox 973 1114 1101 1170; x_wconf 83' lang='lat' dir='ltr'>conterre</span> <span class='ocrx_word' id='word_1_110' title='bbox 1124 1131 1185 1185; x_wconf 91' lang='lat' dir='ltr'>pos·</span> <span class='ocrx_word' id='word_1_111' title='bbox 1220 1110 1460 1169; x_wconf 88' lang='lat' dir='ltr'>declarationibus.</span> <span class='ocrx_word' id='word_1_112' title='bbox 1481 1113 1625 1183; x_wconf 88' lang='lat' dir='ltr'>Secundo,</span> <span class='ocrx_word' id='word_1_113' title='bbox 1641 1116 1704 1186; x_wconf 93' lang='lat' dir='ltr'>quia</span> <span class='ocrx_word' id='word_1_114' title='bbox 1720 1114 1746 1170; x_wconf 89' lang='lat' dir='ltr'>in</span> <span class='ocrx_word' id='word_1_115' title='bbox 1767 1116 1883 1184; x_wconf 89' lang='lat' dir='ltr'>ipsamet</span> <span class='ocrx_word' id='word_1_116' title='bbox 1902 1113 2028 1169; x_wconf 88' lang='lat' dir='ltr'>declara-</span> 
     </span>
     <span class='ocr_line' id='line_1_10' title="bbox 387 1189 2026 1274; baseline -0.001 -19"><span class='ocrx_word' id='word_1_117' title='bbox 387 1208 462 1268; x_wconf 89' lang='lat' dir='ltr'>sunt,</span> <span class='ocrx_word' id='word_1_118' title='bbox 479 1217 531 1256; x_wconf 91' lang='lat' dir='ltr'>non</span> <span class='ocrx_word' id='word_1_119' title='bbox 552 1217 622 1274; x_wconf 90' lang='lat' dir='ltr'>quae</span> <span class='ocrx_word' id='word_1_120' title='bbox 642 1201 675 1258; x_wconf 90' lang='lat' dir='ltr'>ad</span> <span class='ocrx_word' id='word_1_121' title='bbox 695 1201 924 1260; x_wconf 88' lang='lat' dir='ltr'>destructionem.</span> <span class='ocrx_word' id='word_1_122' title='bbox 940 1206 1025 1274; x_wconf 89' lang='lat' dir='ltr'>Saepe</span> <span class='ocrx_word' id='word_1_123' title='bbox 1048 1209 1139 1260; x_wconf 86' lang='lat' dir='ltr'>arrtem</span> <span class='ocrx_word' id='word_1_124' title='bbox 1159 1205 1184 1258; x_wconf 92' lang='lat' dir='ltr'>in</span> <span class='ocrx_word' id='word_1_125' title='bbox 1223 1202 1294 1260; x_wconf 86' lang='lat' dir='ltr'>tione</span> <span class='ocrx_word' id='word_1_126' title='bbox 1309 1201 1463 1272; x_wconf 85' lang='lat' dir='ltr'>explicatur</span> <span class='ocrx_word' id='word_1_127' title='bbox 1478 1200 1585 1258; x_wconf 89' lang='lat' dir='ltr'>lundari</span> <span class='ocrx_word' id='word_1_128' title='bbox 1602 1189 1626 1256; x_wconf 79' lang='lat' dir='ltr'>in</span> <span class='ocrx_word' id='word_1_129' title='bbox 1647 1202 1756 1272; x_wconf 89' lang='lat' dir='ltr'>speciali</span> <span class='ocrx_word' id='word_1_130' title='bbox 1772 1201 1852 1258; x_wconf 84' lang='lat' dir='ltr'>modo</span> <span class='ocrx_word' id='word_1_131' title='bbox 1868 1201 2026 1269; x_wconf 84' lang='lat' dir='ltr'>Societatis,</span> 
     </span>
     <span class='ocr_line' id='line_1_11' title="bbox 387 1288 2028 1364; baseline -0.004 -16"><span class='ocrx_word' id='word_1_132' title='bbox 387 1291 639 1348; x_wconf 84' lang='lat' dir='ltr'>communicatione</span> <span class='ocrx_word' id='word_1_133' title='bbox 655 1289 861 1363; x_wconf 90' lang='lat' dir='ltr'>privilegiorum</span> <span class='ocrx_word' id='word_1_134' title='bbox 875 1293 984 1349; x_wconf 90' lang='lat' dir='ltr'>additur</span> <span class='ocrx_word' id='word_1_135' title='bbox 998 1309 1125 1364; x_wconf 80' lang='lat' dir='ltr'>expresse</span> <span class='ocrx_word' id='word_1_136' title='bbox 1140 1292 1185 1348; x_wconf 91' lang='lat' dir='ltr'>ille</span> <span class='ocrx_word' id='word_1_137' title='bbox 1221 1297 1332 1361; x_wconf 91' lang='lat' dir='ltr'>propter</span> <span class='ocrx_word' id='word_1_138' title='bbox 1348 1291 1466 1346; x_wconf 89' lang='lat' dir='ltr'>instituti</span> <span class='ocrx_word' id='word_1_139' title='bbox 1487 1291 1573 1360; x_wconf 88' lang='lat' dir='ltr'>ipsius</span> <span class='ocrx_word' id='word_1_140' title='bbox 1588 1290 1621 1345; x_wconf 93' lang='lat' dir='ltr'>ab</span> <span class='ocrx_word' id='word_1_141' title='bbox 1642 1289 1700 1346; x_wconf 88' lang='lat' dir='ltr'>aliis</span> <span class='ocrx_word' id='word_1_142' title='bbox 1715 1291 1891 1362; x_wconf 76' lang='lat' dir='ltr'>religionibus</span> <span class='ocrx_word' id='word_1_143' title='bbox 1915 1288 2028 1344; x_wconf 90' lang='lat' dir='ltr'>diversi·</span> 
     </span>
     <span class='ocr_line' id='line_1_12' title="bbox 387 1375 2022 1452; baseline -0.001 -18"><span class='ocrx_word' id='word_1_144' title='bbox 387 1378 568 1434; x_wconf 85' lang='lat' dir='ltr'>modibcatio:</span> <span class='ocrx_word' id='word_1_145' title='bbox 593 1386 651 1435; x_wconf 92' lang='lat' dir='ltr'>tum</span> <span class='ocrx_word' id='word_1_146' title='bbox 671 1383 736 1452; x_wconf 90' lang='lat' dir='ltr'>quin</span> <span class='ocrx_word' id='word_1_147' title='bbox 764 1382 830 1436; x_wconf 90' lang='lat' dir='ltr'>istae</span> <span class='ocrx_word' id='word_1_148' title='bbox 850 1384 1115 1438; x_wconf 86' lang='lat' dir='ltr'>communicationes</span> <span class='ocrx_word' id='word_1_149' title='bbox 1139 1398 1187 1452; x_wconf 90' lang='lat' dir='ltr'>per</span> <span class='ocrx_word' id='word_1_150' title='bbox 1222 1387 1356 1446; x_wconf 90' lang='lat' dir='ltr'>tatem,ut</span> <span class='ocrx_word' id='word_1_151' title='bbox 1370 1378 1509 1435; x_wconf 88' lang='lat' dir='ltr'>diciturin</span> <span class='ocrx_word' id='word_1_152' title='bbox 1522 1375 2022 1452; x_wconf 75' lang='lat' dir='ltr'>BullaGreg&#39;or.lllll.Adsaetrsrour,</span> 
     </span>
     <span class='ocr_line' id='line_1_13' title="bbox 388 1466 2027 1546; baseline -0.002 -22"><span class='ocrx_word' id='word_1_153' title='bbox 388 1466 529 1524; x_wconf 85' lang='lat' dir='ltr'>clausulas</span> <span class='ocrx_word' id='word_1_154' title='bbox 545 1467 622 1524; x_wconf 92' lang='lat' dir='ltr'>valde</span> <span class='ocrx_word' id='word_1_155' title='bbox 636 1469 774 1540; x_wconf 87' lang='lat' dir='ltr'>generales</span> <span class='ocrx_word' id='word_1_156' title='bbox 788 1471 844 1526; x_wconf 91' lang='lat' dir='ltr'>lleri</span> <span class='ocrx_word' id='word_1_157' title='bbox 858 1472 964 1538; x_wconf 88' lang='lat' dir='ltr'>solent,</span> <span class='ocrx_word' id='word_1_158' title='bbox 980 1479 1008 1526; x_wconf 91' lang='lat' dir='ltr'>et</span> <span class='ocrx_word' id='word_1_159' title='bbox 1022 1470 1083 1528; x_wconf 91' lang='lat' dir='ltr'>ideo</span> <span class='ocrx_word' id='word_1_160' title='bbox 1101 1486 1135 1526; x_wconf 91' lang='lat' dir='ltr'>ne</span> <span class='ocrx_word' id='word_1_161' title='bbox 1153 1487 1185 1528; x_wconf 89' lang='lat' dir='ltr'>ex</span> <span class='ocrx_word' id='word_1_162' title='bbox 1223 1469 1284 1523; x_wconf 90' lang='lat' dir='ltr'>anui</span> <span class='ocrx_word' id='word_1_163' title='bbox 1304 1472 1387 1526; x_wconf 79' lang='lat'>1575.</span> <span class='ocrx_word' id='word_1_164' title='bbox 1401 1469 1426 1524; x_wconf 89' lang='lat' dir='ltr'>in</span> <span class='ocrx_word' id='word_1_165' title='bbox 1443 1470 1532 1540; x_wconf 89' lang='lat' dir='ltr'>princ.</span> <span class='ocrx_word' id='word_1_166' title='bbox 1546 1485 1611 1541; x_wconf 89' lang='lat' dir='ltr'>ergo</span> <span class='ocrx_word' id='word_1_167' title='bbox 1625 1469 1698 1540; x_wconf 89' lang='lat' dir='ltr'>quod</span> <span class='ocrx_word' id='word_1_168' title='bbox 1712 1485 1745 1524; x_wconf 83' lang='lat' dir='ltr'>ex</span> <span class='ocrx_word' id='word_1_169' title='bbox 1762 1471 1873 1540; x_wconf 87' lang='lat' dir='ltr'>proprie</span> <span class='ocrx_word' id='word_1_170' title='bbox 1882 1473 1927 1538; x_wconf 89' lang='lat' dir='ltr'>et,</span> <span class='ocrx_word' id='word_1_171' title='bbox 1941 1467 2027 1546; x_wconf 79' lang='lat' dir='ltr'>uteie</span> 
     </span>
     <span class='ocr_line' id='line_1_14' title="bbox 387 1555 2027 1632; baseline -0.001 -21"><span class='ocrx_word' id='word_1_172' title='bbox 387 1555 440 1611; x_wconf 91' lang='lat' dir='ltr'>illis</span> <span class='ocrx_word' id='word_1_173' title='bbox 455 1561 581 1612; x_wconf 88' lang='lat' dir='ltr'>sumetur</span> <span class='ocrx_word' id='word_1_174' title='bbox 595 1560 706 1614; x_wconf 88' lang='lat' dir='ltr'>occasio</span> <span class='ocrx_word' id='word_1_175' title='bbox 722 1560 846 1632; x_wconf 89' lang='lat' dir='ltr'>errandi,</span> <span class='ocrx_word' id='word_1_176' title='bbox 862 1560 1007 1616; x_wconf 86' lang='lat' dir='ltr'>utilissima</span> <span class='ocrx_word' id='word_1_177' title='bbox 1022 1567 1065 1616; x_wconf 90' lang='lat' dir='ltr'>cst</span> <span class='ocrx_word' id='word_1_178' title='bbox 1083 1559 1127 1616; x_wconf 94' lang='lat' dir='ltr'>illa</span> <span class='ocrx_word' id='word_1_179' title='bbox 1140 1559 1189 1615; x_wconf 90' lang='lat' dir='ltr'>de·</span> <span class='ocrx_word' id='word_1_180' title='bbox 1221 1556 1323 1629; x_wconf 92' lang='lat' dir='ltr'>dicam,</span> <span class='ocrx_word' id='word_1_181' title='bbox 1336 1557 1489 1614; x_wconf 83' lang='lat' dir='ltr'>distinctiva</span> <span class='ocrx_word' id='word_1_182' title='bbox 1503 1559 1644 1620; x_wconf 89' lang='lat' dir='ltr'>rationein</span> <span class='ocrx_word' id='word_1_183' title='bbox 1658 1561 1792 1615; x_wconf 82' lang='lat' dir='ltr'>socictate</span> <span class='ocrx_word' id='word_1_184' title='bbox 1803 1556 2027 1628; x_wconf 88' lang='lat' dir='ltr'>ordinatumest,</span> 
     </span>
     <span class='ocr_line' id='line_1_15' title="bbox 390 1643 2029 1720; baseline 0 -20"><span class='ocrx_word' id='word_1_185' title='bbox 390 1643 520 1712; x_wconf 79' lang='lat' dir='ltr'>clarati03</span> <span class='ocrx_word' id='word_1_186' title='bbox 538 1653 596 1702; x_wconf 94' lang='lat' dir='ltr'>tum</span> <span class='ocrx_word' id='word_1_187' title='bbox 611 1649 692 1702; x_wconf 89' lang='lat' dir='ltr'>etiam</span> <span class='ocrx_word' id='word_1_188' title='bbox 708 1648 783 1720; x_wconf 89' lang='lat' dir='ltr'>quia,</span> <span class='ocrx_word' id='word_1_189' title='bbox 799 1655 831 1704; x_wconf 93' lang='lat' dir='ltr'>ut</span> <span class='ocrx_word' id='word_1_190' title='bbox 843 1647 910 1718; x_wconf 82' lang='lat' dir='ltr'>disi,</span> <span class='ocrx_word' id='word_1_191' title='bbox 927 1656 992 1704; x_wconf 91' lang='lat' dir='ltr'>sunt</span> <span class='ocrx_word' id='word_1_192' title='bbox 1005 1649 1093 1706; x_wconf 92' lang='lat' dir='ltr'>multa</span> <span class='ocrx_word' id='word_1_193' title='bbox 1108 1647 1189 1720; x_wconf 86' lang='lat' dir='ltr'>privi·</span> <span class='ocrx_word' id='word_1_194' title='bbox 1224 1663 1277 1705; x_wconf 92' lang='lat' dir='ltr'>ncu</span> <span class='ocrx_word' id='word_1_195' title='bbox 1291 1656 1334 1704; x_wconf 88' lang='lat' dir='ltr'>est</span> <span class='ocrx_word' id='word_1_196' title='bbox 1350 1648 1495 1704; x_wconf 87' lang='lat' dir='ltr'>verisimile</span> <span class='ocrx_word' id='word_1_197' title='bbox 1510 1647 1543 1704; x_wconf 91' lang='lat' dir='ltr'>ad</span> <span class='ocrx_word' id='word_1_198' title='bbox 1560 1648 1625 1704; x_wconf 89' lang='lat' dir='ltr'>alias</span> <span class='ocrx_word' id='word_1_199' title='bbox 1638 1647 1781 1720; x_wconf 85' lang='lat' dir='ltr'>religiones</span> <span class='ocrx_word' id='word_1_200' title='bbox 1795 1650 1854 1702; x_wconf 90' lang='lat' dir='ltr'>sine</span> <span class='ocrx_word' id='word_1_201' title='bbox 1868 1646 1922 1703; x_wconf 91' lang='lat' dir='ltr'>ulia</span> <span class='ocrx_word' id='word_1_202' title='bbox 1935 1645 2029 1701; x_wconf 90' lang='lat' dir='ltr'>decla-</span> 
     </span>
     <span class='ocr_line' id='line_1_16' title="bbox 388 1733 2028 1810; baseline 0.001 -22"><span class='ocrx_word' id='word_1_203' title='bbox 388 1733 459 1806; x_wconf 89' lang='lat' dir='ltr'>legia</span> <span class='ocrx_word' id='word_1_204' title='bbox 473 1751 606 1792; x_wconf 89' lang='lat' dir='ltr'>concessa</span> <span class='ocrx_word' id='word_1_205' title='bbox 621 1735 757 1809; x_wconf 86' lang='lat' dir='ltr'>aliquibus</span> <span class='ocrx_word' id='word_1_206' title='bbox 772 1736 805 1793; x_wconf 91' lang='lat' dir='ltr'>ad</span> <span class='ocrx_word' id='word_1_207' title='bbox 822 1737 1000 1794; x_wconf 90' lang='lat' dir='ltr'>relaxandum</span> <span class='ocrx_word' id='word_1_208' title='bbox 1017 1738 1147 1810; x_wconf 90' lang='lat' dir='ltr'>rigorem,</span> <span class='ocrx_word' id='word_1_209' title='bbox 1162 1743 1189 1793; x_wconf 92' lang='lat' dir='ltr'>et</span> <span class='ocrx_word' id='word_1_210' title='bbox 1224 1739 1344 1808; x_wconf 89' lang='lat' dir='ltr'>ratione,</span> <span class='ocrx_word' id='word_1_211' title='bbox 1357 1737 1399 1794; x_wconf 91' lang='lat' dir='ltr'>vel</span> <span class='ocrx_word' id='word_1_212' title='bbox 1412 1736 1574 1794; x_wconf 80' lang='lat' dir='ltr'>necessitate</span> <span class='ocrx_word' id='word_1_213' title='bbox 1585 1737 1746 1794; x_wconf 73' lang='lat' dir='ltr'>exsentiat</span> <span class='ocrx_word' id='word_1_214' title='bbox 1756 1739 1948 1806; x_wconf 84' lang='lat' dir='ltr'>confirmatur,</span> <span class='ocrx_word' id='word_1_215' title='bbox 1961 1737 2028 1807; x_wconf 87' lang='lat' dir='ltr'>quis</span> 
     </span>
     <span class='ocr_line' id='line_1_17' title="bbox 389 1824 2028 1900; baseline 0.001 -22"><span class='ocrx_word' id='word_1_216' title='bbox 389 1826 513 1894; x_wconf 85' lang='lat' dir='ltr'>oportuit</span> <span class='ocrx_word' id='word_1_217' title='bbox 530 1825 720 1896; x_wconf 65' lang='lat' dir='ltr'>exponerem</span> <span class='ocrx_word' id='word_1_218' title='bbox 742 1824 791 1881; x_wconf 92' lang='lat' dir='ltr'>illis</span> <span class='ocrx_word' id='word_1_219' title='bbox 808 1842 861 1881; x_wconf 95' lang='lat' dir='ltr'>non</span> <span class='ocrx_word' id='word_1_220' title='bbox 881 1827 937 1882; x_wconf 89' lang='lat' dir='ltr'>lieri</span> <span class='ocrx_word' id='word_1_221' title='bbox 960 1827 1189 1884; x_wconf 88' lang='lat' dir='ltr'>communicatio·</span> <span class='ocrx_word' id='word_1_222' title='bbox 1224 1843 1278 1883; x_wconf 94' lang='lat' dir='ltr'>non</span> <span class='ocrx_word' id='word_1_223' title='bbox 1295 1826 1385 1883; x_wconf 88' lang='lat' dir='ltr'>solum</span> <span class='ocrx_word' id='word_1_224' title='bbox 1401 1828 1510 1899; x_wconf 89' lang='lat' dir='ltr'>propria</span> <span class='ocrx_word' id='word_1_225' title='bbox 1525 1827 1679 1900; x_wconf 86' lang='lat' dir='ltr'>privilegia,</span> <span class='ocrx_word' id='word_1_226' title='bbox 1692 1825 1740 1883; x_wconf 89' lang='lat' dir='ltr'>sed</span> <span class='ocrx_word' id='word_1_227' title='bbox 1754 1829 1834 1883; x_wconf 90' lang='lat' dir='ltr'>etiam</span> <span class='ocrx_word' id='word_1_228' title='bbox 1850 1827 1969 1882; x_wconf 86' lang='lat' dir='ltr'>aliarum</span> <span class='ocrx_word' id='word_1_229' title='bbox 1984 1839 2028 1880; x_wconf 90' lang='lat' dir='ltr'>re·</span> 
     </span>
    </p>
   </div>
   <div class='ocr_carea' id='block_1_3' title="bbox 387 1913 2029 2441">
    <p class='ocr_par' dir='ltr' id='par_1_3' title="bbox 387 1913 2029 2441">
     <span class='ocr_line' id='line_1_18' title="bbox 388 1913 2027 1989; baseline 0.001 -22"><span class='ocrx_word' id='word_1_230' title='bbox 388 1926 452 1968; x_wconf 90' lang='lat' dir='ltr'>nem</span> <span class='ocrx_word' id='word_1_231' title='bbox 473 1928 522 1984; x_wconf 90' lang='lat' dir='ltr'>per</span> <span class='ocrx_word' id='word_1_232' title='bbox 542 1913 614 1971; x_wconf 88' lang='lat' dir='ltr'>solas</span> <span class='ocrx_word' id='word_1_233' title='bbox 634 1913 774 1989; x_wconf 80' lang='lat' dir='ltr'>clausulas</span> <span class='ocrx_word' id='word_1_234' title='bbox 794 1915 946 1988; x_wconf 85' lang='lat' dir='ltr'>generales.</span> <span class='ocrx_word' id='word_1_235' title='bbox 962 1915 1097 1982; x_wconf 85' lang='lat' dir='ltr'>Quocirca</span> <span class='ocrx_word' id='word_1_236' title='bbox 1111 1916 1189 1987; x_wconf 88' lang='lat' dir='ltr'>quia</span> <span class='ocrx_word' id='word_1_237' title='bbox 1223 1915 1353 1987; x_wconf 90' lang='lat' dir='ltr'>ligionum</span> <span class='ocrx_word' id='word_1_238' title='bbox 1369 1916 1475 1973; x_wconf 89' lang='lat' dir='ltr'>indulta</span> <span class='ocrx_word' id='word_1_239' title='bbox 1492 1917 1735 1972; x_wconf 89' lang='lat' dir='ltr'>communicantur</span> <span class='ocrx_word' id='word_1_240' title='bbox 1748 1916 1879 1973; x_wconf 85' lang='lat' dir='ltr'>societati</span> <span class='ocrx_word' id='word_1_241' title='bbox 1894 1931 1963 1972; x_wconf 89' lang='lat' dir='ltr'>cum</span> <span class='ocrx_word' id='word_1_242' title='bbox 1983 1913 2027 1970; x_wconf 89' lang='lat' dir='ltr'>illa</span> 
     </span>
     <span class='ocr_line' id='line_1_19' title="bbox 388 1989 2029 2077; baseline 0 -19"><span class='ocrx_word' id='word_1_243' title='bbox 388 2017 444 2058; x_wconf 88' lang='lat' dir='ltr'>non</span> <span class='ocrx_word' id='word_1_244' title='bbox 474 2003 563 2074; x_wconf 85' lang='lat' dir='ltr'>solum</span> <span class='ocrx_word' id='word_1_245' title='bbox 584 2003 686 2060; x_wconf 88' lang='lat' dir='ltr'>dantur</span> <span class='ocrx_word' id='word_1_246' title='bbox 707 2005 971 2062; x_wconf 90' lang='lat' dir='ltr'>communicationes</span> <span class='ocrx_word' id='word_1_247' title='bbox 992 2006 1019 2059; x_wconf 93' lang='lat' dir='ltr'>in</span> <span class='ocrx_word' id='word_1_248' title='bbox 1043 2003 1188 2076; x_wconf 90' lang='lat' dir='ltr'>privilegiis</span> <span class='ocrx_word' id='word_1_249' title='bbox 1223 2021 1353 2077; x_wconf 84' lang='lat' dir='ltr'>expressa</span> <span class='ocrx_word' id='word_1_250' title='bbox 1367 1989 1732 2062; x_wconf 75' lang='lat' dir='ltr'>restrictione:&#39;Dcmmedo</span> <span class='ocrx_word' id='word_1_251' title='bbox 1746 2005 2029 2061; x_wconf 79' lang='lat' dir='ltr'>instituteSecietcr·</span> 
     </span>
     <span class='ocr_line' id='line_1_20' title="bbox 387 2091 2028 2167; baseline 0 -21"><span class='ocrx_word' id='word_1_252' title='bbox 387 2091 465 2162; x_wconf 89' lang='lat' dir='ltr'>prius</span> <span class='ocrx_word' id='word_1_253' title='bbox 487 2093 641 2164; x_wconf 84' lang='lat' dir='ltr'>concessis,</span> <span class='ocrx_word' id='word_1_254' title='bbox 664 2092 814 2150; x_wconf 85' lang='lat' dir='ltr'>sedetiam</span> <span class='ocrx_word' id='word_1_255' title='bbox 835 2093 937 2150; x_wconf 87' lang='lat' dir='ltr'>dantur</span> <span class='ocrx_word' id='word_1_256' title='bbox 959 2094 1190 2150; x_wconf 89' lang='lat' dir='ltr'>communicatio·</span> <span class='ocrx_word' id='word_1_257' title='bbox 1223 2097 1279 2155; x_wconf 84' lang='lat' dir='ltr'>tis,</span> <span class='ocrx_word' id='word_1_258' title='bbox 1303 2097 1330 2150; x_wconf 85' lang='lat' dir='ltr'>et</span> <span class='ocrx_word' id='word_1_259' title='bbox 1350 2095 1538 2166; x_wconf 80' lang='lat' dir='ltr'>Praepositi,</span> <span class='ocrx_word' id='word_1_260' title='bbox 1562 2098 1617 2150; x_wconf 84' lang='lat' dir='ltr'>act</span> <span class='ocrx_word' id='word_1_261' title='bbox 1636 2091 1805 2150; x_wconf 75' lang='lat' dir='ltr'>huiusmodi</span> <span class='ocrx_word' id='word_1_262' title='bbox 1822 2109 2028 2167; x_wconf 73' lang='lat' dir='ltr'>personarum</span> 
     </span>
     <span class='ocr_line' id='line_1_21' title="bbox 387 2180 2028 2257; baseline 0.002 -21"><span class='ocrx_word' id='word_1_263' title='bbox 387 2196 437 2236; x_wconf 89' lang='lat' dir='ltr'>ucs</span> <span class='ocrx_word' id='word_1_264' title='bbox 459 2181 765 2248; x_wconf 74' lang='lat' dir='ltr'>communicationum,</span> <span class='ocrx_word' id='word_1_265' title='bbox 787 2188 821 2239; x_wconf 97' lang='lat' dir='ltr'>ut</span> <span class='ocrx_word' id='word_1_266' title='bbox 840 2183 879 2239; x_wconf 91' lang='lat' dir='ltr'>sic</span> <span class='ocrx_word' id='word_1_267' title='bbox 897 2183 1004 2256; x_wconf 84' lang='lat' dir='ltr'>dicam,</span> <span class='ocrx_word' id='word_1_268' title='bbox 1025 2191 1054 2240; x_wconf 91' lang='lat' dir='ltr'>et</span> <span class='ocrx_word' id='word_1_269' title='bbox 1073 2184 1110 2239; x_wconf 88' lang='lat' dir='ltr'>ita</span> <span class='ocrx_word' id='word_1_270' title='bbox 1123 2183 1190 2239; x_wconf 81' lang='lat' dir='ltr'>auu</span> <span class='ocrx_word' id='word_1_271' title='bbox 1223 2181 1436 2257; x_wconf 75' lang='lat' dir='ltr'>depalatorem</span> <span class='ocrx_word' id='word_1_272' title='bbox 1451 2180 1598 2238; x_wconf 80' lang='lat' dir='ltr'>voluntati</span> <span class='ocrx_word' id='word_1_273' title='bbox 1616 2189 1641 2239; x_wconf 86' lang='lat' dir='ltr'>et</span> <span class='ocrx_word' id='word_1_274' title='bbox 1656 2183 1838 2256; x_wconf 82' lang='lat' dir='ltr'>beneplacito</span> <span class='ocrx_word' id='word_1_275' title='bbox 1853 2199 1915 2239; x_wconf 84' lang='lat' dir='ltr'>rrorr</span> <span class='ocrx_word' id='word_1_276' title='bbox 1928 2181 2028 2254; x_wconf 74' lang='lat' dir='ltr'>refrc-</span> 
     </span>
     <span class='ocr_line' id='line_1_22' title="bbox 389 2269 2029 2346; baseline -0.001 -18"><span class='ocrx_word' id='word_1_277' title='bbox 389 2272 568 2346; x_wconf 89' lang='lat' dir='ltr'>quamplurcs</span> <span class='ocrx_word' id='word_1_278' title='bbox 582 2273 665 2328; x_wconf 84' lang='lat' dir='ltr'>veluti</span> <span class='ocrx_word' id='word_1_279' title='bbox 676 2272 836 2328; x_wconf 89' lang='lat' dir='ltr'>rellexiones</span> <span class='ocrx_word' id='word_1_280' title='bbox 849 2280 877 2330; x_wconf 92' lang='lat' dir='ltr'>et</span> <span class='ocrx_word' id='word_1_281' title='bbox 889 2281 1001 2330; x_wconf 87' lang='lat' dir='ltr'>mutuae</span> <span class='ocrx_word' id='word_1_282' title='bbox 1016 2274 1189 2330; x_wconf 89' lang='lat' dir='ltr'>extensiones</span> <span class='ocrx_word' id='word_1_283' title='bbox 1223 2277 1340 2346; x_wconf 76' lang='lat' dir='ltr'>genter.</span> <span class='ocrx_word' id='word_1_284' title='bbox 1352 2273 1426 2338; x_wconf 86' lang='lat' dir='ltr'>Quae</span> <span class='ocrx_word' id='word_1_285' title='bbox 1447 2269 1571 2328; x_wconf 90' lang='lat' dir='ltr'>limitatio</span> <span class='ocrx_word' id='word_1_286' title='bbox 1590 2287 1643 2328; x_wconf 92' lang='lat' dir='ltr'>uon</span> <span class='ocrx_word' id='word_1_287' title='bbox 1663 2271 1818 2329; x_wconf 87' lang='lat' dir='ltr'>extenditur</span> <span class='ocrx_word' id='word_1_288' title='bbox 1832 2271 1866 2327; x_wconf 89' lang='lat' dir='ltr'>ad</span> <span class='ocrx_word' id='word_1_289' title='bbox 1885 2269 1952 2327; x_wconf 84' lang='lat' dir='ltr'>elias</span> <span class='ocrx_word' id='word_1_290' title='bbox 1967 2271 2029 2326; x_wconf 90' lang='lat' dir='ltr'>reli·</span> 
     </span>
     <span class='ocr_line' id='line_1_23' title="bbox 389 2347 2028 2441; baseline -0.002 -23"><span class='ocrx_word' id='word_1_291' title='bbox 389 2360 487 2418; x_wconf 84' lang='lat' dir='ltr'>haruin</span> <span class='ocrx_word' id='word_1_292' title='bbox 508 2363 790 2418; x_wconf 89' lang='lat' dir='ltr'>communicationum</span> <span class='ocrx_word' id='word_1_293' title='bbox 807 2363 1031 2434; x_wconf 80' lang='lat' dir='ltr'>privilegiorum3</span> <span class='ocrx_word' id='word_1_294' title='bbox 1056 2362 1115 2419; x_wconf 92' lang='lat' dir='ltr'>ideo</span> <span class='ocrx_word' id='word_1_295' title='bbox 1127 2363 1191 2419; x_wconf 91' lang='lat' dir='ltr'>licet</span> <span class='ocrx_word' id='word_1_296' title='bbox 1223 2364 1317 2434; x_wconf 91' lang='lat' dir='ltr'>gioues</span> <span class='ocrx_word' id='word_1_297' title='bbox 1331 2362 1422 2434; x_wconf 89' lang='lat' dir='ltr'>quoad</span> <span class='ocrx_word' id='word_1_298' title='bbox 1438 2347 1717 2441; x_wconf 77' lang='lat' dir='ltr'>communicationem</span> <span class='ocrx_word' id='word_1_299' title='bbox 1733 2362 1943 2433; x_wconf 82' lang='lat' dir='ltr'>privilegiorum</span> <span class='ocrx_word' id='word_1_300' title='bbox 1954 2367 2028 2416; x_wconf 88' lang='lat' dir='ltr'>cete-</span> 
     </span>
    </p>
   </div>
   <div class='ocr_carea' id='block_1_4' title="bbox 388 2449 2029 2524">
    <p class='ocr_par' dir='ltr' id='par_1_4' title="bbox 388 2449 2029 2524">
     <span class='ocr_line' id='line_1_24' title="bbox 388 2449 2029 2524; baseline 0.001 -20"><span class='ocrx_word' id='word_1_301' title='bbox 388 2449 638 2506; x_wconf 87' lang='lat' dir='ltr'>illucleusulunon</span> <span class='ocrx_word' id='word_1_302' title='bbox 653 2449 771 2507; x_wconf 86' lang='lat' dir='ltr'>addatur</span> <span class='ocrx_word' id='word_1_303' title='bbox 787 2451 1191 2524; x_wconf 89' lang='lat' dir='ltr'>inquacumquelurmacom·</span> <span class='ocrx_word' id='word_1_304' title='bbox 1224 2464 1318 2506; x_wconf 88' lang='lat' dir='ltr'>rerum</span> <span class='ocrx_word' id='word_1_305' title='bbox 1340 2451 1512 2524; x_wconf 88' lang='lat' dir='ltr'>religionum,</span> <span class='ocrx_word' id='word_1_306' title='bbox 1535 2457 1568 2506; x_wconf 91' lang='lat' dir='ltr'>ut</span> <span class='ocrx_word' id='word_1_307' title='bbox 1589 2466 1637 2522; x_wconf 90' lang='lat' dir='ltr'>per</span> <span class='ocrx_word' id='word_1_308' title='bbox 1658 2466 1686 2505; x_wconf 91' lang='lat' dir='ltr'>se</span> <span class='ocrx_word' id='word_1_309' title='bbox 1711 2456 1835 2518; x_wconf 68' lang='lat' dir='ltr'>constat,</span> <span class='ocrx_word' id='word_1_310' title='bbox 1858 2465 1926 2520; x_wconf 89' lang='lat' dir='ltr'>ergo</span> <span class='ocrx_word' id='word_1_311' title='bbox 1946 2450 2029 2506; x_wconf 90' lang='lat' dir='ltr'>etiam</span> 
     </span>
    </p>
   </div>
   <div class='ocr_carea' id='block_1_5' title="bbox 280 2539 2027 2612">
    <p class='ocr_par' dir='ltr' id='par_1_5' title="bbox 280 2539 2027 2612">
     <span class='ocr_line' id='line_1_25' title="bbox 280 2539 2027 2612; baseline -0.001 -16"><span class='ocrx_word' id='word_1_312' title='bbox 280 2562 282 2570; x_wconf 61' lang='grc'>’</span> <span class='ocrx_word' id='word_1_313' title='bbox 389 2540 756 2611; x_wconf 89' lang='lat' dir='ltr'>municationis,secuudum</span> <span class='ocrx_word' id='word_1_314' title='bbox 771 2541 843 2597; x_wconf 91' lang='lat' dir='ltr'>illam</span> <span class='ocrx_word' id='word_1_315' title='bbox 859 2541 1049 2612; x_wconf 83' lang='lat' dir='ltr'>restringenda</span> <span class='ocrx_word' id='word_1_316' title='bbox 1063 2547 1117 2612; x_wconf 91' lang='lat' dir='ltr'>est,</span> <span class='ocrx_word' id='word_1_317' title='bbox 1133 2540 1189 2596; x_wconf 89' lang='lat' dir='ltr'>sive</span> <span class='ocrx_word' id='word_1_318' title='bbox 1224 2556 1277 2596; x_wconf 92' lang='lat' dir='ltr'>nen</span> <span class='ocrx_word' id='word_1_319' title='bbox 1294 2539 1376 2596; x_wconf 89' lang='lat' dir='ltr'>habet</span> <span class='ocrx_word' id='word_1_320' title='bbox 1397 2539 1489 2596; x_wconf 92' lang='lat' dir='ltr'>locum</span> <span class='ocrx_word' id='word_1_321' title='bbox 1506 2540 1531 2595; x_wconf 93' lang='lat' dir='ltr'>in</span> <span class='ocrx_word' id='word_1_322' title='bbox 1552 2541 1800 2596; x_wconf 87' lang='lat' dir='ltr'>communicatione</span> <span class='ocrx_word' id='word_1_323' title='bbox 1822 2539 2027 2611; x_wconf 87' lang='lat' dir='ltr'>privilegiorum</span> 
     </span>
    </p>
   </div>
   <div class='ocr_carea' id='block_1_6' title="bbox 365 2631 2032 4668">
    <p class='ocr_par' dir='ltr' id='par_1_6' title="bbox 365 2631 2032 4668">
     <span class='ocr_line' id='line_1_26' title="bbox 388 2631 2027 2703; baseline 0 -16"><span class='ocrx_word' id='word_1_324' title='bbox 388 2645 439 2701; x_wconf 71' lang='lat' dir='ltr'>per</span> <span class='ocrx_word' id='word_1_325' title='bbox 458 2631 662 2686; x_wconf 89' lang='lat' dir='ltr'>conclusionem</span> <span class='ocrx_word' id='word_1_326' title='bbox 678 2632 805 2703; x_wconf 88' lang='lat' dir='ltr'>tacitum,</span> <span class='ocrx_word' id='word_1_327' title='bbox 824 2631 887 2703; x_wconf 90' lang='lat' dir='ltr'>quia</span> <span class='ocrx_word' id='word_1_328' title='bbox 909 2646 956 2703; x_wconf 90' lang='lat' dir='ltr'>per</span> <span class='ocrx_word' id='word_1_329' title='bbox 977 2646 1006 2686; x_wconf 87' lang='lat' dir='ltr'>se</span> <span class='ocrx_word' id='word_1_330' title='bbox 1022 2633 1115 2701; x_wconf 89' lang='lat' dir='ltr'>inest,</span> <span class='ocrx_word' id='word_1_331' title='bbox 1138 2631 1189 2685; x_wconf 86' lang='lat' dir='ltr'>nisi</span> <span class='ocrx_word' id='word_1_332' title='bbox 1224 2632 1311 2702; x_wconf 89' lang='lat' dir='ltr'>ipsius</span> <span class='ocrx_word' id='word_1_333' title='bbox 1326 2633 1487 2703; x_wconf 82' lang='lat' dir='ltr'>Societatis3</span> <span class='ocrx_word' id='word_1_334' title='bbox 1503 2647 1564 2688; x_wconf 88' lang='lat' dir='ltr'>nem</span> <span class='ocrx_word' id='word_1_335' title='bbox 1584 2631 1679 2687; x_wconf 89' lang='lat' dir='ltr'>eadem</span> <span class='ocrx_word' id='word_1_336' title='bbox 1698 2638 1741 2687; x_wconf 90' lang='lat' dir='ltr'>est</span> <span class='ocrx_word' id='word_1_337' title='bbox 1759 2631 1838 2687; x_wconf 86' lang='lat' dir='ltr'>ratio.</span> <span class='ocrx_word' id='word_1_338' title='bbox 1854 2632 1914 2687; x_wconf 89' lang='lat' dir='ltr'>Hoc</span> <span class='ocrx_word' id='word_1_339' title='bbox 1934 2639 2027 2688; x_wconf 85' lang='lat' dir='ltr'>autem</span> 
     </span>
     <span class='ocr_line' id='line_1_27' title="bbox 390 2717 2027 2794; baseline 0 -18"><span class='ocrx_word' id='word_1_340' title='bbox 390 2727 483 2790; x_wconf 90' lang='lat' dir='ltr'>aperte</span> <span class='ocrx_word' id='word_1_341' title='bbox 493 2718 668 2788; x_wconf 88' lang='lat' dir='ltr'>excludatur,</span> <span class='ocrx_word' id='word_1_342' title='bbox 681 2720 737 2775; x_wconf 89' lang='lat' dir='ltr'>sive</span> <span class='ocrx_word' id='word_1_343' title='bbox 749 2735 799 2790; x_wconf 91' lang='lat' dir='ltr'>per</span> <span class='ocrx_word' id='word_1_344' title='bbox 815 2721 976 2776; x_wconf 90' lang='lat' dir='ltr'>relationem</span> <span class='ocrx_word' id='word_1_345' title='bbox 990 2718 1023 2775; x_wconf 90' lang='lat' dir='ltr'>ad</span> <span class='ocrx_word' id='word_1_346' title='bbox 1037 2718 1188 2791; x_wconf 86' lang='lat' dir='ltr'>privilegia,</span> <span class='ocrx_word' id='word_1_347' title='bbox 1224 2717 1334 2775; x_wconf 88' lang='lat' dir='ltr'>limitari</span> <span class='ocrx_word' id='word_1_348' title='bbox 1350 2726 1453 2791; x_wconf 88' lang='lat' dir='ltr'>potest,</span> <span class='ocrx_word' id='word_1_349' title='bbox 1470 2727 1501 2776; x_wconf 91' lang='lat' dir='ltr'>ut</span> <span class='ocrx_word' id='word_1_350' title='bbox 1519 2719 1613 2776; x_wconf 89' lang='lat' dir='ltr'>locum</span> <span class='ocrx_word' id='word_1_351' title='bbox 1628 2735 1681 2775; x_wconf 92' lang='lat' dir='ltr'>nou</span> <span class='ocrx_word' id='word_1_352' title='bbox 1696 2719 1794 2776; x_wconf 89' lang='lat' dir='ltr'>habeat</span> <span class='ocrx_word' id='word_1_353' title='bbox 1807 2721 1833 2775; x_wconf 90' lang='lat' dir='ltr'>iu</span> <span class='ocrx_word' id='word_1_354' title='bbox 1849 2719 1903 2775; x_wconf 92' lang='lat' dir='ltr'>illis</span> <span class='ocrx_word' id='word_1_355' title='bbox 1917 2721 2027 2794; x_wconf 88' lang='lat' dir='ltr'>religio·</span> 
     </span>
     <span class='ocr_line' id='line_1_28' title="bbox 390 2807 2026 2882; baseline 0 -18"><span class='ocrx_word' id='word_1_356' title='bbox 390 2825 460 2880; x_wconf 91' lang='lat' dir='ltr'>quae</span> <span class='ocrx_word' id='word_1_357' title='bbox 480 2809 737 2882; x_wconf 87' lang='lat' dir='ltr'>communicentur,</span> <span class='ocrx_word' id='word_1_358' title='bbox 760 2809 786 2864; x_wconf 91' lang='lat' dir='ltr'>iu</span> <span class='ocrx_word' id='word_1_359' title='bbox 805 2809 906 2882; x_wconf 90' lang='lat' dir='ltr'>quibus</span> <span class='ocrx_word' id='word_1_360' title='bbox 928 2809 990 2864; x_wconf 92' lang='lat' dir='ltr'>talis</span> <span class='ocrx_word' id='word_1_361' title='bbox 1004 2807 1130 2865; x_wconf 87' lang='lat' dir='ltr'>clausule</span> <span class='ocrx_word' id='word_1_362' title='bbox 1143 2823 1191 2880; x_wconf 90' lang='lat' dir='ltr'>po·</span> <span class='ocrx_word' id='word_1_363' title='bbox 1223 2807 1303 2863; x_wconf 92' lang='lat' dir='ltr'>nibus</span> <span class='ocrx_word' id='word_1_364' title='bbox 1319 2807 1358 2881; x_wconf 80' lang='lat' dir='ltr'>lsi</span> <span class='ocrx_word' id='word_1_365' title='bbox 1372 2824 1443 2881; x_wconf 91' lang='lat' dir='ltr'>quae</span> <span class='ocrx_word' id='word_1_366' title='bbox 1459 2807 1550 2880; x_wconf 72' lang='lat' dir='ltr'>suut),</span> <span class='ocrx_word' id='word_1_367' title='bbox 1567 2823 1637 2880; x_wconf 89' lang='lat' dir='ltr'>quae</span> <span class='ocrx_word' id='word_1_368' title='bbox 1651 2808 1676 2862; x_wconf 93' lang='lat' dir='ltr'>iu</span> <span class='ocrx_word' id='word_1_369' title='bbox 1697 2807 1750 2864; x_wconf 89' lang='lat' dir='ltr'>lroc</span> <span class='ocrx_word' id='word_1_370' title='bbox 1770 2807 1853 2864; x_wconf 91' lang='lat' dir='ltr'>modo</span> <span class='ocrx_word' id='word_1_371' title='bbox 1876 2811 2026 2881; x_wconf 89' lang='lat' dir='ltr'>regiminis,</span> 
     </span>
     <span class='ocr_line' id='line_1_29' title="bbox 390 2896 2027 2969; baseline 0.001 -17"><span class='ocrx_word' id='word_1_372' title='bbox 390 2900 444 2955; x_wconf 89' lang='lat' dir='ltr'>sita</span> <span class='ocrx_word' id='word_1_373' title='bbox 456 2905 510 2955; x_wconf 84' lang='lat' dir='ltr'>esc.</span> <span class='ocrx_word' id='word_1_374' title='bbox 1224 2897 1266 2952; x_wconf 87' lang='lat' dir='ltr'>rel</span> <span class='ocrx_word' id='word_1_375' title='bbox 1278 2896 1510 2953; x_wconf 89' lang='lat' dir='ltr'>subordinatienis</span> <span class='ocrx_word' id='word_1_376' title='bbox 1523 2897 1689 2953; x_wconf 90' lang='lat' dir='ltr'>Societatem</span> <span class='ocrx_word' id='word_1_377' title='bbox 1704 2899 1859 2967; x_wconf 89' lang='lat' dir='ltr'>imitantur,</span> <span class='ocrx_word' id='word_1_378' title='bbox 1872 2898 1915 2954; x_wconf 93' lang='lat' dir='ltr'>vel</span> <span class='ocrx_word' id='word_1_379' title='bbox 1926 2898 2027 2969; x_wconf 88' lang='lat' dir='ltr'>simpli-</span> 
     </span>
     <span class='ocr_line' id='line_1_30' title="bbox 430 2984 2026 3059; baseline -0.001 -16"><span class='ocrx_word' id='word_1_380' title='bbox 430 2986 525 3043; x_wconf 87' lang='lat' dir='ltr'>Solum</span> <span class='ocrx_word' id='word_1_381' title='bbox 549 2991 657 3058; x_wconf 90' lang='lat' dir='ltr'>oportet</span> <span class='ocrx_word' id='word_1_382' title='bbox 683 2984 841 3057; x_wconf 89' lang='lat' dir='ltr'>advertere,</span> <span class='ocrx_word' id='word_1_383' title='bbox 863 2987 999 3043; x_wconf 91' lang='lat' dir='ltr'>interdum</span> <span class='ocrx_word' id='word_1_384' title='bbox 1023 2985 1084 3044; x_wconf 89' lang='lat' dir='ltr'>addi</span> <span class='ocrx_word' id='word_1_385' title='bbox 1111 3001 1190 3059; x_wconf 88' lang='lat' dir='ltr'>posse</span> <span class='ocrx_word' id='word_1_386' title='bbox 1225 2987 1306 3057; x_wconf 90' lang='lat' dir='ltr'>citer,</span> <span class='ocrx_word' id='word_1_387' title='bbox 1321 2985 1363 3041; x_wconf 88' lang='lat' dir='ltr'>rel</span> <span class='ocrx_word' id='word_1_388' title='bbox 1378 2986 1530 3042; x_wconf 90' lang='lat' dir='ltr'>secundum</span> <span class='ocrx_word' id='word_1_389' title='bbox 1545 2985 1664 3058; x_wconf 88' lang='lat' dir='ltr'>aliquem</span> <span class='ocrx_word' id='word_1_390' title='bbox 1680 2986 1805 3056; x_wconf 92' lang='lat' dir='ltr'>modum,</span> <span class='ocrx_word' id='word_1_391' title='bbox 1821 2987 1931 3042; x_wconf 90' lang='lat' dir='ltr'>ratione</span> <span class='ocrx_word' id='word_1_392' title='bbox 1947 2989 2026 3043; x_wconf 89' lang='lat' dir='ltr'>cuius</span> 
     </span>
     <span class='ocr_line' id='line_1_31' title="bbox 391 3065 2028 3149; baseline 0 -17"><span class='ocrx_word' id='word_1_393' title='bbox 391 3077 537 3149; x_wconf 89' lang='lat' dir='ltr'>specialem</span> <span class='ocrx_word' id='word_1_394' title='bbox 557 3076 760 3140; x_wconf 79' lang='lat' dir='ltr'>restrictionem</span> <span class='ocrx_word' id='word_1_395' title='bbox 779 3074 909 3148; x_wconf 90' lang='lat' dir='ltr'>privilegii</span> <span class='ocrx_word' id='word_1_396' title='bbox 924 3076 1024 3132; x_wconf 92' lang='lat' dir='ltr'>intuitu</span> <span class='ocrx_word' id='word_1_397' title='bbox 1043 3075 1190 3132; x_wconf 88' lang='lat' dir='ltr'>observau·</span> <span class='ocrx_word' id='word_1_398' title='bbox 1223 3078 1252 3131; x_wconf 91' lang='lat' dir='ltr'>in</span> <span class='ocrx_word' id='word_1_399' title='bbox 1266 3075 1397 3132; x_wconf 88' lang='lat' dir='ltr'>damnum</span> <span class='ocrx_word' id='word_1_400' title='bbox 1410 3076 1469 3132; x_wconf 90' lang='lat' dir='ltr'>tulis</span> <span class='ocrx_word' id='word_1_401' title='bbox 1485 3075 1622 3146; x_wconf 87' lang='lat' dir='ltr'>religionis</span> <span class='ocrx_word' id='word_1_402' title='bbox 1637 3065 1924 3147; x_wconf 69' lang='lat' dir='ltr'>cederet,si·prricatae</span> <span class='ocrx_word' id='word_1_403' title='bbox 1936 3093 2028 3148; x_wconf 85' lang='lat' dir='ltr'>perso-</span> 
     </span>
     <span class='ocr_line' id='line_1_32' title="bbox 391 3164 2028 3237; baseline -0.001 -15"><span class='ocrx_word' id='word_1_404' title='bbox 391 3169 445 3222; x_wconf 87' lang='lat' dir='ltr'>tiae</span> <span class='ocrx_word' id='word_1_405' title='bbox 463 3165 581 3222; x_wconf 90' lang='lat' dir='ltr'>alicuius</span> <span class='ocrx_word' id='word_1_406' title='bbox 595 3164 751 3236; x_wconf 82' lang='lat' dir='ltr'>religionis,</span> <span class='ocrx_word' id='word_1_407' title='bbox 766 3164 831 3235; x_wconf 90' lang='lat' dir='ltr'>qula</span> <span class='ocrx_word' id='word_1_408' title='bbox 845 3164 999 3221; x_wconf 88' lang='lat' dir='ltr'>secuudum</span> <span class='ocrx_word' id='word_1_409' title='bbox 1015 3179 1096 3220; x_wconf 90' lang='lat' dir='ltr'>suum</span> <span class='ocrx_word' id='word_1_410' title='bbox 1115 3165 1192 3222; x_wconf 92' lang='lat' dir='ltr'>lusti·</span> <span class='ocrx_word' id='word_1_411' title='bbox 1225 3181 1276 3221; x_wconf 86' lang='lat' dir='ltr'>nae</span> <span class='ocrx_word' id='word_1_412' title='bbox 1290 3171 1403 3236; x_wconf 89' lang='lat' dir='ltr'>possent</span> <span class='ocrx_word' id='word_1_413' title='bbox 1416 3167 1456 3220; x_wconf 94' lang='lat' dir='ltr'>uti</span> <span class='ocrx_word' id='word_1_414' title='bbox 1471 3165 1613 3237; x_wconf 86' lang='lat' dir='ltr'>privilegiis</span> <span class='ocrx_word' id='word_1_415' title='bbox 1629 3181 1680 3221; x_wconf 90' lang='lat' dir='ltr'>suc</span> <span class='ocrx_word' id='word_1_416' title='bbox 1700 3165 1832 3235; x_wconf 90' lang='lat' dir='ltr'>arbitrio,</span> <span class='ocrx_word' id='word_1_417' title='bbox 1847 3171 1877 3222; x_wconf 91' lang='lat' dir='ltr'>et</span> <span class='ocrx_word' id='word_1_418' title='bbox 1890 3168 1949 3222; x_wconf 88' lang='lat' dir='ltr'>aine</span> <span class='ocrx_word' id='word_1_419' title='bbox 1963 3181 2028 3222; x_wconf 89' lang='lat' dir='ltr'>cou-</span> 
     </span>
     <span class='ocr_line' id='line_1_33' title="bbox 391 3253 2028 3336; baseline -0.002 -22"><span class='ocrx_word' id='word_1_420' title='bbox 391 3263 488 3336; x_wconf 27' lang='lat' dir='ltr'>tutum*</span> <span class='ocrx_word' id='word_1_421' title='bbox 499 3262 541 3312; x_wconf 92' lang='lat' dir='ltr'>est</span> <span class='ocrx_word' id='word_1_422' title='bbox 554 3255 720 3323; x_wconf 86' lang='lat' dir='ltr'>necessaria,</span> <span class='ocrx_word' id='word_1_423' title='bbox 733 3253 775 3308; x_wconf 81' lang='lat' dir='ltr'>ael</span> <span class='ocrx_word' id='word_1_424' title='bbox 791 3255 907 3310; x_wconf 85' lang='lat' dir='ltr'>maxime</span> <span class='ocrx_word' id='word_1_425' title='bbox 921 3255 1086 3310; x_wconf 90' lang='lat' dir='ltr'>couveniens</span> <span class='ocrx_word' id='word_1_426' title='bbox 1099 3254 1132 3311; x_wconf 91' lang='lat' dir='ltr'>ad</span> <span class='ocrx_word' id='word_1_427' title='bbox 1148 3269 1191 3311; x_wconf 89' lang='lat' dir='ltr'>re·</span> <span class='ocrx_word' id='word_1_428' title='bbox 1226 3269 1309 3310; x_wconf 90' lang='lat' dir='ltr'>sensu</span> <span class='ocrx_word' id='word_1_429' title='bbox 1327 3254 1452 3325; x_wconf 91' lang='lat' dir='ltr'>praelati,</span> <span class='ocrx_word' id='word_1_430' title='bbox 1467 3253 1509 3310; x_wconf 88' lang='lat' dir='ltr'>vel</span> <span class='ocrx_word' id='word_1_431' title='bbox 1523 3253 1655 3324; x_wconf 89' lang='lat' dir='ltr'>capituli,</span> <span class='ocrx_word' id='word_1_432' title='bbox 1670 3269 1719 3308; x_wconf 92' lang='lat' dir='ltr'>seu</span> <span class='ocrx_word' id='word_1_433' title='bbox 1734 3253 1824 3324; x_wconf 88' lang='lat' dir='ltr'>illius,</span> <span class='ocrx_word' id='word_1_434' title='bbox 1839 3254 1874 3311; x_wconf 90' lang='lat' dir='ltr'>ad</span> <span class='ocrx_word' id='word_1_435' title='bbox 1887 3270 1973 3327; x_wconf 91' lang='lat' dir='ltr'>quem</span> <span class='ocrx_word' id='word_1_436' title='bbox 1987 3258 2028 3311; x_wconf 93' lang='lat' dir='ltr'>iu-</span> 
     </span>
     <span class='ocr_line' id='line_1_34' title="bbox 391 3341 2026 3416; baseline -0.002 -12"><span class='ocrx_word' id='word_1_437' title='bbox 391 3354 467 3404; x_wconf 88' lang='lat' dir='ltr'>ctnm</span> <span class='ocrx_word' id='word_1_438' title='bbox 486 3343 728 3416; x_wconf 86' lang='lat' dir='ltr'>gubernationem,</span> <span class='ocrx_word' id='word_1_439' title='bbox 745 3341 786 3398; x_wconf 90' lang='lat' dir='ltr'>vel</span> <span class='ocrx_word' id='word_1_440' title='bbox 802 3342 835 3398; x_wconf 89' lang='lat' dir='ltr'>ad</span> <span class='ocrx_word' id='word_1_441' title='bbox 856 3342 1025 3414; x_wconf 91' lang='lat' dir='ltr'>disciplinam</span> <span class='ocrx_word' id='word_1_442' title='bbox 1039 3343 1192 3415; x_wconf 89' lang='lat' dir='ltr'>religiosum</span> <span class='ocrx_word' id='word_1_443' title='bbox 1226 3352 1273 3400; x_wconf 88' lang='lat' dir='ltr'>xta</span> <span class='ocrx_word' id='word_1_444' title='bbox 1288 3344 1339 3400; x_wconf 89' lang='lat' dir='ltr'>tals</span> <span class='ocrx_word' id='word_1_445' title='bbox 1354 3345 1510 3400; x_wconf 89' lang='lat' dir='ltr'>institutum</span> <span class='ocrx_word' id='word_1_446' title='bbox 1522 3343 1568 3398; x_wconf 91' lang='lat' dir='ltr'>illa</span> <span class='ocrx_word' id='word_1_447' title='bbox 1582 3357 1652 3399; x_wconf 88' lang='lat' dir='ltr'>cure</span> <span class='ocrx_word' id='word_1_448' title='bbox 1666 3350 1694 3400; x_wconf 87' lang='lat' dir='ltr'>et</span> <span class='ocrx_word' id='word_1_449' title='bbox 1708 3342 1864 3400; x_wconf 86' lang='lat' dir='ltr'>sollicitudo</span> <span class='ocrx_word' id='word_1_450' title='bbox 1879 3344 2026 3401; x_wconf 90' lang='lat' dir='ltr'>incumbit.</span> 
     </span>
     <span class='ocr_line' id='line_1_35' title="bbox 392 3431 2030 3506; baseline -0.004 -10"><span class='ocrx_word' id='word_1_451' title='bbox 392 3433 604 3504; x_wconf 77' lang='lat' dir='ltr'>observandem,</span> <span class='ocrx_word' id='word_1_452' title='bbox 620 3447 692 3504; x_wconf 88' lang='lat' dir='ltr'>quae</span> <span class='ocrx_word' id='word_1_453' title='bbox 715 3440 804 3488; x_wconf 91' lang='lat' dir='ltr'>tamen</span> <span class='ocrx_word' id='word_1_454' title='bbox 825 3433 850 3488; x_wconf 92' lang='lat' dir='ltr'>iu</span> <span class='ocrx_word' id='word_1_455' title='bbox 871 3431 922 3488; x_wconf 89' lang='lat' dir='ltr'>alia</span> <span class='ocrx_word' id='word_1_456' title='bbox 939 3433 1071 3506; x_wconf 87' lang='lat' dir='ltr'>religione</span> <span class='ocrx_word' id='word_1_457' title='bbox 1092 3448 1193 3488; x_wconf 90' lang='lat' dir='ltr'>secuu·</span> <span class='ocrx_word' id='word_1_458' title='bbox 1225 3436 1302 3491; x_wconf 88' lang='lat' dir='ltr'>Tuuc</span> <span class='ocrx_word' id='word_1_459' title='bbox 1317 3433 1389 3490; x_wconf 92' lang='lat' dir='ltr'>enim</span> <span class='ocrx_word' id='word_1_460' title='bbox 1404 3432 1514 3490; x_wconf 90' lang='lat' dir='ltr'>videtur</span> <span class='ocrx_word' id='word_1_461' title='bbox 1524 3431 1698 3505; x_wconf 86' lang='lat' dir='ltr'>intelligenda</span> <span class='ocrx_word' id='word_1_462' title='bbox 1712 3433 1931 3490; x_wconf 86' lang='lat' dir='ltr'>communicatio</span> <span class='ocrx_word' id='word_1_463' title='bbox 1946 3437 2030 3504; x_wconf 84' lang='lat' dir='ltr'>priri-</span> 
     </span>
     <span class='ocr_line' id='line_1_36' title="bbox 391 3519 2029 3598; baseline -0.004 -14"><span class='ocrx_word' id='word_1_464' title='bbox 391 3527 457 3584; x_wconf 89' lang='lat' dir='ltr'>dum</span> <span class='ocrx_word' id='word_1_465' title='bbox 469 3540 547 3582; x_wconf 89' lang='lat' dir='ltr'>suam</span> <span class='ocrx_word' id='word_1_466' title='bbox 565 3522 700 3594; x_wconf 88' lang='lat' dir='ltr'>regulum,</span> <span class='ocrx_word' id='word_1_467' title='bbox 712 3528 740 3578; x_wconf 85' lang='lat' dir='ltr'>et</span> <span class='ocrx_word' id='word_1_468' title='bbox 753 3522 910 3578; x_wconf 88' lang='lat' dir='ltr'>institutum</span> <span class='ocrx_word' id='word_1_469' title='bbox 922 3538 975 3577; x_wconf 93' lang='lat' dir='ltr'>non</span> <span class='ocrx_word' id='word_1_470' title='bbox 991 3529 1191 3591; x_wconf 89' lang='lat' dir='ltr'>servatur,nec</span> <span class='ocrx_word' id='word_1_471' title='bbox 1227 3525 1360 3598; x_wconf 89' lang='lat' dir='ltr'>leglorum</span> <span class='ocrx_word' id='word_1_472' title='bbox 1382 3523 1455 3578; x_wconf 93' lang='lat' dir='ltr'>iuxta</span> <span class='ocrx_word' id='word_1_473' title='bbox 1482 3521 1595 3578; x_wconf 90' lang='lat' dir='ltr'>modum</span> <span class='ocrx_word' id='word_1_474' title='bbox 1607 3519 1663 3578; x_wconf 63' lang='lat' dir='ltr'>,tali</span> <span class='ocrx_word' id='word_1_475' title='bbox 1684 3521 1806 3594; x_wconf 88' lang='lat' dir='ltr'>religioni</span> <span class='ocrx_word' id='word_1_476' title='bbox 1831 3522 2029 3578; x_wconf 87' lang='lat' dir='ltr'>accommoda·</span> 
     </span>
     <span class='ocr_line' id='line_1_37' title="bbox 365 3599 2029 3688; baseline -0.004 -17"><span class='ocrx_word' id='word_1_477' title='bbox 365 3599 370 3607; x_wconf 45' lang='lat'><em>*</em></span> <span class='ocrx_word' id='word_1_478' title='bbox 391 3616 525 3688; x_wconf 88' lang='lat' dir='ltr'>pertinere</span> <span class='ocrx_word' id='word_1_479' title='bbox 547 3617 678 3668; x_wconf 89' lang='lat' dir='ltr'>censetur</span> <span class='ocrx_word' id='word_1_480' title='bbox 698 3611 731 3667; x_wconf 89' lang='lat' dir='ltr'>ad</span> <span class='ocrx_word' id='word_1_481' title='bbox 751 3611 900 3682; x_wconf 88' lang='lat' dir='ltr'>perlectam</span> <span class='ocrx_word' id='word_1_482' title='bbox 921 3609 1125 3667; x_wconf 85' lang='lat' dir='ltr'>observantiam</span> <span class='ocrx_word' id='word_1_483' title='bbox 1146 3610 1190 3665; x_wconf 88' lang='lat' dir='ltr'>sui</span> <span class='ocrx_word' id='word_1_484' title='bbox 1227 3622 1298 3685; x_wconf 86' lang='lat' dir='ltr'>tum,</span> <span class='ocrx_word' id='word_1_485' title='bbox 1318 3628 1373 3668; x_wconf 91' lang='lat' dir='ltr'>nou</span> <span class='ocrx_word' id='word_1_486' title='bbox 1388 3618 1501 3682; x_wconf 90' lang='lat' dir='ltr'>propter</span> <span class='ocrx_word' id='word_1_487' title='bbox 1514 3610 1793 3668; x_wconf 87' lang='lat' dir='ltr'>communicationem</span> <span class='ocrx_word' id='word_1_488' title='bbox 1808 3627 1874 3667; x_wconf 90' lang='lat' dir='ltr'>cum</span> <span class='ocrx_word' id='word_1_489' title='bbox 1891 3611 2029 3668; x_wconf 85' lang='lat' dir='ltr'>societate</span> 
     </span>
     <span class='ocr_line' id='line_1_38' title="bbox 391 3699 2030 3774; baseline -0.004 -12"><span class='ocrx_word' id='word_1_490' title='bbox 391 3705 514 3762; x_wconf 81' lang='lat' dir='ltr'>instituti.</span> <span class='ocrx_word' id='word_1_491' title='bbox 531 3703 569 3758; x_wconf 84' lang='lat' dir='ltr'>Et</span> <span class='ocrx_word' id='word_1_492' title='bbox 583 3710 648 3757; x_wconf 90' lang='lat' dir='ltr'>tunc</span> <span class='ocrx_word' id='word_1_493' title='bbox 665 3700 889 3756; x_wconf 91' lang='lat' dir='ltr'>verisimillimum</span> <span class='ocrx_word' id='word_1_494' title='bbox 903 3706 956 3767; x_wconf 88' lang='lat' dir='ltr'>est,</span> <span class='ocrx_word' id='word_1_495' title='bbox 971 3701 998 3755; x_wconf 93' lang='lat' dir='ltr'>in</span> <span class='ocrx_word' id='word_1_496' title='bbox 1013 3699 1193 3756; x_wconf 88' lang='lat' dir='ltr'>concessione</span> <span class='ocrx_word' id='word_1_497' title='bbox 1226 3705 1251 3760; x_wconf 92' lang='lat' dir='ltr'>in</span> <span class='ocrx_word' id='word_1_498' title='bbox 1262 3701 1309 3758; x_wconf 92' lang='lat' dir='ltr'>illa</span> <span class='ocrx_word' id='word_1_499' title='bbox 1330 3701 1506 3759; x_wconf 82' lang='lat' dir='ltr'>restrictione</span> <span class='ocrx_word' id='word_1_500' title='bbox 1520 3701 1631 3773; x_wconf 83' lang='lat' dir='ltr'>propris</span> <span class='ocrx_word' id='word_1_501' title='bbox 1644 3700 1703 3757; x_wconf 90' lang='lat' dir='ltr'>eius</span> <span class='ocrx_word' id='word_1_502' title='bbox 1719 3700 1795 3774; x_wconf 79' lang='lat' dir='ltr'>lnam</span> <span class='ocrx_word' id='word_1_503' title='bbox 1809 3701 1836 3756; x_wconf 92' lang='lat' dir='ltr'>in</span> <span class='ocrx_word' id='word_1_504' title='bbox 1857 3699 1903 3757; x_wconf 91' lang='lat' dir='ltr'>illa</span> <span class='ocrx_word' id='word_1_505' title='bbox 1917 3716 1948 3757; x_wconf 91' lang='lat' dir='ltr'>re</span> <span class='ocrx_word' id='word_1_506' title='bbox 1968 3716 2030 3757; x_wconf 89' lang='lat' dir='ltr'>vcra</span> 
     </span>
     <span class='ocr_line' id='line_1_39' title="bbox 392 3787 2030 3865; baseline -0.002 -15"><span class='ocrx_word' id='word_1_507' title='bbox 392 3794 454 3850; x_wconf 89' lang='lat' dir='ltr'>talrs</span> <span class='ocrx_word' id='word_1_508' title='bbox 469 3790 599 3865; x_wconf 88' lang='lat' dir='ltr'>privilegii</span> <span class='ocrx_word' id='word_1_509' title='bbox 609 3789 686 3845; x_wconf 88' lang='lat' dir='ltr'>alteri</span> <span class='ocrx_word' id='word_1_510' title='bbox 698 3788 819 3860; x_wconf 82' lang='lat' dir='ltr'>religioni</span> <span class='ocrx_word' id='word_1_511' title='bbox 830 3788 905 3858; x_wconf 77' lang='lat' dir='ltr'>lacta</span> <span class='ocrx_word' id='word_1_512' title='bbox 915 3804 969 3845; x_wconf 92' lang='lat' dir='ltr'>non</span> <span class='ocrx_word' id='word_1_513' title='bbox 981 3787 1088 3845; x_wconf 87' lang='lat' dir='ltr'>includi</span> <span class='ocrx_word' id='word_1_514' title='bbox 1096 3789 1191 3844; x_wconf 89' lang='lat' dir='ltr'>restri·</span> <span class='ocrx_word' id='word_1_515' title='bbox 1227 3808 1281 3849; x_wconf 89' lang='lat' dir='ltr'>nou</span> <span class='ocrx_word' id='word_1_516' title='bbox 1298 3789 1403 3848; x_wconf 92' lang='lat' dir='ltr'>videtur</span> <span class='ocrx_word' id='word_1_517' title='bbox 1417 3789 1517 3846; x_wconf 88' lang='lat' dir='ltr'>habere</span> <span class='ocrx_word' id='word_1_518' title='bbox 1535 3789 1628 3846; x_wconf 89' lang='lat' dir='ltr'>locum</span> <span class='ocrx_word' id='word_1_519' title='bbox 1642 3791 1872 3861; x_wconf 89' lang='lat' dir='ltr'>communicatio,</span> <span class='ocrx_word' id='word_1_520' title='bbox 1889 3793 1958 3862; x_wconf 87' lang='lat' dir='ltr'>quia</span> <span class='ocrx_word' id='word_1_521' title='bbox 1977 3806 2030 3846; x_wconf 90' lang='lat' dir='ltr'>uon</span> 
     </span>
     <span class='ocr_line' id='line_1_40' title="bbox 392 3875 2032 3954; baseline -0.003 -14"><span class='ocrx_word' id='word_1_522' title='bbox 392 3887 509 3940; x_wconf 89' lang='lat' dir='ltr'>ctionem</span> <span class='ocrx_word' id='word_1_523' title='bbox 526 3881 613 3949; x_wconf 88' lang='lat' dir='ltr'>illam,</span> <span class='ocrx_word' id='word_1_524' title='bbox 630 3895 681 3935; x_wconf 91' lang='lat' dir='ltr'>seu</span> <span class='ocrx_word' id='word_1_525' title='bbox 695 3877 885 3950; x_wconf 90' lang='lat' dir='ltr'>perticularem</span> <span class='ocrx_word' id='word_1_526' title='bbox 901 3877 1014 3934; x_wconf 87' lang='lat' dir='ltr'>modum</span> <span class='ocrx_word' id='word_1_527' title='bbox 1029 3875 1122 3935; x_wconf 89' lang='lat' dir='ltr'>utendi</span> <span class='ocrx_word' id='word_1_528' title='bbox 1143 3877 1191 3934; x_wconf 89' lang='lat' dir='ltr'>illo</span> <span class='ocrx_word' id='word_1_529' title='bbox 1225 3890 1268 3938; x_wconf 91' lang='lat' dir='ltr'>est</span> <span class='ocrx_word' id='word_1_530' title='bbox 1289 3881 1396 3954; x_wconf 89' lang='lat' dir='ltr'>proprie</span> <span class='ocrx_word' id='word_1_531' title='bbox 1416 3877 1618 3952; x_wconf 69' lang='lat' dir='ltr'>privilegium),</span> <span class='ocrx_word' id='word_1_532' title='bbox 1635 3878 1683 3935; x_wconf 91' lang='lat' dir='ltr'>sed</span> <span class='ocrx_word' id='word_1_533' title='bbox 1703 3885 1816 3950; x_wconf 88' lang='lat' dir='ltr'>propter</span> <span class='ocrx_word' id='word_1_534' title='bbox 1838 3877 1907 3935; x_wconf 92' lang='lat' dir='ltr'>illud</span> <span class='ocrx_word' id='word_1_535' title='bbox 1931 3881 2032 3951; x_wconf 91' lang='lat' dir='ltr'>priuci-</span> 
     </span>
     <span class='ocr_line' id='line_1_41' title="bbox 391 3966 2032 4046; baseline -0.002 -16"><span class='ocrx_word' id='word_1_536' title='bbox 391 3973 532 4046; x_wconf 87' lang='lat' dir='ltr'>prlvileglo</span> <span class='ocrx_word' id='word_1_537' title='bbox 556 3969 637 4042; x_wconf 91' lang='lat' dir='ltr'>priori</span> <span class='ocrx_word' id='word_1_538' title='bbox 664 3966 787 4039; x_wconf 89' lang='lat' dir='ltr'>religioni</span> <span class='ocrx_word' id='word_1_539' title='bbox 806 3968 1027 4025; x_wconf 85' lang='lat' dir='ltr'>accommodato.</span> <span class='ocrx_word' id='word_1_540' title='bbox 1049 3971 1089 4026; x_wconf 91' lang='lat' dir='ltr'>lte</span> <span class='ocrx_word' id='word_1_541' title='bbox 1109 3967 1194 4025; x_wconf 86' lang='lat' dir='ltr'>sentit</span> <span class='ocrx_word' id='word_1_542' title='bbox 1226 3971 1301 4043; x_wconf 91' lang='lat' dir='ltr'>pium</span> <span class='ocrx_word' id='word_1_543' title='bbox 1316 3969 1442 4042; x_wconf 88' lang='lat' dir='ltr'>generale</span> <span class='ocrx_word' id='word_1_544' title='bbox 1458 3969 1581 4039; x_wconf 86' lang='lat' dir='ltr'>proxime</span> <span class='ocrx_word' id='word_1_545' title='bbox 1595 3969 1731 4041; x_wconf 89' lang='lat' dir='ltr'>positum,</span> <span class='ocrx_word' id='word_1_546' title='bbox 1748 3966 1822 4041; x_wconf 94' lang='lat' dir='ltr'>quod</span> <span class='ocrx_word' id='word_1_547' title='bbox 1838 3969 2032 4026; x_wconf 89' lang='lat' dir='ltr'>communica·</span> 
     </span>
     <span class='ocr_line' id='line_1_42' title="bbox 392 4057 2032 4132; baseline -0.002 -13"><span class='ocrx_word' id='word_1_548' title='bbox 392 4065 519 4120; x_wconf 87' lang='lat' dir='ltr'>Emman.</span> <span class='ocrx_word' id='word_1_549' title='bbox 532 4059 633 4116; x_wconf 83' lang='lat' dir='ltr'>Roder.</span> <span class='ocrx_word' id='word_1_550' title='bbox 645 4057 674 4114; x_wconf 89' lang='lat' dir='ltr'>d.</span> <span class='ocrx_word' id='word_1_551' title='bbox 687 4073 715 4129; x_wconf 90' lang='lat' dir='ltr'>q.</span> <span class='ocrx_word' id='word_1_552' title='bbox 729 4064 775 4130; x_wconf 79' lang='lat'>55,</span> <span class='ocrx_word' id='word_1_553' title='bbox 792 4067 846 4115; x_wconf 89' lang='lat' dir='ltr'>art.</span> <span class='ocrx_word' id='word_1_554' title='bbox 863 4062 893 4116; x_wconf 87' lang='lat' dir='ltr'>ll</span> <span class='ocrx_word' id='word_1_555' title='bbox 907 4100 915 4132; x_wconf 93' lang='lat'>,</span> <span class='ocrx_word' id='word_1_556' title='bbox 935 4058 968 4116; x_wconf 89' lang='lat' dir='ltr'>de</span> <span class='ocrx_word' id='word_1_557' title='bbox 988 4058 1034 4116; x_wconf 91' lang='lat' dir='ltr'>illa</span> <span class='ocrx_word' id='word_1_558' title='bbox 1054 4059 1191 4128; x_wconf 88' lang='lat' dir='ltr'>clausula,</span> <span class='ocrx_word' id='word_1_559' title='bbox 1227 4063 1264 4117; x_wconf 94' lang='lat' dir='ltr'>tio</span> <span class='ocrx_word' id='word_1_560' title='bbox 1280 4059 1482 4132; x_wconf 87' lang='lat' dir='ltr'>privilegiorum</span> <span class='ocrx_word' id='word_1_561' title='bbox 1493 4059 1520 4114; x_wconf 88' lang='lat' dir='ltr'>in</span> <span class='ocrx_word' id='word_1_562' title='bbox 1533 4073 1700 4131; x_wconf 91' lang='lat' dir='ltr'>unaquaque</span> <span class='ocrx_word' id='word_1_563' title='bbox 1712 4057 1842 4130; x_wconf 88' lang='lat' dir='ltr'>religione</span> <span class='ocrx_word' id='word_1_564' title='bbox 1856 4057 2032 4131; x_wconf 83' lang='lat' dir='ltr'>intelligenda</span> 
     </span>
     <span class='ocr_line' id='line_1_43' title="bbox 393 4147 2031 4228; baseline -0.003 -19"><span class='ocrx_word' id='word_1_565' title='bbox 393 4169 465 4228; x_wconf 93' lang='lat' dir='ltr'>quae</span> <span class='ocrx_word' id='word_1_566' title='bbox 482 4149 591 4218; x_wconf 84' lang='lat' dir='ltr'>additur</span> <span class='ocrx_word' id='word_1_567' title='bbox 605 4149 630 4203; x_wconf 95' lang='lat' dir='ltr'>in</span> <span class='ocrx_word' id='word_1_568' title='bbox 646 4147 792 4221; x_wconf 86' lang='lat' dir='ltr'>privilegiis</span> <span class='ocrx_word' id='word_1_569' title='bbox 807 4149 963 4206; x_wconf 89' lang='lat' dir='ltr'>Societatis:</span> <span class='ocrx_word' id='word_1_570' title='bbox 986 4152 1021 4210; x_wconf 86' lang='lat' dir='ltr'>Ut</span> <span class='ocrx_word' id='word_1_571' title='bbox 1035 4166 1095 4206; x_wconf 87' lang='lat' dir='ltr'>nora</span> <span class='ocrx_word' id='word_1_572' title='bbox 1107 4149 1194 4207; x_wconf 83' lang='lat' dir='ltr'>intel·</span> <span class='ocrx_word' id='word_1_573' title='bbox 1226 4152 1340 4208; x_wconf 88' lang='lat' dir='ltr'>estsine</span> <span class='ocrx_word' id='word_1_574' title='bbox 1355 4147 1665 4220; x_wconf 86' lang='lat' dir='ltr'>dispendiodlsciplinae</span> <span class='ocrx_word' id='word_1_575' title='bbox 1681 4147 1834 4220; x_wconf 82' lang='lat' dir='ltr'>religiosae,</span> <span class='ocrx_word' id='word_1_576' title='bbox 1850 4149 2031 4206; x_wconf 89' lang='lat' dir='ltr'>uniuscuius-</span> 
     </span>
     <span class='ocr_line' id='line_1_44' title="bbox 393 4235 1851 4315; baseline -0.005 -16"><span class='ocrx_word' id='word_1_577' title='bbox 393 4243 530 4315; x_wconf 75' lang='lat' dir='ltr'>tepenter</span> <span class='ocrx_word' id='word_1_578' title='bbox 545 4237 667 4296; x_wconf 86' lang='lat' dir='ltr'>concedi</span> <span class='ocrx_word' id='word_1_579' title='bbox 686 4235 878 4309; x_wconf 70' lang='lat' dir='ltr'>miserioribus</span> <span class='ocrx_word' id='word_1_580' title='bbox 893 4237 1017 4311; x_wconf 77' lang='lat' dir='ltr'>singulis</span> <span class='ocrx_word' id='word_1_581' title='bbox 1036 4237 1193 4296; x_wconf 85' lang='lat' dir='ltr'>tmmedic·</span> <span class='ocrx_word' id='word_1_582' title='bbox 1227 4257 1281 4315; x_wconf 94' lang='lat' dir='ltr'>que</span> <span class='ocrx_word' id='word_1_583' title='bbox 1295 4240 1423 4297; x_wconf 89' lang='lat' dir='ltr'>instituto</span> <span class='ocrx_word' id='word_1_584' title='bbox 1438 4245 1466 4293; x_wconf 91' lang='lat' dir='ltr'>et</span> <span class='ocrx_word' id='word_1_585' title='bbox 1480 4238 1602 4310; x_wconf 89' lang='lat' dir='ltr'>regimini</span> <span class='ocrx_word' id='word_1_586' title='bbox 1617 4236 1851 4294; x_wconf 86' lang='lat' dir='ltr'>accommodatae.</span> 
     </span>
     <span class='ocr_line' id='line_1_45' title="bbox 393 4325 2027 4400; baseline -0.004 -9"><span class='ocrx_word' id='word_1_587' title='bbox 393 4339 436 4396; x_wconf 81' lang='lat' dir='ltr'>te,</span> <span class='ocrx_word' id='word_1_588' title='bbox 453 4329 505 4389; x_wconf 84' lang='lat' dir='ltr'>sed</span> <span class='ocrx_word' id='word_1_589' title='bbox 525 4327 675 4386; x_wconf 84' lang='lat' dir='ltr'>nredtante</span> <span class='ocrx_word' id='word_1_590' title='bbox 697 4329 870 4400; x_wconf 82' lang='lat' dir='ltr'>Praeposito</span> <span class='ocrx_word' id='word_1_591' title='bbox 892 4327 1043 4400; x_wconf 73' lang='lat' dir='ltr'>generali:</span> <span class='ocrx_word' id='word_1_592' title='bbox 1058 4329 1194 4386; x_wconf 87' lang='lat' dir='ltr'>existimat</span> <span class='ocrx_word' id='word_1_593' title='bbox 1265 4335 1292 4390; x_wconf 85' lang='lat' dir='ltr'>t.</span> <span class='ocrx_word' id='word_1_594' title='bbox 1307 4331 1396 4386; x_wconf 85' lang='lat' dir='ltr'>Tertia</span> <span class='ocrx_word' id='word_1_595' title='bbox 1420 4327 1514 4400; x_wconf 90' lang='lat' dir='ltr'>itaque</span> <span class='ocrx_word' id='word_1_596' title='bbox 1538 4326 1676 4383; x_wconf 89' lang='lat' dir='ltr'>restrictio</span> <span class='ocrx_word' id='word_1_597' title='bbox 1701 4325 1834 4400; x_wconf 88' lang='lat' dir='ltr'>privilegii</span> <span class='ocrx_word' id='word_1_598' title='bbox 1858 4340 1921 4382; x_wconf 89' lang='lat' dir='ltr'>esse</span> <span class='ocrx_word' id='word_1_599' title='bbox 1946 4327 2027 4392; x_wconf 89' lang='lat' dir='ltr'>solet,</span> 
     </span>
     <span class='ocr_line' id='line_1_46' title="bbox 393 4413 2032 4492; baseline -0.003 -14"><span class='ocrx_word' id='word_1_600' title='bbox 393 4425 482 4490; x_wconf 89' lang='lat' dir='ltr'>enim,</span> <span class='ocrx_word' id='word_1_601' title='bbox 499 4419 572 4475; x_wconf 91' lang='lat' dir='ltr'>huno</span> <span class='ocrx_word' id='word_1_602' title='bbox 594 4417 716 4474; x_wconf 91' lang='lat' dir='ltr'>ordinem</span> <span class='ocrx_word' id='word_1_603' title='bbox 731 4432 784 4471; x_wconf 91' lang='lat' dir='ltr'>nou</span> <span class='ocrx_word' id='word_1_604' title='bbox 805 4431 865 4471; x_wconf 88' lang='lat' dir='ltr'>esse</span> <span class='ocrx_word' id='word_1_605' title='bbox 887 4419 1073 4473; x_wconf 90' lang='lat' dir='ltr'>necessarium</span> <span class='ocrx_word' id='word_1_606' title='bbox 1088 4419 1116 4472; x_wconf 92' lang='lat' dir='ltr'>iu</span> <span class='ocrx_word' id='word_1_607' title='bbox 1136 4417 1193 4473; x_wconf 90' lang='lat' dir='ltr'>aliis</span> <span class='ocrx_word' id='word_1_608' title='bbox 1228 4421 1292 4492; x_wconf 89' lang='lat' dir='ltr'>quia</span> <span class='ocrx_word' id='word_1_609' title='bbox 1311 4417 1474 4476; x_wconf 89' lang='lat' dir='ltr'>conceditur</span> <span class='ocrx_word' id='word_1_610' title='bbox 1494 4430 1558 4471; x_wconf 91' lang='lat' dir='ltr'>cum</span> <span class='ocrx_word' id='word_1_611' title='bbox 1578 4413 1692 4486; x_wconf 88' lang='lat' dir='ltr'>speciali</span> <span class='ocrx_word' id='word_1_612' title='bbox 1705 4422 1836 4487; x_wconf 88' lang='lat' dir='ltr'>respectu</span> <span class='ocrx_word' id='word_1_613' title='bbox 1852 4415 1888 4472; x_wconf 89' lang='lat' dir='ltr'>ad</span> <span class='ocrx_word' id='word_1_614' title='bbox 1908 4431 1955 4473; x_wconf 88' lang='lat' dir='ltr'>res</span> <span class='ocrx_word' id='word_1_615' title='bbox 1970 4433 2032 4490; x_wconf 86' lang='lat' dir='ltr'>spe·</span> 
     </span>
     <span class='ocr_line' id='line_1_47' title="bbox 392 4504 2032 4581; baseline -0.002 -14"><span class='ocrx_word' id='word_1_616' title='bbox 392 4509 538 4581; x_wconf 81' lang='lat' dir='ltr'>religiosis,</span> <span class='ocrx_word' id='word_1_617' title='bbox 551 4507 651 4579; x_wconf 91' lang='lat' dir='ltr'>qulbus</span> <span class='ocrx_word' id='word_1_618' title='bbox 667 4521 715 4576; x_wconf 89' lang='lat' dir='ltr'>per</span> <span class='ocrx_word' id='word_1_619' title='bbox 729 4506 801 4560; x_wconf 85' lang='lat' dir='ltr'>viam</span> <span class='ocrx_word' id='word_1_620' title='bbox 812 4506 1073 4562; x_wconf 89' lang='lat' dir='ltr'>communicationis</span> <span class='ocrx_word' id='word_1_621' title='bbox 1084 4506 1193 4580; x_wconf 91' lang='lat' dir='ltr'>propria</span> <span class='ocrx_word' id='word_1_622' title='bbox 1227 4515 1333 4566; x_wconf 84' lang='lat' dir='ltr'>etentes</span> <span class='ocrx_word' id='word_1_623' title='bbox 1348 4507 1504 4579; x_wconf 88' lang='lat' dir='ltr'>specialiter</span> <span class='ocrx_word' id='word_1_624' title='bbox 1518 4504 1552 4561; x_wconf 87' lang='lat' dir='ltr'>ad</span> <span class='ocrx_word' id='word_1_625' title='bbox 1567 4505 1741 4578; x_wconf 83' lang='lat' dir='ltr'>religionem,</span> <span class='ocrx_word' id='word_1_626' title='bbox 1756 4504 1862 4567; x_wconf 75' lang='lat' dir='ltr'>locum,</span> <span class='ocrx_word' id='word_1_627' title='bbox 1879 4507 1922 4563; x_wconf 85' lang='lat' dir='ltr'>rcl</span> <span class='ocrx_word' id='word_1_628' title='bbox 1938 4523 2032 4579; x_wconf 88' lang='lat' dir='ltr'>perso·</span> 
     </span>
     <span class='ocr_line' id='line_1_48' title="bbox 393 4593 2030 4668; baseline -0.002 -12"><span class='ocrx_word' id='word_1_629' title='bbox 393 4601 537 4656; x_wconf 88' lang='lat' dir='ltr'>Societatis</span> <span class='ocrx_word' id='word_1_630' title='bbox 558 4596 698 4667; x_wconf 88' lang='lat' dir='ltr'>privilegiu</span> <span class='ocrx_word' id='word_1_631' title='bbox 718 4593 921 4651; x_wconf 89' lang='lat' dir='ltr'>conceduntur.</span> <span class='ocrx_word' id='word_1_632' title='bbox 944 4595 1105 4661; x_wconf 84' lang='lat' dir='ltr'>Fundetur,</span> <span class='ocrx_word' id='word_1_633' title='bbox 1127 4598 1194 4668; x_wconf 88' lang='lat' dir='ltr'>quia</span> <span class='ocrx_word' id='word_1_634' title='bbox 1227 4616 1290 4657; x_wconf 92' lang='lat' dir='ltr'>uam</span> <span class='ocrx_word' id='word_1_635' title='bbox 1303 4597 1388 4668; x_wconf 90' lang='lat' dir='ltr'>illam,</span> <span class='ocrx_word' id='word_1_636' title='bbox 1403 4596 1448 4654; x_wconf 92' lang='lat' dir='ltr'>cui</span> <span class='ocrx_word' id='word_1_637' title='bbox 1468 4596 1555 4666; x_wconf 91' lang='lat' dir='ltr'>primo</span> <span class='ocrx_word' id='word_1_638' title='bbox 1574 4593 1748 4651; x_wconf 89' lang='lat' dir='ltr'>conceditur.</span> <span class='ocrx_word' id='word_1_639' title='bbox 1765 4596 1801 4652; x_wconf 93' lang='lat' dir='ltr'>Ut</span> <span class='ocrx_word' id='word_1_640' title='bbox 1814 4612 1840 4650; x_wconf 91' lang='lat' dir='ltr'>v.</span> <span class='ocrx_word' id='word_1_641' title='bbox 1854 4611 1883 4668; x_wconf 91' lang='lat' dir='ltr'>g.</span> <span class='ocrx_word' id='word_1_642' title='bbox 1899 4597 2030 4653; x_wconf 87' lang='lat' dir='ltr'>concedi·</span> 
     </span>
    </p>
   </div>
   <div class='ocr_carea' id='block_1_7' title="bbox 216 4667 2030 4758">
    <p class='ocr_par' dir='ltr' id='par_1_7' title="bbox 216 4667 2030 4758">
     <span class='ocr_line' id='line_1_49' title="bbox 216 4667 2030 4758; baseline -0.003 -11"><span class='ocrx_word' id='word_1_643' title='bbox 216 4667 224 4676; x_wconf 35' lang='lat'>⁸</span> <span class='ocrx_word' id='word_1_644' title='bbox 318 4737 321 4744; x_wconf 89' lang='lat'>.</span> <span class='ocrx_word' id='word_1_645' title='bbox 393 4692 452 4748; x_wconf 90' lang='lat' dir='ltr'>eliis</span> <span class='ocrx_word' id='word_1_646' title='bbox 466 4687 588 4744; x_wconf 90' lang='lat' dir='ltr'>absolute</span> <span class='ocrx_word' id='word_1_647' title='bbox 607 4691 634 4740; x_wconf 91' lang='lat' dir='ltr'>et</span> <span class='ocrx_word' id='word_1_648' title='bbox 655 4685 712 4738; x_wconf 88' lang='lat' dir='ltr'>sine</span> <span class='ocrx_word' id='word_1_649' title='bbox 732 4683 776 4738; x_wconf 93' lang='lat' dir='ltr'>illa</span> <span class='ocrx_word' id='word_1_650' title='bbox 795 4682 970 4740; x_wconf 90' lang='lat' dir='ltr'>restrictione</span> <span class='ocrx_word' id='word_1_651' title='bbox 984 4685 1193 4740; x_wconf 91' lang='lat' dir='ltr'>communican-</span> <span class='ocrx_word' id='word_1_652' title='bbox 1227 4694 1273 4745; x_wconf 91' lang='lat' dir='ltr'>tur</span> <span class='ocrx_word' id='word_1_653' title='bbox 1300 4685 1420 4758; x_wconf 89' lang='lat' dir='ltr'>religioni</span> <span class='ocrx_word' id='word_1_654' title='bbox 1441 4685 1530 4741; x_wconf 88' lang='lat' dir='ltr'>sancti</span> <span class='ocrx_word' id='word_1_655' title='bbox 1551 4683 1681 4740; x_wconf 84' lang='lat' dir='ltr'>Dominici</span> <span class='ocrx_word' id='word_1_656' title='bbox 1702 4683 1874 4756; x_wconf 88' lang='lat' dir='ltr'>privilegium</span> <span class='ocrx_word' id='word_1_657' title='bbox 1895 4701 1951 4741; x_wconf 90' lang='lat' dir='ltr'>uon</span> <span class='ocrx_word' id='word_1_658' title='bbox 1972 4701 2030 4741; x_wconf 87' lang='lat' dir='ltr'>ser-</span> 
     </span>
    </p>
   </div>
   <div class='ocr_carea' id='block_1_8' title="bbox 392 4769 2031 5296">
    <p class='ocr_par' dir='ltr' id='par_1_8' title="bbox 392 4769 2031 5296">
     <span class='ocr_line' id='line_1_50' title="bbox 392 4769 2029 4850; baseline -0.002 -14"><span class='ocrx_word' id='word_1_659' title='bbox 392 4789 455 4850; x_wconf 93' lang='lat' dir='ltr'>tur,</span> <span class='ocrx_word' id='word_1_660' title='bbox 471 4794 504 4833; x_wconf 92' lang='lat' dir='ltr'>ac</span> <span class='ocrx_word' id='word_1_661' title='bbox 515 4777 536 4830; x_wconf 89' lang='lat' dir='ltr'>si</span> <span class='ocrx_word' id='word_1_662' title='bbox 549 4774 652 4831; x_wconf 90' lang='lat' dir='ltr'>directe</span> <span class='ocrx_word' id='word_1_663' title='bbox 666 4780 758 4829; x_wconf 89' lang='lat' dir='ltr'>essent</span> <span class='ocrx_word' id='word_1_664' title='bbox 773 4771 823 4828; x_wconf 90' lang='lat' dir='ltr'>illis</span> <span class='ocrx_word' id='word_1_665' title='bbox 838 4769 987 4845; x_wconf 73' lang='lat' dir='ltr'>concessa,</span> <span class='ocrx_word' id='word_1_666' title='bbox 1006 4775 1192 4830; x_wconf 90' lang='lat' dir='ltr'>restrictioues</span> <span class='ocrx_word' id='word_1_667' title='bbox 1228 4775 1308 4832; x_wconf 88' lang='lat' dir='ltr'>vendi</span> <span class='ocrx_word' id='word_1_668' title='bbox 1321 4773 1501 4832; x_wconf 89' lang='lat' dir='ltr'>interdictum</span> <span class='ocrx_word' id='word_1_669' title='bbox 1518 4772 1604 4830; x_wconf 88' lang='lat' dir='ltr'>locale</span> <span class='ocrx_word' id='word_1_670' title='bbox 1618 4773 1644 4828; x_wconf 94' lang='lat' dir='ltr'>iu</span> <span class='ocrx_word' id='word_1_671' title='bbox 1658 4772 1851 4830; x_wconf 86' lang='lat' dir='ltr'>testivitatibus</span> <span class='ocrx_word' id='word_1_672' title='bbox 1866 4783 2029 4832; x_wconf 88' lang='lat' dir='ltr'>sanctorum</span> 
     </span>
     <span class='ocr_line' id='line_1_51' title="bbox 393 4861 2031 4938; baseline -0.004 -12"><span class='ocrx_word' id='word_1_673' title='bbox 393 4878 485 4926; x_wconf 90' lang='lat' dir='ltr'>nutem</span> <span class='ocrx_word' id='word_1_674' title='bbox 501 4872 528 4921; x_wconf 90' lang='lat' dir='ltr'>et</span> <span class='ocrx_word' id='word_1_675' title='bbox 542 4864 718 4920; x_wconf 87' lang='lat' dir='ltr'>limitationes</span> <span class='ocrx_word' id='word_1_676' title='bbox 733 4877 786 4917; x_wconf 92' lang='lat' dir='ltr'>non</span> <span class='ocrx_word' id='word_1_677' title='bbox 802 4863 1063 4919; x_wconf 89' lang='lat' dir='ltr'>communicantur:</span> <span class='ocrx_word' id='word_1_678' title='bbox 1080 4880 1193 4936; x_wconf 88' lang='lat' dir='ltr'>respou-</span> <span class='ocrx_word' id='word_1_679' title='bbox 1228 4881 1344 4923; x_wconf 91' lang='lat' dir='ltr'>suorum</span> <span class='ocrx_word' id='word_1_680' title='bbox 1357 4865 1382 4920; x_wconf 92' lang='lat' dir='ltr'>in</span> <span class='ocrx_word' id='word_1_681' title='bbox 1394 4862 1518 4938; x_wconf 85' lang='lat' dir='ltr'>ecclesiis</span> <span class='ocrx_word' id='word_1_682' title='bbox 1530 4861 1647 4934; x_wconf 83' lang='lat' dir='ltr'>suia,vel</span> <span class='ocrx_word' id='word_1_683' title='bbox 1659 4861 1796 4933; x_wconf 87' lang='lat' dir='ltr'>quidpiam</span> <span class='ocrx_word' id='word_1_684' title='bbox 1809 4862 1945 4934; x_wconf 88' lang='lat' dir='ltr'>simile,et</span> <span class='ocrx_word' id='word_1_685' title='bbox 1956 4873 2031 4935; x_wconf 89' lang='lat' dir='ltr'>post·</span> 
     </span>
     <span class='ocr_line' id='line_1_52' title="bbox 393 4951 2030 5025; baseline -0.002 -11"><span class='ocrx_word' id='word_1_686' title='bbox 393 4960 451 5016; x_wconf 89' lang='lat' dir='ltr'>deri</span> <span class='ocrx_word' id='word_1_687' title='bbox 467 4965 555 5013; x_wconf 90' lang='lat' dir='ltr'>tamen</span> <span class='ocrx_word' id='word_1_688' title='bbox 573 4960 662 5025; x_wconf 89' lang='lat' dir='ltr'>potest</span> <span class='ocrx_word' id='word_1_689' title='bbox 675 4953 752 5007; x_wconf 84' lang='lat' dir='ltr'>iusta</span> <span class='ocrx_word' id='word_1_690' title='bbox 766 4951 917 5022; x_wconf 87' lang='lat' dir='ltr'>praedicta,</span> <span class='ocrx_word' id='word_1_691' title='bbox 929 4953 1117 5009; x_wconf 85' lang='lat' dir='ltr'>restrictiores</span> <span class='ocrx_word' id='word_1_692' title='bbox 1131 4956 1193 5024; x_wconf 92' lang='lat' dir='ltr'>qui·</span> <span class='ocrx_word' id='word_1_693' title='bbox 1227 4971 1260 5011; x_wconf 90' lang='lat' dir='ltr'>ee</span> <span class='ocrx_word' id='word_1_694' title='bbox 1281 4953 1347 5011; x_wconf 91' lang='lat' dir='ltr'>illud</span> <span class='ocrx_word' id='word_1_695' title='bbox 1365 4951 1536 5025; x_wconf 86' lang='lat' dir='ltr'>privilegium</span> <span class='ocrx_word' id='word_1_696' title='bbox 1555 4953 1778 5024; x_wconf 90' lang='lat' dir='ltr'>communicatur</span> <span class='ocrx_word' id='word_1_697' title='bbox 1796 4951 1960 5024; x_wconf 87' lang='lat' dir='ltr'>religionis.</span> <span class='ocrx_word' id='word_1_698' title='bbox 1977 4956 2030 5010; x_wconf 77' lang='lat' dir='ltr'>du-</span> 
     </span>
     <span class='ocr_line' id='line_1_53' title="bbox 392 5029 2030 5117; baseline -0.004 -12"><span class='ocrx_word' id='word_1_699' title='bbox 392 5050 454 5105; x_wconf 86' lang='lat' dir='ltr'>dem</span> <span class='ocrx_word' id='word_1_700' title='bbox 474 5061 522 5117; x_wconf 93' lang='lat' dir='ltr'>per</span> <span class='ocrx_word' id='word_1_701' title='bbox 544 5059 572 5098; x_wconf 89' lang='lat' dir='ltr'>se</span> <span class='ocrx_word' id='word_1_702' title='bbox 587 5057 640 5096; x_wconf 91' lang='lat' dir='ltr'>non</span> <span class='ocrx_word' id='word_1_703' title='bbox 662 5040 880 5110; x_wconf 72' lang='lat' dir='ltr'>communicari,</span> <span class='ocrx_word' id='word_1_704' title='bbox 903 5040 1079 5098; x_wconf 88' lang='lat' dir='ltr'>nihilomiuus</span> <span class='ocrx_word' id='word_1_705' title='bbox 1101 5048 1193 5099; x_wconf 88' lang='lat' dir='ltr'>tamen</span> <span class='ocrx_word' id='word_1_706' title='bbox 1228 5045 1329 5117; x_wconf 89' lang='lat' dir='ltr'>gustini</span> <span class='ocrx_word' id='word_1_707' title='bbox 1350 5045 1407 5098; x_wconf 90' lang='lat' dir='ltr'>sine</span> <span class='ocrx_word' id='word_1_708' title='bbox 1422 5043 1474 5098; x_wconf 88' lang='lat' dir='ltr'>elia</span> <span class='ocrx_word' id='word_1_709' title='bbox 1492 5029 1692 5108; x_wconf 66' lang='lat' dir='ltr'>declarationes</span> <span class='ocrx_word' id='word_1_710' title='bbox 1710 5047 1821 5097; x_wconf 90' lang='lat' dir='ltr'>constat</span> <span class='ocrx_word' id='word_1_711' title='bbox 1834 5049 1941 5113; x_wconf 85' lang='lat' dir='ltr'>autern,</span> <span class='ocrx_word' id='word_1_712' title='bbox 1958 5041 2030 5099; x_wconf 84' lang='lat' dir='ltr'>illam</span> 
     </span>
     <span class='ocr_line' id='line_1_54' title="bbox 392 5129 2027 5209; baseline -0.002 -17"><span class='ocrx_word' id='word_1_713' title='bbox 392 5134 503 5209; x_wconf 90' lang='lat' dir='ltr'>quaudo</span> <span class='ocrx_word' id='word_1_714' title='bbox 524 5131 692 5205; x_wconf 88' lang='lat' dir='ltr'>privilegium</span> <span class='ocrx_word' id='word_1_715' title='bbox 712 5130 765 5186; x_wconf 90' lang='lat' dir='ltr'>luit</span> <span class='ocrx_word' id='word_1_716' title='bbox 784 5132 912 5187; x_wconf 88' lang='lat' dir='ltr'>restricte</span> <span class='ocrx_word' id='word_1_717' title='bbox 932 5145 1115 5202; x_wconf 89' lang='lat' dir='ltr'>concessum,</span> <span class='ocrx_word' id='word_1_718' title='bbox 1138 5147 1194 5190; x_wconf 92' lang='lat' dir='ltr'>uon</span> <span class='ocrx_word' id='word_1_719' title='bbox 1227 5149 1283 5190; x_wconf 90' lang='lat' dir='ltr'>nou</span> <span class='ocrx_word' id='word_1_720' title='bbox 1294 5147 1375 5203; x_wconf 89' lang='lat' dir='ltr'>posse</span> <span class='ocrx_word' id='word_1_721' title='bbox 1387 5132 1426 5188; x_wconf 92' lang='lat' dir='ltr'>uti</span> <span class='ocrx_word' id='word_1_722' title='bbox 1437 5131 1486 5206; x_wconf 86' lang='lat' dir='ltr'>illo¹</span> <span class='ocrx_word' id='word_1_723' title='bbox 1494 5130 1634 5202; x_wconf 83' lang='lat' dir='ltr'>privilegio</span> <span class='ocrx_word' id='word_1_724' title='bbox 1645 5145 1711 5186; x_wconf 90' lang='lat' dir='ltr'>cum</span> <span class='ocrx_word' id='word_1_725' title='bbox 1721 5129 1765 5187; x_wconf 90' lang='lat' dir='ltr'>illa</span> <span class='ocrx_word' id='word_1_726' title='bbox 1777 5130 1963 5203; x_wconf 88' lang='lat' dir='ltr'>restrictione,</span> <span class='ocrx_word' id='word_1_727' title='bbox 1972 5147 2027 5190; x_wconf 87' lang='lat' dir='ltr'>ma·</span> 
     </span>
     <span class='ocr_line' id='line_1_55' title="bbox 395 5217 2028 5296; baseline -0.001 -14"><span class='ocrx_word' id='word_1_728' title='bbox 395 5225 444 5282; x_wconf 90' lang='lat' dir='ltr'>nisi</span> <span class='ocrx_word' id='word_1_729' title='bbox 460 5223 622 5282; x_wconf 88' lang='lat' dir='ltr'>restrictum</span> <span class='ocrx_word' id='word_1_730' title='bbox 637 5217 851 5278; x_wconf 87' lang='lat' dir='ltr'>communicari.</span> <span class='ocrx_word' id='word_1_731' title='bbox 1228 5220 1468 5296; x_wconf 66' lang='lat' dir='ltr'>terentiacum</span> <span class='ocrx_word' id='word_1_732' title='bbox 1482 5218 1584 5292; x_wconf 85' lang='lat' dir='ltr'>dicam,</span> <span class='ocrx_word' id='word_1_733' title='bbox 1595 5225 1625 5278; x_wconf 88' lang='lat' dir='ltr'>et</span> <span class='ocrx_word' id='word_1_734' title='bbox 1638 5225 1670 5276; x_wconf 90' lang='lat' dir='ltr'>ut</span> <span class='ocrx_word' id='word_1_735' title='bbox 1682 5226 1762 5278; x_wconf 92' lang='lat' dir='ltr'>sonat</span> <span class='ocrx_word' id='word_1_736' title='bbox 1774 5227 1896 5296; x_wconf 88' lang='lat' dir='ltr'>sumpta,</span> <span class='ocrx_word' id='word_1_737' title='bbox 1909 5224 1973 5296; x_wconf 85' lang='lat' dir='ltr'>quia</span> <span class='ocrx_word' id='word_1_738' title='bbox 1988 5224 2028 5281; x_wconf 86' lang='lat' dir='ltr'>sio</span> 
     </span>
    </p>
   </div>
   <div class='ocr_carea' id='block_1_9' title="bbox 0 0 2158 6212">
    <p class='ocr_par' dir='ltr' id='par_1_9' title="bbox 0 0 2158 6212">
     <span class='ocr_line' id='line_1_56' title="bbox 0 0 2158 6212; baseline 0 0"><span class='ocrx_word' id='word_1_739' title='bbox 0 0 2158 6212; x_wconf 95' lang='lat' dir='ltr'> </span> 
     </span>
    </p>
   </div>
  </div>
 </body>
</html>
