4278 6242
832 442 937 492 casua
951 441 1040 492 xxrr.
1118 461 1122 470 ·
1656 435 1696 496 97

121 580 227 634 cmsure
244 587 277 630 es
299 587 384 628 seusa
397 577 426 628 et
441 583 495 628 usu
510 571 594 626 totius
608 568 764 640 Ecclesiae,
785 573 813 624 et
826 581 903 624 com·
938 569 965 623 iu
979 565 1107 623 exteriori
1122 565 1200 637 loro,
1221 567 1242 623 si
1259 572 1348 624 metus
1361 574 1390 625 ιι
1402 569 1499 626 ιιιίιιιιι
1518 572 1544 628 in
1563 569 1608 629 illo
1623 573 1731 644 probari

122 668 181 722 nuni
193 677 327 720 consensu
347 658 595 718 doctorumltatio
609 673 674 714 aero
689 663 742 726 est,
755 658 818 728 quio
830 661 904 712 essct
938 655 1035 727 possit.

121 761 201 812 contra
221 751 373 808 efficaciam
394 755 423 805 et
443 749 522 804 finem
543 747 627 819 ipsius
642 745 727 819 legis,
747 743 903 801 huiusmodi
977 748 1004 801 9.
1021 747 1110 816 Atque
1135 743 1198 799 hiuc
1223 742 1338 800 ulterius
1363 752 1485 817 constat,
1511 745 1576 819 quid
1601 747 1634 804 de
1654 749 1735 806 tertio

122 844 288 914 exceptionem
304 841 332 893 in
347 841 407 909 ipsa
422 824 542 908 poner'e,
564 836 605 892 uel
619 835 773 891 admittere.
790 835 901 890 llaxime
939 835 1062 890 membro
1077 833 1224 890 dicendum
1239 835 1288 904 sit,
1298 833 1404 892 scilicet
1418 851 1451 890 an
1463 835 1530 892 haee
1545 837 1659 894 irritatio
1673 853 1734 893 ces·

123 947 175 986 cum
187 927 246 984 illud
268 926 426 1000 periculum
440 922 803 996 sitvalderemotum,quod
816 922 901 992 alege
939 930 992 992 set,
1007 920 1117 994 quaudo
1132 924 1166 993 is,
1178 923 1262 978 cuius
1276 923 1401 994 interest,
1413 922 1486 980 cedit
1501 927 1553 981 iuri
1568 941 1629 982 suo.
1639 928 1734 984 ilicea-

124 1036 166 1076 nan
174 1017 257 1074 debuit
270 1015 461 1085 considerariq
476 1031 538 1072 uam
551 1013 611 1070 iude
625 1018 764 1070 sumerent
775 1011 900 1068 homines
938 1013 1005 1070 dum
1023 1016 1083 1082 est,
1107 1009 1173 1067 uihil
1192 1011 1245 1066 boc
1261 1011 1379 1082 reierre,
1394 1012 1436 1070 vel
1450 1013 1572 1084 obstare,
1587 1015 1733 1088 quominus

124 1111 273 1166 occasionem
284 1102 900 1172 incutiendihuiusmodimetumcircausum,
938 1100 981 1157 lex
1001 1099 1130 1156 ellectum
1153 1115 1235 1155 suum
1255 1107 1395 1172 operetur.
1412 1101 1447 1156 Et
1464 1103 1535 1159 ratio
1550 1119 1565 1158 a
1579 1105 1665 1173 priori
1678 1109 1731 1174 est,

124 1200 161 1272 qui
176 1200 226 1254 sine
244 1195 463 1266 transgressione
483 1193 582 1265 prioris
597 1192 663 1264 legis
682 1191 813 1247 irritantis
834 1189 904 1245 licite
939 1189 1003 1262 quia
1018 1187 1061 1245 lex
1075 1187 1187 1260 respicit
1200 1202 1346 1245 commune
1360 1188 1463 1246 boucam
1474 1190 1500 1246 ia
1511 1190 1557 1246 tali
1569 1192 1731 1260 irritatione,

125 1288 169 1344 ieri
180 1301 227 1340 noa
239 1290 331 1355 potest
345 1281 380 1338 ad
396 1281 486 1354 legem
502 1284 590 1352 ipsam
604 1278 780 1337 eludendam.
938 1287 967 1334 et
984 1277 1037 1334 hoc
1058 1293 1111 1332 uon
1131 1282 1238 1348 cessat,
1257 1277 1361 1333 etiamsi
1375 1279 1510 1349 privatum
1524 1281 1732 1338 incommodum

156 1382 178 1434 i.
191 1373 239 1430 Sed
257 1371 388 1428 instabis:
406 1387 468 1426 nam
482 1369 617 1426 interdum
633 1369 730 1441 aliquis
752 1369 852 1425 incutit
865 1366 904 1422 al·
939 1382 989 1439 per
1003 1366 1154 1422 cessionem
1168 1380 1300 1435 personae
1312 1363 1465 1422 ioluntarie
1476 1383 1585 1425 cessere
1596 1368 1729 1426 rideatur.

58 1443 59 1446 Ἴ
126 1467 164 1521 teri
181 1465 246 1518 hunc
260 1467 382 1530 nactum,
399 1467 429 1516 ut
443 1475 476 1516 ea
490 1457 615 1514 nullitate
629 1464 709 1513 actus
724 1455 904 1512 commodum
939 1456 996 1511 Nec
1011 1460 1101 1526 potest
1115 1455 1177 1525 quis
1192 1455 1369 1525 renunciare,
1384 1461 1432 1512 aut
1444 1454 1577 1529 derogare
1592 1460 1731 1516 communi

125 1556 224 1624 reportet
241 1565 304 1606 cum
326 1563 427 1621 magno
448 1546 559 1603 alterius
579 1544 758 1615 detrimento,
785 1543 831 1618 qui
853 1559 902 1615 per
939 1541 1020 1614 bono,
1033 1541 1156 1599 cedendo
1171 1545 1292 1614 propri03
1305 1545 1379 1600 sicut
1392 1560 1446 1600 uon
1459 1550 1622 1620 potestquis
1633 1565 1734 1605 renun-

124 1641 254 1698 xiolentiam
275 1638 388 1710 cogitur
413 1637 450 1692 ita
474 1636 564 1692 lacere
582 1642 691 1706 actum3
708 1633 819 1690 videtur
836 1647 903 1703 ergo
939 1631 1012 1688 ciere
1026 1631 1164 1705 privilegio
1179 1632 1369 1689 communitati
1380 1649 1429 1704 per
1442 1649 1471 1690 se
1486 1637 1574 1705 primo
1586 1652 1731 1710 concesso,

125 1739 177 1787 tanc
189 1730 298 1785 alienum
317 1743 333 1782 a
349 1727 471 1797 ratione,
496 1731 527 1782 ut
541 1724 583 1781 lex
598 1723 688 1780 iurent
701 1722 754 1794 illi,
770 1722 816 1795 qui
832 1721 904 1776 inin·
939 1727 968 1777 et
982 1721 1030 1776 sibi
1046 1719 1149 1776 ratione
1165 1720 1247 1775 totius
1261 1722 1387 1791 corporis
1401 1726 1619 1796 communicato,
1635 1735 1666 1782 ιιι
1681 1725 1734 1783 late

124 1821 178 1874 daur
197 1817 271 1872 inlcrt
294 1818 320 1871 in
346 1813 479 1870 damnum
499 1813 590 1883 illius,
615 1813 662 1886 qui
681 1812 817 1868 incuriam
835 1809 903 1880 pati·
940 1809 996 1867 dixi
1011 1807 1056 1864 lib.
1072 1813 1099 1866 2.
1116 1806 1150 1863 de
1165 1809 1300 1865 iurameu.
1316 1823 1378 1879 cap.
1394 1814 1440 1867 23.
1457 1813 1483 1865 in
1499 1814 1585 1882 princ.
1601 1820 1629 1870 ct
1643 1829 1669 1870 o.
1682 1818 1733 1886 to,

125 1913 175 1974 tur3
193 1904 285 1962 laxabit
303 1909 401 1960 eutem
421 1904 444 1957 si
465 1903 487 1957 is
500 1943 508 1974 ,
519 1902 567 1974 qui
581 1902 660 1958 iniert
674 1901 753 1958 alteri
766 1901 900 1956 iniustum
941 1915 968 1954 u.
987 1902 1019 1970 63
1035 1896 1096 1953 talis
1110 1911 1176 1969 argo
1192 1897 1282 1953 cessio
1300 1898 1325 1952 iu
1345 1900 1482 1969 praesenti
1503 1915 1570 1957 casu
1584 1901 1677 1958 frivola
1693 1909 1736 1958 est

124 2003 226 2062 oretum,
244 1992 365 2049 obtineat
390 1989 540 2047 nullitatem
561 1995 657 2062 actus,
678 2005 761 2062 quam
783 1990 841 2058 ipsc
855 1987 907 2042 ini·
940 1995 967 2044 el
980 1986 1069 2057 nulla,
1087 1985 1158 2042 uude
1172 2001 1226 2041 uon
1241 1991 1332 2057 potest
1345 1987 1524 2044 irritationem
1540 1989 1609 2062 legis
1622 1991 1748 2061 impedi·v

125 2099 166 2156 que
183 2080 304 2149 intendit,
326 2087 356 2137 et
369 2078 448 2135 alteri
461 2077 586 2134 iniuriam
601 2093 682 2149 passo
697 2076 848 2148 peruiciosa
862 2089 905 2160 es-
940 2074 1066 2142 reQuod
1080 2074 1161 2131 edam
1175 2073 1334 2132 inductione
1349 2076 1453 2132 ostendi
1469 2083 1560 2148 potest
1573 2081 1600 2134 iu
1616 2087 1734 2153 utroque

127 2179 167 2227 set.
188 2169 341 2243 Exemplum
372 2181 435 2223 esse
462 2172 552 2238 potest
575 2167 602 2220 iu
627 2171 789 2222 testamento
815 2165 906 2220 miuus
942 2163 1023 2221 modo
1044 2164 1201 2220 irritationis
1228 2180 1312 2236 supra
1335 2167 1435 2236 posito.
1452 2164 1604 2226 Nam'licct
1622 2177 1737 2228 testator

127 2259 235 2332 solemni,
254 2259 276 2314 si
294 2274 344 2329 per
359 2261 466 2312 metum
479 2269 589 2326 grauem
603 2255 667 2328 quis
681 2260 799 2326 cogatur
813 2255 839 2308 iu
855 2267 906 2308 suo
941 2253 1033 2324 dicat,
1049 2269 1078 2310 se
1092 2252 1189 2310 cedere
1204 2253 1254 2309 iuri
1271 2270 1322 2310 suo
1335 2296 1343 2324 ,
1358 2262 1387 2312 et
1403 2255 1481 2327 aelle,
1497 2264 1528 2312 ut
1542 2266 1737 2316 testamentum

128 2355 265 2406 testamento
277 2364 332 2404 non
348 2361 461 2403 servare
477 2344 675 2401 solemnitatem
690 2342 853 2416 requisitam
869 2341 903 2398 ad
941 2346 998 2400 sine
1016 2341 1108 2400 dehita
1126 2342 1295 2399 solemnitate
1316 2343 1351 2399 sit
1364 2343 1484 2402 validum
1504 2353 1533 2402 et
1544 2347 1654 2417 efficax,
1671 2349 1737 2404 nihil

129 2440 226 2500 clarem
238 2440 306 2508 eius,
323 2451 359 2492 ue
375 2440 498 2490 transeat
512 2432 665 2490 haereditas
678 2431 713 2487 ad
727 2447 802 2498 eum,
818 2446 901 2502 quem
941 2431 1053 2502 elliciet,
1066 2437 1097 2488 ut
1109 2447 1183 2487 nuuc
1199 2437 1370 2504 suppouoqct
1385 2433 1566 2492 videturesse
1580 2444 1657 2495 extra
1672 2453 1739 2494 cou-

128 2532 173 2600 ipse
192 2527 245 2584 xult
266 2527 412 2583 instituere
425 2564 433 2595 ,
460 2522 509 2580 sed
530 2522 565 2579 ad
584 2521 686 2594 alium,
701 2527 729 2578 et
741 2520 859 2577 tortasse
873 2519 906 2575 ad
943 2522 1106 2576 troversiam
1120 2519 1209 2592 quoad
1223 2519 1343 2576 valorem
1357 2525 1522 2594 testamenti,
1533 2531 1564 2582 ut
1574 2525 1625 2582 tale
1636 2527 1737 2582 iustru-

128 2619 212 2690 ipsum,
230 2616 275 2689 qui
292 2613 394 2671 incutit
412 2619 526 2669 metum.
545 2615 574 2668 la
592 2611 711 2669 eoenim
725 2626 794 2666 casu
808 2623 907 2666 coase·
929 2613 1065 2678 mentum
1079 2614 1136 2682 est,
1151 2609 1256 2665 etiamsi
1271 2608 1305 2665 de
1319 2609 1443 2666 efficacis
1453 2611 1607 2676 ,voluntatis
1621 2614 1657 2671 ad
1670 2613 1742 2672 dau·

129 2713 211 2779 quetur
226 2705 266 2762 ille
283 2705 399 2777 iniquus
412 2701 515 2758 virtute
530 2701 607 2774 legis,
623 2698 698 2773 quod
713 2699 803 2773 inique
820 2699 905 2754 luteu-
941 2697 1008 2754 dam
1023 2694 1175 2754 dominium
1190 2699 1217 2752 iu
1229 2697 1398 2754 conscientia
1409 2701 1445 2756 sit
1456 2705 1738 2775 controversia,quae

129 2795 172 2862 dit,
186 2797 206 2850 si
221 2801 298 2850 actus
319 2809 379 2849 non
396 2793 432 2848 sit
446 2789 572 2862 validus3
596 2788 670 2863 quod
689 2787 796 2845 ridetur
811 2789 909 2844 absur-
942 2803 1017 2844 ιιιιιιι
1038 2786 1182 2843 tractnuda
1195 2802 1247 2843 non
1262 2792 1313 2843 est.
1326 2788 1408 2860 blagis
1424 2804 1487 2845 aero
1502 2790 1684 2848 indubitatum
1698 2798 1741 2849 eet

128 2881 188 2938 don.
200 2885 259 2939 ltem
273 2881 440 2954 solemnitas,
450 2878 494 2935 illa
509 2877 726 2946 introducta,est
740 2878 764 2933 iu
779 2876 902 2933 levorem
942 2878 969 2933 ia
983 2875 1153 2932 solemnitate
1169 2876 1338 2948 praescripta
1352 2893 1402 2948 per
1416 2879 1563 2935 concilium
1577 2897 1627 2952 pro
1644 2883 1738 2938 matri-

130 2973 255 3043 testatoris,
268 2978 300 3028 ut
314 2969 451 3028 tollantur
465 2967 628 3024 occasiones
640 2964 817 3022 defraudandi
830 2981 906 3021 men·
944 2966 1033 3020 monio
1054 2963 1259 3034 contrahead03
1282 2979 1343 3021 nam
1356 2967 1461 3023 etiamsi
1475 2969 1667 3026 contrahentes
1683 2987 1740 3027 ma-

130 3067 172 3116 tera
187 3061 254 3131 eius,
273 3074 342 3132 ergo
365 3073 420 3112 non
437 3055 519 3112 debet
534 3055 571 3111 ita
585 3056 708 3124 servari,
726 3061 758 3110 ut
770 3052 907 3110 redundet
942 3055 1014 3109 xime
1030 3051 1112 3108 uelint
1126 3051 1223 3108 cedere
1238 3053 1290 3108 iuri
1301 3062 1402 3124 suo,et
1412 3057 1489 3113 aliter
1502 3058 1673 3131 contrahere,
1683 3076 1737 3116 uou

131 3149 150 3202 iu
165 3150 216 3203 eius
234 3145 454 3216 incommodum,
468 3146 543 3200 iuxta
556 3144 679 3216 regulam
695 3145 762 3200 iuris
778 3144 861 3214 iil‚iu
875 3146 902 3199 6:
944 3147 1090 3213 poterunt,
1105 3142 1211 3196 etiamsi
1225 3156 1257 3196 ex
1270 3143 1317 3198 tali
1332 3151 1480 3202 contractu
1494 3146 1518 3202 in
1536 3147 1580 3202 tali
1596 3163 1663 3206 casu
1678 3149 1739 3205 uul-

133 3234 201 3309 (laad
212 3239 241 3291 io
254 3235 390 3294 alicuius
403 3237 539 3306 prolium
552 3231 729 3295 concreditur,
743 3248 801 3289 noo
814 3236 858 3288 est
870 3235 904 3286 ia
943 3230 999 3286 lum
1011 3235 1175 3305 sequeretur
1190 3231 1476 3307 incommodum,quia
1488 3236 1621 3310 generalis
1631 3237 1672 3294 lex
1686 3237 1738 3294 hoe

130 3323 193 3381 illias
204 3321 393 3398 dispendium
405 3318 645 3395 retorquendum:
658 3335 725 3393 ergo
739 3321 765 3376 iu
781 3319 825 3377 illo
839 3334 908 3375 casu
942 3335 997 3376 noa
1012 3316 1179 3377 considerat.
1198 3319 1270 3375 ldem
1284 3327 1326 3377 est
1339 3319 1372 3376 de
1388 3322 1446 3394 lege
1461 3325 1585 3381 irritante
1600 3328 1739 3381 matrimo-

131 3429 171 3467 non
183 3414 328 3484 operabitur
344 3427 430 3468 suum
444 3410 627 3467 ellectumllt
639 3409 708 3466 idem
719 3409 908 3482 crit,quoties
943 3410 1018 3465 nium
1036 3415 1111 3464 metu
1135 3414 1328 3480 contractum3
1349 3425 1413 3467 nam
1432 3411 1497 3468 licet
1514 3413 1554 3484 is,
1573 3416 1620 3486 qui
1634 3420 1739 3472 metum

131 3509 200 3558 aelus
212 3500 407 3559 redundaverit
420 3501 447 3555 iu
467 3497 590 3554 fraudem
609 3497 674 3570 legis
689 3514 738 3554 seu
753 3505 851 3555 coutra
878 3497 907 3552 ll-
942 3501 1063 3572 patitur,
1078 3497 1142 3555 uelit
1156 3495 1253 3554 cedere
1267 3500 1320 3554 iuri
1334 3516 1399 3570 suo,
1415 3507 1444 3556 et
1458 3501 1544 3557 valide
1559 3502 1737 3571 contrahere,

131 3592 248 3646 mneius.
261 3587 515 3662 Respondeo,hucc
529 3588 617 3644 omnia
629 3586 694 3642 nihil
707 3587 829 3656 obstare,
838 3601 907 3658 quo·
943 3595 974 3644 ul
988 3590 1075 3661 possit
1089 3587 1161 3644 licite
1174 3603 1378 3660 consummare,
1387 3595 1415 3645 ιι
1429 3589 1468 3646 ιιι
1480 3597 1597 3648 mortem
1608 3592 1737 3661 evadere,

132 3681 204 3737 ninus
215 3688 290 3737 actus
304 3679 354 3736 ille
369 3677 426 3732 siue
440 3676 508 3749 legis
523 3675 694 3732 solemnitate
709 3676 799 3732 lactare
814 3673 908 3730 iaeali-
942 3693 996 3735 non
1012 3677 1121 3748 poterit,
1134 3681 1165 3732 ut
1179 3675 1267 3731 verior
1281 3676 1366 3733 habet
1378 3678 1480 3749 opinio,
1493 3694 1577 3752 quam
1592 3687 1740 3737 rectetra·

133 3767 172 3822 dus
183 3771 223 3838 sit,
233 3769 295 3841 quia
309 3771 391 3824 caret
405 3765 578 3822 substantiali
593 3765 756 3834 lorma,sine
770 3779 825 3836 qua
840 3763 905 3820 suh·
942 3772 1000 3823 ctat
1014 3765 1128 3823 Saucius
1144 3763 1188 3821 lib.
1205 3769 1232 3822 l.
1248 3764 1281 3821 de
1296 3766 1450 3824 matrimou.
1467 3767 1539 3840 disp.
1559 3771 1602 3835 ta,
1616 3783 1631 3824 a
1646 3785 1672 3824 n.
1693 3771 1737 3840 ιιι

135 3857 210 3913 cirtem
222 3873 273 3914 nau
288 3862 395 3930 potest.
411 3853 448 3909 Et
461 3853 535 3925 quod
549 3869 598 3924 per
612 3853 786 3926 iniquitatem
797 3859 825 3908 et
837 3852 906 3908 ioiu-
943 3856 1007 3927 quia
1019 3853 1054 3910 ita
1069 3853 1176 3925 expedit
1187 3851 1221 3909 ad
1235 3869 1381 3911 commuue
1393 3855 1496 3912 bouum
1506 3872 1554 3928 per
1569 3857 1656 3929 legem
1666 3857 1740 3914 illem

133 3945 211 4001 stillam
222 3946 262 4002 illa
271 3948 411 4018 privetur,
423 3958 520 4014 parum
535 3941 636 4014 reiert3
653 3944 718 4014 quia
732 3940 841 3998 nullitas
854 3941 909 3996 lor·
944 3943 1091 4014 intentum,
1107 3947 1135 3997 et
1154 3943 1220 4013 quia
1235 3942 1355 3999 formulis
1375 3943 1516 4015 dispositio
1530 3945 1608 4018 legis,
1624 3952 1652 4003 et
1672 3947 1742 4002 ratio

133 4034 218 4090 mallim
230 4034 355 4106 proaeuit
367 4049 401 4089 es
418 4033 540 4088 carentia
553 4028 907 4104 lormae,accideutarium·
946 4035 1005 4088 eius
1020 4047 1127 4102 semper
1149 4031 1282 4102 subsistit,
1298 4032 1401 4088 etiamsi
1422 4049 1539 4106 persona
1552 4034 1597 4091 ille
1618 4035 1740 4106 particu·
1780 4077 1783 4082 .

133 4128 240 4194 quaest,
258 4121 333 4195 quod
350 4121 384 4178 ab
398 4120 450 4176 hac
470 4119 513 4175 rel
527 4118 571 4175 ills
585 4135 671 4175 causa
685 4119 837 4190 proueniat.
853 4119 909 4175 Nec
945 4122 1010 4178 laris
1028 4120 1092 4177 uelit
1104 4120 1201 4178 cedere
1216 4123 1268 4178 iuri
1283 4137 1334 4180 suo
1346 4131 1457 4195 propter
1471 4122 1632 4181 irritandum
1646 4122 1741 4195 priaa-'

133 4209 164 4264 lex
176 4217 330 4283 cooperatur
343 4208 379 4265 nd
393 4208 506 4266 alterius
520 4209 639 4281 iniquam
655 4210 718 4278 aim,
735 4207 840 4264 sedilia
855 4223 908 4262 uon
949 4219 1007 4269 tum
1023 4209 1238 4282 incommodum,
1253 4211 1327 4283 quod
1342 4211 1385 4269 lex
1399 4227 1451 4269 uon
1467 4213 1633 4270 considerat.

133 4299 235 4356 alstemo
252 4301 385 4357 ellectum
400 4313 481 4354 sarum
497 4303 644 4369 operatur,
665 4296 730 4369 quia
747 4297 786 4352 ita
800 4295 910 4367 expedit
989 4303 1032 4357 to.
1049 4297 1101 4355 Sed
1120 4299 1199 4354 obiici
1218 4304 1324 4372 potest,
1345 4303 1409 4372 quia
1428 4300 1471 4368 lex
1485 4301 1625 4373 postulans
1639 4315 1741 4357 anuum

133 4391 247 4444 communi
259 4389 345 4446 houo.
360 4389 397 4444 Et
408 4386 469 4443 idco
483 4387 565 4442 etiam
579 4402 631 4441 nou
647 4385 842 4441 consideratur
853 4384 910 4456 pri·
945 4387 1081 4460 integru‘m
1106 4387 1285 4459 possessionis
1309 4388 1343 4445 ad
1369 4389 1534 4447 validitatem
1559 4392 1740 4462 possessionis

134 4483 207 4532 ratum
217 4473 421 4534 incommodum
433 4475 515 4531 huius
529 4475 570 4531 ιιι
585 4473 659 4530 illius
674 4489 818 4547 personae,
835 4471 909 4546 quod
945 4476 1158 4550 generalis,eral
1171 4483 1233 4532 aute
1247 4477 1395 4534 concillum
1411 4477 1637 4550 tridentinum,et
1650 4485 1740 4534 tamen

135 4578 171 4632 per
182 4565 299 4622 accidens
314 4565 462 4638 sequitur,
478 4571 507 4620 et
525 4579 578 4619 non
594 4569 687 4635 potest
700 4577 836 4634 sempera
850 4562 907 4634 lege
945 4571 1053 4637 poterat
1066 4563 1165 4637 aliquis
1179 4564 1278 4622 cedere
1291 4565 1340 4621 iuri
1354 4582 1417 4638 suo,
1429 4572 1457 4623 et
1470 4566 1598 4623 cessabat
1611 4566 1738 4639 irritatio;

135 4651 243 4721 inpediri.
253 4655 287 4711 Et
300 4654 341 4711 ita
353 4668 411 4730 nou,
421 4649 548 4724 procedit
562 4658 628 4707 tuac
643 4651 740 4724 regule
753 4651 822 4706 iuris
836 4650 903 4706 cita·
944 4668 1011 4726 ergo
1031 4652 1102 4709 idexu
1121 4655 1172 4710 erit
1186 4655 1213 4710 in
1226 4669 1403 4728 quacumque
1425 4655 1503 4712 simili
1518 4656 1591 4727 lege,
1606 4654 1739 4728 quamdiu

136 4747 163 4810 la,
175 4741 229 4813 quin
242 4759 306 4800 cum
322 4743 503 4815 proportione
517 4745 560 4796 est
573 4739 805 4814 intelligenda,vel
821 4755 909 4813 quan·
947 4744 1004 4814 ipsa
1018 4757 1146 4814 expresse
1161 4758 1213 4799 nou
1227 4743 1349 4800 excludit
1362 4744 1433 4801 bauo
1450 4743 1611 4802 facultatem
1625 4742 1740 4800 cedendi

135 4826 161 4882 do
173 4831 259 4903 aliquid
270 4828 438 4890 conceditur
449 4835 561 4901 propter
572 4827 708 4900 privatum
718 4828 907 4899 commodum,
948 4831 1000 4888 iuri
1018 4847 1069 4887 suo
1083 4843 1212 4904 expresse
1227 4831 1407 4904 disponendo,
1421 4839 1451 4889 ut
1465 4833 1517 4890 tale
1532 4835 1576 4890 ius
1589 4849 1643 4890 uon
1659 4834 1747 4905 possit

137 4923 156 4970 el
168 4928 280 4990 respectu
294 4919 421 4977 eiusdem
437 4924 539 4990 cessat,
547 4918 589 4973 rel
600 4915 711 4990 quaudo
725 4924 783 4974 erat
798 4926 909 4989 propter
949 4922 1137 4989 remunerari,
1155 4921 1228 4977 sicut
1241 4935 1317 4976 uuae
1332 4921 1358 4976 iu
1380 4921 1426 4978 illo
1450 4937 1519 4978 casu
1531 4921 1694 4992 dispositum
1704 4925 1748 4974 est

138 5019 258 5065 commuue
272 5009 393 5079 honum,
408 5013 439 5064 ιι
451 5006 613 5080 generaliter
625 5012 732 5078 cessat,
753 5013 782 5064 et
794 5007 820 5062 iu
835 5023 912 5064 com·
949 5025 998 5080 per
1014 5008 1190 5066 trideniiuum
1206 5025 1276 5066 sess.
1292 5014 1381 5080 25,c.
1403 5015 1447 5068 15.
1462 5010 1496 5067 de
1511 5010 1630 5082 regular.
1644 5007 1743 5066 Deinde

139 5107 201 5152 uuae
217 5098 384 5170 dispendium
405 5097 586 5153 convertitur.
603 5097 632 5151 lu
658 5094 703 5152 illo
731 5103 820 5153 tumen
844 5113 912 5153 casu
948 5099 1029 5155 obiici
1050 5102 1166 5170 possunt
1178 5099 1238 5155 iura
1251 5098 1384 5155 canonica
1398 5106 1426 5156 ct
1440 5095 1545 5170 civilia,
1564 5113 1635 5172 quae
1649 5097 1747 5155 dicuat

141 5184 271 5249 periculosi
286 5185 418 5256 mauebit,
433 5185 480 5258 qui
491 5185 616 5242 iniuriam
627 5184 726 5256 intulit,
734 5185 869 5258 obligatus
878 5185 911 5242 ad
947 5187 1107 5244 sustinenda
1126 5202 1188 5244 esse
1204 5187 1357 5244 iuramenta
1376 5195 1474 5244 contra
1488 5186 1562 5260 leges
1576 5186 1669 5243 civiles
1683 5186 1746 5242 irri-

140 5273 313 5334 restitutiouem
324 5276 416 5334 damni
431 5273 507 5346 illati,
523 5281 578 5330 tam
593 5274 618 5330 ia
633 5276 814 5350 conscicntia,
827 5290 910 5347 quam
948 5283 1055 5350 lantes,
1077 5275 1186 5350 quando
1208 5276 1265 5332 siue
1286 5275 1425 5349 dispendio
1442 5276 1547 5332 animae
1562 5274 1668 5347 impleri
1682 5288 1746 5345 pos-

198 5379 570 5439 sacramencum-Parsia
1475 5386 1500 5428 ι3
