4278 6242
855 386 961 436 carun
975 389 1037 437 xx.
1693 375 1734 440 89

37 520 39 559 t
137 512 256 584 pontiva,
270 511 320 568 sed
334 525 397 568 esse
411 509 445 567 de
460 511 522 570 iure
536 513 667 589 naturali,
682 511 809 584 quamvis
825 527 878 575 uon
894 526 937 569 re·
971 512 1078 584 posito,
1097 511 1173 586 quod
1188 511 1250 584 dat,
1266 525 1315 568 seu
1331 527 1385 568 uon
1401 513 1526 584 prohibet
1540 513 1612 571 iliam
1627 515 1720 595 iacere
1733 520 1773 574 in·

137 602 221 672 saltet,
233 602 287 656 nisi
305 601 396 671 posita
408 601 580 658 institutione
594 601 658 658 talis
668 602 783 672 formae,
796 616 880 673 quam
897 600 935 656 in·
970 599 1141 674 salide,quia
1155 617 1187 657 ex
1200 601 1263 668 boc,
1276 601 1349 674 quod
1365 602 1409 658 liat
1423 602 1549 672 invalide,
1559 610 1666 662 tautum
1683 607 1773 680 sequi·

45 706 47 715 ·
137 691 202 747 renit
214 688 257 746 lex
274 689 406 762 positiva,
422 689 499 746 siout
511 690 662 761 profanatio
674 691 769 748 calicis
782 689 935 746 consecrasti
969 695 1031 762 tur,
1049 696 1078 746 ut
1098 705 1151 745 uon
1173 691 1271 747 babent
1290 691 1432 766 ellectum,
1446 693 1521 766 quod
1542 709 1596 750 non
1609 701 1652 752 est
1672 703 1769 754 contra

139 777 302 850 sacrilegium
314 784 360 834 est
380 785 480 835 eontra
502 778 590 852 legem
606 781 769 848 naturalem,
787 779 851 835 licet
871 793 935 848 sup·
969 786 1160 850 praeceptum.

140 874 213 940 ponat
228 866 472 924 consecrationem
492 883 525 922 ex
548 868 662 940 positiva
684 869 864 926 institutione.
881 865 935 922 Sed
1009 868 1036 925 e.
1052 868 1149 924 Dices:
1164 869 1204 926 Ex
1219 869 1264 925 tali
1278 876 1342 926 actu
1357 869 1476 928 invalido
1490 873 1568 944 sequi
1579 879 1671 946 potest
1684 873 1765 932 dece·

140 958 194 1014 licet
213 971 309 1013 rarum
332 956 380 1027 ait,
401 955 454 1013 tale
474 962 621 1028 peccatum
641 972 703 1014 esse
725 962 825 1014 contra
848 955 934 1027 legem
969 957 1027 1028 ptlo
1043 955 1168 1027 alterius,
1185 957 1226 1014 rel
1242 958 1389 1030 inimicitis,
1404 960 1447 1017 vel
1463 960 1548 1018 simile
1564 962 1768 1036 inconveniens,

142 1043 301 1116 naturalem,
322 1046 408 1100 etiam
422 1050 467 1101 est
480 1050 577 1102 contra
590 1044 676 1118 legem
692 1045 853 1117 positivam-3
869 1059 931 1100 uum
970 1045 1011 1101 vel
1027 1044 1180 1102 saltem‘ille
1195 1053 1275 1103 actus
1286 1048 1324 1102 sic
1340 1047 1429 1104 iectus
1444 1051 1496 1105 erit
1509 1049 1615 1106 otiosus
1628 1058 1657 1108 et
1671 1053 1768 1123 imper·

138 1153 167 1192 eo
183 1137 250 1206 ipso,
261 1132 338 1206 quod
353 1135 478 1205 praefinit
488 1135 570 1191 talem
582 1134 697 1193 iormam
708 1135 736 1190 iu
748 1133 794 1190 tali
805 1133 932 1203 materia,
968 1137 1065 1193 tineus.
1079 1134 1241 1208 Respondeo
1255 1137 1280 1191 in
1296 1136 1400 1210 primis,
1418 1138 1483 1195 licet
1498 1139 1550 1195 boc
1565 1145 1652 1196 totum
1668 1156 1768 1200 couce-

139 1223 272 1280 eonstituit
285 1225 313 1278 in
335 1222 381 1279 illa
399 1221 522 1280 medium
540 1224 661 1281 iustitiae
675 1225 717 1280 vel
736 1223 892 1304 religionis3
907 1212 935 1276 et
968 1223 1063 1296 datur,
1078 1239 1132 1281 non
1147 1224 1240 1296 sequi,
1257 1225 1332 1298 quod
1348 1227 1384 1282 sit
1399 1225 1457 1298 lege
1471 1226 1591 1284 bumana
1605 1228 1768 1298 prohibitus.

139 1313 202 1384 ideo,
212 1313 259 1385 qui
269 1311 393 1368 debitam
403 1312 520 1368 sormam
532 1313 736 1385 praetermittit,
749 1313 833 1369 etiem
845 1309 933 1383 legem
968 1313 1068 1371 Deinde
1086 1312 1165 1384 dico,
1176 1313 1243 1370 baec
1257 1329 1310 1370 uon
1333 1330 1424 1386 perse
1444 1319 1535 1388 sequi,
1551 1318 1674 1373 sedasse
1695 1319 1770 1375 ecci-

138 1403 277 1458 bnaaanaru
290 1401 390 1472 violat,
406 1403 472 1474 quia
487 1402 530 1458 lex
543 1400 588 1458 illa
601 1401 767 1458 instituendo
783 1401 865 1458 talem
879 1400 934 1456 lor·
967 1402 1099 1475 dentalia,
1114 1403 1178 1475 quia
1192 1409 1282 1474 potest
1297 1403 1434 1461 interdum
1449 1406 1517 1462 ratio
1532 1406 1635 1480 aliqua,
1651 1407 1693 1463 rel
1707 1408 1766 1464 finis

135 1507 213 1560 maru,
225 1493 301 1564 pouit
314 1489 391 1547 illam
406 1497 439 1547 ut
451 1491 636 1548 necessariam
650 1490 685 1548 ad
699 1491 890 1559 honestatem,
904 1493 933 1544 et
956 1492 1104 1549 'honestus
1121 1508 1236 1550 movere
1252 1492 1285 1549 od
1300 1499 1492 1551 testamentum
1508 1494 1671 1568 iaciendum,
1687 1497 1768 1553 etiam

133 1587 330 1655 consequenter
343 1580 472 1653 probibet
486 1589 582 1638 sotum
595 1583 655 1638 sine
670 1580 716 1638 illa
728 1581 844 1648 iactum,
859 1579 931 1634 sieatt
969 1582 1025 1638 siue
1041 1581 1224 1654 solemnitate,
1239 1591 1280 1653 nt,
1293 1583 1314 1638 si
1330 1583 1408 1639 aliter
1422 1600 1476 1641 uon
1491 1586 1578 1656 possit
1592 1591 1719 1642 constare
1733 1585 1766 1642 ds

132 1673 184 1741 lex,
195 1685 263 1744 quae
277 1677 359 1728 taxat
373 1671 496 1741 pretinm
509 1672 562 1740 rei,
575 1671 732 1728 necessario
745 1667 872 1742 prohibet
885 1681 932 1722 ea·
967 1670 1109 1728 voluntate
1130 1671 1285 1742 morientis,
1301 1672 1397 1728 saltem
1417 1673 1461 1728 ilio
1484 1673 1564 1729 modo
1584 1679 1706 1745 constet,
1723 1675 1767 1731 vel

130 1763 187 1816 rius
207 1757 337 1832 rendere,
351 1759 460 1816 etiamsi
480 1759 576 1816 verbis
591 1760 743 1816 formaliter
763 1758 932 1830 prohibenti·
965 1766 1089 1817 certent
1108 1760 1284 1817 sicenterius
1305 1761 1450 1817 satisfaciat
1468 1767 1582 1818 testator
1603 1763 1766 1834 importunis

127 1851 180 1905 bue
198 1846 224 1903 id
244 1861 299 1904 nou
320 1846 484 1918 explicaret.
500 1847 580 1905 tuno
601 1850 711 1920 signum
731 1853 800 1912 erat,
822 1847 931 1921 quando
966 1850 1097 1921 precibus
1112 1848 1229 1905 alicuius
1243 1849 1378 1921 extranei,
1394 1850 1501 1922 rolens,
1518 1859 1551 1908 nt
1565 1851 1634 1908 alius
1649 1852 1682 1908 ab
1696 1853 1767 1909 inte·

127 1936 269 2009 probdsitr'o
284 1941 367 1992 actua
382 1933 463 1992 aliter
476 1936 542 1992 iacti
557 1937 667 2009 ponitur
680 1939 707 1992 in
725 1938 794 2009 lege,
810 1943 838 1994 et
856 1935 932 1996 addi·
966 1944 1038 1996 stato
1052 1939 1151 1994 habeat
1165 1937 1374 1996 haereditatem:
1391 1945 1458 1995 tuno
1478 1940 1550 1995 euim
1565 1956 1653 2012 neque
1668 1944 1766 2000 utenti-

126 2033 175 2082 tur
188 2024 320 2098 irritatio3
334 2039 399 2080 nam
412 2030 481 2082 tuuc
497 2025 539 2082 len
553 2025 599 2080 illa
614 2028 738 2082 continet
752 2031 931 2096 praeceptum
967 2033 1024 2098 tur,
1037 2042 1126 2099 neque
1141 2026 1223 2083 alicui
1235 2026 1301 2083 iacit
1314 2027 1451 2098 iniuriam,
1463 2028 1509 2084 sed
1524 2031 1612 2085 utitur
1624 2033 1684 2087 iure
1699 2047 1762 2102 suo,

126 2115 298 2186 negativum,
316 2115 425 2170 ratione
443 2114 526 2170 cuius
538 2114 640 2187 obligat
654 2114 687 2171 ed
708 2114 864 2185 vitandum,
881 2129 931 2172 seu
967 2123 995 2172 et
1011 2114 1130 2172 tortasse
1147 2116 1258 2172 redimit
1271 2115 1439 2173 vexationem
1455 2132 1544 2174 suam.
1559 2119 1595 2174 Et
1614 2119 1649 2176 ita
1662 2119 1697 2174 ibi
1711 2136 1765 2177 non

124 2219 180 2258 non
198 2201 391 2260 detestandum
415 2202 497 2258 talem
517 2209 621 2259 actum.
637 2203 715 2271 Quod
739 2203 877 2260 interdum
901 2205 931 2262 dt
966 2205 1111 2261 intervenit
1124 2204 1268 2276 deceptio,
1284 2204 1326 2261 rel
1340 2207 1363 2262 si
1376 2213 1518 2278 sentiatur,
1534 2207 1584 2264 erit
1599 2209 1704 2280 passiva
1720 2210 1765 2282 (ut

122 2293 228 2349 directe
250 2289 434 2363 probibendo,
451 2298 484 2348 ut
504 2297 579 2362 patet
597 2291 623 2347 in
644 2291 761 2350 concilio
781 2292 930 2350 tridentino
967 2294 1007 2350 sio
1020 2292 1138 2367 dinami,
1149 2309 1202 2350 nou
1216 2293 1321 2364 activs3
1337 2300 1365 2350 et
1380 2294 1451 2351 idem
1466 2302 1508 2353 est
1521 2295 1555 2352 de
1569 2297 1720 2370 inimicitia,
1736 2304 1766 2355 et

122 2395 193 2436 sess.
205 2383 254 2452 25,
267 2395 296 2435 c.
309 2384 353 2437 15.
364 2379 415 2437 Ubi
430 2380 508 2451 prius
521 2378 649 2451 probibet
662 2380 720 2437 lieri
735 2381 930 2452 professionem
966 2382 1023 2438 eliis
1043 2382 1234 2439 incommodis.
1250 2382 1342 2439 Altera
1362 2383 1479 2456 denique
1492 2401 1556 2457 pars
1576 2386 1763 2444 antecedentis

123 2478 189 2527 ante
207 2468 348 2539 expletum
370 2474 480 2539 tempus
501 2465 694 2539 professionis,
711 2468 753 2525 rel
775 2471 885 2542 uetatis,
905 2475 932 2526 et
967 2485 1000 2527 ex
1013 2470 1094 2527 dictis
1109 2471 1187 2543 plane
1202 2473 1411 2545 seqnitur,quiu
1425 2489 1520 2531 aecer
1534 2475 1631 2546 torma,
1645 2491 1694 2532 seu
1705 2491 1779 2533 ver·—

121 2556 225 2614 deinde
240 2557 331 2612 irritat
343 2554 514 2613 illam.Uode
528 2557 668 2613 interdum
680 2557 722 2613 les
738 2557 813 2616 addit
827 2560 932 2631 specio·
966 2557 1009 2615 bis
1022 2559 1090 2631 legis
1102 2561 1242 2632 positivae,
1254 2575 1304 2616 nec
1318 2576 1352 2618 ex
1363 2563 1477 2618 materia
1487 2566 1548 2620 eius
1562 2563 1701 2638 colligitur
1712 2564 1766 2622 tale

120 2647 177 2703 lem
191 2661 307 2718 mum
322 2650 434 2716 praeter
452 2645 628 2702 irritationem
644 2655 758 2718 propter
772 2654 866 2705 ectum
889 2649 930 2704 sio
968 2655 1145 2722 praeceptum
1160 2649 1326 2723 hermanum,
1343 2658 1376 2708 ut
1393 2668 1532 2724 suppouo3
1548 2670 1615 2727 ergo
1635 2670 1688 2712 uon
1708 2661 1764 2726 est,

120 2736 244 2805 lactum,
258 2749 322 2790 nam
337 2749 426 2805 poena
447 2740 491 2789 est
509 2737 616 2808 signum
632 2736 834 2808 prohibitionis,
853 2743 885 2794 ut
905 2738 930 2792 in
966 2755 1018 2796 nec
1033 2755 1098 2796 cum
1113 2738 1290 2797 laudamento
1306 2747 1397 2813 potest
1411 2741 1553 2799 affirmari.

120 2825 219 2881 coirent
237 2823 358 2880 concilio
374 2827 478 2895 sape.
495 2824 620 2881 eiusdem
641 2840 710 2881 sess.
724 2826 809 2883 videri
829 2833 929 2898 potest.
1006 2831 1032 2887 7.
1048 2830 1114 2885 Dico
1134 2827 1272 2885 secundo:
1289 2831 1375 2902 Leges
1395 2831 1550 2902 negativae,
1572 2846 1643 2904 qnae
1662 2830 1765 2890 directe

159 2911 274 2981 Quando
289 2927 357 2969 sero
377 2918 510 2969 neutrum
525 2927 557 2971 ex
576 2913 617 2970 his
631 2915 715 2987 signis
730 2917 758 2971 in
780 2915 839 2988 lege
857 2917 931 2972 inve·
966 2919 1110 2991 prohibent
1133 2924 1238 2989 actum,
1259 2924 1287 2975 et
1311 2920 1344 2977 ud
1358 2921 1499 2977 maiorem
1524 2922 1689 2992 firmitatem,
1713 2937 1762 2978 seu

122 3005 213 3072 nitur,
226 3001 285 3058 talis
299 3000 344 3057 len
359 3017 415 3057 uou
429 3000 533 3075 obliget
548 3006 575 3058 iu
591 3006 760 3062 couscientia
770 3006 802 3062 ad
818 3021 930 3062 serrun-
966 3011 1207 3081 exaggerationem
1220 3009 1412 3079 prohibitionis
1422 3010 1530 3067 irritant
1546 3009 1763 3083 illum,obligaut

122 3091 187 3148 darn
207 3091 323 3147 sormam
333 3091 544 3163 ,praecriptam
559 3092 592 3148 iu¹
606 3100 691 3164 actu,
706 3110 756 3151 seo
770 3093 804 3151 ad
825 3111 879 3151 nou
894 3095 932 3152 ia·
966 3100 994 3154 in
1010 3099 1180 3156 conscientia
1193 3098 1226 3154 ad
1243 3098 1323 3154 talem
1339 3106 1432 3156 actum
1448 3099 1598 3157 vitandum·
1615 3100 1763 3158 Conclusio

123 3179 251 3237 ciendum
265 3186 360 3237 actum
377 3182 435 3236 sine
451 3180 498 3236 tali
510 3180 614 3254 iormu3
629 3189 657 3240 et
678 3186 704 3238 in
719 3183 771 3240 hoc
792 3200 874 3242 seusu
890 3194 930 3242 tu·
966 3186 1102 3257 estclaru,
1115 3186 1148 3242 de
1163 3202 1217 3259 qua
1233 3186 1315 3243 sideri
1329 3194 1418 3259 potest
1433 3188 1648 3260 Novaensupra,
1660 3197 1689 3246 et
1700 3204 1764 3260 pro·

123 3267 156 3324 l‘n
171 3269 214 3325 les
236 3268 289 3326 dici
310 3274 403 3341 potest
424 3283 493 3338 pure
511 3270 630 3328 irritans.
647 3272 705 3328 lloc
727 3271 836 3331 ridetur
854 3274 932 3331 suill-
965 3274 1131 3349 batur,quia
1143 3274 1256 3332 talisles
1267 3285 1310 3332 est
1322 3277 1391 3332 iustu
1403 3278 1428 3332 iu
1441 3276 1485 3333 tali
1496 3277 1673 3348 prohibitione
1684 3293 1763 3349 prae·

125 3360 230 3415 cientes
249 3357 362 3430 probari
384 3357 509 3431 exemplo
524 3358 558 3416 de
578 3367 741 3418 testamento
761 3363 885 3420 solemni.
902 3364 930 3418 in
966 3369 1023 3423 eise
1045 3371 1179 3438 spectata,
1201 3374 1229 3422 et
1248 3366 1371 3423 continet
1392 3373 1569 3438 praeceptum
1591 3368 1758 3439 negativum,

124 3446 219 3518 qnoid
239 3461 371 3519 expresse
385 3448 506 3504 asseruit
528 3448 648 3504 liudem.
665 3451 693 3506 iu
714 3449 759 3507 lib.
776 3455 801 3508 5.
815 3452 929 3523 recapit.
965 3471 1030 3528 ergo
1041 3455 1179 3527 obligatio
1190 3455 1396 3512 conscientinnd
1408 3455 1639 3513 vitandumtslem
1651 3463 1758 3512 actum.

126 3537 167 3593 tit.
180 3541 210 3608 t,
225 3536 243 3593 l.
256 3542 282 3608 t,
297 3535 389 3593 Gloss.
406 3539 452 3606 to,
463 3551 491 3592 n.
503 3541 547 3610 ts,
558 3545 586 3594 et
599 3538 685 3595 relert
699 3540 845 3596 derasam
860 3542 928 3597 liam
965 3547 1042 3602 Patet
1056 3546 1264 3616 consequentia,
1276 3545 1340 3615 quia
1352 3543 1396 3600 bio
1409 3551 1452 3601 est
1464 3545 1629 3602 intrinsecus
1642 3539 1758 3602 eftectus

124 3642 151 3682 c.
162 3631 211 3698 te,
225 3630 310 3692 misti,
327 3626 375 3699 qni
396 3624 521 3698 loquitur
534 3625 567 3682 de
589 3627 648 3700 lege
662 3643 731 3700 pure
750 3628 872 3703 poenali,
890 3636 930 3686 tn-
964 3633 1033 3706 legis
1047 3633 1144 3702 iustae,
1160 3633 1215 3688 sive
1229 3631 1405 3704 prohibentis,
1422 3634 1478 3689 sire
1492 3634 1696 3706 praecipientis:
1713 3633 1758 3690 bie

125 3715 745 3788 eitetamenridetursumereargnmeotuma
757 3717 847 3774 simili:
860 3717 929 3774 idern
965 3730 1056 3778 nutem
1078 3722 1193 3778 ellectus
1212 3737 1267 3778 uon
1286 3721 1444 3793 impeditur,
1466 3729 1610 3793 propterea
1623 3723 1698 3794 quod
1719 3721 1762 3779 ier

125 3819 192 3877 ergo
204 3813 246 3862 est
260 3805 285 3860 in
301 3803 448 3860 similibus.
466 3806 544 3862 itatio
559 3812 651 3863 antem
665 3814 723 3879 est,
739 3809 805 3880 quia
818 3807 930 3866 allicere
964 3809 1047 3867 addat
1060 3809 1239 3867 irritationem
1255 3811 1443 3892 prohibitioni,
1461 3812 1536 3868 sicut
1548 3827 1633 3882 supra
1651 3811 1759 3868 diceba·

127 3899 339 3964 testamentum,
356 3891 398 3949 rel
413 3892 528 3950 similem
544 3897 677 3952 uodonem
693 3896 799 3968 valide,
815 3906 926 3953 nonest
964 3917 1037 3974 mus,
1049 3900 1212 3957 additionem
1224 3915 1327 3972 poenae
1344 3916 1397 3956 non
1412 3901 1520 3958 atrierre
1534 3900 1724 3973 obligationem
1736 3901 1761 3955 iu

127 3981 160 4036 de
170 3985 229 4040 iure
241 3989 427 4054 naturae,uec
438 3982 519 4038 etiarn
531 3985 697 4057 praecipitur
709 4001 757 4058 per
768 3987 854 4058 legem
865 3987 931 4044 dau·
963 3990 1131 4048 oonsoieutia
1142 3990 1209 4061 legis
1221 3990 1355 4061 poenalis3
1368 3997 1410 4047 est
1423 3990 1494 4048 euim
1510 4007 1573 4046 cunt
1586 3989 1760 4059 proportione

129 4076 184 4126 tem
196 4072 311 4128 termam
331 4071 540 4130 substantialem
555 4077 728 4148 actuisergo
741 4091 796 4132 nou
810 4084 853 4133 est
866 4093 930 4149 pec·
963 4079 1058 4136 eadem
1072 4078 1151 4135 ratio.
1169 4078 1235 4145 Quin
1251 4080 1342 4149 potius
1357 4079 1382 4134 in
1403 4077 1538 4150 praesenti
1553 4085 1637 4150 auget
1656 4077 1760 4151 obliga·
1816 4096 1821 4101 ·

130 4165 220 4216 catum
230 4175 317 4232 perse
328 4160 465 4234 loquendo
476 4161 566 4220 iacere
577 4168 671 4220 actum
683 4163 758 4220 illum
769 4165 926 4222 invalidum.
963 4168 1075 4233 tionem,
1092 4172 1151 4224 tum
1166 4166 1229 4240 quia
1243 4182 1275 4222 er
1290 4183 1341 4223 sno
1355 4179 1455 4237 genere
1469 4167 1580 4237 gratius
1594 4170 1646 4238 est,
1663 4167 1761 4238 magis·

131 4247 195 4313 Quia
208 4248 281 4321 quod
296 4265 351 4305 non
373 4255 415 4306 est
429 4257 525 4307 eontra
539 4259 726 4326 pmeceptum,
743 4269 795 4310 uon
811 4261 853 4312 est
867 4270 930 4326 pec·
962 4273 1016 4331 que
1030 4263 1138 4312 areotn
1153 4257 1259 4313 ratione
1274 4255 1408 4311 exorbitat
1420 4255 1511 4311 iacere
1530 4262 1622 4311 aetum
1638 4256 1759 4327 probibi-

134 4343 235 4408 catum3
250 4352 319 4410 ergo
333 4351 385 4393 nec
401 4337 490 4394 iucem
505 4338 581 4396 illum
593 4342 650 4396 sine
665 4341 838 4400 solemnitate
853 4359 931 4414 prue-
961 4346 1397 4416 tumetirritnm,qoamteutum
1410 4344 1586 4416 prohibiturns
1598 4344 1759 4415 tumeliam,

136 4425 230 4496 scripta
239 4429 293 4482 erit
315 4433 475 4498 peccetum,
487 4428 550 4500 quia
562 4428 583 4484 si
595 4430 719 4487 omittere
731 4431 928 4489 solemnitatem
962 4437 1027 4511 quia
1039 4436 1081 4492 ille
1096 4432 1194 4490 modus
1209 4431 1371 4504 probibendi
1382 4433 1484 4490 indicat
1498 4435 1628 4490 maiorem
1641 4435 1760 4506 gravita-

138 4521 201 4570 esset
224 4521 381 4588 peccatum,
397 4519 512 4573 maxime
527 4517 555 4574 id
574 4525 660 4592 esset,
675 4522 740 4592 qula
754 4520 831 4579 fieret
850 4527 929 4578 ectus
964 4531 1016 4582 tem
1031 4521 1235 4595 prohibitionis,
1251 4528 1310 4579 tum
1324 4537 1357 4577 ex
1378 4529 1455 4593 parte
1468 4523 1640 4578 necessitatis
1661 4523 1762 4580 citandi

140 4601 255 4672 meotide,
268 4611 298 4662 et
316 4606 375 4661 siue
388 4603 500 4678 tractu,
517 4605 687 4678 rel-ellectu,
703 4624 776 4681 quae
788 4613 860 4666 enim
878 4611 929 4667 alie
964 4614 1044 4671 talem
1066 4616 1171 4682 actum,
1188 4617 1246 4666 tum
1265 4624 1299 4666 ex
1319 4615 1393 4681 parte
1409 4609 1565 4668 intentionis
1586 4601 1759 4685 legislatoris,

141 4688 284 4750 detornatae
298 4695 335 4750 ibi
359 4700 452 4766 potest
465 4695 707 4767 cogitaritertma
720 4713 786 4755 vero
805 4714 867 4770 pars
882 4713 930 4756 en·
963 4703 1122 4761 satisenim
1147 4699 1300 4772 siguificat,
1327 4715 1356 4756 se
1385 4699 1454 4756 velle
1478 4701 1598 4773 obtigere
1624 4707 1782 4774 qnantum

144 4781 273 4839 momentis
289 4783 434 4856 probatur,
446 4784 509 4856 quia
524 4786 596 4841 sicut
606 4787 650 4842 ius
664 4793 780 4843 naturae
792 4803 845 4843 nou
859 4787 926 4844 obli·
964 4795 1062 4865 possit.
1470 4791 1475 4799 '

143 4875 178 4938 gat
189 4871 219 4927 ad
233 4869 306 4928 illane
322 4873 462 4929 actionem
476 4872 601 4931 absolute
615 4874 797 4932 merceudam
808 4877 849 4950 tut
863 4893 929 4949 sup·
1001 4881 1100 4938 Statim
1114 4893 1180 4936 vero
1200 4879 1325 4934 occurrit
1337 4877 1546 4951 inquirendum,
1562 4877 1699 4951 quomodo
1713 4894 1761 4935 eo·

143 4962 218 5034 ponci,
233 4961 270 5017 ita
283 4962 367 5018 etiam
382 4977 437 5018 non
453 4961 557 5035 obligat
569 4963 603 5019 ad
623 4963 752 5021 ellectum
766 4965 837 5037 eius,
853 4972 884 5022 ut
899 4982 925 5021 v.
961 4971 1057 5043 gnossi
1077 4967 1178 5040 possit,
1200 4967 1310 5040 quando
1331 4967 1372 5024 len
1394 4967 1447 5025 boc
1468 4966 1550 5024 modo
1571 4966 1688 5040 obliget,
1710 4982 1760 5023 seu

142 5065 161 5119 g.
174 5049 202 5106 ad
220 5050 445 5108 transferendum
468 5049 621 5108 dominium
641 5065 766 5110 mearum
786 5069 879 5111 rerum
900 5057 927 5111 lu
963 5057 1046 5132 (quod
1062 5056 1132 5114 idem
1144 5055 1195 5121 esti
1207 5056 1317 5130 quando
1328 5059 1468 5114 contiueat
1481 5056 1690 5130 prohibitionem
1700 5063 1762 5113 ante

141 5137 225 5212 alum,
242 5141 284 5198 sel
305 5141 372 5214 quid
388 5140 486 5197 simile.
502 5142 576 5214 Ergo
596 5141 678 5198 etiam
693 5158 747 5199 nou
765 5143 868 5217 obliget
885 5146 927 5200 ius
961 5145 1149 5203 irritationem.
1164 5144 1337 5217 Respondeo,
1353 5145 1486 5202 utendum
1501 5160 1562 5202 esse
1576 5143 1713 5218 principiis
1726 5160 1759 5202 ac

140 5236 236 5287 astures
251 5231 285 5289 ad
303 5229 483 5289 alliciendam
497 5231 570 5288 illam
592 5231 727 5290 actionem
742 5233 845 5306 valide,
861 5251 927 5307 sup·
962 5234 1067 5308 regulis
1088 5248 1171 5308 supra
1191 5234 1271 5292 datis.
1287 5237 1354 5292 Nam
1375 5237 1464 5308 primo
1477 5234 1676 5293 consideranda
1696 5241 1762 5292 sunt

200 5337 580 5393 summitatatem—Parni.
1512 5341 1538 5384 tt
