4290 6222
368 379 431 446 362
1050 397 1153 448 mssa
1166 397 1242 447 vm.

328 525 381 592 est,
395 527 424 578 et
439 518 499 576 inde
513 519 615 592 accipit
628 519 708 594 quasi
722 519 841 593 speciem
854 527 883 578 et
895 533 1009 600 nomem
1023 527 1051 578 at
1064 521 1126 580 ideo
1162 521 1262 580 borum
1274 522 1483 580 usumllicitur
1496 521 1567 579 enim
1579 519 1773 582 affirmativum
1783 519 1971 597 privilegium,

327 625 383 666 non
403 615 445 665 est
466 608 576 680 propria
597 608 786 682 privilegium,
808 611 889 684 quia,
910 617 942 668 ιιι
960 610 1124 682 supradixi,
1160 610 1235 685 quod
1252 612 1379 669 concedit
1398 610 1557 668 tscnlouem
1576 611 1692 684 agendi3
1714 615 1871 686 negativum
1889 628 1974 684 reru,

327 696 501 770 privilegium
523 711 572 770 per
593 713 623 754 se
637 697 833 769 deiformem,
849 698 921 756 unde
935 715 990 756 uon
1003 697 1126 756 denomi·
1160 701 1236 774 quod
1255 700 1303 757 dat
1317 700 1453 758 licentiam
1467 700 1568 772 aliquid
1583 703 1744 774 omittendi,
1765 703 1839 759 sicut
1853 702 1916 759 alibi
1930 701 1979 758 di-

327 792 408 842 natur
429 785 571 858 odiosum,
593 787 645 843 nisi
666 802 699 843 ex
714 789 813 844 ellectu
834 803 880 862 per
896 789 1024 846 accidens
1039 787 1129 845 resul·
1161 789 1307 846 stinrimus
1322 796 1418 847 sotum
1434 790 1460 846 in
1471 788 1663 848 affirmativum
1679 799 1706 847 et
1724 793 1976 864 negativumllam

327 881 420 947 tanta,
434 875 482 948 qui
498 874 579 932 debat
592 891 746 948 supponere
760 876 892 934 savorem.
908 881 1006 936 Fateor
1020 884 1124 948 tamen,
1160 877 1226 935 licet
1244 878 1372 953 obligatio
1387 881 1443 936 uoti
1457 893 1563 950 semper
1578 879 1757 949 positivam,
1790 872 1975 954 nihilominus

327 963 396 1022 illud
416 969 551 1022 statutum
566 980 646 1036 posse
661 963 713 1022 dici
727 963 924 1039 honorarium,
939 973 968 1024 et
982 964 1128 1023 favorabile
1160 982 1194 1025 es
1214 974 1289 1039 parte
1311 969 1438 1026 materiae
1459 983 1544 1024 unum
1565 966 1669 1025 dicitur
1700 967 1919 1039 affirmativum,
1941 974 1978 1024 et

328 1053 374 1110 tali
388 1053 524 1112 ecciesiae
537 1054 615 1127 quasi
630 1069 678 1126 per
693 1056 896 1126 resultantium,
915 1061 943 1114 et
962 1056 1080 1113 tortasse
1093 1070 1128 1112 es
1163 1054 1238 1112 aliud
1256 1057 1428 1130 negativum:
1451 1057 1490 1113 sic
1506 1071 1572 1129 ergo
1587 1072 1665 1114 omne
1691 1057 1860 1130 privilegium
1875 1057 1977 1129 positi·

328 1145 474 1202 intentione
491 1144 638 1217 operantis.
1162 1160 1205 1215 vc,
1217 1151 1250 1203 ιιι
1263 1146 1303 1201 sic
1318 1145 1420 1219 dicam,
1433 1145 1561 1203 concedit
1575 1145 1706 1212 laveram,
1716 1152 1807 1204 tamen
1828 1146 1976 1203 interdum

372 1239 398 1292 5.
414 1236 490 1291 Tunc
511 1248 578 1290 vero
602 1233 720 1308 insurgit
743 1240 840 1291 contra
860 1234 1020 1292 divisionem
1042 1232 1128 1290 altera
1162 1233 1251 1291 estad
1269 1250 1349 1293 usum
1365 1235 1533 1308 negativum,
1547 1234 1686 1293 interdum
1701 1235 1736 1292 ad
1759 1234 1974 1310 affirmativum

328 1321 446 1380 obiectio
457 1324 687 1395 percontrarium
699 1324 935 1397 extremumquia
947 1323 1127 1380 inhocsensu
1162 1330 1190 1380 ct
1211 1324 1271 1382 ideo
1290 1324 1428 1396 duplicem
1450 1324 1523 1382 illam
1536 1323 1782 1382 denominationem
1802 1325 1917 1397 recipit,
1933 1323 1977 1382 ad

328 1411 436 1470 nullum
451 1411 678 1485 estprivilegiurn
689 1413 848 1484 lacerabile3
858 1427 964 1470 nameo
974 1410 1127 1486 ipso,quod
1163 1413 1248 1470 instar
1262 1415 1344 1471 etiam
1359 1413 1436 1487 legis,
1452 1431 1501 1471 seu
1516 1415 1665 1486 praecepti,
1677 1415 1750 1487 quod
1773 1413 1870 1471 eodem
1884 1413 1975 1472 modo

328 1502 428 1560 nemini
444 1500 621 1574 praeiudicat,
635 1502 740 1559 etiamsi
755 1501 914 1560 beneficium
928 1502 1065 1573 conterat,
1079 1499 1128 1556 de·
1163 1500 1304 1574 dividitur,
1328 1508 1356 1559 et
1378 1519 1443 1560 oum
1467 1505 1640 1574 proportione
1658 1503 1820 1575 explicanda
1840 1511 1883 1561 est
1899 1504 1975 1561 baec

329 1591 393 1647 sinit
407 1605 468 1648 csse
483 1589 667 1662 privilegium,
679 1597 706 1648 et
720 1597 812 1648 manet
825 1593 854 1647 in
866 1590 1006 1650 communi
1023 1590 1128 1647 ratione
1163 1593 1283 1664 partitio.
1294 1592 1398 1666 Duplex
1411 1600 1505 1650 autem
1518 1593 1670 1651 differentia
1684 1601 1775 1665 potest
1790 1595 1877 1651 notari
1896 1596 1976 1650 inter

328 1679 463 1752 banelicii,
479 1686 510 1737 ut
525 1685 641 1762 testatur
654 1681 771 1754 sylvest.
788 1679 871 1737 verbo
884 1677 1084 1755 privilegium,
1102 1679 1127 1735 iu
1163 1681 1208 1738 illa
1223 1680 1279 1738 duo
1294 1682 1425 1738 membra.
1441 1684 1500 1740 Una
1513 1687 1566 1753 est,
1581 1681 1656 1754 quod
1670 1683 1844 1757 privilegium
1863 1684 1977 1757 negati·

328 1771 473 1843 principio,
489 1774 517 1826 et
530 1768 595 1825 ibid.
610 1769 705 1842 Augei.
720 1775 749 1826 el
761 1769 868 1826 Tabieo.
883 1785 911 1826 o.
928 1773 954 1841 l,
971 1771 1018 1842 qui
1031 1771 1057 1825 iu
1072 1767 1126 1824 boc
1163 1787 1228 1829 vum
1248 1786 1354 1844 semper
1374 1779 1416 1829 est
1434 1779 1531 1828 contra
1546 1771 1644 1844 legem,
1661 1771 1855 1828 affirmativum
1873 1779 1976 1829 autem

329 1861 418 1917 secuti
430 1864 496 1918 suut
506 1860 604 1916 Pauor.
621 1859 647 1914 iu
660 1857 792 1916 colim.
805 1858 926 1916 deverb.
939 1859 1010 1932 sign.
1023 1859 1122 1915 iolioe.
1162 1875 1215 1917 uon
1230 1875 1352 1932 semper,
1368 1860 1417 1916 sed
1431 1859 1569 1917 interdum
1583 1867 1627 1916 est
1640 1869 1749 1931 contra,
1768 1860 1908 1918 interdum
1924 1860 1974 1916 ul·

329 1947 382 2006 Sed
400 1947 598 2021 respondemus
617 1948 740 2020 negando
754 1955 943 2021 assumptum:
965 1951 1123 2006 sicutenim
1162 1954 1215 2019 tra,
1232 1964 1281 2006 reu
1296 1957 1404 2021 praeter
1418 1949 1516 2021 legam,
1529 1956 1560 2008 ut
1575 1965 1659 2022 supra
1673 1948 1707 2006 de
1721 1949 1861 2022 privilagio
1876 1951 1903 2006 ia
1918 1963 1975 2024 ge·

330 2036 556 2111 supradiximus,
572 2037 1038 2112 essepossererumprivilegium,
1054 2035 1126 2094 scili·
1162 2053 1226 2095 nere
1248 2038 1354 2096 dictum
1374 2045 1427 2094 est.
1444 2039 1479 2094 lit
1499 2038 1615 2112 quando
1635 2046 1787 2112 utrumque
1806 2046 1847 2095 est
1868 2046 1975 2096 contra

329 2133 376 2184 eet
390 2127 412 2182 si
426 2127 478 2184 iuri
492 2126 633 2184 communi
646 2141 700 2196 upn
715 2127 842 2201 derogel3
857 2127 893 2183 ita
908 2141 982 2184 nune
994 2125 1125 2198 dicimus,
1165 2128 1272 2200 legem,
1287 2127 1369 2185 etiam
1383 2127 1526 2199 dilleruot,
1542 2127 1607 2201 qnia
1621 2128 1793 2202 privilegium
1809 2129 1973 2201 negativum

328 2232 383 2274 nou
398 2232 458 2275 esse
471 2216 505 2275 de
519 2217 623 2274 ratione
636 2215 782 2290 privilegii,
797 2223 831 2273 ut
843 2215 925 2274 alicui
939 2215 1123 2289 praeiudicet3
1161 2223 1205 2274 est
1228 2223 1325 2275 contra
1350 2223 1526 2290 praeceptum
1549 2216 1761 2290 affirmativum,
1788 2218 1971 2292 privilegium

331 2307 398 2363 satis
419 2307 491 2363 enim
512 2311 568 2378 est,
591 2313 623 2362 ut
643 2305 725 2364 alicui
743 2305 862 2364 levorem
877 2304 1126 2364 extraordinarium
1162 2311 1252 2363 autem
1271 2306 1418 2378 positivum
1431 2313 1474 2362 est
1487 2312 1584 2362 contra
1597 2307 1765 2379 negativum.

329 2398 464 2454 conterat.
479 2397 547 2454 Naro
567 2394 632 2453 licet
650 2396 702 2453 hoc
714 2397 848 2455 'uideatur
868 2397 1004 2469 pertinere
1019 2394 1052 2453 ad
1067 2411 1126 2452 mo·
1202 2399 1229 2453 i.
1242 2397 1321 2453 Ratio
1335 2397 1479 2468 utriusque
1493 2397 1579 2468 partis
1594 2397 1716 2468 estquis
1731 2395 1765 2452 ed
1783 2395 1972 2453 omittendum

329 2485 395 2542 dam
414 2482 556 2558 loquendi,
572 2490 662 2541 tamen
676 2485 710 2541 ad
725 2484 900 2558 intelligenda
912 2487 985 2557 iura,
1000 2491 1029 2541 et
1043 2484 1127 2540 iuter·
1161 2483 1204 2555 id,
1224 2483 1299 2558 quod
1314 2501 1367 2541 non
1381 2493 1425 2541 est
1437 2491 1633 2557 praeceptum,
1648 2501 1703 2541 non
1717 2492 1761 2541 est
1775 2488 1970 2546 necessarium

329 2573 459 2646 pretends
480 2573 617 2646 privilegia
638 2580 729 2646 potest
744 2573 881 2640 conterre,
898 2579 929 2630 ut
943 2579 1038 2645 postea
1052 2572 1126 2630 vide·
1162 2573 1352 2646 privilegium,
1374 2574 1439 2646 quia
1457 2573 1491 2630 ad
1510 2589 1564 2630 nou
1584 2574 1751 2646 operandum
1768 2575 1896 2633 absolute
1910 2591 1971 2633 uon

328 2663 429 2722 bimus.
444 2664 523 2732 erod
544 2668 635 2720 autem
653 2662 681 2718 id
695 2678 748 2720 noo
764 2665 800 2720 sit
814 2661 847 2720 de
861 2663 965 2719 ratione
979 2661 1125 2734 privilegii,
1161 2669 1203 2720 est
1217 2665 1372 2720 necessaria
1386 2662 1511 2734 specialis
1526 2669 1660 2734 potestas,
1675 2664 1723 2722 sed
1740 2664 1869 2722 voluutas
1884 2666 1971 2722 sulli-

328 2759 414 2826 patel,
429 2753 492 2826 quia
506 2752 581 2809 nullo
596 2753 656 2809 iure
670 2752 811 2823 probetur.
828 2749 881 2807 Sed
895 2753 988 2824 potius
1002 2749 1127 2807 iudicant
1161 2751 1209 2820 cit,
1222 2753 1286 2824 quia
1299 2767 1388 2808 sermo
1400 2757 1442 2808 est
1452 2751 1486 2809 dc
1497 2753 1688 2810 omissionibus
1699 2753 1799 2810 liberis:
1815 2770 1866 2812 nec
1877 2757 1970 2814 ctiam

329 2844 406 2912 iura,
429 2840 680 2914 privilegium'esse
694 2838 902 2913 intelligendum
917 2839 973 2896 sine
989 2838 1126 2911 praeiudi·
1162 2839 1196 2898 ad
1210 2839 1394 2898 omittendum
1408 2840 1481 2897 licite
1494 2855 1545 2914 ea,
1566 2856 1638 2915 quae
1652 2849 1801 2915 praecepta
1816 2858 1868 2898 noo
1883 2852 1969 2916 sunt,

328 2932 371 2989 cio
391 2931 476 3002 tertii,
497 2928 590 3004 quoad
611 2931 668 2986 lieri
688 2932 792 3002 possit,
814 2928 925 3002 quando
940 2927 1013 2986 aliud
1026 2930 1053 2985 iu
1067 2927 1127 3000 ipso
1165 2935 1207 2987 est
1219 2931 1374 2986 necessaria
1388 2927 1513 3002 specialis
1527 2929 1776 3005 indulgentiaque
1796 2933 1854 3003 ipsa
1867 2947 1972 2990 caran·

326 3018 467 3095 privilegio
488 3034 542 3075 non
562 3018 724 3093 exprimitur
747 3019 838 3092 capite
856 3019 1012 3094 Quemvis,
1036 3015 1070 3075 de
1084 3031 1128 3074 rc·
1162 3020 1198 3076 tia
1213 3018 1278 3091 legis
1292 3019 1484 3093 praecipientis
1498 3025 1593 3076 actum
1605 3025 1649 3076 est
1663 3020 1805 3078 sufficiens
1821 3020 1971 3096 indulgeo-

330 3110 426 3182 aeript.
443 3123 519 3166 uum.
538 3111 565 3167 6.
1162 3099 1213 3179 stop
1232 3123 1299 3182 ergo
1318 3106 1372 3164 talc
1391 3109 1560 3182 privilegium
1574 3111 1728 3167 necessario
1742 3112 1870 3182 supponit
1884 3112 1965 3168 allir-

365 3201 459 3273 lleque
478 3196 606 3262 etiamid
625 3196 764 3271 colligitur
778 3211 812 3254 cx
826 3195 980 3254 definitione
993 3195 1126 3270 privilegii
1161 3198 1291 3255 metitum
1310 3205 1497 3270 praeceptum.
1518 3198 1575 3254 Sub
1596 3206 1741 3270 praecepto
1766 3207 1858 3258 auum
1887 3217 1971 3258 com-

328 3291 509 3366 commuuiter
524 3295 704 3358 recepta,uec
718 3301 752 3344 en
766 3285 926 3358 iuribus,ex
937 3287 1038 3359 quibus
1053 3285 1125 3343 illam
1161 3285 1304 3358 probando
1316 3300 1520 3359 quamcumque
1540 3287 1666 3361 regulam
1680 3303 1862 3363 quocumque
1880 3291 1968 3348 modo

331 3379 509 3452 sumpsimus,
522 3392 573 3434 nac
589 3376 669 3433 ctiam
683 3392 717 3434 ex
731 3378 871 3434 communi
886 3375 967 3434 mode
981 3376 1124 3450 loquendi3
1162 3374 1339 3449 obligantem,
1354 3374 1397 3431 sel
1410 3374 1589 3448 dirigentem,
1604 3383 1637 3432 ut
1650 3391 1714 3440 eum
1736 3380 1913 3451 proportione
1928 3379 1969 3436 illi

328 3469 394 3540 quin
409 3469 501 3539 potius
516 3465 602 3523 multa
616 3464 733 3536 indulta,
747 3480 820 3538 quae
835 3465 955 3522 levorem
970 3467 1052 3522 unlus
1067 3467 1126 3522 sine
1160 3464 1322 3538 respoudeat
1344 3463 1534 3538 privilegium,
1554 3480 1604 3522 seu
1619 3465 1738 3523 licentia.
1758 3467 1969 3539 comprehendo

328 3557 442 3613 aliorum
461 3554 629 3628 praeiudicio
644 3556 803 3626 continent,
823 3556 1007 3612 communiter
1025 3571 1128 3611 rucan-
1160 3554 1241 3612 etiam
1258 3562 1436 3625 praeceptum
1452 3569 1505 3610 non
1519 3554 1608 3612 solum
1623 3555 1802 3624 certum,sed
1820 3557 1901 3614 etiam
1912 3556 1968 3614 du·

329 3652 374 3702 tur
389 3644 545 3718 priuilegia,
559 3650 590 3701 ut
602 3643 719 3700 facultas
733 3642 858 3701 audiendi
875 3644 985 3701 missam
1002 3650 1127 3716 tempore
1160 3643 1248 3716 bium,
1267 3641 1309 3701 rel
1322 3644 1360 3699 itu
1374 3642 1555 3715 intellectum,
1571 3649 1602 3699 ut
1616 3643 1703 3715 possit
1716 3645 1865 3717 scrupulos
1883 3660 1967 3718 genc-

330 3733 481 3806 interdicti,
501 3731 661 3789 comedendi
675 3731 810 3789 lacticinia
823 3733 851 3788 in
866 3725 990 3804 tempore
1006 3731 1127 3800 Quadra·
1161 3739 1275 3804 raraput
1290 3730 1459 3804 complectar
1472 3733 1554 3788 ctiam
1569 3731 1797 3805 privilegia‚quaa
1813 3732 1846 3790 ad
1868 3732 1966 3790 tollen·

329 3825 468 3897 gesimae.
483 3821 632 3893 laborandi,
648 3828 697 3878 aut
711 3820 833 3892 piscandi
847 3823 873 3876 io
887 3820 931 3878 dia
946 3820 1024 3878 lesio.
1040 3823 1127 3880 loter-
1160 3821 1210 3878 dos
1226 3819 1390 3894 scrupulos,
1405 3826 1434 3877 et
1447 3819 1585 3891 pacandas
1600 3823 1784 3878 conscientias
1803 3821 1968 3880 concedun-

330 3912 396 3968 dum
410 3913 491 3969 ctiam
506 3909 674 3982 privilegium
693 3916 736 3980 esp
749 3910 938 3981 reciprocum,
958 3914 987 3965 et
1002 3925 1128 3967 commu·
1162 3917 1223 3968 tur:
1243 3925 1305 3966 nam
1320 3908 1389 3966 haec
1403 3910 1484 3966 etiam
1499 3909 1624 3982 negative
1637 3925 1699 3968 esse
1717 3910 1822 3982 solent,
1837 3916 1869 3968 ut
1884 3927 1967 3967 coos-

329 4016 364 4058 ue
378 4000 482 4072 illi,cui
497 4005 591 4071 posset
604 4004 754 4068 nocere,et
767 3995 827 4054 ideo
839 4013 892 4053 uon
906 4003 998 4068 potest
1013 3996 1065 4055 dici
1080 4013 1128 4055 no·
1161 4005 1209 4056 tat.
1225 4002 1260 4057 tt
1281 4013 1347 4055 rero
1368 3999 1441 4055 actio
1460 3999 1579 4070 positiva
1597 3997 1744 4073 aliquando
1771 3999 1896 4057 absolute
1910 4016 1966 4058 neo

329 4091 423 4148 cisum
436 4089 536 4160 alicui,
553 4095 584 4144 ut
600 4087 770 4158 privilegium
784 4085 898 4144 leriandi
912 4088 940 4143 in
954 4086 1044 4144 litibus
1058 4095 1127 4146 tern-
1159 4095 1202 4146 est
1216 4089 1242 4144 in
1264 4087 1378 4145 hominis
1391 4086 1605 4164 iacultate,quia
1616 4089 1691 4146 illam
1704 4088 1790 4146 aalide
1807 4089 1901 4148 iacere
1912 4105 1966 4146 nou

325 4180 437 4254 poribus
467 4178 527 4250 lege
550 4175 715 4249 praefinitis,
736 4176 778 4232 vel
799 4175 913 4234 faciendi
931 4183 1125 4234 testamentum
1161 4183 1261 4249 potest,
1279 4192 1367 4250 neque
1381 4175 1465 4248 licite,
1482 4192 1573 4250 neque
1586 4177 1689 4250 illicite,
1701 4185 1734 4236 ut
1754 4177 1885 4236 sacerdus
1900 4179 1966 4234 sim·

326 4269 383 4326 siue
400 4266 467 4324 iuris
482 4265 662 4337 solemnitate,
676 4271 731 4321 ete.
743 4266 779 4322 Et
792 4263 880 4323 multa
895 4273 961 4322 suut
973 4265 1124 4339 privilegia,
1160 4266 1222 4338 plex
1243 4281 1298 4322 non
1320 4271 1411 4336 potest
1431 4263 1574 4322 absolvers
1594 4267 1651 4322 siue
1676 4266 1888 4338 iurisdictione,
1913 4283 1964 4322 nec

326 4372 397 4432 quae
416 4355 569 4414 secundum
582 4356 625 4411 ius
636 4368 782 4412 commune
792 4354 991 4428 intelliguntur,
1001 4371 1034 4412 uc
1049 4356 1125 4413 alteri
1163 4353 1307 4430 presbyter
1317 4368 1372 4410 non
1385 4355 1535 4425 episcopua
1547 4361 1640 4426 potest
1650 4356 1824 4413 confirmare:
1839 4356 1965 4428 aliquan·

326 4451 463 4518 noceant,
483 4451 515 4501 ut
528 4443 579 4501 luta
602 4443 779 4516 prosequitur
798 4443 909 4502 Felinus
923 4445 950 4502 in
968 4461 1029 4517 cap.
1050 4454 1074 4502 1.
1090 4444 1124 4503 ds
1160 4444 1196 4501 do
1209 4457 1275 4500 vero
1292 4441 1357 4499 licat
1371 4444 1444 4498 actio
1456 4441 1546 4514 quoad
1562 4442 1741 4501 substantia-m
1757 4445 1793 4502 sit
1807 4446 1835 4502 in
1846 4444 1964 4502 bominis

326 4533 436 4592 constit.
451 4550 480 4590 n.
495 4538 524 4607 l,
540 4539 568 4590 et
581 4537 607 4590 9.
625 4535 717 4590 Potest
735 4548 802 4605 ergo
821 4533 933 4590 inveniri
952 4533 1124 4607 privilegium
1159 4531 1302 4603 facultate,
1324 4547 1378 4588 non
1392 4537 1435 4586 est
1447 4531 1483 4587 illi
1498 4529 1589 4604 licita3
1610 4531 1684 4605 qnod
1703 4532 1796 4591 solum
1813 4535 1960 4607 contingit,

326 4624 433 4682 nullum
448 4622 507 4680 aliis
522 4623 637 4680 allerens
652 4621 862 4694 praeiudicium,
876 4629 906 4679 et
916 4621 969 4679 lruc
984 4629 1026 4679 est
1040 4623 1124 4680 maxi·
1159 4620 1270 4694 quando
1288 4627 1337 4676 est·
1352 4618 1496 4692 prohibita.
1515 4620 1583 4676 llioe
1597 4635 1664 4693 crgo
1678 4621 1727 4690 lit,
1743 4629 1775 4678 ut
1793 4621 1963 4695 priuilegium

327 4729 371 4773 me
390 4711 537 4769 lacerabile
558 4709 738 4784 privilegium.
754 4712 789 4768 Et
809 4711 845 4768 ita
866 4711 991 4768 subsistit
1014 4712 1122 4781 divisio,
1160 4712 1330 4783 positivum,
1356 4706 1432 4781 quod
1454 4707 1614 4766 facultatem
1631 4707 1753 4782 aliquam
1776 4710 1907 4768 moralem
1930 4710 1964 4767 nd

329 4818 383 4877 qua
403 4808 499 4876 postea
519 4800 628 4871 saepius
648 4806 762 4857 utemur
781 4799 855 4856 circa
873 4799 1124 4872 interpretationem
1161 4798 1298 4871 agendum
1318 4796 1462 4868 concedit,
1484 4795 1622 4853 interdum
1643 4795 1690 4852 det
1709 4797 1875 4857 facultatem
1890 4797 1964 4856 licite

328 4892 476 4969 privilegiu
498 4897 527 4947 et
546 4887 606 4946 inde
628 4889 712 4962 magis
733 4888 871 4947 constabit
889 4886 1039 4946 dillerentia
1053 4891 1124 4947 inter
1160 4885 1302 4960 operandi,
1314 4893 1342 4944 et
1356 4892 1423 4942 tuuc
1438 4887 1468 4942 lit
1481 4886 1656 4943 contrarium
1673 4885 1838 4945 affirmativo
1852 4905 1965 4962 praece·

324 4983 446 5042 membra
460 4978 611 5052 praedicta.
882 4993 888 5024 τ
1159 4985 1223 5050 pto,
1244 4974 1390 5049 aliquando
1407 4991 1471 5032 vero
1492 4974 1539 5032 dat
1555 4974 1710 5031 absolutam
1730 4975 1887 5036 laenitatem
1902 4993 1966 5052 ope-

363 5077 390 5132 6.
406 5071 528 5143 Septima
547 5065 645 5124 divisio
665 5080 724 5122 esse
747 5071 839 5137 potest
859 5063 990 5138 privilegii
1008 5065 1034 5121 iu
1049 5063 1122 5121 alllr·
1159 5064 1254 5137 randi,
1270 5070 1298 5122 et
1312 5070 1378 5121 tunc
1392 5077 1453 5121 esse
1467 5069 1563 5134 posset
1582 5063 1639 5120 sine
1656 5062 1830 5138 derogatione
1846 5065 1965 5125 alicuius

325 5161 456 5220 metitum
476 5165 503 5215 et
522 5157 697 5228 negativum
719 5169 791 5226 quae
806 5153 917 5212 mineris
932 5153 1042 5227 quidem
1064 5170 1123 5212 me·
1159 5153 1297 5228 praecepti
1317 5167 1367 5224 per
1385 5151 1472 5210 solam
1486 5153 1695 5209 concessionem
1712 5169 1798 5212 norae
1811 5154 1963 5229 iacultatis,

324 5251 408 5312 menti
428 5254 487 5324 eat,
508 5262 563 5308 uuu
583 5252 626 5306 ast
645 5251 737 5305 lameu
757 5241 905 5305 emittenda
918 5250 1037 5320 ‚propter
1061 5260 1120 5305 ser·
1162 5259 1245 5323 quatu
1274 5241 1381 5302 nullum
1402 5249 1581 5320 praeceptum
1595 5241 1731 5320 probibet.
1746 5245 1779 5303 Et
1794 5245 1857 5306 binc
1872 5251 1964 5326 sequi·
