4190 6234
828 368 934 444 monn
948 395 1009 446 vu.
1047 375 1050 381 ’
1529 371 1532 378 ’
1648 398 1688 459 27

114 520 185 578 reiert
196 520 378 592 imaqsupro
392 519 599 589 n.2l.Qnodsi
612 518 646 577 de
659 515 794 592 prioribus
808 519 898 576 verbis
934 520 999 578 bum
1023 523 1066 582 est
1089 536 1206 598 ponatur
1227 529 1260 588 de
1282 532 1384 606 intrito,
1408 537 1556 609 significare
1580 548 1725 598 censeatur

113 613 241 684 loquatur,
260 610 427 668 admittenda
447 627 500 668 non
520 616 572 668 est.
587 613 679 684 Neque
700 611 802 680 obstat,
822 608 898 684 quod
932 611 1084 672 nullitatem
1103 617 1160 692 ipso
1176 618 1259 690 iacto,
1271 638 1490 710 quanqnarpnon
1503 629 1537 685 sit
1551 628 1603 686 boc
1617 634 1725 688 omniuo

113 705 134 759 in
152 703 238 760 multis
257 703 381 776 legibus,
403 703 509 760 etiamsi
530 717 646 775 poenam
670 702 758 759 ierant
781 717 829 774 per
850 698 897 757 illn
933 711 1051 777 certum,
1074 714 1106 766 ut
1125 711 1276 770 videbimus
1296 716 1384 788 capite
1405 721 1539 792 sequenti,
1558 721 1605 778 ubi
1624 723 1725 796 omnia,

113 796 184 852 rerba
196 793 227 850 tle
241 794 391 867 praesenti,
406 793 546 852 adduntur
559 792 625 850 aliae
642 789 792 865 particulae
805 791 898 863 expri-
934 813 1005 871 quae
1030 801 1165 871 pertinent
1180 801 1214 863 ed
1238 820 1353 878 poenam
1378 807 1435 881 ipso
1453 809 1512 867 iure
1531 810 1625 885 lntant,
1639 813 1725 886 magis

113 890 205 941 mentes
222 885 385 942 sententiam
406 882 498 955 latatn,
513 889 546 940 ut
566 897 604 940 ec
617 887 698 949 tunc,
714 897 747 938 eo
763 884 836 956 ipso,
854 881 897 938 vel
932 888 1151 962 explicabuntur,

113 974 168 1048 quid
180 973 273 1042 simile,
286 975 313 1030 in
327 990 384 1046 quc
398 973 545 1042 indicatur,
556 970 629 1029 nudo
644 971 728 1029 verba
745 972 897 1043 praesentis

112 1082 158 1120 non
171 1063 303 1121 sulficere.
320 1065 397 1136 linc,
412 1066 539 1137 inquam,
554 1077 609 1119 non
623 1063 723 1133 obstat,
740 1076 802 1118 nam
816 1075 897 1134 saepe

113 1155 234 1213 adduntur
249 1155 347 1230 plures
360 1169 395 1212 ex
408 1153 449 1210 bis
463 1153 603 1228 particulis
618 1147 652 1210 ad
666 1155 795 1210 maiorem
811 1150 897 1208 abun·

111 1246 231 1314 dantism,
245 1244 470 1316 declarationem,
486 1251 515 1302 et
534 1243 700 1316 firmitatem,
715 1248 744 1299 et
763 1241 797 1298 ad
811 1257 903 1315 araga

111 1335 241 1408 gerendam
255 1335 297 1390 rei
315 1336 488 1406 mammem,
505 1338 537 1390 nt
556 1349 640 1406 supra
653 1333 679 1389 in
700 1332 776 1388 simili
790 1331 897 1388 dictum

111 1432 152 1492 est,
162 1432 189 1481 et
201 1441 282 1498 saepe
294 1426 395 1497 repetit
404 1425 540 1496 Tiraquel.
549 1439 634 1496 snpra
643 1441 670 1478 n.
680 1427 727 1481 tt.
739 1429 767 1480 et
776 1438 895 1496 sequen·

110 1517 180 1574 tbns.
192 1517 242 1585 Qui
260 1531 341 1572 num.
351 1520 398 1573 32.
411 1514 485 1572 addit
498 1513 614 1570 similem
629 1513 751 1587 regulam
766 1511 799 1570 de
813 1515 897 1570 verbo

111 1606 233 1677 praeteriti
247 1607 396 1677 temporis.
409 1605 601 1662 Verumtamen
617 1605 661 1660 rix
675 1609 765 1676 potest
779 1618 828 1675 per
842 1602 894 1659 bu·

1218 1101 1357 1174 CAPUT
1375 1103 1447 1174 Vll.

936 1295 1063 1370 Qtando
1081 1295 1157 1370 iopes
1175 1299 1354 1372 imponentes
1368 1317 1499 1376 poenam
1512 1303 1593 1362 letne
1612 1309 1723 1364 senten·

968 1389 1027 1444 tiee
1053 1387 1178 1460 obiiqent
1200 1391 1233 1444 in
1256 1394 1435 1451 conscientie
1457 1394 1506 1452 ad·
1519 1397 1723 1470 exequendum

968 1481 1037 1534 ante
1050 1475 1157 1534 indicis
1171 1483 1348 1538 sententiam
1356 1500 1492 1558 poenam,
1502 1503 1578 1561 qnae
1588 1490 1620 1544 in
1629 1491 1722 1546 ectio-

967 1583 1004 1624 ne
1018 1571 1160 1628 consistit.
1555 1579 1558 1584 '

109 1695 211 1752 iusmndi
229 1696 350 1752 verbum
366 1711 452 1767 poena
472 1694 546 1762 terri,
561 1694 612 1750 nisi
628 1693 728 1750 utendo
749 1694 895 1767 participio
1004 1734 1006 1742 .

110 1803 163 1843 cnm
175 1786 255 1842 verbo
271 1785 458 1854 substantivo,
475 1785 516 1840 sel
530 1783 581 1840 alio
595 1783 686 1855 simili,
701 1789 733 1840 ut
744 1786 782 1840 sit
791 1787 896 1860 prioc-
1009 1829 1012 1836 .

109 1883 156 1942 tus,
171 1879 279 1932 mocrit
292 1893 326 1933 se
346 1891 408 1933 esse
422 1877 588 1950 praecum,
606 1874 660 1946 vel,
677 1876 754 1932 sciet
766 1891 798 1932 se
818 1875 896 1932 cnti-

109 1971 177 2029 sisse.
189 1967 230 2023 rel
243 1967 357 2040 similia,
372 1981 444 2041 quae
454 1966 482 2022 in
495 1966 618 2039 sequenti
631 1963 727 2039 regula
738 1965 835 2023 melus
848 1981 894 2022 ex·

109 2057 277 2130 plicabuntur.

144 2153 185 2204 to.
199 2147 299 2215 Quimc
319 2161 387 2220 ergo
401 2145 536 2218 dicimus,
556 2147 711 2218 superiores
728 2145 835 2220 regulas
849 2162 897 2218 ap·

110 2238 228 2310 plicamas
251 2252 317 2294 esse
339 2237 373 2294 ab
392 2237 509 2294 verbum
530 2237 732 2296 substantivum
751 2237 896 2309 participio

109 2331 289 2400 comunctum3
313 2329 413 2384 namsi
428 2328 601 2400 perticipium
616 2326 839 2399 inerittenrporis
853 2326 896 2383 in·

109 2423 163 2491 turi,
173 2420 337 2476 sententiam
350 2417 488 2475 terendam
498 2416 612 2487 indicat,
623 2419 827 2491 cuiuscumque
837 2433 895 2474 mo·

110 2511 142 2580 di,
155 2511 191 2568 rel
211 2509 345 2582 temporis
358 2509 393 2566 sit
411 2509 526 2565 serbuiu
539 2507 752 2577 substantivum,
768 2515 800 2564 ut
820 2508 841 2563 si
854 2507 896 2564 di·

109 2610 145 2660 cat
157 2602 203 2659 len:
213 2597 533 2660 Eoeccntntnnicendns
542 2602 593 2664 est,
605 2598 646 2655 sel
656 2598 894 2656 inhabilitcndus

108 2696 147 2758 sit,
163 2692 201 2750 rel
219 2688 395 2748 mandes
415 2691 485 2756 erit,
507 2688 622 2746 verbnm
641 2697 734 2746 autem
757 2690 894 2762 praeteriti

1217 1755 1441 1820 summarium

931 1935 956 1986 l.
970 1938 1114 1992 communis
1126 1943 1232 2006 partitio
1242 1955 1426 2008 poenarum—
1436 1945 1461 1996 2.
1473 1908 1657 2000 subdistinctio
1666 1963 1726 2014 poc-

965 2021 1055 2060 narum
1067 2012 1192 2062 actionem
1201 2013 1310 2064 bominis
1323 2015 1581 2078 requirentium-3.
1589 2020 1725 2072 Distinctio

966 2081 1143 2144 terminorum,
1151 2085 1246 2146 quibus
1258 2085 1323 2134 solet
1336 2087 1463 2136 sententia
1476 2089 1527 2138 lata
1537 2089 1724 2152 significari.-

965 2151 992 2200 l.
1006 2151 1103 2216 Regula
1116 2154 1254 2215 generalis.
1263 2181 1299 2191 -
1311 2155 1337 2205 ii.
1350 2155 1469 2220 Exempla
1481 2157 1558 2210 buius
1572 2161 1727 2224 regulae.—

965 2221 991 2270 6.
1007 2221 1041 2270 lie
1061 2223 1149 2286 poeuis
1167 2225 1331 2288 pecuniariis.
1351 2253 1385 2261 —
1397 2227 1623 2281 Extraordinarius
1634 2231 1724 2284 modus

964 2291 1137 2356 praecipiendi
1162 2293 1257 2344 iudicat
1280 2294 1459 2358 rigorosiorcm
1483 2299 1674 2361 obligationem.
1689 2331 1724 2340 -

965 2361 990 2410 t.
1005 2362 1145 2412 Concilium
1165 2365 1327 2415 lateranense
1342 2372 1369 2415 ct
1382 2365 1465 2418 Motus
1477 2367 1515 2418 ru
1530 2371 1558 2430 v,
1573 2373 1617 2422 ubi
1631 2371 1725 2423 bened·

944 2432 1038 2484 .ciarii
1054 2446 1104 2482 non
1121 2435 1261 2485 recitantes
1281 2435 1396 2486 ditinum
1414 2438 1525 2490 cilicium
1537 2442 1685 2504 obligantur
1699 2443 1725 2494 iu

964 2504 1119 2552 conscientia
1138 2505 1277 2555 restituere
1290 2519 1336 2570 pro
1349 2513 1405 2556 rata
1418 2507 1520 2560 tructus
1533 2523 1619 2562 omnes
1632 2513 1727 2564 bonell-

963 2573 1071 2624 ciorum.
1082 2601 1117 2610 -
1133 2575 1158 2624 8.
1173 2575 1294 2626 Extensio
1312 2576 1474 2640 supradictae
1493 2582 1597 2643 regulae
1615 2581 1646 2632 ad
1665 2571 1725 2648 poe-

964 2656 1024 2704 nas,
1039 2655 1104 2707 quae
1124 2645 1238 2709 proxime
1255 2646 1357 2707 privant
1375 2649 1475 2699 actione
1494 2649 1725 2718 humana,e1qna

963 2714 1082 2777 sequitur
1095 2713 1200 2767 afflictio
1210 2717 1376 2780 corporis.—
1385 2717 1413 2770 9.
1423 2719 1458 2770 lte
1468 2732 1548 2784 poena
1558 2721 1632 2774 tamis
1645 2737 1727 2790 usque

963 2783 995 2834 ad
1007 2789 1125 2835 mortem.

108 2797 163 2838 cum
180 2781 224 2838 tali
242 2779 407 2854 participio,
421 2794 475 2835 non
493 2783 584 2851 potest
602 2779 746 2836 commode
763 2779 894 2852 coniungi

109 2873 129 2927 in
140 2871 192 2945 lege
214 2871 322 2928 serente
341 2883 469 2942 poenam,
484 2869 546 2942 quia
564 2869 675 2940 respicit
687 2869 823 2941 luturnm,
838 2884 894 2925 non

108 2961 277 3031 praeteritum.
301 2959 331 3016 Si
351 2963 445 3016 summ
465 2964 538 3014 esset
556 2957 695 3030 dispositio
714 2958 894 3017 declaratoria
970 2960 994 3014 l.
1009 2955 1198 3023 Quaestionem
1214 2956 1283 3015 banc
1297 2959 1324 3016 in
1338 2963 1451 3019 materia
1465 2961 1498 3021 de
1512 2967 1637 3023 censuris
1650 2968 1677 3026 in
1692 2973 1719 3028 5.

109 3051 246 3122 praeteriti,
261 3055 362 3123 posset
375 3050 401 3104 in
416 3046 489 3105 hunc
503 3047 614 3105 modurn
628 3048 760 3120 prolerric
776 3050 823 3123 qni
838 3050 891 3107 boc
929 3051 995 3102 tom.
1010 3051 1038 3104 3.
1054 3063 1082 3118 p.
1095 3045 1197 3121 disput.
1212 3055 1281 3106 sect·
1297 3053 1340 3108 ll.
1354 3053 1494 3110 succincte
1508 3060 1535 3112 at
1547 3055 1665 3116 breviter
1678 3079 1725 3119 ex·

108 3142 167 3214 lecit,
179 3142 228 3198 luit
246 3139 545 3210 excommunicandus,
560 3145 587 3194 ct
604 3145 671 3195 tunc
686 3140 767 3195 etiam
789 3142 888 3213 signifi·
927 3135 1032 3208 pediti,
1049 3138 1178 3208 quoniam
1200 3138 1226 3194 in
1244 3138 1291 3195 illo
1304 3155 1403 3214 genere
1424 3158 1573 3214 poenorum
1588 3147 1643 3205 lere
1662 3151 1723 3208 nul-

108 3239 172 3290 carct
192 3247 314 3305 poenam
337 3227 476 3286 terendam
499 3243 548 3302 per
571 3227 701 3302 indicem,
723 3245 776 3286 non
797 3231 890 3304 latam,
927 3225 981 3282 lam
995 3224 1078 3282 babet
1096 3229 1322 3302 controuersiam,
1337 3237 1370 3287 ut
1385 3232 1477 3302 statim
1491 3237 1631 3309 attingam.
1644 3240 1723 3297 Nunc

106 3324 196 3395 quoties
209 3337 276 3394 ergo
290 3319 469 3393 perticipium
483 3324 525 3376 est
544 3320 578 3377 de
592 3320 700 3391 lntnro,
714 3327 825 3378 nonest
844 3337 890 3378 co·
928 3321 1019 3372 antem
1034 3315 1165 3390 quoniam
1178 3315 1213 3374 de
1228 3320 1302 3375 omni
1314 3335 1413 3394 genere
1427 3322 1519 3396 legum
1532 3332 1561 3382 et
1573 3342 1723 3398 poenarum

106 3428 160 3482 non,
173 3420 218 3470 aut
231 3411 275 3469 lex
290 3411 365 3468 latae
379 3411 537 3468 sententiae.
553 3413 589 3467 At
603 3425 667 3467 uero
683 3411 705 3467 si
718 3411 892 3484 participium
927 3405 1105 3480 disserimus,
1120 3409 1271 3481 generalius
1295 3416 1324 3467 et
1341 3415 1499 3472 accuratius
1513 3421 1556 3473 est
1570 3420 1719 3477 tractanda.

106 3501 173 3558 sitdc
188 3504 326 3574 praesenti
343 3515 410 3558 cum
423 3501 507 3558 verbo
522 3499 704 3572 substantivo,
715 3504 764 3566 sit,
778 3501 820 3559 vel
834 3508 887 3570 est,
927 3497 964 3556 lit
983 3505 1075 3554 autem
1095 3496 1249 3556 distinctius
1269 3501 1464 3576 procedamus,
1485 3506 1660 3579 supponenda
1679 3520 1722 3571 est

106 3593 224 3651 ndicatnr
237 3595 293 3650 lata
308 3591 458 3648 sententia.
473 3591 587 3662 Oportet
601 3597 704 3664 autem,
720 3597 752 3648 ut
765 3607 813 3663 per
830 3607 892 3665 par·
927 3589 1083 3645 eommunis
1102 3589 1211 3660 partitio
1230 3605 1389 3660 poenarum.
1404 3595 1470 3650 Nem
1490 3595 1623 3668 quaedam
1644 3608 1719 3675 sunt,

107 3686 211 3754 n'cipinm
226 3683 401 3756 significetur
414 3696 501 3752 poena
513 3683 582 3753 ipsa,
595 3696 667 3753 quae
680 3696 728 3752 per
741 3681 827 3754 legem
841 3683 892 3738 im·
927 3693 997 3751 quae
1011 3681 1161 3752 requirunt
1178 3679 1354 3739 ministerium
1372 3682 1500 3757 hominis,
1516 3693 1548 3743 ut
1565 3691 1719 3750 executioni

105 3773 201 3832 mediate
214 3775 247 3830 ab
267 3774 332 3846 ipso
348 3771 513 3845 legislatore,
528 3773 584 3828 sinc
600 3771 760 3852 inmmentu
775 3772 891 3828 actionis
926 3768 1106 3842 mandentur,
1129 3770 1205 3842 aliae,
1226 3785 1297 3842 quee
1316 3788 1365 3845 per
1383 3774 1549 3848 ipsas‘leges
1568 3779 1720 3840 immediate

105 3863 199 3920 alterius
213 3863 335 3920 bominis
350 3861 407 3917 lieri
423 3861 525 3933 possit,
540 3868 572 3916 nt
584 3875 649 3918 cum
664 3860 777 3930 dicitur,
787 3863 891 3938 prion-
926 3861 982 3917 lieri
1003 3869 1130 3933 possunt,
1146 3862 1217 3917 inter
1230 3877 1299 3935 quas
1319 3863 1387 3920 baec
1407 3872 1450 3922 est
1469 3865 1629 3942 differentia,
1644 3872 1720 3945 quod

104 3959 143 4010 iss
155 3960 208 4019 est,
227 3953 508 4012 excommunicatus
527 3955 582 4016 est,
600 3957 654 4008 etc.
673 3958 704 4007 ut
725 3951 892 4010 sumitnnex
925 3951 952 4006 in
971 3951 1108 4023 prioribus
1129 3953 1222 4022 poenis
1236 3951 1278 4009 les
1299 3968 1353 4009 non
1367 3954 1451 4012 trabit
1470 3973 1566 4014 secum
1580 3964 1719 4021 caecutio·

104 4045 216 4100 Glossain
231 4043 249 4100 l.
260 4040 422 4100 iubilemus
437 4047 464 4110 2,
475 4041 489 4110 b
499 4057 680 4108 oeconomus,
694 4041 725 4098 C.
736 4041 768 4098 de
783 4059 888 4100 sacros.
926 4057 998 4114 nem,
1013 4041 1039 4098 id
1059 4048 1102 4098 est
1114 4058 1168 4099 nan
1182 4041 1265 4100 insert
1278 4058 1392 4115 poenam
1413 4045 1510 4119 ipsam,
1527 4047 1574 4105 sed
1588 4051 1622 4108 ad
1642 4069 1718 4111 sum·
1832 4118 1836 4129 ¹

103 4134 194 4191 iceles.
206 4134 291 4192 verbo
303 4137 450 4208 privetur,
464 4147 528 4188 cnm
542 4131 610 4201 aliis,
622 4147 693 4204 qnae
708 4133 791 4190 relert
804 4149 889 4205 snpra
925 4147 1000 4189 mum
1014 4131 1206 4206 obligationem
1216 4132 1250 4189 ad
1264 4132 1348 4190 illam:
1361 4150 1424 4192 nam
1438 4135 1480 4192 lex
1495 4153 1565 4211 quae
1578 4140 1655 4199 iubet
1668 4142 1717 4201 hn-

103 4223 221 4298 l'uaquel.
233 4227 323 4282 n.2ti.
342 4223 378 4280 lit
391 4221 459 4278 ratio
473 4228 526 4290 est,
538 4221 674 4294 quietalis
689 4222 790 4279 locutio
800 4223 833 4280 ad
847 4217 890 4280 sui
925 4223 1025 4279 minem
1038 4221 1181 4294 ilngellari,
1196 4238 1248 4279 non
1263 4223 1391 4310 flagellat3
1406 4232 1436 4283 et
1454 4226 1507 4300 len,
1522 4244 1592 4301 quae
1612 4235 1718 4302 praeci·
1819 4231 1821 4237 '

102 4317 228 4372 serimtem
242 4313 364 4387 requirit
382 4313 509 4370 ellectum
523 4311 727 4384 do‘praesenti3
743 4328 808 4386 ergo
824 4313 891 4370 iacit
924 4310 965 4383 pit
979 4311 1086 4368 soluere
1107 4311 1301 4384 quadruplum,
1316 4329 1369 4370 non
1383 4315 1473 4388 solut,
1488 4333 1539 4374 nec
1560 4320 1726 4396 spoliatboae

103 4403 175 4476 llum,
191 4420 254 4462 cum
269 4403 358 4460 rerba
373 4401 439 4476 legis
452 4401 586 4458 verificari
599 4401 723 4459 debeant.
736 4403 822 4459 Sectm
839 4418 888 4488 an·
924 4403 1024 4459 minem
1040 4417 1090 4458 sua
1109 4401 1234 4473 pecunia,
1250 4402 1296 4459 sed
1317 4391 1429 4478 obligat,
1442 4412 1473 4464 ut
1492 4407 1589 4466 solvat.
1605 4414 1639 4470 nt
1653 4431 1717 4473 vero

103 4501 146 4551 em
160 4497 220 4568 erit,
235 4497 259 4552 si
278 4510 332 4567 per
352 4492 525 4566 participium
539 4507 594 4548 non
614 4493 783 4564 significatur
802 4509 890 4566 poena
923 4494 951 4548 iu
971 4494 1066 4564 poenis
1081 4494 1239 4564 posterioris
1259 4495 1366 4566 generis
1380 4494 1421 4552 lex
1441 4496 1499 4568 ipse
1517 4513 1566 4570 per
1580 4515 1609 4557 se
1629 4511 1720 4575 potest
1732 4487 1745 4510 ⁸

103 4589 162 4658 ipsa,
172 4588 217 4646 sed
231 4586 366 4660 obligatio
378 4584 411 4641 ad
425 4582 509 4654 illam,
521 4588 553 4640 ut
567 4597 649 4654 supra
663 4583 689 4638 in
703 4585 781 4640 tertia
793 4582 889 4657 regula
923 4599 978 4640 non
990 4582 1080 4639 solum
1094 4581 1175 4654 serre,
1188 4599 1237 4639 seu
1252 4588 1371 4641 statuere
1386 4601 1509 4660 poenam,
1522 4589 1569 4646 sed
1582 4592 1663 4650 etiam
1675 4597 1716 4652 in·

102 4681 123 4733 in
139 4679 209 4735 simili
229 4678 405 4735 dictumest.
421 4671 549 4746 idemque
569 4679 711 4742 censetur,
727 4673 749 4728 si
768 4683 888 4745 ponatur
922 4674 1004 4744 serre,
1015 4691 1064 4731 seu
1076 4676 1174 4747 exequi
1187 4673 1271 4748 illam,
1284 4674 1325 4730 les
1340 4675 1410 4732 enim
1424 4679 1555 4736 canoniea
1566 4680 1655 4740 lenens
1668 4701 1715 4743 ex·

103 4769 200 4826 verbum
213 4773 261 4834 ait,
278 4773 312 4824 nt
323 4767 607 4823 excommunicatus.
622 4763 665 4820 rel
680 4765 821 4837 privctm
835 4765 883 4831 sit,
922 4761 1197 4822 communicationem
1208 4763 1278 4822 latae
1290 4766 1448 4839 sententiae,
1457 4783 1552 4827 secum
1562 4771 1640 4830 offert
1650 4791 1713 4834 eae·

104 4860 157 4930 quia
168 4859 279 4916 denotat
291 4855 441 4928 imperium
454 4853 552 4910 efficax
562 4859 591 4909 et
605 4851 790 4909 laciens.ltem
805 4853 887 4910 babet
922 4855 1076 4927 ontionem5
1094 4869 1142 4928 per
1156 4868 1185 4911 so
1202 4855 1274 4910 emm
1287 4869 1431 4912 censuram
1445 4858 1574 4932 imponit,
1588 4861 1714 4937 idemque

103 4949 209 5006 enodem
228 4950 296 5020 vim,
318 4948 343 5002 si
364 4943 527 5016 adiungatur
547 4941 702 5000 nominibus
724 4942 886 5018 habentibus
920 4952 964 5003 est
983 4945 1007 5000 in
1027 4944 1086 5019 lego
1106 4945 1238 5017 irritante,
1258 4945 1300 5001 vel
1320 4945 1513 5006 inhabilitanto.
1530 4952 1600 5009 llaec
1619 4963 1712 5015 autem

104 5039 300 5110 aeqmralentem
323 5033 557 5108 significationem,
580 5040 611 5090 nt
631 5034 653 5088 si
675 5033 716 5090 len
736 5031 823 5105 dican
842 5039 885 5090 cst
921 5035 1070 5093 differentia
1089 5033 1192 5091 indicat
1214 5035 1303 5102 aliam,
1316 5036 1378 5109 quia
1392 5038 1495 5109 priores
1509 5055 1610 5112 poenae
1623 5049 1713 5120 requi-

105 5129 138 5185 rel
148 5133 183 5186 sit
194 5126 352 5193 iubebitis,
369 5130 419 5182 aut
432 5127 480 5184 sit.
497 5123 539 5180 ael
552 5130 595 5181 est
607 5122 719 5192 niellus,
739 5139 804 5180 nam
818 5124 885 5181 boec
920 5131 986 5183 runt
1003 5125 1120 5198 aliquem
1133 5124 1260 5182 ellectum
1278 5125 1434 5201 physicum,
1450 5131 1554 5188 ratione
1567 5135 1648 5191 cuius
1670 5152 1712 5194 re·

106 5221 173 5278 rerba
190 5221 355 5294 significant,
369 5220 544 5274 contractum
563 5214 698 5271 annullari
717 5216 775 5286 ipso
801 5215 883 5272 lacto.
920 5217 1035 5290 quirunt
1054 5217 1191 5272 actionem
1211 5215 1342 5273 hominist
1357 5217 1520 5289 posteriores
1539 5238 1603 5280 vero
1623 5229 1712 5283 consi·
1806 5248 1808 5255 ¹

108 5311 152 5368 lmc
169 5319 243 5370 tanta
260 5309 363 5369 astris
382 5307 455 5366 illius
473 5306 634 5381 negationis,
649 5311 682 5363 ut
698 5306 805 5364 etiamsi
825 5321 885 5365 ver·
920 5313 997 5367 stunt
1010 5307 1036 5366 in
1049 5307 1150 5365 ellectu
1164 5307 1253 5381 aliquo
1268 5307 1376 5366 morali:
1392 5309 1539 5370 laxantem
1550 5329 1599 5388 per
1612 5331 1641 5373 se
1655 5333 1709 5376 non
