4288 6230
431 314 452 376 6
910 395 915 403 .
1133 325 1233 374 66666
1248 326 1282 374 6.

392 457 431 514 ric
456 454 593 528 sentiunt3
619 453 730 528 quidum
752 453 824 510 enim
847 450 957 526 dicunt,
979 465 1087 509 omnem
1100 449 1189 526 legem
1224 457 1253 510 et
1266 449 1370 508 odiosa.
1387 449 1501 508 11611666
1514 448 1578 506 item
1596 455 1681 523 patet,
1696 449 1760 522 quia
1773 448 1798 506 in
1814 447 1867 508 hoc
1885 447 2021 508 6611666-

393 547 578 603 continentem
599 543 814 615 praeiudicium,
836 541 877 598 vel
898 556 1045 616 gravamen
1060 541 1188 614 alicuius,
1225 541 1262 599 tio
1276 541 1470 615 repugnantiae
1481 538 1586 597 ostendi
1596 545 1699 613 potest,
1707 555 1770 598 nem
1781 539 1924 598 relationes
1938 543 2021 616 quasi

393 643 442 694 aut
460 634 563 693 molum
582 633 692 708 aliquod
707 634 880 706 inserentem,
896 632 1054 705 simpliciter
1068 630 1190 690 odiosam
1226 633 1366 704 appositae
1382 637 1498 704 possunt
1514 630 1601 690 eidem
1619 633 1659 690 rei
1672 633 1819 689 convenire
1834 639 1968 705 respectu
1981 632 2022 690 di·

393 742 465 798 esse,
477 726 582 784 etiarnsi
596 739 728 798 magnum
742 722 929 795 savorem,rel
943 722 1064 778 savorem
1079 719 1188 779 aliunde
1226 737 1381 794 versorum,
1405 727 1437 778 ut
1456 720 1640 779 similitudinis
1660 737 1693 778 ac
1716 719 1957 796 dissimilitudinis,
1974 739 2020 781 66-

393 818 541 875 666116661.
557 818 596 873 116
616 815 699 873 sentit
712 813 850 888 Tiraquel.
866 814 894 870 16
910 811 978 870 dict.
994 811 1079 884 prael.
1095 828 1124 868 6.
1142 815 1188 869 65.
1225 812 1315 887 qualis
1338 819 1366 870 et
1388 811 1560 886 inaequalis,
1579 812 1689 870 maioris
1707 827 1740 870 nc
1765 813 1891 887 minoris,
1918 813 1967 871 scd
1985 815 2023 873 its

393 923 458 965 cum
472 909 547 965 ioan.
564 904 648 964 Andr.
664 911 691 964 et
705 904 764 962 aliis
779 907 806 962 16
819 919 881 976 cap.
896 901 945 959 ult.
957 899 991 958 de
1006 903 1081 959 verb.
1098 901 1186 977 signis.
1224 911 1420 976 comparantur
1434 903 1502 961 baec
1514 901 1588 960 duo:
1609 917 1672 958 nom
1685 902 1762 960 lavor
1779 908 1807 958 et
1819 902 1911 961 odium
1927 918 2023 978 respe·

395 999 470 1054 circa
485 997 558 1055 (ilos.
573 996 656 1054 verbo
670 993 818 1054 similibus
824 1013 834 1062 ;
855 992 902 1066 qui
914 991 1027 1064 dieunt,
1041 1008 1108 1050 cum
1123 1007 1190 1049 con·
1224 995 1295 1052 61166
1305 1000 1388 1065 6661,
1408 993 1484 1051 lavor
1497 995 1568 1050 cnim
1581 991 1698 1050 alicuius
1711 998 1755 1050 661
1768 993 1860 1066 levor,
1885 1000 1914 1051 61
1927 994 2022 1052 odium

395 1094 514 1145 currunt
527 1088 640 1146 1666661
650 1084 965 1158 odium,dispositionem
975 1098 1036 1140 esse
1048 1080 1183 1139 odiosam.
1223 1085 1358 1157 similiter,
1370 1099 1436 1158 ergo
1451 1083 1515 1140 nibil
1528 1090 1665 1158 repugnat
1676 1083 1799 1142 eamdam
1813 1083 2021 1158 dispositionem

401 1177 521 1238 Fundani
537 1178 727 1251 potuit'iiraq.
742 1179 770 1234 16
788 1174 841 1233 6116
855 1172 1001 1247 principio,
1018 1173 1083 1247 quia
1096 1173 1188 1232 existi·
1225 1183 1353 1250 respeotu
1376 1175 1547 1234 diversorum
1569 1177 1615 1233 uni
1638 1189 1698 1234 csse
1721 1174 1921 1250 favorabilem,
1941 1175 2021 1235 alteri

395 1276 461 1344 met,
472 1286 526 1326 non
540 1285 619 1343 posse
631 1268 754 1326 eamdem
766 1264 970 1338 dispositionem
985 1263 1065 1322 simul
1076 1278 1137 1320 esse
1150 1262 1189 1320 ie·
1223 1265 1353 1324 odiosam.

400 1360 549 1420 vorabilem
571 1368 598 1418 et
614 1358 736 1418 odiosam
754 1356 832 1414 etiam
850 1363 980 1427 respectu
1000 1353 1187 1426 diversorum,
1261 1359 1355 1429 bicos,
1375 1371 1471 1414 rernm
1490 1371 1566 1429 esse,
1589 1356 1641 1417 hoc
1654 1375 1709 1418 non
1723 1375 1890 1437 repugnare,
1905 1359 2023 1420 1116616-

398 1451 441 1509 661
462 1450 611 1508 secundum
630 1450 751 1507 diverses
766 1446 894 1515 rationes,
909 1458 999 1516 neque
1014 1441 1089 1501 idem
1103 1449 1188 1501 statu·
1223 1463 1284 1506 men
1305 1447 1376 1506 duos
1400 1453 1542 1520 respectus
1560 1449 1596 1508 ita
1616 1466 1676 1508 esse
1691 1452 1760 1510 inter
1774 1467 1804 1508 se
1818 1467 1973 1524 connexos,
1990 1458 2024 1510 61

390 1549 452 1602 166
466 1557 546 1616 posse
564 1556 624 1598 esse
643 1541 742 1613 pertim
754 1533 910 1605 lavorabile,
927 1537 1027 1607 partim
1043 1533 1184 1606 odiosum,
1223 1555 1296 1596 6666
1311 1554 1343 1596 ex
1357 1538 1410 1596 alio
1425 1538 1689 1616 sequatur,ideoque
1699 1559 1753 1600 non
1763 1558 1843 1616 posse
1859 1543 2018 1602 secuudum

397 1641 457 1692 tum
471 1634 535 1707 quia
549 1647 602 1689 non
617 1635 706 1704 potest
724 1645 779 1688 una
792 1634 820 1686 61
833 1624 929 1704 eadem
944 1639 988 1681 res
1003 1624 1111 1682 diverso
1124 1626 1186 1681 iure
1223 1646 1309 1687 unum
1329 1628 1451 1710 ampliari
1471 1629 1574 1704 legem,
1589 1633 1655 1706 quin
1670 1633 1822 1692 secundum
1837 1633 1920 1692 alium
1934 1636 2021 1692 etiam

397 1724 517 1794 censeri,
533 1723 551 1781 l.
568 1739 634 1780 eum
643 1723 695 1795 qui
705 1718 803 1789 cedes,
816 1719 843 1775 11.
860 1718 893 1776 de
905 1731 1021 1788 usucap.
1034 1723 1093 1772 tum
1104 1715 1186 1772 etiam
1222 1720 1380 1793 amplietur,
1403 1736 1492 1796 neque
1512 1735 1527 1778 6
1547 1737 1680 1781 converso
1702 1724 1858 1783 secundum
1873 1739 1961 1782 unum
1976 1741 2021 1783 66-

396 1814 463 1888 quia
481 1828 534 1869 non
555 1818 644 1885 potest
660 1810 731 1869 idem
749 1811 882 1867 statutum
900 1805 1006 1865 extendi
1019 1806 1046 1863 in
1060 1805 1182 1863 levorem
1222 1813 1328 1885 stringi,
1338 1811 1402 1885 quiin
1414 1810 1567 1870 secundum
1579 1812 1663 1871 alium
1672 1814 1900 1888 restringatur3et
1912 1813 2019 1874 idcirco

390 1905 488 1975 nnius,
503 1903 567 1978 quin
583 1908 706 1960 66616166
721 1901 747 1956 16
761 1898 853 1957 odium
869 1897 1029 1967 alterins,ct
1042 1910 1057 1953 6
1071 1910 1186 1952 conver·
1223 1902 1409 1960 necessarium
1430 1917 1490 1960 esse
1509 1901 1543 1959 de
1562 1903 1608 1960 teli
1629 1904 1688 1978 lege
1701 1905 1822 1962 iudicare
1835 1912 1968 1980 tanquam
1983 1906 2019 1965 de

389 2013 431 2055 so.
447 1995 488 2054 iis
511 1993 564 2050 boc
583 2009 649 2066 ergo
672 1991 807 2064 principio
821 1988 913 2047 inlerri
928 1993 1028 2061 potest,
1044 1985 1144 2058 legem,
1160 1986 1187 2042 in
1221 1991 1360 2049 lavorabili
1379 1991 1520 2064 absolute,
1542 1993 1584 2050 661
1604 1993 1700 2052 odiosa
1719 1995 1855 2070 absoluta,
1875 1997 1913 2053 its
1927 1996 2017 2054 61661

390 2102 446 2160 qua
459 2084 542 2142 simul
556 2088 731 2140 concurrunt
745 2081 823 2139 lavor
835 2085 862 2136 et
873 2075 975 2149 odium,
985 2074 1109 2133 odiosam
1121 2090 1187 2131 ⁰⁰11·
1223 2081 1299 2140 nulla
1313 2084 1381 2140 ratio
1396 2081 1450 2140 odii
1464 2082 1723 2159 habeaturproptcr
1735 2085 1868 2159 levorem,
1883 2085 1925 2144 661
1941 2087 2020 2144 66116

389 2175 499 2234 sendam
513 2188 589 2244 esse,
607 2172 670 2246 quia
684 2187 739 2229 non
753 2175 844 2243 potest
857 2166 937 2224 simul
951 2181 1012 2224 esse
1031 2163 1186 2223 favorabilis
1221 2173 1290 2231 ratio
1313 2172 1415 2230 laveris
1438 2181 1549 2246 propter
1572 2175 1735 2249 vitandum,
1761 2192 1811 2234 scu
1835 2176 2016 2235 minuendum

391 2277 420 2326 et
434 2267 544 2339 odiose,
561 2280 611 2322 neo
626 2264 707 2320 etiam
721 2267 813 2334 potest
825 2259 879 2316 dici
895 2255 1049 2314 favorabilis
1064 2257 1185 2329 omnino,
1222 2263 1325 2320 odium.
1342 2262 1503 2335 Exemplum
1517 2265 1650 2337 optimum
1660 2272 1703 2323 cst
1713 2267 1739 2324 in
1750 2266 1809 2340 lega
1820 2251 1957 2326 tributum
1966 2271 2019 2326 tm.

389 2359 454 2434 quia
468 2357 571 2414 bonum
584 2370 616 2413 es
632 2355 738 2427 integra
751 2366 852 2423 causa,
864 2350 992 2422 arguerit
1007 2346 1111 2421 odiosa,
1121 2346 1186 2420 quia
1220 2360 1358 2427 ponente,
1381 2369 1452 2427 quan
1474 2353 1569 2413 odiosa
1581 2361 1625 2413 est
1636 2358 1672 2429 01,
1687 2357 1733 2415 cui
1747 2357 1882 2415 tributum
1897 2358 2014 2432 impons.

389 2449 493 2506 matum
508 2463 541 2504 ex
560 2459 738 2521 quocumque
751 2441 861 2500 deiectu
874 2482 882 2513 ,
897 2445 926 2497 et
939 2440 1032 2497 odium
1045 2437 1128 2495 hebet
1142 2452 1185 2495 rt·
1220 2449 1277 2515 tur,
1289 2442 1443 2501 innotabilis
1458 2450 1550 2503 autam
1563 2446 1598 2514 ei,
1610 2461 1661 2519 pro
1672 2463 1727 2522 quo
1739 2447 1948 2522 imponitur,rel
1959 2451 2012 2524 rei,

389 2541 489 2598 tionem
504 2537 578 2594 mali.
595 2539 662 2594 item
679 2535 920 2609 quislegemesse
935 2529 1057 2587 odiosam
1072 2545 1127 2586 non
1142 2528 1183 2584 in·
1219 2540 1431 2607 propterquam
1449 2535 1616 2610 imponitur,
1636 2553 1687 2594 nec
1706 2544 1797 2610 potest
1815 2547 2017 2612 nnorespectu
2131 2595 2132 2600 ,

388 2629 475 2689 cludit
489 2630 660 2702 negationem
674 2627 762 2684 omnis
775 2619 943 2695 lavoris,sed
957 2620 1043 2679 solem
1054 2618 1122 2676 dicit
1134 2620 1185 2676 im·
1220 2625 1328 2696 augeri,
1348 2629 1377 2682 et
1390 2625 1475 2682 minui
1493 2624 1648 2684 secuudum
1661 2626 1756 2698 alium,
1772 2634 1800 2685 ct
1812 2626 1872 2685 ideo
1886 2644 2016 2688 necessa·
2131 2633 2132 2664 r

388 2721 547 2795 positionem
562 2718 679 2776 alicuius
693 2715 756 2787 odii,
770 2729 820 2772 seu
832 2711 1007 2788 gravaminis,
1020 2709 1095 2784 quod
1111 2708 1183 2766 veri·
1219 2715 1291 2772 rium
1305 2719 1358 2784 est,
1371 2721 1401 2772 61
1414 2716 1481 2773 alter
1495 2723 1636 2790 respectus
1652 2718 1753 2788 616661,
1765 2717 1917 2778 66666666
1927 2737 2014 2795 quem

387 2814 485 2870 ficetur
504 2809 662 2883 simpliciter
681 2806 716 2865 de
734 2805 779 2863 1611
799 2804 874 2879 lege3
889 2809 932 2860 est
944 2817 1010 2875 ergo
1026 2799 1183 2873 simpliciter
1219 2803 1260 2862 lex
1285 2803 1421 2862 iudicetur
1443 2804 1598 2880 simpliciter
1612 2806 1783 2881 favorabilis,
1801 2809 1841 2866 661
1857 2810 2017 2883 simpliciter

388 2903 489 2961 odiosa.
499 2902 620 2972 lienique
634 2898 697 2973 qnia
709 2894 770 2955 talis
784 2895 827 2953 lex
840 2893 1000 2967 simpliciter
1014 2891 1184 2966 restringen·
1218 2895 1323 2952 odiosa.

331 3045 333 3051 ,
388 2994 423 3052 da
438 3000 491 3064 est,
509 3007 543 3048 ne
557 2987 1126 3062 66166616666666616663661666636
1141 2986 1183 3038 est
1255 2984 1416 3057 Respondeo
1436 2979 1629 3060 concedendo,
1649 2986 1784 3046 interdum
1805 2987 1866 3046 illos
1884 2988 1957 3048 duos
1971 3007 2015 3048 re·

389 3091 497 3142 tantum
511 3081 613 3139 odiosa.
1218 3082 1331 3148 spectus
1345 3074 1445 3133 babere
1459 3078 1529 3134 inter
1543 3093 1572 3134 66
1590 3076 1662 3138 11166
1675 3079 1882 3154 connexionem,
1899 3087 1929 3138 61
1946 3089 2016 3141 1666

427 3173 477 3231 Alii
497 3187 562 3238 vero
582 3169 752 3236 existimant,
768 3166 814 3224 ubi
828 3167 1039 3238 coniunguntur
1052 3164 1140 3236 lavor,
1155 3169 1184 3222 et
1218 3172 1407 3240 argumentum
1422 3173 1498 3223 66616
1518 3165 1684 3242 procedere,
1699 3167 1809 3243 quando
1831 3171 1908 3228 lavor
1929 3173 2013 3232 unius

393 3264 487 3321 odium
499 3253 965 3333 166666616366616161616,16166
977 3253 1182 3326 dispositionem
1217 3255 1311 3331 sugeri
1321 3271 1375 3314 non
1388 3263 1480 3329 potest
1494 3259 1551 3315 sine
1562 3257 1661 3316 damno
1676 3259 1798 3334 alterius,
1811 3275 1900 3336 neque
1916 3279 1931 3319 6
1947 3281 2014 3322 oon·

387 3352 564 3412 favorabilem
575 3353 685 3408 omnino
697 3347 859 3406 censendam
872 3361 942 3403 esse.
951 3344 1070 3402 Fundari
1082 3349 1181 3416 potest,
1216 3353 1407 3420 verso,potest
1419 3345 1624 3405 incommodum
1635 3349 1715 3406 66166
1729 3353 1886 3426 temperari,
1894 3355 1962 3426 quin
1976 3353 2016 3411 61-

387 3446 452 3520 quie
466 3443 514 3501 ubi
527 3447 702 3499 concurrunt
715 3440 792 3496 lavor
804 3444 833 3494 61
845 3435 950 3509 odium,
964 3435 1039 3492 inror
1051 3433 1179 3507 prevalet,
1217 3438 1302 3496 terius
1312 3435 1489 3496 commodum
1501 3444 1602 3510 cesset,
1614 3446 1662 3496 aut
1671 3441 1821 3498 minuatur.
1835 3444 1880 3502 Sic
1892 3443 1917 3499 in
1935 3452 2015 3503 motu

387 3544 414 3594 et
431 3535 586 3608 praefertur
610 3531 690 3605 odio,
714 3545 782 3604 ergo
803 3527 956 3586 constituet
975 3525 1181 3598 dispositionem
1215 3528 1393 3604 physiconon
1409 3533 1501 3601 potest
1514 3531 1575 3602 quis
1587 3529 1866 3603 latins,autvelooius
1878 3534 2013 3594 accedere

388 3626 546 3699 simpliciter
560 3621 747 3680 favorabilem.
760 3619 931 3677 6616666666
942 3617 1062 3674 6661166
1072 3631 1104 3672 66
1120 3614 1179 3674 l.2·
1217 3617 1251 3676 ad
1265 3634 1351 3676 unum
1371 3621 1529 3693 terminum,
1548 3619 1614 3692 quin
1633 3635 1699 3678 cum
1718 3620 1812 3681 eadem
1831 3629 2013 3697 proportione

386 3719 417 3776 6.
433 3701 471 3774 (16Ι
485 3716 510 3772 16
525 3718 568 3772 166
583 3711 722 3783 vocando,
744 3717 775 3768 61
791 3715 877 3782 notet,
897 3718 925 3765 et
940 3709 1066 3781 sequitur
1080 3707 1181 3764 Panor-
1215 3707 1327 3766 recedat
1341 3709 1375 3766 ab
1397 3710 1534 3782 opposito,
1551 3725 1601 3768 nec
1620 3717 1712 3784 potest
1724 3711 1805 3770 bomo
1826 3712 1889 3788 plus
1909 3715 2014 3774 donare

387 3807 446 3864 mit.
466 3807 494 3862 in
516 3821 578 3877 cap.
595 3805 633 3860 16
647 3801 764 3866 littoris,
783 3800 816 3857 de
830 3797 917 3857 restit.
935 3795 1005 3871 spol.
1021 3813 1049 3853 6.
1068 3799 1113 3864 st,
1128 3797 1182 3851 An·
1216 3813 1249 3856 ex
1262 3798 1372 3872 propria
1385 3799 1511 3871 pecunie,
1527 3799 1592 3872 quin
1608 3802 1754 3874 pauperior
1767 3803 1823 3875 liat,
1838 3811 1893 3862 etc.
1908 3805 2013 3865 Nihilo·

387 3897 464 3954 cbar.
479 3890 994 3968 616111666666166111666.666666.
1010 3891 1056 3945 66.
1067 3887 1102 3942 Et
1112 3901 1177 3942 oon·
1217 3889 1308 3946 minus
1323 3896 1481 3946 tamennon
1497 3905 1605 3963 semper
1617 3897 1659 3950 est
1678 3895 1832 3952 neccssaria
1845 3894 1890 3953 illa
1909 3912 2012 3957 conne-

386 3988 520 4058 firmatur,
530 3985 594 4058 quia
608 3982 653 4038 ubi
667 3985 837 4038 concurrunt
851 3978 927 4035 lavor
942 3983 971 4034 et
985 3976 1088 4049 odium,
1101 3976 1179 4032 levor
1215 3973 1258 4036 nio
1272 3980 1343 4037 inter
1356 3980 1478 4038 levorem
1492 3986 1520 4038 et
1533 3979 1636 4054 odium,
1652 3996 1731 4054 steps
1745 3984 1816 4041 enim
1832 3993 1923 4057 potest
1938 3989 2009 4062 lieri,

384 4075 476 4151 quoad
490 4076 548 4132 ieri
561 4074 658 4146 possit,
671 4069 841 4143 ampliandus
855 4074 907 4140 est,
917 4073 945 4124 et
958 4066 1051 4124 odium
1066 4067 1179 4123 6661616-
1214 4069 1256 4126 661
1276 4069 1370 4143 augeri
1384 4068 1460 4126 iaror
1475 4069 1521 4126 uni
1542 4071 1598 4128 sinc
1616 4071 1784 4142 praeiudicio
1805 4074 1930 4152 eliorum,
1946 4086 1976 4137 61
1993 4096 2009 4138 6

383 4167 504 4243 gendum
524 4172 585 4237 cst,
601 4169 736 4237 qnantum
749 4176 862 4218 neeesse
875 4159 969 4231 luerit,
985 4158 1105 4215 6116666
1119 4172 1177 4214 am·
1214 4175 1347 4216 convorso
1358 4175 1431 4216 unus
1445 4167 1537 4232 potest
1547 4162 1664 4234 gravari,
1678 4161 1719 4220 661
1734 4167 1826 4236 puniri
1839 4163 1951 4241 propter
1963 4187 2011 4228 oo·

385 4259 495 4334 piletus,
505 4271 570 4330 ergo
585 4254 645 4312 talis
657 4253 799 4326 dispositio
811 4249 969 4323 simpliciter
979 4247 1123 4307 iudicanda
1133 4254 1176 4305 est
1213 4265 1295 4308 6666
1309 4251 1412 4308 bonnm
1426 4252 1483 4308 sine
1499 4250 1615 4324 speciali
1623 4252 1716 4311 lavore
1736 4253 1863 4326 abosum,
1879 4261 1926 4332 qni
1947 4260 2010 4320 inde

384 4347 550 4408 favorabilis.
739 4409 741 4416 ¹
1212 4338 1561 4415 resultetEademqueles
1575 4357 1624 4398 sen
1639 4344 2010 4425 regulainterdumamplia-

426 4428 1175 4508 6.1116616666,1666166666666636666666666
1211 4439 1258 4490 tur
1278 4439 1406 4504 respectu
1427 4431 1507 4489 unius
1532 4432 1566 4489 ob
1585 4432 1719 4506 latorem,
1740 4443 1769 4493 61
1788 4438 1961 4512 restringitur
1982 4443 2009 4500 in

383 4531 470 4605 legem
484 4528 597 4586 dirersis
612 4523 783 4597 respectibus
797 4537 857 4579 esse
871 4520 1045 4578 favorabilem
1057 4527 1086 4576 et
1099 4519 1175 4578 odio·
1211 4523 1302 4582 odium
1316 4523 1428 4581 6166166
1446 4523 1550 4580 6611666
1563 4524 1626 4581 boni
1646 4527 1813 4598 communis,
1831 4533 1860 4584 61
1878 4537 1923 4587 661
1938 4535 2008 4606 opti·

382 4638 450 4679 sam.
465 4622 504 4677 lta
518 4619 641 4674 sentiunt
654 4613 837 4672 communitor
851 4611 989 4684 doctores,
1004 4617 1031 4668 et
1044 4627 1173 4684 expresse
1211 4631 1287 4672 mum
1308 4614 1462 4686 exemplum
1483 4615 1509 4670 in
1524 4612 1542 4671 l.
1557 4617 1609 4688 qui
1622 4619 1831 4690 conceptionem,
1849 4618 1878 4676 il.
1893 4619 1927 4680 dc
1942 4639 2009 4682 oon.

381 4711 469 4768 Gloss.
484 4709 510 4764 16
521 4707 594 4765 (11616
607 4706 626 4763 1.
642 4709 671 4776 2,
686 4707 717 4762 6.
733 4703 806 4760 dein
820 4705 864 4759 166
878 4700 1012 4774 vocando,
1027 4702 1112 4760 serbo
1127 4702 1176 4760 lte·
1210 4704 1275 4763 dict.
1293 4705 1413 4763 indebiti.
1425 4705 1494 4772 Quia
1507 4711 1595 4777 potest
1608 4705 1667 4762 lieri
1680 4705 1760 4763 611661
1773 4707 1935 4770 beneficium
1949 4715 2007 4772 sine

380 4805 466 4868 teris,
483 4815 566 4873 quam
584 4797 620 4855 ibi
642 4794 889 4854 Ρ616(1.66616666.
906 4801 934 4851 et
946 4791 989 4850 alii
1003 4801 1172 4867 sequuntur.
1212 4795 1390 4854 diminutione
1408 4794 1543 4856 bonorum
1565 4795 1688 4868 alterins,
1703 4803 1759 4854 616
1779 4815 1923 4858 converso.
1939 4805 2006 4863 item

380 4892 454 4953 idem
472 4892 553 4947 sentit
565 4889 662 4946 innoc.
678 4888 705 4943 in
719 4901 747 4944 c.
766 4883 851 4962 Quod
863 4883 990 4952 dilectio,
1008 4883 1041 4942 (16
1055 4901 1173 4943 consan-
1211 4887 1289 4944 lavor
1302 4892 1393 4960 potest
1404 4885 1557 4943 consistere
1571 4885 1597 4941 16
1611 4892 1746 4962 tempore,
1758 4888 1801 4946 661
1814 4891 1842 4946 16
1855 4891 1948 4964 modo,
1964 4893 2006 4952 661

379 4984 454 5059 guin.
469 4987 497 5039 ct
508 4980 579 5036 affin.
592 4986 620 5037 ct
633 4979 667 5036 ibi
680 4980 808 5036 Panorm.
820 4991 897 5032 num.
912 4979 977 5049 i,et
989 4977 1174 5035 communiter
1211 4981 1238 5037 in
1260 4979 1374 5050 bonore,
1390 4984 1440 5035 aut
1459 4976 1517 5034 aliis
1531 4976 1627 5049 rebus,
1641 4992 1711 5051 quae
1731 4994 1786 5036 non
1806 4981 2005 5052 subtrahuntur

380 5073 544 5134 summistae
558 5069 640 5128 verbo
650 5066 1002 5144 priuilegiumpotestque
1013 5065 1171 5125 inductione
1210 5069 1270 5140 nni,
1284 5075 1314 5126 ut
1327 5066 1426 5124 dentur
1439 5065 1529 5124 alteri.
1539 5067 1661 5140 lienique
1675 5067 1730 5125 boc
1744 5077 1834 5143 potest
1846 5071 2004 5132 inductione

380 5162 487 5224 ostendi
501 5165 527 5219 in
541 5161 692 5236 privilegio,
711 5157 1000 5234 dispensatione,lege
1014 5157 1130 5231 poenali,
1144 5166 1174 5216 61
1211 5157 1317 5218 ostendi
1331 5159 1357 5215 in
1371 5156 1529 5234 privilegiis,
1541 5159 1568 5215 in
1581 5157 1842 5234 dispensationibus,
1855 5163 1881 5220 in
1896 5167 2001 5238 poenis,

381 5255 522 5327 similibus,
530 5267 600 5328 quac
615 5257 742 5326 respectu
756 5249 927 5309 diversorum
937 5249 1092 5311 favorabilis
1105 5257 1171 5310 6661
1209 5258 1238 5309 61
1251 5250 1310 5308 aliis
1325 5249 1466 5309 similibus.
