4278 6242
346 345 410 412 tes
1052 365 1154 418 nnana
1167 365 1202 416 v.

352 497 397 555 tl.
412 495 463 553 Est
480 509 549 568 argo
569 494 668 569 quinta
685 491 827 567 limitatio,
850 507 901 550 seu
914 490 1052 550 deductio
1071 491 1106 550 de
1141 500 1173 553 ut
1193 508 1249 552 una
1270 492 1429 568 probibeat,
1451 493 1504 555 alia
1524 509 1590 554 vero
1605 493 1682 554 illum
1696 496 1848 571 sustineat,
1863 497 1907 556 rel
1924 498 1952 556 iu

308 587 416 663 iegibus
439 584 672 659 prohibentibus:
699 599 761 640 nam
785 581 920 656 quaedam
945 581 1106 654 simpliciter
1144 584 1227 642 modo
1241 584 1372 658 puniendi
1386 584 1475 656 illum,
1488 585 1531 644 rei
1548 587 1754 662 praecipiendo,
1767 594 1799 646 ut
1812 589 1951 664 irritetur,

307 677 467 751 prohibent,
488 675 565 733 nullo
584 673 692 734 adiecto
711 673 812 744 verbo,
832 688 889 747 quo
908 677 1003 729 actum
1022 673 1105 729 susti·
1144 679 1175 731 ut
1188 689 1318 748 expresse
1332 675 1400 734 dicit
1412 677 1488 734 ioan.
1509 676 1598 734 hadr.
1615 677 1641 734 ia
1655 677 1745 736 Gloss.
1761 677 1796 736 ad
1810 679 1946 754 regulam,

306 775 405 840 neunt,
425 775 454 826 et
471 765 532 825 illae
545 773 694 824 censentur
707 766 835 838 irritare,
851 761 919 821 aliae
933 778 999 821 cum
1013 761 1106 835 prohi-
1142 781 1219 840 puae
1234 769 1340 824 costra
1352 769 1410 835 ius,
1431 769 1479 836 et,
1494 766 1528 824 de
1541 767 1633 840 regul.
1650 768 1703 825 iar.
1719 770 1747 825 in
1762 772 1790 827 a.
1803 769 1882 828 'runc
1896 787 1947 828 au.

307 861 411 918 bitione
431 857 538 917 addunt
556 856 674 931 aliquid,
690 854 765 930 quod
780 855 837 912 siae
853 853 945 911 valore
959 858 1040 912 actus
1054 868 1107 909 aon
1144 861 1199 913 tem
1214 856 1348 928 posterior
1363 855 1406 914 lex
1421 858 1560 915 sustinens
1572 859 1680 930 'actum,
1696 874 1779 934 quem
1793 861 1868 933 prior
1883 861 1949 918 sim·

307 959 386 1010 recte
410 948 575 1019 adderetur,
601 961 652 1006 aec
676 946 777 1006 babere
803 951 896 1017 posset
918 944 1012 1002 locum
1031 943 1108 1000 circa
1144 945 1254 1018 pliciter
1280 946 1458 1020 prohibebat,
1483 964 1537 1006 non
1562 949 1677 1023 deroget
1700 949 1790 1024 aliqua
1815 967 1848 1008 ex
1874 959 1953 1024 parte

310 1049 403 1101 actum
423 1039 587 1110 invalidum,
602 1044 629 1095 et
643 1037 710 1095 tales
725 1035 799 1110 legas
818 1050 872 1091 non
886 1040 1006 1106 possunt
1019 1032 1108 1091 irrita-
1144 1036 1229 1109 priori
1250 1035 1318 1110 legi,
1341 1051 1392 1094 nec
1412 1037 1550 1110 concedit,
1566 1038 1641 1112 quod
1661 1038 1706 1098 illa
1720 1041 1882 1114 abstulerat,
1902 1042 1952 1100 sed

308 1139 356 1206 re,
366 1148 400 1191 ne
415 1130 554 1189 contraris
566 1137 595 1187 et
609 1127 791 1200 repugnantia
803 1125 947 1182 continere
961 1123 1107 1180 convinca-
1146 1131 1255 1184 matum
1275 1128 1420 1200 supponit,
1441 1129 1561 1200 priorem
1576 1129 1662 1202 legem
1678 1144 1732 1186 non
1746 1131 1868 1190 irritasse
1887 1148 1953 1204 pro.

310 1232 368 1283 tur.
385 1225 424 1282 lta
439 1222 539 1281 docent
552 1223 621 1298 Cyn.
637 1221 712 1277 Bari.
729 1217 805 1274 Bald.
822 1222 850 1273 et
865 1216 921 1272 iere
936 1214 980 1271 alii
993 1214 1021 1271 iu
1035 1213 1111 1272 dicta
1146 1215 1276 1289 bibendo,
1290 1224 1318 1274 et
1331 1217 1392 1274 ideo
1406 1217 1509 1292 aliquid
1523 1220 1643 1291 disponit
1658 1221 1735 1276 circa
1748 1220 1825 1279 illum
1844 1227 1950 1294 actum,
2002 1227 2009 1244 ·

311 1315 332 1373 l.
348 1329 409 1371 non
423 1310 554 1379 dubitem,
569 1317 598 1368 at
611 1310 664 1367 late
679 1308 795 1386 Spirest.
814 1320 907 1378 supra.
918 1304 970 1362 Sed
986 1304 1110 1376 proiecte
1146 1307 1307 1366 sustinendo
1321 1307 1413 1378 illum,
1429 1309 1456 1366 id
1469 1315 1513 1366 est
1527 1309 1707 1383 supponendo
1722 1312 1862 1380 tenuisset
1883 1328 1952 1386 ergo

312 1403 453 1462 distinctio
467 1417 521 1459 non
536 1399 644 1458 suffieit
656 1397 690 1456 ad
708 1394 930 1454 satisfaciendum
944 1393 1112 1452 difficultati·
1147 1398 1264 1455 verbum
1283 1397 1442 1472 prohibendi
1463 1399 1488 1455 ia
1510 1401 1595 1472 priori
1610 1401 1670 1475 lege
1685 1401 1809 1459 absolute
1824 1403 1950 1476 proposi·

310 1495 365 1552 bus
375 1491 610 1564 propositisllam
621 1493 720 1546 contra
731 1488 850 1559 primum
863 1485 1017 1542 membrum
1028 1485 1111 1543 etiam
1148 1496 1220 1560 tum,
1236 1505 1291 1546 non
1305 1489 1397 1547 luerat
1410 1489 1549 1547 sufficiens
1563 1491 1596 1548 ad
1611 1490 1786 1550 irritandum,

312 1586 353 1642 sic
368 1583 525 1651 limitatum,
540 1578 697 1653 procedunt
710 1576 835 1649 exempla
849 1573 940 1644 allatu
952 1574 1016 1647 quia
1030 1574 1056 1631 in
1071 1573 1111 1630 eis
1184 1578 1304 1636 Tandem
1324 1579 1358 1636 ad
1379 1581 1470 1636 omnia
1488 1578 1562 1638 dicta
1580 1581 1767 1639 conirmenda
1787 1588 1852 1640 utor
1866 1598 1953 1656 argu.

312 1675 388 1746 leges
398 1671 573 1745 prohibentes
585 1668 746 1741 simpliciter
756 1665 1018 1739 loquuntur,nsque
1029 1663 1112 1723 verba
1147 1675 1239 1726 mento
1253 1674 1363 1741 sumpto
1377 1684 1410 1726 en
1425 1671 1538 1744 antiqua
1551 1671 1609 1744 lege
1622 1671 1776 1745 Ecclesiae,
1798 1687 1870 1746 quae
1887 1689 1950 1744 pro.

312 1762 536 1836 addunt,quibus
551 1759 706 1832 specialiter
720 1763 814 1815 actum
829 1757 1037 1825 sustinere,aut
1050 1755 1112 1812 irri·
1147 1757 1256 1815 bibebat
1270 1759 1440 1816 matrimonia
1459 1759 1642 1834 clandestina,
1662 1763 1752 1835 capite
1771 1761 1868 1830 allier,
1886 1778 1951 1822 cum

312 1862 371 1914 tare
391 1851 546 1909 videantur.
566 1850 669 1908 contra
691 1847 846 1906 secundum
867 1861 934 1904 vcro
958 1845 1114 1903 membrum
1149 1848 1255 1920 multis,
1272 1853 1319 1922 30,
1333 1866 1361 1922 q.
1376 1855 1402 1922 5,
1418 1865 1480 1922 cap.
1491 1853 1568 1909 Cum
1581 1853 1727 1922 inhibitio,
1736 1851 1769 1909 dc
1784 1852 1946 1912 clandestin.

313 1945 394 2002 obiici
407 1941 582 2015 potest,quia
597 1939 737 2012 supposita
750 1933 797 1995 illa
811 1935 958 2005 sententia,
972 1951 1024 1991 aon
1039 1934 1115 1993 ride·
1148 1937 1307 2011 desponsat.
1324 1939 1373 1997 llis
1391 1941 1462 1997 enim
1484 1941 1527 2000 lex
1540 1941 1656 2015 directa,
1672 1945 1698 2000 in
1712 1945 1814 2016 specie,
1828 1953 1857 2002 et
1871 1948 1951 2004 abso·

312 2041 360 2094 tur
379 2048 460 2107 posse
480 2033 577 2090 evitari
600 2027 781 2103 repugnantia
794 2029 822 2083 in
842 2025 895 2084 iilis
911 2025 1028 2096 legibus.
1044 2023 1113 2082 iiim
1149 2028 1222 2099 lute,
1244 2036 1273 2086 et
1292 2045 1356 2086 cum
1376 2033 1449 2087 omni
1464 2035 1676 2106 exaggeratione
1690 2034 1760 2090 intra
1776 2035 1955 2094 latitudinem

313 2125 336 2182 si
356 2124 472 2183 verbum
493 2118 652 2195 prohibendi
671 2125 715 2176 est
731 2116 874 2174 sufficiens
888 2114 921 2172 ad
936 2113 1109 2183 irritandum
1150 2118 1355 2192 prohibitionis,
1377 2121 1487 2179 vetabat
1500 2121 1576 2179 illum
1592 2130 1703 2192 actum,
1716 2129 1748 2181 ut
1760 2130 1837 2196 pauet
1850 2138 1883 2183 ex
1898 2125 1952 2182 iilis

313 2229 380 2287 ergo
394 2228 427 2271 ex
438 2214 464 2268 vi
476 2227 541 2269 suae
552 2210 679 2283 propriae
689 2206 894 2280 significationis
909 2203 1042 2277 siguificat
1054 2205 1115 2261 irri·
1149 2210 1239 2268 verbis
1256 2213 1375 2284 penetus
1388 2211 1569 2273 tutabamur,
1587 2218 1614 2269 aa
1628 2212 1805 2271 nihilominus
1819 2230 1874 2272 non
1889 2215 1953 2272 ppt.

313 2305 453 2369 tationem,
467 2317 552 2376 qaaam
561 2301 641 2369 tacit3
654 2313 720 2372 engo
733 2296 914 2371 repugnantia
925 2295 1047 2352 continet
1059 2294 1113 2367 lex,
1149 2300 1224 2356 tabat
1238 2299 1314 2357 illam
1328 2317 1418 2374 usque
1433 2302 1467 2360 ad
1481 2301 1630 2359 concilium
1644 2303 1755 2360 trident.
1765 2307 1807 2362 ¹ut
1820 2310 1862 2361 est
1875 2311 1953 2362 certa

315 2410 387 2469 quae
409 2394 488 2464 prius
508 2389 636 2464 prohihet
649 2395 755 2458 actum,
770 2397 799 2445 et
812 2393 908 2459 postea
922 2384 1048 2442 sustinet.
1064 2385 1116 2441 Ve-
1150 2391 1281 2448 sententia
1294 2391 1489 2465 theologorum
1502 2391 1571 2449 dict.
1587 2391 1615 2449 d.
1630 2399 1676 2453 ta.
1689 2395 1777 2461 Quam
1802 2393 1875 2451 idem
1889 2410 1955 2452 con·

314 2489 471 2543 rumitmen
493 2480 547 2539 11⁰0
568 2495 622 2538 non
644 2478 785 2537 concludit
805 2483 902 2534 eontra
917 2475 991 2534 illam
1005 2481 1115 2532 senten·
1150 2477 1243 2536 cilium
1257 2480 1282 2535 in
1297 2479 1430 2552 principio
1442 2479 1514 2558 illius
1527 2481 1632 2539 decreti
1643 2483 1817 2554 approbarit.
1828 2484 1953 2557 Suntque

315 2575 467 2644 stamnum
480 2570 640 2644 responderi
654 2575 754 2643 potest,
768 2569 885 2626 verbum
898 2567 1009 2641 quidem
1026 2565 1117 2638 probi·
1150 2568 1208 2626 eius
1222 2569 1305 2626 verba
1322 2569 1357 2628 ad
1370 2576 1540 2642 praesentem
1555 2587 1670 2629 causam
1686 2572 1838 2644 plurimum
1857 2580 1954 2630 actan-

206 2689 208 2692 ·
316 2662 398 2723 baadi
418 2660 543 2720 absolute
562 2666 704 2732 sumptum
719 2658 820 2716 babere
835 2659 905 2716 hanc
920 2659 992 2728 vim,
1007 2673 1061 2712 non
1076 2663 1116 2713 ta·
1149 2657 1195 2729 da,
1211 2659 1290 2715 simul
1305 2661 1378 2716 enim
1392 2659 1485 2732 docet,
1501 2663 1698 2719 matrimonia
1711 2660 1901 2720 clandestina
1915 2663 1952 2720 li·

316 2769 379 2812 meo
394 2765 567 2826 repugnare,
587 2750 653 2823 quin
666 2748 704 2806 illi
719 2747 836 2806 addatur
851 2746 969 2821 aliquid,
987 2762 1043 2820 quo
1056 2747 1116 2803 aius
1150 2747 1218 2805 bero
1231 2751 1472 2807 contrabentium
1485 2749 1736 2824 consensuscctc.
1753 2758 1826 2810 rata
1838 2757 1867 2810 et
1879 2769 1953 2811 vera

315 2842 475 2918 significatio
493 2845 522 2896 et
543 2840 585 2895 ris
601 2839 741 2895 limitetur.
758 2839 794 2896 Et
807 2837 843 2896 ita
857 2837 926 2895 dixit
940 2837 1059 2914 Sylrest.
1075 2835 1116 2892 di·
1142 2836 1241 2911 scisse
1254 2843 1460 2908 matrimonia,
1477 2841 1624 2914 quaudiu
1638 2841 1774 2900 Ecclesia
1790 2841 1849 2900 illa
1862 2845 1953 2902 irrita

316 2940 363 2992 cta
377 2948 406 3006 q.
421 2936 469 3000 28,
485 2945 557 2988 sors.
574 2943 625 3001 epo
646 2943 728 2994 uero,
750 2925 859 2999 quando
879 2926 908 2982 fit
926 2927 989 2984 talis
1003 2924 1115 2996 additio,
1151 2946 1211 2986 uon
1220 2926 1306 3000 sealt¹
1327 2931 1362 2987 Et
1382 2929 1533 3003 subiungit:
1551 2931 1752 2989 Nihilominus
1776 2937 1952 2990 smcthet

318 3039 371 3080 non
392 3036 453 3080 esse
473 3017 679 3092 prohibitionem
700 3016 878 3089 simpliciter,
898 3015 946 3072 sed
960 3013 1115 3072 secundum
1151 3017 1288 3077 Ecclesia
1307 3035 1346 3077 ea·
1365 3023 1535 3078 iustissimis
1550 3025 1650 3079 causis
1669 3021 1727 3079 illa
1746 3039 1860 3099 semper
1875 3021 1954 3082 dete·

318 3112 399 3187 quid,
413 3117 442 3168 et
452 3125 486 3167 ex
501 3115 588 3182 parte.
604 3111 686 3165 Nom
704 3104 776 3164 talis
790 3105 848 3173 lem,
865 3108 966 3180 inquit,
978 3121 1017 3162 ex
1026 3111 1118 3180 purte
1151 3113 1294 3177 simassi,
1312 3113 1400 3181 atque
1412 3109 1573 3185 probibuit.
1584 3111 1656 3184 Ergo
1671 3111 1796 3168 absoluta
1807 3113 1954 3184 prohibitio

312 3202 463 3282 mollibat,
487 3205 516 3258 et
535 3215 574 3256 eoo
590 3201 679 3273 porte
700 3195 845 3262 coucedtt;
859 3203 888 3255 et
901 3196 938 3254 ita
952 3211 1007 3253 aon
1020 3202 1062 3254 cst
1075 3195 1116 3253 lex
1152 3213 1217 3256 cum
1227 3213 1403 3272 quacumque
1417 3201 1625 3274 exaggeratione
1639 3207 1668 3258 et
1680 3199 1859 3260 detestatione
1873 3210 1955 3262 actus

317 3291 476 3366 simpliciter
496 3288 662 3364 prohibens,
678 3288 713 3346 de
726 3303 782 3361 qua
796 3287 920 3361 loquitur
934 3287 976 3344 lex
990 3302 1051 3343 nora
1064 3283 1118 3342 du·
1152 3302 1206 3344 non
1220 3290 1310 3346 irritat
1323 3289 1399 3346 illum
1413 3305 1447 3346 ex
1462 3295 1553 3346 mente
1568 3291 1687 3347 coecilii.

315 3383 407 3444 bium.
1087 3375 1089 3378 ’
1190 3379 1279 3446 Qtrare
1293 3378 1346 3435 hoc
1361 3386 1522 3452 argumento
1537 3379 1653 3436 convicti
1667 3379 1753 3454 aliqui
1772 3382 1949 3452 respondent,

356 3474 410 3531 Sed
424 3471 516 3530 adbuc
530 3484 681 3544 possamus
694 3470 810 3539 instare,
825 3467 888 3541 quia
903 3482 1046 3542 uunqaram
1060 3469 1116 3526 iere
1151 3483 1212 3525 esse
1233 3467 1350 3540 speciale
1369 3469 1395 3524 in
1417 3467 1531 3524 materia
1543 3469 1726 3538 matrimonii,
1747 3483 1863 3544 eamque
1877 3473 1952 3528 exci-

315 3565 376 3623 talis
392 3564 434 3620 lex
449 3563 568 3620 sustinet
581 3565 676 3617 actum
691 3559 811 3627 directe,
826 3557 853 3615 id
867 3565 910 3617 est
924 3558 1113 3630 concedendo,
1151 3557 1275 3630 piendam
1289 3573 1350 3614 esse
1369 3573 1385 3612 a
1402 3557 1497 3628 regula
1511 3557 1578 3630 legis
1591 3574 1651 3614 storo
1664 3555 1799 3626 dractona,
1820 3559 1894 3632 quod
1911 3577 1955 3619 as-

316 3655 359 3713 rel
375 3651 498 3711 iacienda
514 3648 626 3724 aliquid,
639 3648 687 3706 sed
701 3651 796 3720 potius
812 3649 1068 3722 praesupponendo,
1085 3655 1118 3706 ut
1151 3649 1350 3705 seruit'llecius
1365 3647 1391 3703 iu
1406 3662 1467 3719 cap.
1477 3653 1504 3706 2.
1517 3646 1553 3704 de
1567 3648 1695 3717 testibus,
1714 3663 1741 3703 n.
1755 3652 1780 3707 7.
1793 3649 1844 3707 Sed
1858 3667 1956 3723 quiem·

317 3760 383 3802 cum
396 3741 542 3814 praecipit,
557 3746 651 3797 actum
665 3739 832 3810 prohibitum
846 3739 900 3796 hoc
915 3739 957 3795 vel
972 3737 1017 3796 illo
1033 3738 1115 3796 modo
1150 3741 1192 3795 vis
1212 3752 1310 3794 verum
1323 3737 1374 3808 sit,
1396 3738 1421 3792 ia
1437 3737 1606 3794 matrimonio
1621 3744 1732 3810 propter
1746 3741 1875 3798 materiae
1890 3757 1954 3814 gra·

315 3833 430 3903 irritari,
444 3831 485 3888 rel
501 3845 567 3887 cum
581 3830 709 3887 ellectum
723 3829 782 3886 eius
797 3829 967 3902 agnoscit,et
982 3830 1116 3901 praecipit
1151 3830 1308 3894 ritatem,et
1322 3826 1490 3899 periculum,
1502 3827 1589 3900 aragia
1604 3828 1759 3899 speciticam
1774 3835 1803 3887 et
1816 3829 1952 3888 indubita-

317 3920 472 3990 obscrvori,
497 3925 547 3976 aut
568 3917 621 3975 alio
636 3917 715 3975 simili
731 3917 826 3991 modo,
848 3917 909 3975 talis
923 3933 989 3992 ergo
1005 3919 1046 3977 lex
1061 3935 1115 3976 non
1151 3923 1206 3974 tam
1228 3919 1331 3989 requiri
1350 3915 1472 3972 irritandi
1493 3915 1625 3984 turmam,
1648 3922 1739 3974 tamen
1761 3934 1815 3976 aon
1832 3927 1875 3978 ast
1888 3936 1954 3992 pro·

317 4013 463 4071 confirmat
476 4015 570 4066 actum
582 4007 705 4080 positive,
714 4007 762 4064 sed
773 4009 897 4079 negative
908 4022 938 4062 se
952 4000 1044 4078 hebet,
1054 4009 1116 4080 quia
1151 4009 1243 4080 prium
1263 4007 1343 4075 sius,
1372 4005 1448 4079 quod
1468 4004 1527 4062 sola
1546 4004 1690 4076 probibitio
1716 4005 1749 4063 ad
1770 4007 1951 4068 irritationem

317 4116 372 4159 oon
385 4100 490 4170 irritat3
506 4112 571 4170 ergo
585 4095 676 4170 quoad
689 4095 895 4168 prohibitionem
914 4096 1076 4167 simpliciter
1089 4104 1118 4154 et
1151 4113 1205 4153 noo
1228 4095 1358 4153 sufficiat.
1374 4095 1441 4151 llam
1459 4094 1616 4152 extenditur
1631 4095 1665 4152 ad
1679 4111 1775 4153 omnes
1790 4103 1869 4154 actus
1883 4102 1952 4158 irre·

317 4191 441 4250 absolute
456 4186 592 4262 prohibet,
609 4201 697 4259 nequae
712 4185 814 4259 aliquid
829 4185 982 4258 additque
997 4187 1117 4258 probibi-
1151 4187 1323 4254 tractabiles,
1337 4201 1391 4240 seu·
1401 4183 1577 4258 initerabiles,
1590 4192 1622 4242 ut
1635 4184 1701 4243 dixit
1715 4188 1785 4244 licta
1800 4187 1840 4244 tit.
1856 4187 1892 4245 de
1905 4189 1954 4247 de·

317 4283 418 4340 tionem
433 4279 539 4350 limitet,
553 4273 602 4334 aut
614 4275 741 4332 extrahat
753 4291 770 4331 a
783 4275 893 4348 propria
906 4274 1115 4349 significatione,
1152 4293 1196 4352 sp.
1212 4276 1322 4350 impuh.
1338 4273 1425 4333 decis.
1440 4289 1486 4332 uu.
1503 4274 1568 4332 alias
1583 4275 1732 4333 asadada
1746 4287 1952 4352 consequenter
2036 4277 2042 4288 “

316 4371 364 4430 sed
384 4371 473 4427 solum
494 4383 549 4425 aon
568 4365 644 4424 addit
655 4365 850 4436 irritationem,
865 4371 894 4422 et
907 4362 982 4438 quod
998 4380 1051 4421 non
1068 4363 1116 4421 atl-
1152 4365 1276 4434 ridetur,
1299 4366 1382 4421 etiam
1395 4362 1501 4420 extendi
1517 4362 1550 4420 ad
1565 4363 1631 4421 alios
1646 4371 1737 4436 actus,
1753 4369 1801 4438 qui
1814 4367 1880 4425 licet
1893 4370 1954 4426 irri-

315 4461 378 4528 det,
399 4457 501 4516 indicat
519 4471 554 4514 ax
573 4454 634 4512 aliis
647 4453 801 4524 ellectibus,
817 4469 889 4527 quos
903 4455 1113 4526 praesupponit.
1151 4458 1203 4512 tari
1217 4456 1335 4527 possint,
1343 4469 1396 4510 non
1413 4461 1503 4510 tamen
1518 4453 1663 4511 irritantur
1677 4471 1709 4512 ex
1722 4454 1747 4510 vi
1763 4456 1848 4514 solius
1862 4460 1954 4530 prohi-

315 4553 388 4624 Ergo
402 4549 511 4621 signum
525 4543 796 4617 est,probibitiouam
807 4542 840 4601 de
855 4558 885 4600 se
896 4549 1113 4616 quantumcum·
1151 4546 1281 4616 bitionis,
1302 4545 1366 4617 quis
1380 4545 1432 4600 iam
1447 4549 1568 4614 constat,
1584 4544 1794 4616 prohibitionem
1808 4563 1840 4604 ex
1855 4563 1884 4605 sc
1899 4565 1952 4606 non

315 4656 371 4715 que
394 4621 548 4696 absolutam
573 4649 628 4690 uon
652 4631 778 4704 irritare,
799 4640 828 4690 et
845 4638 1046 4705 consequenter
1060 4649 1115 4690 non
1153 4636 1253 4692 habere
1274 4634 1345 4691 banc
1366 4634 1438 4704 rim,
1461 4633 1511 4690 nisi
1527 4633 1599 4690 aliud
1613 4635 1637 4691 ei
1651 4633 1777 4716 addatur.
1795 4639 1864 4695 Nam
1877 4641 1953 4712 quod

314 4743 376 4787 esse
396 4742 447 4798 pro
462 4723 557 4798 regula
571 4720 775 4794 assignandum,
792 4726 822 4778 ut
836 4723 877 4779 lex
893 4721 1039 4793 prohibens
1052 4724 1115 4780 inri·
1149 4723 1232 4797 aliqui
1245 4723 1354 4794 dicunt,
1370 4721 1523 4795 spiritualia
1540 4722 1676 4780 difficilius
1690 4725 1768 4794 solvi,
1784 4742 1868 4801 quara
1882 4736 1952 4788 tem·

314 4822 365 4886 tet,
376 4815 427 4872 nisi
441 4827 569 4886 expresse
584 4810 718 4868 sustineat
732 4817 839 4882 actuau
853 4810 900 4868 sed
913 4813 1002 4882 potius
1017 4827 1032 4868 e
1047 4827 1114 4869 cen·
1148 4814 1261 4886 peratis,
1278 4826 1374 4885 parum
1390 4811 1475 4869 iuvat.
1491 4803 1560 4868 Tum
1573 4812 1638 4885 quia
1652 4812 1718 4871 licet
1732 4813 1785 4872 hoc
1802 4833 1898 4876 rerum
1913 4821 1950 4878 sit

312 4906 417 4974 traria,
441 4901 516 4976 quod
540 4915 594 4957 non
619 4899 724 4968 irritet,
745 4901 798 4955 nisi
819 4899 860 4956 rel
881 4914 1011 4973 expresse
1029 4901 1111 4959 addat
1148 4902 1180 4959 da
1195 4901 1251 4974 bis,
1266 4916 1337 4976 quae
1357 4915 1405 4973 per
1425 4899 1573 4958 humanam
1594 4907 1758 4972 potestatem
1778 4905 1875 4965 irritari
1896 4923 1950 4966 noa

312 4992 467 5052 clausulam
489 4990 657 5058 irritantem,
679 4988 723 5045 vel
742 4988 859 5061 aliquid,
876 5004 932 5063 quo
949 4989 1023 5048 illam
1038 4991 1114 5048 suih-
1147 4998 1281 5064 possunt,
1303 4997 1335 5048 ut
1357 4990 1752 5066 quodsacerdoscoosecret,
1768 5001 1946 5070 quantumvis
1979 4999 1993 5026 ⁸

310 5080 537 5142 cianter'iudicet.
550 5081 585 5136 Et
598 5079 785 5149 confirmatur,
801 5094 864 5135 nam
882 5078 926 5136 ille
938 5080 1036 5138 modus
1051 5097 1113 5139 sus·
1147 5081 1335 5155 prohibeatur,
1347 5085 1401 5136 ete.
1415 5085 1505 5137 umen
1519 5081 1553 5138 de
1567 5081 1627 5138 aliis
1638 5097 1691 5138 aon
1705 5091 1749 5141 est
1762 5087 1810 5158 ita,
1825 5103 1952 5158 praesen·
1968 5144 1976 5156 ,

308 5171 412 5231 tineudi
427 5175 520 5228 actum
536 5168 596 5243 lege
611 5166 778 5240 prohibitum
800 5183 854 5226 aon
870 5167 959 5226 solum
975 5172 1109 5246 contingit
1148 5171 1196 5230 tim
1211 5169 1321 5246 quando
1339 5176 1382 5227 est
1400 5185 1491 5228 sermo
1504 5169 1539 5228 de
1553 5171 1703 5230 irritatione
1718 5176 1907 5250 anucedente,
1924 5180 1950 5238 id

310 5261 368 5322 heri
383 5276 430 5335 per
444 5258 567 5318 eamdem
581 5258 688 5333 legem,
703 5256 751 5314 sad
766 5257 848 5316 etiam
862 5273 910 5330 per
926 5257 1058 5332 diversam
1075 5261 1112 5320 ita
1146 5267 1190 5319 est
1211 5275 1280 5334 quae
1302 5257 1431 5332 impedit,
1452 5275 1486 5317 ae
1501 5265 1580 5318 actus
1595 5260 1693 5320 valeat.
1708 5262 1777 5321 Tuan
1792 5267 1874 5325 etiam
1886 5271 1952 5343 quia
