4290 6222
905 419 1010 471 carne
1024 421 1085 470 vn.
1700 405 1762 470 369

154 555 262 622 terunt,
278 557 308 607 et
316 553 353 608 ita
364 549 455 624 quoad
466 555 629 622 potestatem
639 564 693 605 non
704 553 745 604 est
755 547 888 619 potentior
898 561 964 603 con·
998 552 1160 618 reputatum
1184 547 1293 620 saepius
1309 551 1419 615 autem,
1440 552 1468 602 et
1481 545 1691 616 universaliter,
1707 561 1738 602 ac
1754 560 1802 618 per

155 641 287 712 suetudo,
306 657 389 715 quam
403 641 586 716 privilegium,
599 640 680 697 etiam
696 645 824 710 respectu
841 638 963 696 multitu·
998 654 1027 694 se
1042 635 1195 710 loquendo,
1217 635 1345 708 mediate,
1361 635 1521 708 quinetiam
1536 635 1739 694 iuscommune
1755 652 1802 706 ap-

153 729 224 786 dinis
241 731 401 788 effectuum.
998 726 1095 799 probat
1118 724 1274 798 privilegia,
1289 732 1318 781 et
1331 724 1434 781 servari
1450 723 1553 794 statuit,
1572 724 1589 780 l.
1605 726 1654 780 ius
1669 723 1802 796 simpulu-

201 823 246 878 tt.
261 820 387 894 Urgehis,
404 821 468 893 quia
482 819 562 876 simili
577 818 657 875 ruodo
672 817 727 878 dici
738 823 829 888 potest
841 816 867 872 in
878 817 962 888 priori
997 833 1039 882 re,
1057 817 1083 872 n.
1102 813 1137 871 de
1151 815 1266 889 legibus,
1281 822 1308 871 et
1322 814 1340 870 Ι.
1360 818 1384 885 t,
1402 815 1429 870 tl.
1446 814 1479 871 de
1493 815 1606 870 constit.
1620 813 1736 886 princip.
1752 814 1797 870 ihi:

154 910 296 983 membro,
320 911 410 983 aliqua
425 926 496 983 esse,
512 925 582 984 quae
595 924 650 965 non
664 909 733 964 liunt
747 923 795 978 por
813 913 964 963 consuetu·
1000 907 1231 964 constitutiones
1248 902 1398 977 quaedum
1412 910 1483 960 suot
1494 901 1676 977 personales,
1694 909 1750 960 etc.
1766 905 1802 961 ut

156 998 260 1066 dinem,
279 999 345 1056 licet
358 999 427 1056 fiunt
440 1015 487 1071 per
502 999 683 1070 privilegium,
700 996 765 1069 quia
776 995 904 1074 expedit,
920 992 963 1052 val
997 995 1092 1052 similia
1109 1001 1176 1051 sunt
1190 994 1275 1051 multa
1290 995 1364 1066 iura3
1377 1009 1443 1066 ergo
1453 995 1496 1049 ius
1511 1009 1657 1050 commune
1670 993 1704 1049 de
1715 1008 1745 1050 se
1755 1009 1801 1050 ae·

155 1088 220 1161 quia
245 1104 300 1145 non
320 1088 417 1146 subest
437 1103 538 1161 causa,
553 1103 606 1145 non
621 1088 685 1160 quia
699 1085 769 1144 desit
783 1091 919 1158 potestas3
935 1089 964 1140 et
998 1101 1052 1158 que
1072 1083 1144 1140 taret
1163 1083 1320 1156 privilegio,
1339 1090 1367 1139 et
1384 1082 1586 1140 consuetudini.
1606 1084 1700 1156 Neque
1718 1084 1799 1141 etiarn

113 1210 117 1216 ι
156 1177 194 1234 ita
210 1178 263 1234 erit
285 1177 446 1251 aequalitas.
470 1176 647 1250 Respondes,
668 1174 790 1249 negando
804 1176 960 1247 paritatem,
997 1182 1092 1232 contra
1107 1175 1160 1232 hoo
1174 1181 1249 1232 recte
1260 1173 1408 1231 adducitur
1421 1173 1439 1230 l.
1451 1172 1485 1228 de
1496 1178 1661 1230 testamento
1675 1173 1797 1244 militari,

157 1283 220 1324 narn
243 1283 273 1324 ra
288 1283 352 1325 reru
371 1267 505 1341 quaedam
520 1274 600 1336 suut,
616 1282 687 1340 quae
701 1281 755 1322 non
771 1272 890 1337 possunt
903 1266 960 1321 heri
997 1264 1062 1338 quia
1076 1264 1111 1321 ibi
1125 1268 1321 1336 comparantur
1334 1263 1465 1333 effectus,
1478 1264 1526 1335 qui
1539 1261 1692 1318 immediate
1706 1268 1798 1318 sunta

158 1373 206 1428 per
223 1359 467 1432 consuetudinem,
488 1358 552 1431 quia
565 1357 609 1414 rel
624 1357 683 1414 iure
697 1355 787 1412 divino
803 1354 903 1410 habent
917 1352 962 1410 de·
996 1359 1056 1413 iure
1071 1354 1221 1423 communi,
1236 1353 1278 1410 eol
1296 1351 1417 1425 speciali.
1430 1352 1521 1408 Altera
1533 1367 1597 1408 vero
1609 1351 1679 1408 ratio
1690 1350 1799 1408 videtur

156 1450 263 1506 linitum
289 1449 419 1524 modum,
443 1463 500 1521 quo
514 1448 570 1505 tisri
585 1451 711 1520 possunt,
728 1450 760 1502 ut
772 1452 815 1500 est
827 1446 855 1501 in
871 1457 962 1500 exem·
997 1445 1116 1516 tirmior,
1132 1452 1161 1502 et
1174 1443 1293 1501 deservit
1307 1443 1450 1500 intentioni
1464 1448 1584 1498 nostrae.
1602 1442 1697 1513 ltaque
1712 1441 1739 1496 in
1755 1456 1800 1497 or·

157 1541 202 1610 pto
216 1539 250 1594 de
270 1540 465 1596 commissione
479 1548 611 1610 actuum,
627 1538 674 1610 qui
689 1535 722 1592 ad
738 1540 899 1606 potestatem
915 1549 963 1588 su·
996 1534 1058 1592 dine
1076 1535 1109 1592 ad
1129 1535 1302 1592 amissionem
1322 1533 1455 1606 privilegii
1469 1548 1517 1604 per
1531 1531 1797 1602 contractationem,

156 1629 272 1700 pariaris
292 1628 507 1686 consecrationis
522 1627 656 1702 ordinarie
669 1626 812 1698 pertinent,
826 1623 867 1679 rel
879 1637 911 1679 ex
922 1623 963 1678 in·
996 1625 1103 1681 facilius
1116 1624 1240 1696 perditur
1251 1623 1432 1696 privilegium,
1445 1637 1527 1694 quain
1539 1627 1665 1678 mutetur
1677 1623 1720 1678 ius
1731 1636 1799 1676 oon-

155 1719 298 1773 stitntione
324 1716 464 1774 Ecclesiae
484 1716 585 1773 habent
605 1721 713 1772 certum
732 1713 883 1772 effectionis
903 1729 962 1769 mo·
997 1711 1429 1784 suetudinis,utiatradicemus,
1442 1713 1682 1786 attractatlnnoc.
1694 1713 1721 1767 in
1733 1727 1796 1782 cap.

155 1805 236 1875 dum,
251 1806 299 1879 qui
313 1807 505 1864 consuetudini
521 1811 669 1879 repugnat3
682 1811 757 1861 certa
768 1808 835 1861 sunt
845 1817 890 1858 res
902 1817 962 1874 spo-
996 1801 1221 1872 Adcedenttbus‚
1248 1818 1304 1858 an.
1323 1805 1355 1875 6,
1371 1802 1437 1858 alias
1451 1803 1478 1858 in
1493 1817 1554 1874 cap.
1574 1804 1652 1859 Cum
1664 1800 1750 1870 clim,
1768 1807 1798 1873 2,

155 1895 220 1952 ciali
237 1897 297 1952 iure
310 1895 471 1968 prohibitae,
486 1911 520 1953 ne
534 1893 765 1968 praescriptibiles
780 1893 842 1948 sint.
859 1895 927 1950 Nam
938 1891 962 1947 si
996 1908 1054 1950 an.
1068 1897 1096 1964 s,
1119 1891 1154 1950 de
1167 1891 1255 1965 privil.
1271 1894 1298 1949 in
1313 1890 1487 1949 ordinavero
1502 1891 1536 1948 ad
1546 1892 1713 1963 superiorem
1724 1890 1800 1948 ride-

154 1985 305 2058 loquamur
326 1984 360 2042 de
378 1985 578 2042 consuetudine
596 1983 841 2056 praescriptionis,
856 1997 889 2038 ea
904 1987 962 2038 tan·
996 1989 1043 2040 tur
1066 1999 1126 2040 esse
1147 1981 1282 2056 quaedam
1296 1981 1457 2055 aequalitas,
1472 1981 1538 2054 quia
1551 1988 1699 2054 utrumque
1714 1981 1798 2052 priri-

155 2082 218 2151 tum
233 2074 386 2146 praescribi
400 2081 526 2146 possunt,
542 2088 612 2148 quae
627 2075 687 2131 iure
701 2074 913 2145 permittuntur.
931 2072 960 2127 ln
997 2074 1097 2146 legium
1124 2073 1274 2146 scriptum,
1289 2072 1332 2130 rel
1347 2088 1402 2128 non
1417 2073 1554 2142 scriptum
1569 2076 1661 2143 potest
1674 2070 1800 2142 superior

155 2178 214 2236 qno
232 2163 316 2220 etiarn
337 2162 429 2220 differt
446 2162 565 2221 multum
585 2164 655 2220 inter
668 2161 840 2235 privilegium
853 2163 881 2217 et
894 2175 963 2217 ooa-
995 2177 1139 2220 reroearea
1162 2162 1343 2220 Nihilominus
1361 2161 1468 2218 facilius
1483 2167 1574 2233 potest
1587 2160 1728 2233 proprium
1742 2160 1799 2231 pri·

155 2253 342 2325 suetudinem,
355 2254 424 2327 quia
434 2253 476 2311 ius
487 2265 540 2310 non
551 2259 641 2325 potest
648 2253 790 2325 prohibere
800 2266 960 2323 supremum
995 2253 1123 2328 vilegium
1141 2268 1289 2324 revocare,
1306 2267 1389 2326 quarn
1403 2249 1632 2308 consuetudinem
1653 2250 1796 2323 abrogare,

155 2343 320 2416 principem,
339 2357 372 2399 ne
387 2343 434 2402 det
448 2343 616 2416 privilegium
630 2350 728 2400 contra
742 2340 894 2398 humanum
904 2339 959 2412 ius,
996 2343 1058 2415 quia
1081 2357 1181 2415 magna
1199 2350 1242 2399 est
1257 2343 1296 2398 ris
1315 2340 1539 2412 consuetudinis,
1554 2345 1580 2396 et
1594 2338 1653 2397 ideo
1667 2341 1799 2396 maiorem
1849 2385 1854 2390 .

154 2439 248 2505 potest
265 2438 357 2490 autem
371 2432 532 2505 prohibere,
548 2446 582 2488 ne
596 2432 622 2488 in
639 2430 700 2502 tali,
715 2430 759 2487 vel
774 2430 799 2486 iu
817 2429 862 2486 tali
877 2436 961 2486 mate·
996 2447 1109 2489 causam
1131 2432 1259 2504 requirit,
1275 2437 1306 2488 ut
1319 2431 1390 2488 intra
1404 2432 1505 2488 dicam.

156 2523 199 2578 ria
217 2521 417 2579 consuetudine
428 2520 643 2594 praescribatur.
655 2519 732 2587 Quod
750 2522 867 2577 maxime
881 2516 962 2574 habet
1036 2523 1105 2578 ltine
1119 2537 1186 2594 ergo
1201 2520 1375 2594 probabiliter
1388 2521 1593 2592 concludimus,
1605 2520 1632 2576 iu
1645 2517 1800 2577 favorabili·

156 2613 250 2669 locum
267 2611 292 2668 in
305 2610 500 2669 consuetudine
512 2610 752 2683 praescriptionis,
760 2624 809 2680 par
819 2622 903 2679 quam
915 2622 960 2663 or·
995 2609 1063 2682 bus,
1079 2627 1149 2683 quae
1172 2610 1205 2669 ad
1225 2612 1478 2682 conservationem,
1495 2609 1538 2666 rel
1553 2616 1730 2681 augmentum
1745 2609 1800 2680 pri·

157 2701 265 2759 dinarie
284 2704 468 2774 acquiruntur
488 2700 637 2775 privilegia.
659 2698 772 2767 Quando
792 2701 864 2756 enim
879 2698 961 2754 iuter·
996 2701 1156 2775 vilegiorum
1177 2701 1326 2774 pertineat,
1347 2699 1575 2758 cousuetudinem
1592 2699 1701 2755 dautem
1716 2698 1800 2770 priri·
1828 2733 1836 2740 -

156 2793 277 2848 cesserit
290 2790 463 2848 consuetudo
477 2790 612 2862 derogans
627 2789 692 2862 legi,
708 2786 842 2845 servanda
856 2792 899 2844 est
911 2786 961 2844 do·
994 2791 1112 2865 legium,
1133 2791 1185 2848 sub
1205 2789 1325 2865 genardi
1346 2788 1486 2859 clausula,
1501 2794 1528 2845 et
1541 2789 1649 2845 nomine
1664 2787 1798 2860 privilegii

154 2881 244 2938 ctrina
264 2879 362 2937 tradita
376 2880 422 2937 lib.
439 2896 532 2953 praec.
549 2896 612 2951 cap.
629 2879 691 2950 llil,
707 2886 735 2935 et
747 2878 801 2935 sub
814 2877 898 2951 priori
916 2892 962 2933 or·
995 2881 1204 2954 comprehendi3
1226 2881 1290 2955 quia
1309 2887 1351 2937 est
1370 2895 1468 2937 rerum
1487 2886 1516 2936 et
1532 2879 1675 2951 proprium
1689 2877 1800 2951 privile·
1825 2951 1826 2958 ἵ

154 2970 443 3046 ᾱίιιοιρτίνῑίθςίοιυω
458 2970 515 3026 tere
528 2969 704 3026 continentur
717 2966 858 3039 exempla,
872 2972 901 3022 et
914 2981 960 3022 ex·
995 2971 1088 3046 giam,
1100 2979 1132 3028 ut
1145 2979 1287 3029 ostensum
1297 2980 1349 3038 est,
1363 2977 1391 3028 et
1400 2969 1463 3043 quia
1472 2968 1581 3026 favores
1592 2975 1657 3026 sunt
1666 2967 1797 3040 amplian-

153 3061 313 3133 oeptiones,
337 3075 408 3132 quas
427 3059 495 3116 dicti
515 3064 645 3116 auctores
660 3055 788 3129 tradunt,
803 3072 872 3129 quas
885 3072 960 3113 nuuc
995 3059 1038 3130 di,
1055 3062 1216 3133 praesertim
1230 3062 1300 3118 intra
1314 3059 1461 3117 verborum
1477 3061 1681 3132 proprietatem,
1693 3066 1723 3116 et
1734 3059 1797 3132 quie

153 3149 329 3224 expendere,
352 3154 400 3205 aut
420 3149 501 3206 latius
521 3149 655 3221 prosequi
669 3163 723 3204 non
738 3162 902 3219 possumus:
921 3145 958 3202 illi
995 3150 1070 3208 nulla
1086 3157 1130 3209 est
1142 3151 1212 3208 ratio
1227 3150 1409 3223 distinguendi
1421 3150 1447 3207 in
1458 3149 1523 3222 hcc,
1535 3148 1578 3206 vel
1589 3148 1799 3221 separandipri·

154 3239 229 3294 enim
243 3238 277 3295 de
295 3239 404 3311 propria
418 3238 633 3309 praescriptione
644 3235 779 3294 ordinarie
795 3236 958 3309 loquuntur.
994 3240 1121 3314 vilegium
1138 3255 1193 3297 non
1208 3241 1341 3312 scriptum
1356 3239 1522 3297 aeommuni
1534 3240 1640 3296 ratione
1653 3238 1796 3312 privilegii.

200 3333 245 3386 13.
261 3329 306 3386 Sis
321 3343 400 3402 ergo,
414 3335 445 3384 ut
458 3331 554 3383 nostro
564 3326 646 3409 modo
657 3327 903 3398 loquamur,recte
915 3323 962 3380 de·
993 3331 1108 3388 atvero
1124 3330 1150 3386 in
1165 3329 1222 3402 his,
1238 3345 1309 3403 quae
1322 3329 1457 3400 pertineat
1471 3329 1505 3386 ad
1524 3329 1729 3385 revocationem
1744 3331 1799 3399 pri·

156 3419 296 3492 claretur,
319 3433 368 3490 per
389 3417 561 3491 privilegium
575 3431 643 3472 essa
659 3415 797 3487 potentins
812 3419 962 3470 consuetu·
995 3418 1156 3492 vilegiorum
1168 3461 1175 3492 ,
1187 3427 1216 3476 et
1229 3417 1263 3476 ad
1277 3418 1328 3475 alia
1341 3417 1448 3490 similia,
1462 3425 1492 3475 et
1503 3416 1609 3487 odiosa,
1621 3433 1677 3474 nou
1691 3417 1798 3474 ridetur

156 3509 222 3565 dine
242 3509 394 3578 extensive,
417 3520 466 3562 seu
486 3507 514 3562 in
535 3503 629 3562 ordina
649 3503 683 3560 ad
699 3504 883 3576 pluralitatem
897 3502 963 3559 etle-
995 3507 1189 3580 comprehendi
1211 3504 1385 3564 consuetudo
1407 3505 1459 3563 suh
1480 3505 1633 3579 privilegio:
1651 3507 1704 3563 nisi
1724 3506 1798 3563 illius

156 3604 276 3670 ctuum3
298 3595 477 3653 nihilominus
487 3599 579 3651 umen
593 3591 654 3650 addi
668 3599 767 3666 potest,
782 3591 961 3650 consuetudi·
995 3600 1041 3654 fiai
1052 3612 1183 3669 expressa
1197 3598 1312 3667 mentio,
1324 3601 1436 3668 propter
1449 3595 1580 3652 rationem
1596 3600 1708 3667 lacum,
1722 3594 1798 3669 quod

157 3703 222 3744 nem
239 3701 300 3744 esse
314 3687 495 3759 potentiorem
509 3685 640 3741 intensiva
655 3684 681 3740 in
695 3681 792 3740 ordine
803 3680 838 3741 ad
849 3681 961 3740 eosdem
994 3688 1022 3744 in
1032 3686 1085 3744 hoc
1097 3689 1213 3744 maiores
1224 3685 1331 3742 radices
1343 3684 1424 3742 hahet
1437 3684 1658 3759 consuetudo,et
1669 3684 1730 3741 ideo
1743 3699 1798 3740 non

157 3777 284 3834 effectu&
302 3774 380 3843 Qu⁰d
395 3775 476 3830 8θῦῑῆ
489 3774 597 3844 Decius,
614 3788 709 3846 suptar
725 3787 791 3830 ⁰⁰⁰1
805 3773 857 3844 flii,
875 3772 900 3827 111
915 3785 962 3828 θᾶ-
992 3787 1122 3838 'censetur
1137 3777 1215 3835 evelti
1230 3791 1294 3835 cum
1309 3774 1463 3849 privilegis,
1478 3775 1529 3830 nisi
1544 3776 1726 3847 exprimatur.
1741 3775 1798 3833 Un-

158 3867 247 3938 sibus‚
266 3866 293 3922 in
306 3864 408 3938 quibus
421 3861 595 3920 consuetudo
609 3861 692 3936 valet,
710 3860 891 3933 potentiorem
900 3875 961 3917 esse
996 3868 1029 3926 dp
1044 3871 1072 3926 in
1087 3867 1238 3926 canonibus
1249 3871 1402 3938 utrumque
1411 3865 1540 3922 distincto
1553 3866 1676 3937 ponitur,
1688 3862 1799 3938 quando

160 3954 392 4012 consuetudinem
413 3953 563 4027 privilegii·
584 3950 663 4020 0⁰⁰⁶
683 3951 782 4024 Pl⁰b⁸¹
800 3949 959 4023 dupliciter.
996 3966 1146 4032 utrumque
1161 3955 1348 4014 revocandum
1361 3959 1412 4011 est.
1426 3955 1461 4011 Et
1474 3953 1510 4011 ita
1523 3955 1590 4011 iicet
1604 3955 1629 4010 in
1643 3955 1695 4011 hae
1706 3961 1800 4027 poste·

158 4045 263 4117 Primo,
279 4045 343 4119 quia
356 4042 463 4101 facilius
478 4043 583 4100 tollitur
597 4040 783 4116 privilegium,
799 4057 882 4115 quem
894 4057 963 4100 con·
984 4033 1062 4106 'riori
1082 4056 1160 4121 parte
1180 4062 1246 4105 cum
1267 4061 1353 4118 supra
1366 4046 1458 4102 citatis
1474 4043 1635 4102 auctoribus
1651 4047 1800 4102 convenire

160 4133 292 4192 suetudo.
309 4133 447 4206 Secundo,
464 4134 529 4206 quia
543 4130 716 4189 consuetudo
731 4131 853 4188 innititur
866 4131 892 4187 in
903 4131 962 4188 iure
995 4138 1155 4210 videamur,
1175 4136 1319 4194 indiverso
1331 4141 1420 4192 tamen
1434 4150 1518 4214 sensu
1532 4142 1560 4192 et
1575 4147 1607 4192 ex
1620 4134 1729 4193 diverso
1739 4136 1801 4192 tun-

157 4226 312 4296 communt,
331 4226 406 4280 luxit
421 4223 439 4279 Ι-
456 4221 492 4280 de
506 4220 620 4297 qulbus,
639 4221 667 4277 ff·
682 4218 716 4277 (¹⁰
731 4219 811 4294 legib·
827 4227 855 4280 tl
865 4222 962 4278 sollius
996 4230 1133 4287 dumento.
1153 4225 1193 4283 llli
1207 4225 1279 4282 enim
1293 4224 1401 4300 dicuat,
1414 4224 1643 4282 consuetudinem
1658 4241 1712 4282 non
1723 4240 1800 4282 com·

157 4321 201 4371 est
215 4315 260 4369 ius
281 4327 439 4376 commune,
451 4327 533 4385 quem
544 4310 727 4383 privilegium,
740 4309 759 4366 l.
771 4313 835 4368 eius
846 4309 958 4374 militia
997 4317 1127 4392 prehendi
1146 4331 1255 4387 semper
1276 4314 1328 4372 sub
1349 4315 1492 4388 privilegio
1508 4315 1541 4372 ad
1562 4315 1757 4396 coarctandam
1770 4314 1803 4370 il·

155 4400 299 4469 Smllilla
322 4403 445 4469 mititte,
466 4401 494 4458 u.
514 4400 671 4457 detestam.
688 4398 765 4456 milit.
782 4400 963 4458 haecautem
996 4403 1801 4480 lam,quieputant,rronesscrerum‚sedtictum,vel
1879 4475 1883 4484 .

157 4494 297 4565 posterior
315 4492 384 4548 ratio
405 4506 460 4566 non
474 4488 583 4547 videtur
597 4487 697 4561 solida,
713 4488 778 4561 quia
793 4487 962 4563 privilegium
996 4501 1206 4570 praesumptum
1222 4491 1413 4568 privilegium:
1430 4509 1481 4550 uos
1495 4500 1587 4551 autem
1602 4493 1731 4566 dicimus,
1745 4508 1801 4549 uon

157 4581 361 4640 consuetudine
378 4587 568 4653 comparatum
582 4594 638 4636 non
652 4584 743 4652 potest
755 4577 809 4636 dici
823 4579 865 4636 ius
886 4595 962 4638 com·
996 4583 1274 4658 comprehendi,quia
1285 4598 1339 4639 non
1353 4582 1443 4639 solum
1455 4588 1498 4641 est
1507 4598 1604 4640 verum
1618 4583 1799 4656 privilegium,

157 4685 261 4743 mune,
279 4686 334 4727 uon
355 4669 505 4743 scriplum,
520 4668 567 4726 sed
582 4668 730 4742 singulare,
746 4676 777 4725 υἱ
791 4683 841 4741 per
854 4684 883 4725 se
897 4685 963 4726 0⁰¹1·
997 4676 1141 4734 sedetiam
1156 4675 1182 4731 in
1197 4672 1288 4746 aliquo
1300 4671 1436 4745 potentius
1447 4679 1491 4728 est
1502 4674 1655 4741 sturmius,
1668 4681 1695 4730 et
1709 4671 1802 4746 quoad

158 4755 232 4834 Sitit
254 4777 305 4818 Ποῦ
324 4761 405 4826 elilim
422 4759 575 4817 immediate
594 4759 687 4816 nititur
706 4759 732 4814 5ss
746 4759 808 4816 iure
823 4759 963 4816 <hommum
998 4766 1024 4823 id
1045 4781 1099 4836 non
1120 4762 1378 4834 comprehenditur,
1400 4747 1449 4834 per
1467 4762 1542 4835 qnod
1558 4778 1612 4818 non
1628 4768 1800 4834 coaretatur,

157 4855 281 4924 scripio,
297 4861 329 4908 m
348 4859 392 4908 est
405 4851 488 4907 etiam
501 4857 609 4918 notum,
626 4848 673 4905 sed
688 4847 811 4921 mediate,
827 4855 963 4922 quatenus
997 4855 1045 4913 sed
1059 4855 1151 4927 potius
1167 4852 1312 4924 ampliatur
1325 4854 1386 4908 eius
1402 4851 1498 4907 virtus.
1514 4851 1694 4908 Nihilominus
1710 4858 1802 4907 tamen

157 4944 202 5000 ius
223 4956 371 4998 commune
392 4941 526 5024 approbet
539 4935 777 5011 consuetudinem,
792 4944 820 4995 01
833 4939 966 5011 praecipit
996 4946 1079 5003 etiam
1099 4949 1142 5001 est
1161 4957 1278 5014 rarum,
1295 4943 1400 4998 nomine
1419 4940 1626 4998 consuetudinis
1641 4957 1695 4998 non
1709 4941 1802 4996 venire

157 5033 312 5105 observari,
334 5036 366 5087 ut
379 5036 489 5088 consui
502 5045 535 5086 ex
549 5030 567 5085 i.
583 5029 676 5085 citata.
692 5031 727 5084 ht
740 5042 804 5085 vero
820 5028 872 5086 hoc
883 5029 963 5086 mods
997 5034 1186 5108 privilegium,
1206 5029 1317 5106 quando
1338 5030 1411 5087 solae
1433 5029 1648 5088 consuetudines
1669 5045 1802 5088 revocan·

157 5125 240 5179 etiam
266 5120 441 5193 privilegium
463 5119 585 5176 innititur
598 5117 624 5173 in
640 5117 698 5173 iure
712 5118 865 5190 communi,
881 5118 965 5176 inter·
998 5131 1058 5196 tarr,
1069 5131 1098 5180 et
1112 5129 1240 5180 tacentur
1254 5119 1400 5193 privilegia.
1415 5119 1468 5176 Sed
1479 5119 1506 5176 id
1518 5135 1571 5176 non
1582 5127 1625 5176 ess
1636 5126 1748 5192 propter
1758 5135 1802 5177 m.

158 5211 226 5270 dum
249 5209 401 5267 lormsliter
414 5215 441 5264 et
452 5208 617 5281 immediate,
630 5213 661 5263 ut
672 5205 781 5280 quando
792 5199 963 5282 priuilegium
997 5217 1098 5271 tionem
1113 5212 1222 5269 maioris
1236 5210 1381 5281 firmitatis,
1394 5209 1441 5266 sed
1456 5211 1521 5282 quia
1534 5225 1634 5267 nomen
1651 5217 1802 5268 oonsrretu·

160 5309 205 5362 est
222 5301 356 5358 insertum
370 5301 396 5356 iu
412 5313 527 5370 corpore
542 5297 625 5370 iuris,
637 5303 665 5355 et
680 5302 745 5356 tuac
760 5297 803 5355 ius
817 5312 965 5358 commune
998 5303 1070 5362 dinis
1080 5301 1114 5360 de
1129 5317 1224 5378 senon
1240 5308 1283 5359 est
1295 5302 1332 5357 ita
1347 5315 1505 5376 commune,
1515 5301 1596 5365 sicrrt
1610 5316 1708 5360 nomen
1723 5302 1805 5376 priri-

238 5405 623 5464 sirmiensium-anmi.
1527 5412 1555 5459 qr
