4290 6222
878 386 984 439 carun
999 389 1083 440 xxv.
1601 445 1602 448 Ἴ
1683 371 1745 435 ιιι

152 510 180 567 di
199 527 254 569 non
276 515 368 584 potest
387 510 413 566 in
434 510 479 569 tali
501 511 650 587 privilegio.
668 513 741 588 Ergo
756 527 809 569 non
823 518 867 570 est
879 519 957 572 extra
990 515 1094 586 Primo,
1109 517 1174 589 quis
1188 513 1222 573 ad
1237 515 1433 589 acquirendum
1448 511 1625 571 commodum
1642 527 1675 570 en
1691 520 1789 571 natura

151 607 319 673 potestatem
337 601 466 672 principis
482 600 674 659 concedentis:
686 601 800 670 Quando
815 618 881 660 vero
892 603 956 659 eile-
991 607 1030 661 rei
1047 603 1155 662 videtur
1171 606 1300 662 sufficere
1311 604 1447 678 generalis
1460 603 1587 660 voluntas
1604 604 1735 675 lormalis,
1746 604 1790 661 vel

150 699 219 748 ctus
230 689 363 762 privilegii
374 691 540 747 coniunctus
552 699 594 748 est
605 692 955 764 cumperieuloconscien·
991 694 1131 766 virtualis,
1146 711 1229 768 qnam
1248 710 1342 750 omnes
1358 694 1481 751 homines
1496 693 1611 763 babent,
1630 693 1792 766 acceptandi

150 781 206 835 tiae
219 778 405 840 subdititunc
419 779 502 836 videri
517 781 628 852 quidem
640 787 800 854 potestesse
812 797 895 854 supra
906 798 956 855 po·
990 783 1124 857 quidquid
1139 784 1188 840 sibi
1202 790 1245 842 est
1263 783 1455 855 commodum,
1471 792 1499 840 et
1518 782 1629 840 moralis
1645 799 1789 855 praesum·

149 874 291 941 testatem,
306 871 437 940 quianon
452 875 494 926 est
507 871 541 927 ad
557 871 786 944 destructionem,
803 872 851 929 sed
865 873 899 930 ad
912 889 956 930 ae·
991 875 1058 946 ptio,
1071 889 1142 946 quae
1156 874 1291 931 interdum
1302 880 1345 930 est
1358 875 1485 947 maxima,
1497 889 1562 946 ergo
1577 874 1601 928 in
1616 872 1706 946 rigore
1721 874 1790 930 baec

148 959 346 1016 diticationem.
363 959 556 1016 Verumtamen
575 963 658 1018 etiarn
677 971 744 1018 tnnc
763 963 835 1020 lorte
848 978 901 1019 non
916 964 955 1019 ite
991 963 1121 1030 sufficiet,
1136 971 1165 1020 ut
1179 965 1306 1036 princeps
1320 978 1466 1035 supremus
1479 978 1530 1019 sua
1543 947 1682 1018 voluntate
1697 961 1790 1018 ellicu-

149 1048 242 1122 deest,
258 1054 290 1104 ut
303 1048 407 1104 lactum
423 1064 476 1104 non
488 1055 590 1121 teneat,
603 1050 652 1107 sed
664 1052 753 1108 solum
765 1068 798 1109 ne
810 1053 884 1109 licite
897 1052 953 1124 fiat,
991 1053 1015 1108 ιι
1040 1057 1068 1109 ιι
1085 1067 1214 1124 suprema
1233 1058 1367 1123 potestate
1390 1052 1515 1109 conterat
1533 1051 1698 1125 privilegium
1722 1067 1788 1108 cum

148 1139 217 1212 quia
238 1137 303 1194 illud
326 1138 477 1210 pericnlum
500 1155 553 1196 non
568 1147 612 1197 est
625 1155 674 1214 per
688 1156 728 1211 se,
744 1141 792 1199 sed
806 1157 838 1198 es
855 1141 956 1198 malitia
990 1141 1089 1198 ellectu
1104 1140 1186 1197 alicui
1201 1158 1253 1198 non
1274 1144 1394 1213 petenti,
1410 1156 1459 1196 nec
1475 1141 1602 1213 cogitanti
1618 1141 1650 1196 de
1670 1140 1725 1197 illo.
1742 1126 1790 1198 Se·

149 1229 291 1285 abutentis
305 1227 456 1300 privilegio.
470 1229 517 1286 Vel
529 1235 604 1286 certe
617 1230 680 1288 licet
690 1231 799 1300 demus,
812 1231 848 1287 ibi
858 1229 955 1286 deesse
991 1231 1083 1288 cundo
1097 1231 1249 1302 explicatur
1265 1231 1317 1287 boc
1330 1231 1458 1302 amplius,
1475 1245 1537 1285 nam
1552 1229 1615 1286 licet
1629 1229 1654 1284 in
1673 1232 1790 1300 promis·

32 1341 37 1348 ·
75 1374 77 1378 ,
150 1325 328 1389 potestatem,
345 1335 399 1374 non
415 1324 457 1374 est
472 1334 520 1389 per
535 1333 609 1376 ιιι
627 1323 730 1377 ιιιιιιι
745 1318 956 1393 privilegii,sed
991 1319 1112 1375 sionibus
1126 1327 1154 1376 et
1173 1319 1365 1376 donationibus
1387 1318 1524 1390 humanis,
1540 1325 1571 1374 ut
1590 1317 1707 1375 babeant
1725 1319 1790 1376 ιιι·

150 1423 201 1479 per
222 1408 396 1464 occasionem
417 1407 585 1466 adiunctam.
609 1409 685 1466 adon
700 1411 801 1481 etlam,
819 1415 884 1466 lunc
899 1425 955 1466 non
990 1415 1084 1481 ctum,
1101 1414 1129 1465 ιι
1143 1408 1334 1482 obligationem
1348 1406 1671 1479 inducant,‚regnlariter
1690 1410 1726 1464 sit
1743 1425 1790 1466 ne·

147 1513 213 1554 esse
228 1498 413 1553 necessariam
428 1498 644 1569 acceptationem
659 1498 844 1572 privilegiarii,
861 1498 908 1555 sed
920 1497 955 1555 ad
990 1499 1110 1556 cessaria
1123 1501 1293 1571 acceptatio,
1317 1506 1347 1554 ut
1369 1513 1443 1555 nunc
1457 1513 1601 1569 suppono,
1628 1504 1716 1553 ιιιιιι
1736 1513 1791 1553 ιιι

148 1603 291 1644 summum
311 1589 448 1653 notitiam,
465 1594 495 1644 ut
509 1589 537 1644 in
552 1590 730 1662 sequentibus
744 1588 899 1662 explicabo.
990 1593 1034 1644 est
1044 1587 1096 1643 boc
1112 1595 1167 1644 tam
1183 1588 1329 1644 intrinsece
1344 1587 1529 1644 necessarium
1540 1602 1573 1642 ex
1587 1589 1646 1642 iure
1663 1592 1788 1660 naturae,

194 1681 237 1736 lt.
253 1679 397 1734 Praeterea
410 1678 437 1732 in
452 1676 602 1750 privilegiis
614 1679 831 1736 concedentibus
843 1680 898 1747 ins,
912 1677 955 1734 vel
990 1678 1055 1749 quin
1070 1679 1170 1734 virtute
1185 1678 1250 1749 legis
1265 1678 1399 1734 humanae
1410 1678 1496 1748 possit
1510 1675 1644 1733 interdum
1659 1680 1736 1750 sequi
1749 1677 1789 1733 ei-

147 1772 313 1838 potestatem
328 1766 541 1838 aliquam,Bart.
554 1775 582 1825 et
594 1767 638 1824 alii
649 1768 759 1843 allegati
771 1769 796 1824 in
807 1769 887 1824 tertia
897 1767 956 1840 opi·
989 1767 1091 1840 lectus,
1102 1767 1144 1825 vel
1159 1769 1222 1824 oriri
1237 1768 1377 1840 obligatio,
1389 1769 1469 1824 etiem
1486 1772 1547 1824 ante
1561 1767 1788 1836 acceptationem,

148 1858 243 1926 utone,
261 1855 420 1926 admittunt,
436 1856 533 1913 saitem
548 1857 681 1914 mediante
696 1857 766 1930 lege,
780 1857 822 1914 vel
837 1864 953 1927 statuto,
992 1863 1022 1913 ut
1035 1856 1069 1913 de
1088 1857 1177 1930 legato
1191 1873 1275 1930 supra
1289 1855 1461 1925 dicebamus,
1477 1863 1506 1912 et
1524 1856 1557 1913 de
1571 1855 1731 1925 donatione,
1748 1856 1791 1913 vel

146 1961 232 2018 posse
255 1947 404 2018 principem
425 1945 478 2002 boc
498 1941 598 2004 lacere.
615 1946 798 2004 Difficultates
813 1954 905 2004 autem
920 1947 956 2003 ibi
991 1947 1171 2017 promissione
1184 1947 1258 2003 lacta
1272 1946 1392 2018 absenti,
1405 1946 1426 2001 si
1441 1945 1613 2018 promittens,
1625 1945 1668 2002 vel
1683 1944 1789 2002 donans

65 2045 68 2051 ’
147 2037 275 2092 οιιιιιιι
293 2033 451 2104 ostendunt,
465 2053 518 2092 non
530 2052 591 2093 esse
602 2037 732 2094 maiorem
744 2037 955 2110 repugnantiam
989 2038 1136 2107 moriatur,
1149 2045 1296 2110 antequam
1309 2036 1377 2093 alter
1391 2037 1477 2108 possit
1490 2041 1645 2108 acceptare,
1660 2034 1736 2092 multi
1751 2041 1791 2092 te·

148 2127 179 2181 in
200 2119 345 2198 privilegiis
360 2126 480 2198 privatis,
497 2141 568 2198 quae
583 2142 632 2200 par
645 2129 780 2199 rescripta
795 2127 955 2185 concedun·
991 2133 1066 2198 nent,
1088 2135 1116 2183 et
1134 2126 1168 2182 de
1189 2127 1413 2198 promissionibus
1433 2126 1558 2182 humanis
1574 2140 1659 2182 causa
1679 2126 1789 2196 pietatis

148 2225 209 2288 tur,
225 2215 299 2288 quod
315 2215 409 2271 attinet
422 2213 455 2272 ad
472 2222 633 2287 potestatem
645 2216 834 2274 concedentis.
847 2219 955 2274 Praecl-
990 2217 1033 2273 vel
1048 2216 1110 2273 boni
1125 2216 1225 2287 publici
1239 2217 1329 2288 aliqiia
1343 2216 1402 2272 iura
1415 2214 1578 2287 disponunt,
1594 2221 1626 2271 ut
1641 2212 1726 2270 videri
1741 2230 1791 2286 po·

148 2322 205 2378 pua
227 2321 292 2361 vero
312 2305 401 2376 ratio,
423 2304 466 2360 vel
486 2321 594 2361 summa
608 2307 729 2362 omnium
744 2314 797 2378 est,
812 2307 877 2379 qnia
891 2308 913 2362 si
927 2309 954 2364 in
991 2313 1045 2362 test
1057 2307 1084 2361 in
1098 2306 1265 2364 Covarruvia
1280 2304 1788 2376 l.var.cap.lt,num.16,llolin.2.

148 2397 280 2474 his'esset
293 2396 448 2451 necessaria
459 2395 553 2451 notitia
565 2395 696 2468 privilegii
708 2396 742 2453 ad
753 2397 954 2453 assecutionem
989 2402 1055 2452 tom.
1068 2395 1101 2452 de
1116 2395 1279 2466 iustitdisp.
1292 2397 1359 2462 263,
1375 2401 1403 2449 ιι
1417 2393 1497 2450 latius
1512 2393 1643 2465 Tirsq.de
1664 2391 1788 2466 privileg.

146 2487 227 2554 eins,
251 2485 367 2540 unanime
387 2490 499 2557 propter
521 2487 754 2556 acceptationem,
775 2485 842 2540 haec
863 2490 953 2542 nartem
989 2487 1046 2557 piae
1061 2500 1174 2555 causae,
1190 2484 1387 2556 privilegltti,
1403 2489 1430 2539 et
1443 2482 1527 2539 retia.
1538 2482 1563 2538 in
1578 2497 1640 2554 cap.
1655 2485 1677 2538 l.
1696 2481 1729 2538 de
1743 2498 1790 2555 pa-

148 2575 299 2632 neeessitas
316 2575 410 2631 eadem
425 2579 483 2646 est,
497 2575 526 2629 in
541 2574 688 2647 privilegiis
703 2575 825 2632 eiusdem
840 2574 953 2631 rationis
988 2576 1060 2645 ctis,
1080 2589 1108 2630 n.
1120 2577 1146 2646 t,
1162 2581 1191 2630 ιι
1204 2573 1236 2630 de
1251 2572 1351 2629 inlante
1364 2578 1408 2629 est
1420 2579 1546 2642 certum,
1562 2571 1735 2629 donationem
1750 2572 1792 2630 illi

148 2666 222 2722 datis
241 2679 290 2736 per
308 2663 409 2734 legem,
424 2663 468 2719 vel
483 2663 504 2719 si
518 2680 571 2721 non
592 2669 743 2737 repugnat,
759 2663 817 2720 dari
830 2670 893 2720 ante
907 2680 954 2720 ac·
988 2665 1090 2722 lectam
1103 2678 1163 2721 esse
1178 2669 1266 2719 ratam
1283 2663 1340 2718 sine
1356 2661 1411 2717 ulla
1424 2661 1622 2733 acceptatione,
1634 2678 1667 2717 es
1682 2661 1789 2718 l.tube·

147 2755 333 2826 captationem
349 2760 377 2810 et
392 2753 513 2810 notitiam
528 2768 576 2824 per
591 2754 689 2828 legem,
705 2767 793 2826 neque
807 2753 859 2809 alio
872 2752 952 2810 modo
987 2771 1063 2822 mus,
1078 2752 1152 2809 G.de
1165 2751 1300 2824 emancip.
1311 2751 1356 2807 lib.
1367 2757 1394 2808 ιι
1407 2751 1476 2819 aliis,
1488 2765 1557 2822 quse
1570 2750 1654 2806 relect
1671 2752 1788 2808 Sanctus

146 2844 322 2916 repugnabit.
340 2844 408 2910 Quia
427 2843 500 2898 nulla
520 2843 589 2899 ratio
609 2843 805 2916 repugnantiae
820 2843 953 2914 assignari
988 2844 1032 2900 lib.
1048 2848 1073 2901 1.
1089 2841 1123 2898 de
1137 2842 1255 2899 matrim.
1269 2841 1339 2912 disp.
1353 2844 1381 2910 e,
1397 2857 1425 2896 n.
1440 2843 1484 2912 ιι,
1498 2847 1527 2897 ιι
1540 2843 1592 2911 273
1608 2855 1673 2912 ergo
1693 2841 1787 2897 maiori

148 2939 252 3006 potest,
267 2931 401 3006 quidquid
416 2933 452 2988 sit
465 2930 498 2988 de
512 2933 651 2990 voluntate
663 2933 806 3004 principis,
818 2949 851 2994 ιι
865 2933 952 3004 nangis
987 2935 1090 2992 ratione
1101 2937 1191 3006 potest
1203 2933 1331 3004 princeps
1342 2929 1497 2986 concedens
1509 2928 1679 3002 privilegium
1696 2930 1786 2986 lacere

147 3038 205 3077 uno
220 3020 301 3078 modo
317 3019 489 3091 ostendatur,
505 3022 669 3094 quamcito,
686 3022 761 3096 quod
773 3021 841 3077 intre
852 3021 953 3078 videbi·
987 3022 1103 3080 validam
1117 3021 1321 3079 concessionem
1336 3020 1469 3094 privilegii
1483 3027 1510 3076 et
1523 3019 1687 3090 efficacem,
1705 3020 1726 3075 si
1740 3036 1786 3076 ve·

146 3119 231 3166 mus:
245 3111 390 3166 Praeterea
408 3109 462 3165 boe
478 3110 586 3166 ridetur
599 3117 707 3168 certum
722 3110 813 3184 quoad
828 3112 952 3169 notitiam
986 3111 1140 3184 lit,absqne
1154 3110 1332 3182 dependentia
1347 3110 1380 3166 ab
1394 3107 1718 3180 acceptationealterius.
1730 3111 1787 3166 Hoc

146 3199 294 3272 privilegii,
311 3197 421 3271 quando
436 3199 489 3255 tale
504 3199 679 3272 privilegium
690 3199 851 3257 conceditur
861 3202 894 3259 ad
906 3217 954 3271 pe·
986 3203 1068 3259 etiarn
1083 3202 1247 3259 confirmant
1260 3199 1384 3270 exempla
1407 3197 1527 3254 adducta
1540 3197 1566 3253 iu
1588 3198 1710 3254 secunda
1726 3214 1788 3254 sen-

146 3290 271 3345 titionem
286 3286 471 3360 privilegiandi
481 3289 600 3344 absentis
611 3289 951 3362 perepistolam,velnun·
985 3293 1086 3360 tentia,
1106 3291 1170 3348 licet
1182 3297 1258 3347 certa
1277 3305 1330 3345 ιιι
1346 3288 1416 3357 sint;
1432 3288 1482 3343 illis
1495 3293 1584 3342 tamen
1600 3287 1735 3358 admissis,
1753 3287 1787 3344 ad

145 3378 235 3437 civim.
254 3393 302 3434 seu
318 3384 539 3448 procuratorem,
553 3378 615 3449 quia
627 3378 662 3434 ibi
673 3393 727 3434 nnn
738 3361 814 3434 deest
824 3385 953 3450 accepta·
986 3395 1126 3438 summum
1142 3380 1259 3450 probant
1271 3381 1433 3450 potestatem
1443 3391 1477 3432 es
1491 3376 1564 3434 lacto
1579 3375 1669 3447 aliqua
1681 3376 1706 3431 in
1721 3392 1788 3433 casu

147 3469 186 3524 tio
200 3468 298 3523 saltem
309 3482 357 3538 per
369 3465 463 3537 alium,
476 3483 546 3538 quae
557 3468 582 3522 in
593 3466 785 3524 donationibus
794 3477 822 3525 et
832 3468 890 3525 eliis
901 3471 952 3526 bu·
986 3468 1111 3542 speciali,
1124 3484 1155 3524 ex
1170 3467 1226 3540 qud
1237 3483 1291 3524 ιιι
1305 3467 1370 3523 licet
1383 3466 1483 3523 inlerre
1495 3464 1651 3538 generalem
1662 3465 1786 3535 regulam

147 3559 238 3614 ruanis
264 3556 455 3614 contractibus
476 3556 592 3628 stillicit,
608 3564 775 3628 estecestat,
790 3573 856 3630 ergo
870 3558 951 3616 etiarn
986 3560 1019 3617 de
1033 3557 1195 3630 privilegiis,
1211 3563 1295 3628 prout
1307 3555 1340 3613 dc
1362 3556 1435 3612 lacto
1450 3555 1658 3624 conceduntur,
1674 3555 1738 3626 quia
1751 3570 1785 3610 ex

146 3649 174 3702 in
196 3645 343 3719 privilegiis
358 3645 487 3716 sufficiet,
505 3653 535 3702 ut
547 3653 622 3702 recte
636 3645 748 3702 dicebat
761 3653 838 3703 serta
848 3649 949 3720 opinio,
986 3645 1199 3720 particularibus
1214 3645 1292 3701 lactis
1307 3661 1358 3701 non
1374 3645 1402 3702 lit
1419 3651 1496 3701 recia
1510 3645 1710 3716 argumentatio
1728 3645 1788 3700 uni·

147 3751 219 3808 quaa
237 3751 289 3791 non
305 3735 394 3791 solunt
410 3733 443 3792 de
458 3735 598 3808 possibili,
615 3735 755 3792 sedetiam
771 3735 804 3792 de
820 3737 892 3794 laeto
906 3738 953 3794 ad·
986 3737 1108 3795 versalia.
1126 3738 1250 3793 Potestas
1264 3741 1355 3792 nutem
1369 3733 1522 3808 colligitur,
1539 3732 1634 3789 saltent
1649 3733 1696 3789 ubi
1715 3733 1787 3789 iusta

148 3825 233 3882 mittit
249 3825 319 3881 banc
332 3831 437 3897 partam
452 3827 478 3880 in
493 3826 619 3883 omnibus
632 3826 778 3898 privilegiis
789 3841 838 3898 per
852 3843 953 3899 procu·
987 3844 1071 3886 causa
1083 3823 1541 3898 intervenit.Procedantquedicta
1552 3820 1685 3893 exempla,
1699 3830 1728 3880 et
1744 3838 1788 3879 ra·

148 3901 284 3973 rationem
310 3914 426 3973 obtentis
447 3922 560 3987 propter
584 3915 686 3973 dictam
713 3917 856 3974 rationem.
877 3918 953 3975 Unde
987 3920 1073 3975 tiones
1087 3933 1141 3974 non
1156 3924 1263 3973 tanturn
1275 3915 1308 3972 de
1322 3917 1381 3972 inre
1396 3914 1429 3971 ud
1444 3929 1511 3985 rem,
1525 3912 1572 3969 sed
1586 3912 1667 3969 etiam
1681 3911 1714 3968 de
1728 3915 1788 3969 iure

147 4014 352 4077 consequenter
364 4005 463 4075 iulert,
486 4021 539 4062 ιιι
554 4021 612 4062 esse
632 4009 815 4065 necessariam
829 4011 952 4066 notitiam
969 3993 1013 4064 ¹in
1028 4022 1073 4078 re,
1089 4007 1215 4080 quamvis
1230 4005 1391 4076 revocabili,
1407 4019 1454 4060 seu
1469 4001 1650 4060 renunciabili
1665 4016 1713 4072 per
1733 4003 1788 4072 pri·

148 4093 298 4167 privilegii,
314 4094 378 4167 quia
393 4094 460 4151 baec
474 4097 590 4151 maxime
610 4096 765 4167 postulatur
778 4105 890 4171 propter
907 4115 953 4155 ac·
988 4098 1168 4172 allegiariam,
1180 4112 1245 4153 cum
1259 4096 1377 4168 primum
1388 4096 1421 4153 ad
1433 4094 1552 4151 notitiam
1564 4093 1621 4149 eius
1634 4091 1786 4162 devenerit,

146 4185 390 4257 ceptationem.lte
404 4200 459 4258 qua
473 4185 591 4243 illatione
603 4189 636 4246 ad
651 4189 754 4246 lactum
767 4189 899 4260 applicata
913 4189 954 4244 in·
988 4187 1062 4244 sicut
1074 4186 1108 4244 de
1129 4187 1262 4260 legatario
1284 4185 1398 4256 dicitur,
1414 4190 1477 4255 post
1497 4183 1599 4241 aditam
1618 4182 1651 4239 ab
1673 4180 1789 4239 haerede

149 4277 192 4332 ira
212 4275 316 4346 dicam,
339 4290 413 4332 nunc
434 4289 501 4332 vero
523 4276 617 4334 saltem
639 4277 672 4335 de
693 4287 827 4350 potestate
848 4278 953 4335 videtur
987 4276 1190 4334 haereditatem.
1206 4276 1241 4332 Et
1261 4274 1328 4331 baec
1348 4275 1433 4347 magis
1448 4273 1473 4330 ln
1494 4272 1618 4347 sequenti
1635 4273 1787 4328 assertione

146 4366 262 4440 optima,
275 4367 338 4438 quin
350 4365 518 4437 privilegium
530 4383 584 4422 non
600 4368 725 4440 requirit,
738 4373 770 4424 ut
783 4367 837 4439 ille,
851 4369 896 4424 cui
907 4367 953 4424 da·
987 4365 1210 4440 explicabuntur.

148 4465 206 4526 tur,
221 4469 269 4526 per
288 4469 317 4510 ιι
337 4454 404 4511 illud
426 4461 566 4527 acceptet,
583 4471 649 4530 argo
664 4463 807 4529 acceptare
822 4455 891 4512 illud
906 4471 953 4528 po·
1030 4461 1074 4514 tt.
1090 4457 1157 4512 Ilico
1172 4468 1239 4527 ergo
1253 4451 1387 4511 secundo:
1403 4451 1543 4524 Privilegia
1557 4465 1610 4506 non
1625 4449 1661 4505 ita
1679 4447 1788 4521 regula·

148 4551 204 4602 test
218 4559 265 4615 per
279 4543 372 4616 alium,
385 4559 451 4616 ergo
466 4548 555 4602 stetim
571 4553 662 4618 potest
675 4547 741 4604 illud
755 4544 876 4603 obtinere
892 4553 952 4603 ante
988 4549 1055 4604 riter
1069 4543 1279 4614 concedantur,
1297 4549 1329 4600 ut
1342 4542 1470 4599 ellectum
1485 4539 1665 4614 privilegiario
1682 4537 1787 4595 directe

148 4633 272 4690 notitiam
286 4633 474 4691 concessionis
488 4635 664 4710 lactae3ergo
679 4636 704 4692 in
717 4634 885 4693 concedente
898 4651 952 4693 non
987 4636 1131 4694 conterant
1145 4640 1207 4691 ante
1220 4633 1361 4703 notitiam,
1378 4631 1420 4687 vel
1440 4629 1675 4700 acceptationem,
1692 4625 1788 4683 saltem

148 4724 229 4780 deest
246 4729 379 4796 potestas,
389 4739 440 4782 nec
452 4722 527 4782 reddi
542 4732 632 4799 potest
644 4727 730 4796 ratio,
747 4741 799 4782 cur
810 4724 870 4782 talis
884 4725 952 4782 noti·
987 4742 1035 4799 per
1049 4728 1270 4798 procuratorem,
1283 4721 1326 4777 vel
1339 4719 1492 4793 epistolam.
1503 4719 1542 4776 lta
1556 4719 1718 4788 interpretor
1733 4716 1786 4786 pri·

149 4816 189 4870 tia
201 4813 356 4870 necessaria
371 4814 416 4870 sit.
987 4829 1060 4873 marn
1076 4813 1246 4885 opinionem,
1260 4826 1343 4883 quam
1358 4824 1469 4883 sequor.
1488 4807 1524 4862 Et
1542 4805 1646 4878 probo,
1669 4806 1734 4877 quie
1748 4803 1787 4860 in·

196 4908 240 4962 12.
255 4905 375 4977 maique
389 4905 544 4978 generalius
558 4906 691 4979 probatur
704 4906 787 4962 etiam
801 4906 827 4961 in
842 4905 951 4977 privile·
987 4908 1072 4964 tentio
1094 4901 1273 4961 concedentis
1300 4899 1462 4973 regulariter
1483 4895 1545 4953 talis
1566 4911 1620 4951 non
1646 4900 1709 4964 est,
1735 4907 1785 4950 nec

147 4993 200 5067 glis
215 4994 392 5065 concessivis,
410 5010 463 5051 nnn
484 5010 543 5052 esse
557 4998 595 5052 ite
616 4997 800 5052 necessariam
821 5002 949 5068 accepta·
987 4995 1069 5052 verba
1083 4993 1286 5078 privilegiorum
1301 4991 1354 5047 boc
1373 4987 1506 5058 indicant,
1524 5001 1574 5042 nec
1590 4984 1729 5042 moraliter
1745 4983 1786 5041 ln·

148 5087 252 5141 tionem
261 5083 342 5140 etiam
353 5085 510 5156 per-atnam,
523 5085 589 5160 quin
603 5085 637 5142 sit
646 5087 672 5141 in
689 5085 811 5157 principe
825 5090 950 5157 potestas
986 5083 1096 5160 quendo
1109 5083 1217 5157 expedit
1229 5083 1319 5140 taliter
1332 5079 1472 5153 privilegia
1482 5075 1605 5133 concedi:
1622 5073 1734 5148 engada
1748 5075 1787 5131 la·

150 5172 186 5230 ad
206 5173 403 5231 conterendum
424 5172 468 5231 illa
491 5189 556 5232 cum
570 5174 669 5231 ellectu
693 5179 771 5230 motu
792 5173 901 5246 proprio
924 5180 953 5232 ιι
986 5181 1031 5233 ιιι
1045 5190 1099 5231 ιιι
1118 5175 1153 5231 ita
1167 5175 1205 5246 fit,
1221 5173 1283 5230 licet
1303 5177 1425 5244 potestas
1439 5183 1494 5225 non
1514 5165 1593 5224 desit.
1611 5168 1786 5238 Consequen-

151 5261 261 5334 statim,
276 5269 423 5342 anuqrtam
437 5264 471 5323 ad
490 5263 612 5322 notitiam
626 5262 800 5338 privilegiarii
814 5261 949 5322 deveniet.
986 5266 1024 5324 ιιι
1038 5264 1113 5324 clara
1126 5270 1179 5324 est.
1195 5265 1283 5323 Prinne
1304 5267 1394 5320 ιιιιιι
1409 5274 1472 5336 pars
1486 5257 1673 5316 antecedentis
1687 5255 1787 5330 pendet
