4232 6220
414 327 477 392 ota
1132 343 1299 394 staram.

368 481 429 532 stus
448 469 626 542 exhibebant,
648 469 744 543 utique
764 469 855 544 quoad
878 467 1033 544 religiosum
1054 467 1172 540 cultum,
1212 469 1374 527 sententiam
1389 475 1570 545 asserentem,
1588 469 1684 544 legalia
1698 469 1781 529 titisse
1796 477 1910 528 mortua
1927 471 2020 543 quoad

370 574 439 635 ergo
451 561 530 632 plane
545 561 638 630 sentit,
651 559 774 616 eamdem
786 559 901 616 durasse
917 559 1123 617 institutionem.
1134 561 1175 616 lta
1210 560 1403 632 obligationem
1424 577 1474 633 pro
1490 560 1535 616 illo
1555 561 1641 632 primo
1660 569 1782 634 tempore
1806 560 2021 632 praedicationis

367 667 434 724 ergo
450 650 518 706 baec
533 649 648 706 assertio
664 650 821 721 necessario
836 650 960 722 seqnitur
976 665 1008 704 ex
1023 647 1074 703 alia
1090 663 1175 720 supra
1208 650 1398 721 evangelicae,
1414 665 1468 708 uon
1483 649 1594 723 probari
1608 667 1736 724 expresse
1750 651 1844 724 aliquo
1859 651 2018 721 scripturae

368 739 500 812 probata,
516 737 590 812 quod
604 738 719 809 apostoli
733 754 786 793 non
801 739 874 810 itote,
890 737 936 794 sed
953 753 1032 809 vere,
1047 745 1075 795 et
1088 753 1121 794 ex
1136 739 1175 794 al·
1209 739 1377 811 testimonio,
1388 739 1429 796 rel
1440 740 1580 796 Ecclesiae
1594 739 1759 811 definitiones
1772 747 1799 796 et
1814 739 1875 797 ideo
1895 756 1950 796 uon
1962 754 2020 794 esse

368 829 444 886 lectu
456 827 649 900 religiosoillns
662 829 850 884 caeremonias
863 827 1096 884 iaciebant.Ratio
1110 841 1174 883 vero
1209 827 1242 885 de
1257 828 1325 900 fide,
1341 845 1401 886 esse
1418 837 1507 886 tarneu
1522 829 1728 889 conclusionem
1744 830 1937 902 theologicam
1956 831 2021 884 eatis

368 936 384 976 a
399 919 480 990 priori
495 927 553 992 est„
576 933 646 988 quae
661 932 740 988 saepe
755 926 797 974 est
816 923 906 988 tecta,
926 918 990 989 quia
1006 917 1038 974 ad
1061 932 1174 972 suavem
1209 923 1324 987 certam,
1341 925 1399 974 tnm
1414 935 1446 975 es
1462 934 1601 976 consensu
1618 919 1756 976 communi
1772 927 1885 991 patrum
1899 924 1929 973 et
1946 917 2021 972 tbeo-

367 1008 567 1082 providentiam
582 1009 628 1064 liei
643 1008 808 1078 pertineret,
829 1022 882 1062 nou
899 1007 1007 1077 statim,
1023 1007 1064 1062 vel
1083 1005 1173 1062 subito
1210 1007 1352 1078 logorum,
1368 1016 1427 1064 tum
1442 1009 1565 1081 quidest
1584 1007 1670 1083 magis
1684 1017 1871 1066 consentanea
1894 1009 2021 1077 Scriptu-

367 1113 500 1154 revocare
517 1103 602 1154 totum
615 1096 691 1153 illum
706 1103 820 1163 statum,
834 1095 875 1152 ael
890 1096 1054 1165 institutum,
1069 1110 1100 1150 ne
1122 1093 1174 1150 boc
1210 1096 1246 1153 ris
1262 1096 1472 1154 excludentibus
1486 1100 1674 1156 necessitatem
1686 1099 1759 1155 illius
1773 1097 1841 1170 legis
1858 1113 1925 1154 cum
1940 1111 2021 1154 erau-

319 1175 325 1186 ’
368 1187 480 1245 cederet
493 1187 520 1242 iu
535 1186 673 1243 iulamiam
686 1184 759 1242 illius
775 1185 929 1258 religionis,
945 1184 986 1241 vel
1001 1184 1026 1240 iu
1044 1187 1173 1242 maiorem
1209 1185 1291 1258 gello,
1307 1193 1337 1244 et
1350 1186 1543 1260 iudicantibus,
1556 1188 1708 1262 apostolos,
1724 1189 1835 1262 quaudo
1854 1189 2022 1246 exercebant

368 1279 517 1352 perniciem
532 1277 706 1347 iudaeorum,
719 1276 765 1350 qui
778 1291 831 1332 non
842 1283 922 1332 erant
932 1275 1055 1348 dispositi
1066 1275 1099 1332 nd
1114 1285 1173 1333 tan·
1209 1274 1319 1348 legalia,
1339 1292 1391 1332 uon
1407 1278 1434 1334 id
1452 1278 1551 1337 iecisse
1563 1295 1596 1336 ex
1617 1278 1798 1351 necessitate,
1822 1287 1882 1337 tum
1896 1278 2018 1351 denique

368 1376 424 1425 tam
439 1377 467 1425 et
482 1374 536 1425 tam
552 1367 669 1424 subitam
684 1369 874 1423 mutationem.
895 1367 988 1438 Neque
1000 1368 1082 1421 etiarn
1098 1367 1175 1420 iusti·
1209 1367 1272 1440 quia
1287 1366 1414 1442 obligatio
1428 1367 1501 1425 illius
1516 1368 1582 1442 legis
1597 1385 1648 1426 suo
1663 1368 1745 1427 modo
1759 1369 1935 1442 repugnabat
1953 1369 2019 1424 obli·

371 1461 441 1516 tutio
461 1465 490 1515 et
502 1456 671 1514 introductio
685 1471 770 1511 novae
784 1455 850 1528 legis
865 1455 937 1511 illam
952 1453 1071 1511 subitam
1088 1459 1176 1510 mula·
1209 1457 1307 1528 gatioui
1322 1473 1408 1513 norae
1428 1458 1506 1532 legis,
1524 1458 1743 1516 atdeclaratum
1758 1469 1810 1516 est.
1826 1461 1924 1530 Neque
1939 1473 2020 1530 opor·

369 1549 471 1606 tionem
484 1547 636 1620 exigebant,
648 1547 712 1617 quia
726 1544 789 1600 nibil
805 1545 965 1628 perfectioni
978 1544 1052 1614 eius,
1068 1549 1117 1600 aut
1133 1542 1173 1598 dl·
1210 1553 1249 1602 tet
1271 1546 1368 1603 eodem
1383 1547 1464 1604 modo
1489 1549 1628 1620 explicare
1650 1552 1799 1606 terminum
1824 1551 1893 1621 legis
1919 1547 2021 1604 veteris

369 1639 468 1712 guitati
485 1635 637 1710 derogabat
651 1633 695 1690 illa
715 1633 887 1691 observantia
909 1640 1020 1706 propter
1040 1633 1131 1690 dictos
1146 1634 1175 1690 li·
1209 1635 1299 1710 quoad
1315 1636 1486 1694 durationem
1501 1638 1524 1693 in
1540 1645 1614 1695 statu
1629 1639 1772 1712 religioso,
1787 1646 1814 1694 et
1828 1640 1854 1693 in
1877 1637 2020 1708 obligatio-

370 1745 431 1799 nes,
446 1735 475 1785 et
489 1743 538 1800 pro
553 1727 627 1783 brevi
644 1733 776 1795 tempore,
789 1731 817 1780 et
830 1740 884 1780 nou
899 1721 1023 1796 ponendo
1041 1739 1116 1794 spem
1132 1739 1175 1781 sa·
1210 1742 1258 1799 ue,
1281 1727 1413 1800 quianon
1433 1728 1530 1784 eodem
1546 1728 1626 1784 modo
1647 1729 1795 1801 opponitur
1809 1727 1864 1798 legi
1886 1742 1975 1781 norae
1995 1724 2019 1778 in

370 1818 438 1876 lutis
452 1819 477 1874 iu
494 1817 549 1874 illa.
752 1805 759 1814 ¹
1211 1817 1310 1888 primo,
1327 1817 1401 1872 sient
1413 1818 1439 1873 iu
1454 1817 1588 1888 secundo,
1601 1832 1651 1874 nec
1662 1833 1695 1874 es
1706 1817 1800 1874 eadem
1812 1815 1919 1887 radice,
1932 1829 2020 1886 aeque

415 1916 456 1967 ll.
472 1911 511 1965 Er
526 1923 582 1982 quo
597 1906 712 1964 ulterius
726 1906 824 1975 iniero,
836 1903 923 1976 legem
938 1901 1010 1958 illam
1023 1917 1076 1958 nou
1091 1900 1176 1958 luisse
1210 1905 1328 1962 habebat
1343 1906 1466 1963 eamdem
1482 1909 1691 1980 congruentiam
1704 1923 1753 1978 pro
1767 1905 1812 1961 illo
1827 1911 1954 1975 tempore
1967 1904 2018 1958 du·

371 2001 523 2058 extinctam
542 1995 632 2070 quoad
654 1997 852 2052 institutionem
874 1994 899 2048 in
921 2007 1003 2048 seusu
1023 1991 1174 2063 declarato,
1211 1996 1280 2052 ratio
1295 1995 1479 2068 obligationis,
1491 2011 1573 2069 quam
1588 1996 1685 2053 babuit
1697 1995 1807 2052 duratio
1825 1993 2017 2050 iustitutionis.

372 2090 459 2146 donec
471 2087 525 2144 luit
540 2087 689 2156 mortifera,
703 2101 735 2142 ae
751 2083 865 2142 subinde
879 2083 972 2157 quoad
984 2083 1054 2140 haue
1071 2088 1176 2154 partem
1210 2083 1286 2142 Unde
1306 2084 1440 2141 immerito
1454 2084 1489 2141 ibi
1507 2085 1647 2155 obiicitur,
1669 2083 1745 2158 quod
1759 2085 1827 2140 haec
1848 2085 1942 2139 omnia
1963 2081 2019 2138 siue

373 2177 778 2248 noulaissepriusnrortuam,
796 2189 878 2247 quam
895 2172 1177 2245 mortiferamueqno
1210 2173 1357 2232 stillicienti
1386 2177 1493 2231 ratione
1514 2183 1684 2232 asserantur.
1701 2177 1756 2231 Nee
1778 2175 1866 2246 magis
1897 2173 2019 2236 obstant,

372 2283 388 2324 e
403 2283 548 2325 converso.
566 2266 625 2323 lloc
640 2267 765 2339 seqnitur
779 2263 917 2320 evidenter
932 2278 964 2326 ex
979 2263 1072 2332 dietis,
1089 2264 1177 2334 primo
1211 2279 1327 2338 quaeest
1343 2266 1496 2337 augustino
1511 2265 1677 2336 alternatur,
1694 2281 1756 2322 nam
1770 2265 1862 2335 priora
1880 2262 1980 2333 verba,
1994 2263 2020 2316 in

374 2359 439 2430 quio
453 2356 563 2432 quando
578 2357 715 2414 institutio
731 2371 785 2412 nou
800 2354 852 2410 luit
867 2359 1011 2422 revocata,
1027 2369 1076 2425 per
1090 2368 1119 2408 se
1138 2352 1178 2410 lo·
1212 2353 1313 2426 qtribus
1334 2355 1506 2427 Augustinus
1526 2353 1608 2422 dicit,
1631 2354 1715 2412 tuisse
1736 2352 1890 2411 damnabile
1915 2351 2020 2407 iudaeis

374 2447 483 2520 quondo
498 2446 597 2504 licebat
618 2448 656 2503 uti
673 2445 732 2516 illa,
755 2461 819 2502 cum
834 2451 906 2499 esset
926 2442 1030 2509 diviua,
1052 2443 1178 2517 quamvis
1212 2460 1319 2501 serrare
1335 2445 1430 2517 legalia
1440 2445 1474 2500 ob
1489 2446 1681 2501 necessitatem
1697 2445 1804 2514 salutis,
1819 2458 1874 2497 nou
1890 2441 2019 2497 determi-

374 2555 429 2596 nou
443 2545 515 2594 esset
530 2537 582 2592 sub
597 2536 777 2608 obligatione,
793 2535 858 2606 quia
873 2535 1007 2589 institutio
1021 2531 1126 2589 sufficit
1144 2531 1178 2587 nd
1212 2541 1313 2592 uantur
1325 2535 1357 2590 ab
1373 2535 1417 2591 illo
1429 2533 1462 2591 ad
1477 2541 1585 2591 certum
1597 2533 1708 2607 aliquod
1723 2541 1843 2604 tempus,
1857 2534 1914 2586 imo
1928 2535 2018 2602 nperte

374 2628 521 2685 honestum
544 2643 642 2693 usum,
660 2631 686 2682 ot
704 2632 796 2696 potest
809 2624 843 2679 ab
865 2623 1024 2695 obligatione
1044 2623 1177 2694 separari,
1212 2623 1395 2681 extenduntur
1407 2623 1441 2679 ad
1454 2626 1574 2696 primurn
1588 2631 1696 2695 tempas
1712 2622 1928 2695 praedicationis
1938 2635 2018 2676 ersu-

375 2727 407 2776 ut
421 2734 469 2792 per
484 2733 514 2773 se
530 2723 648 2786 constat,
660 2730 727 2788 ergo
743 2712 874 2786 quamdiu
889 2713 997 2768 duravit
1010 2712 1054 2768 illa
1068 2713 1179 2768 iustitu-
1211 2711 1361 2785 geliiNam
1374 2713 1399 2768 iu
1415 2713 1467 2768 hoc
1482 2712 1633 2785 distinguit
1642 2713 1827 2770 inordinatum
1844 2727 1929 2768 nsum
1950 2710 2019 2766 illias

376 2813 425 2880 tio,
440 2825 493 2864 uon
510 2807 562 2863 luit
575 2806 712 2862 mortifera
728 2803 855 2875 legalium
870 2803 1039 2870 observatio,
1055 2816 1105 2858 uec
1120 2817 1179 2858 mo·
1212 2803 1342 2874 temporis
1363 2801 1396 2857 ab
1418 2802 1548 2872 honesto,
1569 2803 1645 2876 qaod
1665 2805 1693 2859 iu
1719 2801 1866 2874 posteriori
1899 2807 2018 2871 tempore

375 2899 468 2956 raliter
483 2913 543 2954 esse
559 2897 664 2967 potnit,
681 2894 744 2966 qrria
758 2909 810 2948 uon
827 2899 935 2964 poterat
948 2894 1019 2946 bens
1034 2891 1178 2962 probibere
1214 2899 1330 2964 uterque
1350 2907 1418 2949 usus
1439 2893 1585 2966 legalium,
1607 2892 1663 2948 sive
1677 2907 1709 2949 ex
1729 2892 1895 2948 necessitate
1911 2891 2017 2958 salutis,

376 2988 500 3047 absolute
516 3001 596 3042 arsum
616 2983 851 3040 caeremoniarum
868 2997 917 3052 pro
936 2981 1029 3036 eodem
1046 2987 1177 3052 tempore,
1214 2983 1270 3038 sive
1286 2981 1390 3054 absque
1405 2981 1449 3038 illa
1469 2981 1580 3038 illicitus
1595 2981 1685 3038 laetus
1698 2989 1751 3038 est.
1767 2982 1853 3036 Aliam
1880 2995 1947 3036 vero
1963 2995 2020 3035 seu·

377 3094 427 3152 pro
443 3091 498 3150 qno
520 3075 627 3132 volebat
640 3089 685 3129 eas
705 3073 864 3146 religiosum
880 3070 986 3128 cultam
1001 3077 1028 3126 et
1046 3071 1178 3144 signitica-
1213 3071 1324 3128 tentiam
1340 3072 1375 3127 ibi
1391 3071 1522 3128 tributam
1539 3071 1711 3144 Augustino,
1728 3069 1895 3146 apudillum
1914 3085 1970 3126 non
1985 3071 2021 3124 iu·

376 3170 477 3226 tionem
494 3167 622 3223 retinere.
639 3164 782 3219 Praeterea
798 3175 883 3232 supro
897 3167 1037 3217 ostensum
1052 3167 1105 3229 est,
1118 3175 1179 3217 eae·
1214 3161 1308 3232 venio,
1324 3177 1411 3234 ueqne
1426 3162 1451 3216 iu
1470 3163 1562 3233 rigore
1577 3177 1638 3218 vera
1653 3169 1711 3230 ost,
1727 3160 1866 3218 intellecta
1882 3159 1917 3216 de
1938 3175 2018 3214 nuere

376 3257 512 3316 remonias
528 3255 588 3310 illas
603 3253 690 3310 lactas
704 3267 764 3308 esse
781 3251 934 3308 mortiferas
949 3250 1026 3322 qnasi
1037 3250 1070 3306 ab
1085 3251 1179 3306 iutriu·
1213 3249 1383 3322 obligationis
1405 3250 1481 3323 legis.
1499 3251 1551 3307 Nisi
1572 3252 1736 3322 intelligatur
1754 3251 1788 3307 de
1812 3257 1941 3320 tempore
1960 3255 2019 3304 ante

377 3364 460 3417 seco,
482 3362 515 3402 es
529 3359 578 3415 eo,
601 3342 675 3416 quod
689 3349 818 3398 revocata
833 3341 884 3398 init
904 3340 1012 3396 illarum
1030 3341 1177 3412 iustitutio;
1213 3340 1311 3397 Christi
1333 3348 1450 3396 mortem
1472 3348 1500 3396 et
1521 3340 1752 3411 praedicationem
1773 3339 1930 3413 evaugelii3
1956 3347 2019 3395 tnnc

376 3453 505 3511 ergouou
520 3433 660 3508 potnitlcx
675 3431 789 3488 illaesse
803 3429 1015 3502 mortuaquoad
1032 3429 1180 3486 iustitutio-
1213 3433 1284 3486 euim
1300 3428 1387 3486 iudaei
1408 3437 1485 3486 erant
1504 3432 1555 3486 snb
1576 3445 1659 3487 onere
1673 3430 1751 3503 legis,
1772 3437 1801 3486 et
1815 3445 1871 3486 nou
1892 3428 2017 3502 gentiles,

377 3543 451 3598 uem,
466 3529 627 3598 prinsquam
638 3523 722 3579 luerit
733 3521 813 3577 etiam
828 3521 1077 3593 mortitera.lleqne
1088 3520 1115 3575 iu
1127 3519 1179 3575 boc
1215 3525 1308 3591 postea
1324 3535 1390 3576 vero
1406 3527 1461 3575 tam
1477 3519 1574 3590 iudaei,
1590 3537 1674 3593 quam
1687 3519 1800 3592 gentiles
1815 3519 1933 3577 luerunt
1947 3519 2019 3574 liberi

378 3623 505 3690 superest
525 3631 593 3671 nova
614 3613 774 3682 difficultas,
795 3613 847 3667 uisi
862 3610 936 3683 quod
958 3611 1073 3667 tortasse
1095 3610 1179 3666 videri
1214 3608 1248 3664 ab
1259 3625 1340 3665 onere
1352 3609 1429 3682 legis.
1439 3612 1533 3666 Posset
1546 3613 1627 3666 etiam
1642 3610 1667 3666 id
1682 3611 1815 3667 verificari
1828 3616 1894 3681 post
1908 3611 2021 3665 inchoa·

378 3713 483 3780 potest,
496 3707 557 3760 siue
571 3719 671 3774 causa,
688 3703 728 3758 vel
751 3701 926 3757 laudamento
942 3700 1073 3773 assignari
1093 3715 1178 3756 uuum
1216 3707 1270 3756 tam
1287 3700 1532 3772 promulgationem
1547 3716 1635 3757 novae
1650 3699 1718 3772 logis
1732 3702 1758 3755 iu
1772 3698 1867 3772 aliquo
1884 3698 1961 3768 loeo,
1979 3700 2022 3755 ubi

378 3799 525 3859 terminum
541 3793 639 3849 mortis
662 3791 733 3847 illius
747 3790 812 3862 legis
827 3789 918 3862 qtaoad
933 3789 1137 3860 obligationem,
1153 3795 1182 3845 et
1214 3789 1334 3846 noudum
1346 3790 1486 3861 pervenire
1502 3796 1628 3862 potuerat
1642 3791 1772 3864 evangelii
1792 3791 1977 3862 praedicatio,
1990 3793 2023 3847 ibi

377 3886 460 3942 alium
473 3881 564 3956 quoad
577 3880 782 3937 institutionem.
792 3877 1003 3950 Respondemus
1014 3886 1105 3934 autem
1120 3878 1182 3934 bre·
1213 3879 1284 3935 euim
1300 3887 1450 3951 putuerunt
1464 3879 1554 3938 iudaei
1569 3897 1618 3951 pro
1633 3881 1724 3954 aliquo
1745 3887 1870 3952 tempore
1885 3875 1950 3937 es'se
1971 3883 2021 3938 sub

379 3976 462 4042 viter,
474 3972 561 4043 primo
573 3986 624 4025 non
639 3970 693 4025 dici
708 3971 764 4024 sine
778 3967 965 4039 laudamento,
978 3967 1050 4039 quod
1063 3969 1090 4022 iu
1102 3967 1181 4023 laetis
1214 3983 1296 4024 onere
1312 3968 1389 4042 legis,
1412 3968 1463 4024 sub
1487 3984 1543 4042 quo
1566 3985 1620 4026 non
1634 3977 1712 4027 eraut
1724 3969 1850 4042 gentiles.
1874 3970 1970 4044 Siqrris
1985 3979 2022 4027 ta-

378 4071 406 4121 et
416 4062 497 4119 dictis
510 4059 699 4131 apostolorum
710 4061 858 4127 nititur,ea
871 4057 926 4134 illis¹
936 4065 1075 4128 autem,et
1086 4057 1181 4114 Ecele·
1215 4073 1275 4113 men
1290 4067 1364 4114 recte
1379 4058 1518 4130 advertat,
1535 4058 1579 4115 illa
1588 4059 1740 4118 differentia
1755 4060 1857 4116 solum·
1868 4075 1933 4117 esse
1949 4071 2023 4132 potc-

379 4157 433 4210 siae
449 4149 590 4208 traditione
603 4149 746 4219 habemus,
759 4149 945 4203 caeremonias
959 4147 1025 4202 alias
1036 4146 1181 4219 aliquando
1215 4155 1259 4204 rat
1277 4149 1345 4202 luter
1358 4154 1491 4220 utrosque
1502 4147 1622 4206 noudum
1638 4147 1814 4218 christianos,
1828 4165 1884 4204 uon
1900 4166 1972 4207 rero
1986 4153 2024 4207 in-

378 4245 463 4299 fuisse
483 4241 581 4308 licitas,
599 4239 663 4294 lieet
677 4255 730 4294 uou
745 4242 836 4295 esseut
850 4237 1031 4305 necessariae,
1045 4242 1072 4291 et
1086 4244 1180 4308 postea
1216 4248 1256 4293 ter
1270 4252 1419 4292 conversos
1435 4236 1467 4292 ad
1482 4235 1562 4293 tidem
1573 4237 1790 4310 Christi,quibus
1805 4239 1956 4309 oportebat
1969 4241 2020 4296 iarn

378 4335 466 4390 laetas
483 4347 544 4388 esse
558 4330 676 4402 illicitas,
689 4344 754 4400 ergo
769 4341 941 4398 consequeus
956 4327 1111 4382 necessario
1126 4332 1179 4394 est,
1215 4341 1275 4382 esse
1297 4326 1471 4398 evangelium
1490 4325 1706 4398 promulgatum.
1723 4329 1763 4384 lia
1786 4328 1945 4399 ignorantia
1960 4329 2021 4385 item

380 4432 411 4480 ut
425 4423 510 4494 priori
525 4429 647 4491 ternpore
659 4434 711 4475 uon
726 4413 1107 4485 mutaverintinstitutionem,
1120 4415 1182 4472 licet
1215 4415 1291 4471 lacile
1314 4415 1405 4486 potuit
1429 4415 1556 4471 accidere
1571 4415 1636 4472 illud
1651 4415 1945 4490 discriueubentque
1962 4435 2023 4489 pro·

378 4514 517 4571 amiserint
537 4511 741 4582 obligationem,
756 4514 848 4577 postea
863 4521 927 4562 aero
941 4506 1180 4562 etiamiustitntio·
1214 4505 1308 4562 babilis
1329 4505 1479 4561 diliereutia
1493 4520 1543 4577 pro
1562 4521 1595 4562 eo
1622 4513 1742 4578 tempore
1763 4508 1898 4580 assignari
1915 4517 2019 4580 posset,

377 4620 439 4662 nem
461 4600 636 4676 perdiderint.
653 4601 693 4655 Ex
713 4614 768 4672 qno
788 4596 902 4652 ulterius
917 4597 1071 4651 necessario
1090 4595 1180 4667 sequi·
1214 4593 1288 4667 qaod
1304 4595 1406 4651 iudaeis
1427 4594 1511 4650 libera
1525 4603 1583 4652 erat
1603 4594 1759 4652 observatio
1779 4599 2020 4654 caeremoniarum

379 4703 436 4764 tur,
454 4692 603 4765 longiorem
618 4688 703 4745 luisse
717 4689 864 4744 terminum
881 4686 953 4742 illius
967 4685 1033 4758 legis
1046 4693 1180 4758 quantum
1214 4685 1290 4757 legis,
1309 4701 1361 4741 nou
1376 4685 1411 4740 ita
1425 4684 1568 4758 gentilibus
1581 4687 1658 4742 iuxta
1671 4685 1839 4758 probabilem
1854 4688 2020 4744 sententiam

378 4785 412 4843 ad
433 4783 612 4840 substantiam
638 4779 830 4847 institutionis,
853 4784 885 4832 ut
909 4778 947 4830 sio
969 4775 1073 4847 dicam,
1095 4790 1178 4848 qrram
1214 4791 1298 4847 supra
1312 4781 1468 4831 tractatam.

377 4872 467 4948 quoad
482 4873 691 4944 obligationem:
708 4883 770 4924 uam
790 4866 922 4923 terminus
937 4865 1107 4937 obligationis
1126 4866 1179 4922 ltrit
1256 4868 1298 4921 13.
1311 4863 1351 4920 dd
1366 4864 1475 4920 niteram
1487 4863 1677 4922 difficultatem
1688 4864 1884 4938 respondetur,
1898 4867 2020 4939 priorem

377 4964 506 5036 obligatio
528 4960 595 5034 legis
616 4975 717 5029 novae,
733 4958 866 5014 terminus
887 4962 978 5012 autem
995 4963 1085 5012 status
1106 4954 1178 5013 illius
1212 4963 1316 5026 partem
1330 4954 1388 5010 eins
1409 4961 1484 5010 recte
1499 4954 1631 5026 probare,
1653 4955 1741 5027 legem
1761 4955 1833 5011 illam
1854 4971 1912 5012 nou
1935 4957 2021 5013 inisse

377 5053 491 5110 instituti
506 5051 557 5107 luit
571 5049 694 5120 perlecta
707 5046 836 5118 evangelii
850 5045 1046 5116 promulgatio.
1212 5050 1275 5100 tunc
1297 5050 1435 5100 mortuam
1449 5042 1540 5116 quoad
1560 5044 1775 5110 institutionem,
1791 5060 1847 5100 nou
1870 5060 1939 5103 rero
1958 5062 2022 5117 pro·

420 5149 464 5200 12.
480 5142 514 5197 Et
527 5156 560 5195 ex
579 5137 622 5194 lais
635 5137 711 5194 lacile
726 5129 909 5208 respondetur
923 5133 956 5190 ad
974 5133 1045 5190 duas
1059 5133 1177 5190 dillioul·
1211 5133 1309 5192 cedere
1323 5137 1420 5189 eontra
1439 5133 1619 5190 cessetionem
1634 5132 1817 5205 obligationis.
1833 5132 1876 5190 Ad
1900 5137 2021 5192 rationes

378 5237 447 5290 tates
461 5231 486 5288 iu
505 5227 636 5302 principio
650 5228 761 5299 positas.
776 5224 816 5283 ltd
834 5223 948 5296 primam
962 5239 1028 5296 ergo
1047 5223 1176 5294 lammur,
1212 5229 1303 5281 autem
1318 5221 1461 5297 posteriori
1471 5221 1532 5280 loco
1546 5221 1647 5294 positar
1657 5219 1822 5306 respondeo.
1831 5222 1874 5281 ttd
1891 5226 2020 5298 primam,
