4294 6238
383 335 465 405 '268
1075 355 1196 426 Ιιιιιιιιι
1210 357 1272 406 ιιι.

364 488 485 547 tudinem
506 483 732 560 praescriptionis
752 485 843 560 aliquo
863 481 945 541 modo
966 482 1067 540 versari
1085 482 1163 538 circa
1199 480 1319 554 aliquod,
1336 488 1365 542 et
1378 481 1446 541 haec
1461 483 1562 543 dicitur
1576 485 1684 559 proprie
1697 489 1801 546 versari
1819 491 1895 550 circa
1906 506 2003 565 perso·

360 596 420 636 rem
438 580 568 651 alteriusq
589 581 652 652 quia
667 593 746 634 nemo
760 575 921 648 praescribit
934 590 991 630 rem
1006 573 1160 646 propriam,
1198 587 1261 642 naa,
1277 572 1317 629 vel
1333 589 1387 629 res.
1403 575 1438 631 Et
1451 573 1485 631 de
1499 575 1543 632 illa
1557 593 1653 633 verum
1670 587 1712 635 est
1726 582 1863 650 pertinere
1874 581 1909 638 ad
1919 598 2001 653 prae·

360 677 388 727 et
401 669 477 726 circa
497 683 641 739 personam
662 667 821 724 distinctam
840 681 855 721 a
870 662 1087 736 praescrihente,
1103 667 1162 717 tum
1199 662 1392 734 scriptionem,
1414 669 1443 720 at
1463 679 1516 720 non
1531 663 1564 720 ad
1579 665 1666 739 legem
1680 684 1734 724 non
1748 671 1899 742 scriptam,
1915 687 2002 744 qnam

361 759 424 832 quia
445 758 580 830 portinent
599 757 630 813 ad
650 757 791 813 materiam
810 754 944 822 iustitiae,
963 757 992 810 et
1004 751 1065 807 ideo
1079 749 1160 807 dehet
1198 749 1242 807 hic
1262 750 1346 807 veluti
1365 768 1414 824 per
1428 756 1643 812 antonomasiam
1657 759 1887 818 consuetudinem
1906 763 2004 834 appel·

361 848 513 907 consisterc
531 863 565 904 ex
579 847 749 917 actionibus,
765 859 836 918 qnae
851 841 883 899 ad
897 842 1014 900 alterum
1030 839 1160 898 ordinnn-
1199 839 1298 896 lamus.
1311 842 1406 918 Neque
1417 843 1552 915 obstabit,
1565 844 1639 917 quod
1652 846 1711 903 talis
1729 851 1902 908 consuetudo
1913 853 2003 923 possit

360 945 417 1007 tur,
428 945 486 996 tum
498 939 562 1010 quia
573 937 751 1008 praescriptio
763 949 870 1007 semper
880 938 1029 988 estcoutra
1040 930 1160 1005 aliquam
1200 927 1336 986 interdum
1351 933 1455 988 versari
1466 933 1542 989 circa
1553 933 1626 990 iacta
1637 935 1791 1010 hominnm,
1807 945 1838 995 ut
1848 941 1924 998 circa
1935 958 2001 1014 pro·

361 1043 522 1101 personam,
547 1042 618 1100 quae
641 1025 794 1083 necessario
815 1039 875 1079 esse
897 1022 978 1079 debet
995 1020 1161 1078 distinctos
1197 1018 1297 1074 ximcm
1317 1020 1473 1092 materiam3
1495 1027 1557 1079 tum
1576 1024 1641 1096 quia
1654 1026 1694 1081 vet
1717 1032 1782 1083 tuuc
1801 1044 1854 1085 non
1874 1029 2002 1088 conside-

361 1117 573 1190 praescrihente.
1198 1113 1296 1163 rantur
1315 1107 1388 1165 lucta
1408 1108 1565 1183 hominum,
1583 1119 1614 1168 nt
1630 1113 1765 1173 humanae
1779 1120 1901 1176 actiones
1922 1127 2001 1193 sunt,

403 1213 431 1268 4.
444 1206 623 1265 Nihilominus
633 1219 688 1262 non
700 1203 765 1261 satis
777 1201 901 1259 subsistit
911 1198 1006 1256 divisio
1018 1197 1063 1255 illo
1076 1197 1157 1255 modo
1200 1195 1247 1252 sad
1269 1202 1301 1253 ut
1320 1211 1363 1252 res
1384 1199 1518 1270 quaedam
1533 1208 1622 1259 tantae
1636 1207 1843 1278 aestimationis,
1860 1215 1909 1266 aut
1926 1211 2003 1268 rulo-

363 1297 512 1354 declareta.
528 1297 617 1354 Primo
631 1294 694 1367 quia
708 1295 735 1349 in
749 1295 807 1366 ipsa
823 1289 1038 1363 praescriptione
1050 1295 1160 1358 oportet
1199 1285 1251 1340 ris:
1275 1283 1317 1340 vel
1338 1293 1413 1343 certa
1431 1289 1497 1362 quia
1511 1289 1571 1346 talis
1584 1293 1758 1350 consuetudo
1773 1297 1827 1353 sub
1840 1297 1884 1354 illa
1898 1302 1999 1356 merito

362 1385 529 1458 distinguere
550 1397 711 1456 personam,
727 1382 802 1438 cirea
817 1395 900 1453 quam
914 1377 1128 1450 praescribitur,
1144 1393 1161 1433 a
1199 1373 1456 1448 comprehenditur,
1471 1386 1599 1450 quaeest
1613 1381 1687 1437 circa
1702 1398 1857 1456 personam,
1877 1387 1942 1459 quia
1953 1404 2004 1460 per

363 1475 486 1544 materie,
502 1489 572 1549 quac
584 1473 790 1544 praescribitur.
805 1471 873 1526 Nnm
885 1468 966 1539 priori
979 1466 1059 1522 modo
1073 1467 1160 1522 omnis
1200 1461 1271 1518 illam
1294 1480 1410 1532 persona
1430 1474 1522 1524 manet
1542 1469 1658 1527 obnoxia
1680 1479 1708 1527 et
1727 1463 1866 1546 obligata,
1891 1492 1946 1534 non
1966 1494 2001 1534 cx

364 1565 537 1622 consuetudo
549 1562 773 1635 praescriptionis
782 1563 908 1614 versetur
917 1557 993 1613 circa
1003 1571 1158 1628 personam,
1200 1552 1398 1610 consuetudine
1413 1561 1542 1629 tauquam
1557 1571 1589 1614 ex
1605 1558 1674 1631 lege,
1690 1560 1736 1618 sed
1747 1577 1780 1618 ex
1791 1564 1850 1619 iure
1865 1567 2002 1637 acquisito

365 1661 398 1711 ut
411 1671 459 1727 per
473 1670 502 1710 ee
516 1659 643 1724 constat,
663 1650 809 1722 posteriori
828 1653 920 1706 antem
936 1644 1016 1702 modo
1033 1662 1086 1702 noo
1102 1653 1161 1702 tan·
1199 1638 1276 1697 elteri
1296 1641 1369 1698 circa
1391 1643 1472 1700 talem
1489 1660 1629 1716 personam
1644 1649 1669 1703 vi
1683 1650 1906 1724 consuetudinis,
1925 1656 2003 1727 quod

364 1751 424 1802 tum
438 1743 541 1800 versari
558 1747 649 1814 potest
659 1741 733 1797 circa
746 1753 802 1795 rem
814 1745 843 1796 et
853 1751 1009 1810 personam,
1021 1735 1067 1792 sed
1079 1735 1161 1792 ctiam
1199 1730 1241 1784 ius
1254 1727 1296 1785 “td
1320 1734 1563 1805 praescriptionem
1584 1743 1701 1807 spectat.
1723 1729 1804 1796 Sicut
1821 1755 1837 1797 e
1859 1747 2003 1800 contrario

365 1835 442 1891 circa
460 1833 533 1888 lacta
546 1831 677 1888 humane.
693 1833 785 1887 Potest
797 1829 869 1884 euim
885 1827 1011 1898 princeps
1027 1826 1161 1896 praescri·
1199 1821 1392 1893 consuetudo,
1412 1823 1454 1878 vel
1474 1825 1567 1895 potins
1589 1841 1669 1897 usus,
1684 1844 1829 1902 perquem
1844 1831 2002 1892 soletactio

353 1926 429 1984 pepe
448 1929 545 1980 contro
564 1919 696 1988 vasallos,
717 1925 749 1975 ut
764 1918 799 1974 illi
814 1917 958 1974 exhibeant
972 1914 1025 1972 hoe
1039 1915 1081 1971 vel
1094 1914 1161 1972 illud
1199 1911 1357 1982 praescribi,
1369 1910 1434 1968 licet
1447 1913 1570 1971 videatur
1580 1917 1702 1987 proxime
1713 1921 1816 1976 versari
1828 1919 1902 1978 circa
1913 1926 2002 1981 actio·

364 2011 541 2072 ministerium
558 2009 713 2082 personale,
726 2007 769 2064 vel
784 2009 810 2062 lo
825 2005 908 2074 bello,
921 2005 962 2061 vel
978 2005 1003 2060 in
1015 2003 1107 2074 domo,
1120 2005 1161 2061 vel
1200 2013 1272 2070 nem,
1288 2015 1358 2072 quae
1374 2002 1585 2076 praescribiturq
1599 2004 1776 2064 nihilomiuus
1790 2009 1944 2070 immediate
1953 2029 2001 2070 ca·

363 2105 391 2160 in
410 2117 493 2175 agro;
517 2098 691 2157 consuetudo
711 2113 777 2169 ergo
798 2096 837 2152 sio
856 2092 1004 2163 serviendi,
1027 2093 1069 2149 vel
1085 2093 1164 2149 mini·
1198 2085 1239 2143 dit
1259 2087 1284 2143 iu
1307 2101 1470 2160 personam,
1488 2106 1559 2164 quae
1573 2099 1632 2149 erat
1646 2095 1762 2152 obnoxia
1776 2099 1822 2154 teli
1837 2102 1955 2176 actioni,
1972 2108 2002 2159 et

366 2191 470 2248 strandi
485 2188 590 2248 inducit
601 2189 643 2244 ius
654 2186 876 2260 praescriptionis
886 2184 960 2240 circa
971 2181 1066 2238 similia
1077 2181 1160 2256 lacta,
1198 2190 1247 2247 iter
1260 2175 1334 2232 illam
1351 2179 1429 2250 quasi
1443 2181 1674 2242 consuetudinem
1689 2183 1831 2244 liberatur.

364 2282 438 2338 sicut
457 2276 630 2336 consuetudo
644 2273 781 2332 ieiunandi
795 2273 899 2330 dicitur
913 2270 1043 2328 inducere
1058 2259 1161 2346 ohliga-
1236 2265 1295 2340 dlia
1314 2282 1378 2323 vero
1398 2269 1571 2328 consuetudo
1593 2287 1641 2345 per
1660 2290 1689 2330 se
1703 2276 1845 2335 ordinatur
1860 2279 1950 2339 solum
1965 2281 2000 2339 ed

363 2372 464 2429 tionem
478 2366 626 2426 ieiunandi.
641 2365 742 2422 Deinde
757 2363 781 2420 iu
795 2363 890 2420 eodem
906 2376 988 2417 sensu
1003 2361 1083 2417 etiam
1095 2376 1162 2416 con·
1199 2370 1292 2428 usum,
1310 2356 1350 2413 vel
1366 2373 1420 2414 non
1436 2372 1518 2416 nsum
1529 2361 1657 2419 similium
1672 2365 1822 2438 actionum,
1836 2372 1957 2440 praecise
1970 2380 2002 2429 ut

363 2459 491 2530 suetudo,
505 2472 575 2531 qnae
588 2450 1160 2522 versaturcircaalterum,etcircaactio·
1198 2450 1264 2500 sttui
1283 2447 1406 2502 ledones
1427 2447 1513 2520 ipsius
1533 2453 1687 2526 operantis,
1710 2456 1767 2512 sive
1786 2459 1840 2513 sint
1856 2462 1935 2532 quasi
1948 2463 2000 2518 im-

362 2567 422 2621 nes,
438 2548 480 2604 vel
494 2562 556 2618 res,
572 2559 642 2617 quae
658 2544 683 2599 in
699 2541 862 2615 obsequium
876 2539 918 2596 vel
934 2539 1079 2596 utilitatem
1094 2539 1161 2596 altc-
1198 2541 1337 2591 monentes
1356 2535 1470 2608 inipso,
1491 2545 1523 2595 nt
1536 2539 1674 2614 ieiunare,
1692 2560 1788 2620 orare,
1802 2554 1857 2605 etc.
1874 2550 1929 2608 sive
1943 2553 2001 2608 sint

362 2643 420 2698 rius
439 2638 522 2706 hunt,
543 2638 638 2707 potest
648 2633 703 2688 sine
719 2631 934 2703 praescriptione
948 2629 1035 2701 legem
1050 2627 1162 2685 iirducc-
1199 2630 1372 2681 transeuntes
1393 2627 1421 2680 in
1442 2641 1499 2684 rem
1521 2631 1719 2706 extrinsecam,
1740 2642 1770 2692 ut
1785 2637 1923 2714 scrihere,
1937 2657 2000 2698 ara·

363 2745 403 2787 re.
426 2729 461 2786 Ut
474 2725 517 2798 pia
531 2720 703 2780 consuetudo
718 2719 845 2777 ollereudi
861 2725 1007 2791 spontanee
1021 2716 1121 2789 aliquid
1135 2719 1161 2774 in
1197 2729 1246 2784 re,
1267 2721 1323 2771 etc.
1340 2722 1367 2771 et
1386 2715 1440 2772 sive
1455 2716 1617 2776 ordinentur
1632 2722 1665 2778 ad
1680 2724 1809 2798 alterum,
1825 2730 1882 2784 sive
1896 2732 1949 2786 sint
1964 2731 1999 2788 ab

362 2815 503 2884 Ecclesia,
522 2813 556 2869 de
574 2827 629 2885 qun
652 2810 773 2883 loquitur
793 2814 877 2879 caput
896 2806 944 2863 Ad
961 2805 1158 2875 audientiam,
1197 2801 1244 2859 illo
1261 2801 1419 2861 habitudine
1434 2804 1589 2864 absolutas:
1607 2824 1702 2867 omncs
1716 2815 1788 2870 enim
1799 2816 1865 2872 istae
1875 2819 1999 2877 actiones

363 2906 396 2964 de
418 2905 516 2960 simon.
534 2906 661 2958 versatur
675 2899 750 2954 circa
770 2912 829 2967 res,
852 2911 923 2968 quae
942 2895 1110 2966 ollernutur,
1132 2902 1162 2952 nt
1198 2899 1316 2963 possunt
1337 2892 1363 2947 in
1385 2893 1614 2954 consuetudinem
1635 2898 1697 2956 ferri
1715 2903 1807 2966 ¹solum
1829 2914 1939 2978 propter
1955 2925 1997 2978 se,

364 2999 439 3053 circa
459 2993 609 3065 proximam
626 2987 787 3058 materiem,
808 2991 835 3042 et
848 2986 924 3041 circa
940 2988 1040 3056 Ιιειιιιι,
1056 2991 1087 3040 ut
1100 2999 1162 3056 per·
1199 2996 1248 3037 sen
1269 2987 1382 3053 propter
1401 2980 1578 3041 directionem
1600 2986 1709 3045 illarum
1730 2993 1789 3048 eine
1809 3003 1938 3066 respectu
1962 2999 1998 3055 ad

364 3099 478 3152 sonam,
500 3080 546 3138 cui
566 3078 731 3147 olleruntur,
747 3081 775 3132 ct
789 3075 864 3132 circa
877 3073 1047 3143 Ecclesiam,
1064 3071 1105 3129 vel
1119 3087 1161 3129 se·
1197 3071 1253 3142 ins,
1270 3069 1345 3142 quod
1359 3069 1437 3128 alteri
1451 3072 1513 3131 inde
1527 3075 1653 3146 resultat,
1667 3078 1708 3134 vel
1720 3081 1747 3136 in
1760 3097 1829 3154 rem,
1842 3084 1883 3142 vel
1895 3086 1920 3141 in
1933 3103 1998 3158 per-

364 3173 506 3238 cerdotes,
528 3176 559 3226 ut
573 3169 650 3224 circa
663 3180 813 3240 personas,
828 3165 854 3220 in
868 3179 986 3236 quarum
1002 3177 1083 3218 nsum
1097 3163 1161 3220 otle-
1198 3176 1305 3216 sonam.
1322 3161 1357 3216 Et
1372 3159 1406 3217 ad
1421 3160 1473 3218 boc
1488 3178 1576 3236 genus
1592 3169 1798 3226 consuetudinis
1809 3175 1928 3242 pertinet
1938 3175 1996 3247 illa,

363 3271 483 3323 runtur:
506 3266 535 3317 et
554 3258 729 3316 nibilominus
748 3271 781 3312 es
802 3255 847 3312 tali
868 3251 1067 3310 consuetudine
1086 3255 1161 3309 circa
1198 3265 1268 3322 quae
1290 3249 1331 3305 ius
1352 3254 1492 3323 praecepti
1513 3259 1604 3324 potest
1623 3255 1772 3330 inducereq
1795 3277 1866 3333 quae
1884 3265 1937 3321 sub
1950 3267 1998 3324 illa

363 3354 433 3412 tales
453 3367 498 3408 res
518 3355 546 3406 et
566 3362 698 3420 personas
719 3351 810 3418 potest
829 3343 921 3400 induci
941 3341 1068 3415 obligatio
1083 3342 1159 3414 legis.
1197 3338 1416 3396 consideratione
1441 3340 1493 3396 dici
1518 3349 1609 3414 potest
1632 3349 1734 3404 versari
1759 3350 1834 3408 circa
1858 3355 1994 3428 actiones,

362 3439 420 3503 Iuro
440 3437 613 3497 communior
633 3435 722 3518 opinio
743 3441 801 3504 est,
822 3433 856 3489 de
878 3432 951 3489 lacto
965 3431 1071 3504 induci,
1086 3432 1161 3488 iuxta
1196 3429 1260 3501 quia
1279 3428 1388 3484 illarum
1410 3445 1506 3503 usum,
1530 3434 1571 3488 vel
1585 3435 1748 3493 exercitium
1763 3453 1811 3510 per
1826 3455 1855 3496 sc
1868 3444 1993 3518 intendit;

361 3528 533 3606 praedictum
553 3531 669 3583 tentum.
685 3525 719 3580 Et
733 3523 798 3579 licet
811 3521 949 3594 probabile
964 3521 1007 3588 sit,
1024 3536 1105 3592 posse
1120 3527 1161 3577 et·
1197 3535 1250 3574 non
1264 3525 1353 3576 tamen
1365 3518 1465 3576 debent
1476 3521 1585 3578 excludi
1597 3525 1821 3598 consuetudines,
1834 3545 1905 3603 qnae
1916 3536 1995 3591 circa

362 3625 415 3678 iam
430 3618 504 3675 illem
516 3614 708 3688 obligationem
720 3611 889 3668 sufficienter
901 3611 1029 3681 explicari
1042 3625 1091 3682 per
1103 3626 1160 3667 mo·
1197 3623 1240 3664 res
1255 3610 1436 3680 extrinsecas,
1453 3610 1494 3665 vel
1511 3627 1641 3682 personas
1655 3625 1814 3674 versantur:
1829 3637 1890 3678 nam
1903 3639 1951 3693 per
1963 3625 1994 3680 il·

362 3710 429 3768 dum
444 3705 680 3781 praescriptionis3
696 3707 805 3758 ocrtnur
819 3701 993 3758 nihilominus
1008 3706 1061 3770 est,
1078 3717 1158 3772 posse
1198 3697 1238 3752 las
1252 3699 1334 3754 etiem
1350 3703 1441 3768 potest
1455 3699 1581 3772 obligatio
1595 3705 1719 3772 specialis
1731 3705 1865 3766 hirmanae
1877 3710 1943 3785 legis
1954 3715 1993 3769 io-

363 3801 444 3857 etiam
460 3793 591 3853 iuducere
606 3791 796 3864 obligationem
812 3789 944 3846 humanae
959 3788 1039 3860 legis,
1057 3788 1078 3844 si
1093 3789 1160 3846 aliae
1197 3785 1317 3858 troduci,
1338 3785 1360 3840 sl
1379 3786 1431 3843 sub
1449 3786 1494 3844 illo
1509 3795 1614 3847 tentum
1630 3801 1759 3865 respectu
1774 3796 1849 3870 liant,
1866 3806 1897 3855 ut
1910 3815 1993 3873 argu-

363 3887 532 3946 conditiones
546 3888 726 3938 concurrant.
742 3879 809 3935 Num
824 3879 846 3934 si
858 3883 931 3934 esset
941 3877 1115 3934 consuetudo
1125 3878 1158 3935 de
1198 3882 1321 3932 mentum
1336 3875 1370 3932 de
1385 3878 1583 3936 consuetudine
1596 3881 1792 3954 obligationum
1803 3892 1953 3960 convincit,
1965 3900 1993 3949 et

363 3975 422 4034 solo
435 3972 514 4030 cultu
535 3969 691 4043 personali,
707 3974 738 4024 ut
750 3966 832 4024 eundi
845 3966 890 4024 tali
905 3967 947 4022 die
960 3965 994 4022 nd
1009 3969 1160 4037 processio·
1195 3972 1312 4037 possunt
1327 3965 1406 4022 lacile
1420 3965 1521 4024 udduci
1536 3968 1641 4026 similia.
1656 3973 1725 4030 Nam
1736 3978 1910 4034 consuetudo
1921 3980 1992 4038 elec-

361 4081 436 4136 ncm,
458 4061 500 4119 vel
522 4057 665 4116 assistendi
687 4055 778 4112 olhcic
797 4056 887 4112 divino
907 4056 963 4111 sine
979 4056 1042 4112 reali
1059 4055 1159 4131 ohliga-
1196 4069 1326 4130 mosynee
1341 4060 1432 4124 potest
1447 4071 1507 4112 esse
1522 4057 1592 4130 tulis,
1608 4075 1678 4132 quae
1691 4061 1779 4134 legem
1790 4064 1913 4142 inducat3
1927 4086 1992 4127 cnm

361 4157 451 4221 done,
477 4153 569 4222 posset
592 4147 638 4203 illa
658 4145 831 4202 consuetudo
851 4159 911 4201 esse
931 4145 1071 4202 inductiva
1091 4149 1159 4204 iuris
1195 4150 1284 4201 temen
1306 4143 1475 4219 eleemosyna
1494 4145 1569 4201 circo
1584 4162 1641 4203 rem
1660 4152 1840 4209 extrinsecam
1855 4162 1884 4212 et
1898 4174 1992 4229 perso-

360 4241 567 4317 praecipientis3
586 4251 638 4293 cur
651 4251 717 4308 ergo
732 4251 784 4290 non
798 4235 898 4306 poterit
909 4234 981 4292 idam
993 4234 1082 4292 lhcere
1093 4253 1159 4293 con·
1194 4248 1257 4289 nam
1279 4232 1436 4288 distinctam
1455 4241 1598 4307 versetur,
1619 4238 1684 4309 quia
1698 4242 1870 4300 consuetudo
1884 4246 1931 4302 illa
1945 4265 1991 4320 po·

361 4331 480 4391 suetudo
504 4324 652 4385 ollerendii
673 4324 793 4397 Denique
814 4324 893 4380 etiam
914 4341 929 4381 a
950 4325 1090 4381 contrario
1104 4343 1158 4383 non
1194 4329 1248 4378 test
1267 4322 1323 4377 lieri
1345 4321 1446 4378 intuitu
1466 4325 1686 4397 misericordiae,
1706 4336 1734 4385 et
1747 4331 1810 4389 boni
1826 4349 1893 4390 usus
1907 4335 1991 4408 ipsius

361 4422 448 4480 omnis
465 4416 649 4482 consuetudo,
665 4429 735 4487 quae
750 4420 878 4470 versetur
892 4413 965 4468 circa
980 4414 1102 4471 actiones
1114 4431 1158 4470 so·
1193 4413 1341 4484 operantis,
1362 4411 1419 4465 sine
1434 4410 1526 4468 ordine
1541 4414 1575 4469 ad
1590 4414 1630 4471 ius
1643 4416 1764 4475 alterins.
1777 4421 1851 4478 Unde
1863 4427 1934 4482 ratio
1946 4443 1992 4500 ge·

360 4513 414 4569 lius
429 4521 573 4581 personne,
591 4519 661 4577 quae
677 4500 711 4558 ad
725 4500 808 4558 alium
824 4518 877 4558 non
893 4501 1065 4572 ordinantur,
1078 4503 1155 4558 sulli-
1193 4501 1292 4556 neralis
1308 4515 1369 4556 esse
1384 4499 1503 4572 videtur,
1518 4503 1580 4574 quia
1595 4504 1655 4561 illae
1669 4509 1804 4580 actiones,
1816 4512 1922 4570 etiamsi
1936 4519 1992 4575 sint

360 4596 446 4657 cited
460 4598 503 4652 ius
523 4591 726 4662 inducendum,
743 4606 804 4646 nam
818 4590 990 4680 consuetudo
1005 4590 1153 4664 scribendi,
1193 4588 1224 4645 ad
1240 4589 1370 4661 alterum,
1382 4596 1411 4646 et
1422 4591 1497 4646 circa
1509 4593 1648 4648 materiam
1660 4597 1853 4672 extrinsecnm3
1867 4612 1933 4660 snut
1945 4622 1992 4662 ca·

359 4692 408 4745 avit
421 4681 558 4758 pingendi,
574 4688 601 4737 ει
615 4679 727 4750 similes,
740 4678 815 4734 circa
826 4678 898 4735 lacte
910 4686 1065 4752 versantur,
1076 4682 1156 4736 etius
1192 4695 1274 4750 paces
1296 4678 1468 4750 obligationis
1489 4680 1660 4738 introductae
1681 4700 1714 4741 ex
1730 4689 1755 4742 vi
1769 4689 1854 4746 solius
1868 4707 1990 4752 cousue-

358 4777 489 4833 inducere
504 4785 559 4826 non
574 4768 727 4825 sufficiunt.
1192 4767 1305 4838 tudinis,
1317 4768 1424 4823 etiamsi
1436 4783 1485 4840 per
1496 4768 1567 4824 illam
1582 4771 1687 4828 nullum
1699 4773 1741 4832 ius
1752 4775 1828 4834 alteri
1839 4781 1989 4860 tribuatur,

401 4870 428 4922 5.
445 4861 545 4928 Divisio
565 4873 631 4930 crgo
646 4857 704 4928 ille,
721 4863 752 4913 ut
766 4857 887 4914 instituto
903 4865 996 4914 nostro
1010 4857 1154 4932 deserviat,
1191 4861 1266 4916 sicut
1279 4862 1392 4930 possent
1404 4857 1484 4914 etiem
1501 4861 1619 4931 praecipi
1635 4860 1693 4933 lege
1708 4863 1842 4939 humone,
1861 4870 1903 4927 vel
1917 4875 1990 4931 sicut

282 5023 287 5031 ι
357 4968 414 5011 non
428 4947 561 5006 materiali
577 4945 670 5016 modo,
687 4952 719 5002 ut
732 4946 770 5002 sic
786 4946 887 5019 dicam,
900 4947 946 5004 sed
959 4947 1065 5004 lormnli
1076 4951 1157 5006 intel·
1191 4955 1285 5019 posset
1300 4963 1329 5002 se
1345 4945 1427 5002 homo
1442 4962 1490 5018 per
1502 4953 1596 5005 votnm
1612 4957 1659 5006 aut
1670 4967 1768 5022 puram
1778 4959 1989 5027 promissionem

356 5039 464 5116 ligenda
477 5043 534 5108 est,
549 5041 578 5092 ει
592 5035 724 5091 sumenda
738 5050 771 5092 en
787 5037 837 5091 tine
851 5051 900 5093 seu
915 5051 1011 5108 scopo,
1024 5043 1055 5093 ut
1066 5038 1104 5094 sic
1116 5038 1156 5095 di·
1190 5036 1225 5093 ad
1246 5036 1305 5092 illas
1324 5035 1456 5108 obligare.
1480 5036 1642 5094 Addondum
1658 5055 1721 5097 vcro
1735 5052 1793 5116 est,
1809 5061 1862 5102 non
1878 5065 1987 5110 omnem

247 5109 253 5126 ⁰
356 5148 428 5201 cam,
443 5122 662 5204 consuetudinis.
678 5125 745 5180 Nam
760 5123 894 5197 quaedam
910 5124 1018 5183 videtur
1031 5125 1109 5200 dirigi
1121 5125 1155 5183 ad
1190 5126 1307 5182 similem
1315 5123 1665 5194 consuetudinem,etiamsi
1677 5131 1752 5188 circe
1763 5149 1833 5204 pura
1843 5137 1916 5196 lacta
1929 5158 1988 5198 ver·

354 5214 575 5280 constituendum
591 5213 616 5270 iu
631 5213 714 5272 rebus
729 5213 808 5287 ipsis,
823 5213 865 5271 vel
879 5215 948 5272 inter
964 5231 1095 5288 personas
1109 5217 1154 5274 ins
1189 5223 1279 5288 setur,
1294 5229 1355 5273 esse
1370 5214 1552 5272 sufficientem
1566 5215 1599 5272 ad
1615 5217 1657 5274 iua
1672 5235 1725 5277 non
1736 5224 1868 5296 scriptum
1882 5233 1985 5290 consti·
