4260 6222
883 393 1102 446 caenrxxrr.
1686 380 1749 444 445

150 529 210 597 pta,
222 530 251 582 et
263 514 417 599 castigandi
428 521 575 581 violatores
590 535 697 595 eorum3
709 521 865 596 ergoetiarn
876 520 902 576 in
917 519 959 578 bis
994 524 1023 577 et
1033 518 1319 592 perdispensationcm
1330 520 1489 593 simpliciter
1501 520 1692 580 sublatumest
1703 535 1795 592 respe-

151 631 208 672 ncn
226 621 318 687 potest
328 615 364 672 ibi
378 615 468 673 valere
478 613 565 672 olisna
579 613 830 687 dispensatiolum
844 612 960 686 denique
995 615 1043 666 ctu
1056 610 1120 666 talis
1134 625 1277 684 personae,
1290 627 1357 684 ergo
1370 625 1424 668 non
1438 612 1507 669 rodit
1520 611 1648 683 obligatio
1658 613 1716 668 eius
1731 625 1795 683 pro·
1906 601 1908 606 ’

151 708 220 780 quia
232 707 315 776 ratio,
326 704 360 762 ob
370 721 453 778 quam
463 705 601 779 peregrini
612 702 812 778 obliganturad
828 700 961 760 seruanda
996 706 1057 771 pter
1069 699 1124 756 loci
1138 701 1332 773 mutationem,
1349 715 1417 773 ergo
1432 715 1520 775 neque
1534 700 1569 757 ibi
1587 707 1629 757 est
1641 699 1795 758 necessaria

151 801 260 853 statuta
278 802 306 852 st
320 794 533 852 consuetudines
547 794 615 867 loci,
635 793 824 868 multomagis
839 799 920 865 urget
932 793 961 848 in
994 787 1159 860 dispensatio
1173 805 1260 862 novas
1275 805 1340 862 ergo
1356 790 1419 847 licet
1432 790 1471 847 nti
1486 789 1581 862 priori,
1595 789 1637 846 vel
1653 789 1743 862 potius
1756 789 1794 846 el·

151 885 262 959 isgibur
282 883 423 942 Ecclesiae
443 885 655 957 communibus,
677 884 741 957 quia
763 883 789 939 in
810 882 861 940 iltis
879 880 961 939 debet
994 877 1070 935 iectu
1088 880 1165 952 eius,
1186 880 1234 952 qui
1252 879 1304 937 suit
1317 879 1423 936 auterre
1439 878 1472 936 ab
1490 878 1542 935 bac
1555 893 1675 951 persona
1691 878 1794 952 obtige-

150 976 258 1031 serrari
272 975 461 1056 uniformitas,
475 982 505 1031 et
517 977 625 1048 turpior
637 981 681 1032 est
695 991 776 1048 pars,
791 989 863 1047 quae
875 975 902 1031 in
917 973 961 1030 ills
994 968 1096 1024 tionem
1111 967 1170 1025 talis
1184 969 1334 1041 praecepti.
1349 967 1424 1027 Unde
1445 967 1644 1026 considerando
1659 968 1733 1024 bunc
1754 967 1794 1024 es-

150 1064 328 1122 obserrantia
347 1063 489 1122 discordat
502 1081 518 1122 a
533 1072 601 1138 toto,
614 1071 642 1124 et
655 1065 730 1123 dese
744 1063 960 1122 maiusscanda·
995 1056 1099 1114 loetum
1121 1059 1316 1132 aequiparatur
1337 1059 1405 1115 baec
1425 1058 1592 1132 dispensatio
1613 1075 1679 1116 eum
1692 1057 1752 1115 aliis
1766 1059 1794 1114 in

151 1154 212 1212 lum
225 1161 283 1226 est,
298 1155 334 1212 ibi
347 1170 402 1211 non
417 1170 528 1213 serrare
543 1171 705 1212 communes
718 1154 859 1214 Ecclesiae
874 1154 958 1228 leges,
994 1147 1151 1219 exemplum
1170 1145 1297 1206 adductis
1311 1149 1336 1204 in
1357 1150 1442 1219 prima
1461 1148 1621 1220 probatione
1636 1149 1794 1206 conclusio·

153 1243 201 1300 aad
217 1251 329 1316 propter
347 1243 396 1301 has
414 1246 536 1302 mirone,
550 1245 586 1302 pa
607 1243 743 1318 obligatur
757 1247 916 1318 peregrinus
930 1244 960 1301 ῃ.
997 1237 1049 1308 nis,
1071 1237 1220 1310 dequibus
1241 1236 1348 1295 nullum
1362 1238 1472 1295 videtur
1491 1253 1552 1295 esse
1568 1253 1648 1310 posse
1667 1237 1791 1294 dubium.

153 1332 186 1390 lis
201 1333 315 1404 privatis
335 1334 463 1406 suiuus,
479 1340 511 1391 ut
529 1334 701 1408 dispensatio
716 1335 758 1391 sui
779 1334 892 1408 praelati
907 1349 961 1390 non
994 1326 1086 1383 'lertio
1097 1333 1140 1383 est
1151 1326 1251 1398 optima
1265 1327 1444 1400 congruentia
1456 1327 1578 1398 moralis,
1592 1327 1655 1401 quia
1670 1328 1793 1399 proprius

153 1423 242 1493 possit
264 1429 363 1480 contra
376 1422 423 1480 illa
441 1423 545 1496 valeres
569 1439 636 1499 ergo
656 1424 742 1483 multo
757 1427 846 1482 minus
861 1423 961 1496 poterit
994 1417 1134 1488 praelatos
1147 1415 1208 1472 talis
1222 1432 1353 1487 personae
1368 1417 1459 1489 babet,
1472 1418 1514 1474 vel
1529 1418 1627 1476 babere
1642 1419 1793 1491 proesumi-
1829 1441 1834 1453 «

154 1511 289 1570 adsersus
302 1512 457 1587 generalem
465 1513 673 1585 prohibitionem
681 1513 820 1572 Ecclesiae
830 1530 890 1572 esse
902 1515 959 1570 sui·
995 1512 1042 1563 tur
1055 1506 1178 1562 notitiam
1194 1505 1277 1575 illiue
1289 1512 1318 1563 θῑ
1330 1523 1479 1565 clunium
1494 1508 1712 1581 lllllcfllfflssffls
1723 1524 1793 1582 quae

153 1601 249 1658 ficiens
263 1616 313 1674 pro
327 1601 415 1660 alieno
428 1604 577 1660 meritorio,
994 1595 1021 1650 in
1041 1610 1073 1650 en
1094 1601 1159 1684 sunt
1179 1593 1213 1651 ad
1232 1595 1406 1654 eximendum
1426 1597 1499 1654 illurn
1518 1613 1533 1654 a
1554 1599 1599 1655 tali
1619 1599 1791 1673 obligatione.

196 1693 242 1749 η,
255 1692 327 1748 [1200
342 1700 506 1766 argument,
519 1693 648 1750 videniur
662 1692 732 1749 hano
747 1700 850 1765 pafrem
866 1695 957 1754 spem
993 1686 1015 1740 E
1029 1684 1168 1742 contrario
1185 1699 1249 1742 vero
1265 1673 1382 1743 arduum
1393 1693 1421 1744 et
1430 1687 1577 1744 molestum
1591 1696 1665 1744 esset
1675 1688 1720 1745 tall
1732 1704 1795 1760 per-

153 1779 341 1852 probabilem,
361 1781 535 1838 nibilominus
550 1788 639 1840 tamen
654 1781 824 1841 distinctione
839 1785 958 1856 quadam
993 1789 1096 1846 ⁸⁰¹¹⁸ir
1113 1772 1280 1858 ”liliumque
1301 1777 1507 1847 lilidlifllluh
1523 1775 1676 1848 praelatum
1692 1776 1745 1834 ¹⁰⁰5
1765 1783 1794 1834 01

153 1869 288 1927 utendum
304 1868 497 1928 vicecomitem
513 1869 622 1929 duobus
636 1871 723 1929 modis
737 1875 894 1946 contingere
908 1890 957 1945 po.
994 1864 1043 1921 sibi
1055 1863 1174 1920 alienum
1188 1865 1345 1937 convenire,
1358 1867 1437 1939 eique
1450 1867 1580 1922 radonem
1592 1882 1681 1938 suam,
1690 1865 1731 1922 vel
1745 1882 1792 1923 ne·

151 1967 218 2028 teor,
240 1968 270 2018 ut
290 1961 432 2034 praelarus
446 1961 494 2018 dot
512 1963 683 2035 privilegium
703 1969 802 2019 conon
814 1965 857 2020 jug
878 1980 955 2021 com.
992 1956 1150 2010 cessitatem
1167 1957 1285 2026 aperire,
1297 1955 1338 2012 vel
1354 1955 1437 2028 iquod
1452 1956 1589 2014 duriuset
1602 1955 1794 2013 difficiliores-

151 2065 237 2106 mune
254 2050 428 2124 posmodum
442 2051 661 2123 dispensationis:
678 2067 734 2108 uno
749 2051 829 2109 modo
843 2069 893 2125 W
909 2068 958 2127 30.
992 2045 1040 2118 set)
1057 2042 1236 2117 persuadere,
1251 2051 1278 2101 et
1296 2046 1430 2116 probare,
1449 2053 1480 2103 ut
1492 2043 1722 2118 dispensationem
1741 2061 1791 2118 pro

151 2139 278 2198 oerelem'
296 2142 504 2198 concessionem
518 2141 618 2198 iactam
637 2157 689 2214 pro
705 2146 763 2198 toto
782 2142 955 2216 episcopatu,
992 2134 1039 2192 lllo
1054 2135 1116 2192 loco
1138 2139 1226 2191 ratam
1241 2134 1369 2207 baberet,
1391 2149 1456 2208 ergo
1472 2134 1615 2192 verisimile
1633 2140 1691 2206 est,
1709 2134 1791 2192 talem

152 2229 197 2287 rel
211 2243 261 2303 pro
281 2228 419 2304 aliquibus
440 2231 507 2288 locis
528 2230 599 2288 illius
618 2247 652 2288 er
673 2230 805 2302 peculiari
824 2246 910 2289 causa
929 2239 958 2290 et
990 2223 1338 2296 dispellififfleffloloorio
1352 2225 1472 2298 pretiolo
1484 2225 1521 2282 ito
1534 2223 1789 2298 oowoommiooooo,

151 2319 321 2392 conditione,
346 2335 395 2377 seu
415 2322 579 2379 necessitato
600 2321 710 2393 speciali
732 2321 793 2378 talis
812 2321 866 2378 loci
884 2328 954 2379 orta.
991 2321 1024 2371 ui
1045 2313 1147 2388 ubique
1167 2312 1267 2370 volcol-
1283 2314 1358 2372 Unde
1380 2316 1489 2374 tandem
1509 2315 1704 2387 confirmator,
1727 2315 1792 2388 quio

151 2409 316 2480 Exemplum
332 2408 465 2466 iamiliare
479 2417 522 2466 est
536 2411 563 2467 in
577 2411 771 2483 concessione,
785 2425 856 2484 quae
870 2411 896 2467 in
910 2410 958 2468 ali·
991 2403 1130 2478 praelatus
1145 2403 1319 2476 particularis
1334 2419 1387 2462 non
1400 2404 1576 2478 dispensatio
1592 2403 1643 2460 boc
1660 2405 1731 2474 iure,
1740 2403 1790 2458 nisi

151 2500 255 2572 quibus
268 2499 565 2573 episcopatibusbuius
580 2501 655 2573 regni
667 2501 723 2556 lieri
737 2500 806 2557 solet
816 2500 850 2558 ad
864 2516 956 2558 come·
990 2511 1025 2552 cx
1037 2494 1180 2552 voluntate
1196 2500 1224 2550 et
1239 2496 1416 2553 concessione
1432 2496 1568 2553 Pontifiois
1586 2509 1730 2568 expressa,
1749 2493 1791 2550 uel

152 2587 274 2646 dendam
290 2589 427 2646 lacticinia
443 2591 469 2646 in
488 2589 583 2647 diebus
598 2588 737 2663 prohibitis
752 2591 777 2647 in
792 2591 956 2665 quibusdam
988 2585 1091 2657 'ieelim
1109 2601 1174 2642 oum
1189 2585 1231 2641 loo
1245 2585 1280 2642 oit
1294 2585 1378 2657 locius
1392 2585 1544 2658 Pootifidos
1562 2584 1610 2642 sed
1625 2585 1647 2641 si
1668 2584 1789 2642 Pontifex

151 2677 239 2748 locis,
254 2678 296 2736 rel
316 2678 491 2736 dioecesibus
506 2695 521 2736 a
542 2682 609 2736 mari
630 2681 781 2739 disiunctis.
796 2681 854 2738 llio
875 2682 957 2741 modo
990 2673 1110 2733 dodisset
1126 2673 1309 2749 privilegium,
1324 2675 1426 2748 ubique
1441 2676 1559 2748 valerem
1574 2690 1639 2748 ergo
1653 2681 1681 2730 et
1695 2672 1791 2730 datum

146 2783 204 2841 per
218 2768 364 2840 specialem
386 2771 595 2827 concessionem
609 2770 690 2827 alicui
709 2787 842 2843 personae
856 2772 955 2831 iactam
991 2785 1007 2826 a
1023 2771 1134 2843 proprio
1150 2770 1281 2841 praelato,
1297 2770 1344 2843 qui
1360 2771 1526 2844 subrogatus
1540 2777 1594 2843 est,
1614 2778 1645 2828 ut
1657 2770 1739 2827 iaciat
1753 2769 1789 2841 id,

150 2875 187 2916 ex
201 2861 310 2931 propria
325 2867 355 2917 et
370 2861 505 2932 personali
519 2876 604 2918 causa
618 2861 834 2933 ipsiusQuando
849 2864 956 2935 privile·
991 2859 1065 2933 quod
1079 2859 1200 2916 Pontifex
1215 2859 1326 2938 laceret,
1340 2861 1362 2917 si
1376 2860 1494 2918 adesset.
1507 2862 1542 2918 Et
1555 2860 1625 2918 banc
1636 2860 1790 2917 conclusio·

151 2949 237 3026 gium
246 2955 288 3006 est
303 2952 402 3021 prioris
416 2949 498 3022 modi,
511 2951 575 3009 dico
590 2967 643 3007 non
659 2951 748 3008 valere
760 2957 836 3009 extra
850 2953 956 3011 territo·
990 2967 1052 3008 nem
1065 2951 1129 3008 satis
1141 2949 1247 3007 ridetur
1259 2952 1559 3022 supponerellavarrus
1571 2951 1708 3023 supra.Et
1717 2964 1791 3006 eam·

151 3040 226 3094 rium
237 3037 423 3112 concedentis,
437 3039 478 3096 vel
488 3046 563 3098 extro
575 3040 669 3098 locum
679 3040 824 3112 dioecesis,
837 3056 887 3113 pro
898 3057 954 3114 quo
989 3039 1052 3098 dem
1072 3039 1350 3118 confirmattprimum
1370 3039 1523 3112 exemplum
1539 3039 1572 3098 de
1589 3039 1791 3113 dispensatione

152 3127 427 3201 conceditur,iurta
442 3127 513 3186 dicta
528 3130 554 3186 in
568 3135 672 3202 puncto
687 3129 874 3202 praecedenti,
890 3132 955 3204 quia
989 3129 1070 3203 legati
1085 3129 1119 3186 ad
1140 3129 1220 3200 plura
1232 3129 1376 3200 beneficia,
1398 3146 1461 3187 nam
1479 3130 1522 3188 illa
1543 3129 1697 3188 immediate
1710 3130 1792 3188 dero·

151 3217 325 3291 privilegium
339 3217 406 3275 illud
420 3232 474 3275 non
489 3218 658 3286 extenditur.
674 3221 742 3276 ltem
756 3218 790 3276 ibi
805 3227 898 3278 cessat
910 3237 955 3279 ra·
989 3226 1036 3291 gat
1049 3225 1207 3290 praecepto,
1223 3225 1251 3276 et
1265 3219 1303 3276 ita
1317 3235 1461 3292 personam
1475 3219 1608 3277 habilitat.

152 3310 191 3364 tio
201 3308 423 3380 dispensationis,
436 3323 507 3382 quae
516 3323 570 3366 non
582 3308 682 3367 incedit
692 3323 756 3364 cum
769 3325 895 3381 persona,
907 3309 954 3366 sed
972 3339 975 3344 ·
1031 3312 1074 3366 to.
1090 3309 1185 3381 Neque
1199 3314 1295 3365 contra
1314 3308 1366 3366 boc
1384 3310 1493 3366 obstant
1505 3309 1624 3366 rationes
1638 3309 1664 3364 in
1680 3313 1789 3365 contra-

151 3399 217 3455 loco
231 3398 309 3471 quasi
323 3396 468 3468 adhaeret,
491 3413 557 3471 ergo
570 3411 621 3454 nec
642 3397 805 3470 dispensatio
818 3399 903 3456 iuvat.
920 3401 956 3456 Et
990 3399 1060 3455 rium
1073 3397 1172 3472 iactae,
1186 3412 1249 3453 nam
1261 3397 1397 3468 inductio,
1408 3413 1480 3471 quae
1494 3397 1616 3470 suerrus,
1629 3397 1746 3470 pertinet
1755 3396 1789 3456 ad

151 3488 234 3561 bosa
247 3486 353 3544 fortiori
366 3487 530 3544 confirmant
544 3487 664 3544 rationes
675 3487 796 3560 proxime
806 3487 904 3544 sactae.
913 3489 954 3546 Ex
989 3489 1106 3560 priorem
1117 3493 1222 3560 partem
1237 3487 1417 3544 distinotionis
1437 3487 1554 3561 positae,
1565 3493 1593 3544 et
1604 3487 1676 3544 illurn
1690 3486 1790 3544 contir-

150 3591 210 3648 quo
224 3575 363 3633 declarata
382 3583 474 3633 manet
487 3575 581 3633 ultimo
595 3591 668 3648 pars,
684 3581 711 3632 et
729 3577 852 3650 exceptio
867 3577 893 3633 in
912 3594 956 3633 as·
990 3585 1055 3634 mat.
1071 3576 1111 3634 Ad
1131 3579 1264 3634 rationem
1279 3585 1370 3633 autem
1385 3584 1501 3650 negatur
1520 3576 1679 3648 simpliciter
1693 3590 1790 3632 conse·

152 3665 272 3723 sertione
286 3667 385 3739 posito,
400 3680 463 3723 nam
477 3673 589 3738 propter
603 3665 656 3724 boc
670 3681 758 3738 genus
772 3666 900 3740 privilegii
913 3675 956 3724 est
989 3669 1113 3743 quentia,
1128 3673 1155 3724 et
1169 3665 1201 3723 ad
1217 3667 1333 3739 primam
1349 3666 1535 3738 probationem
1550 3673 1665 3738 negatur
1682 3680 1790 3722 assum-

151 3755 252 3827 posita.
991 3765 1079 3832 ptum,
1093 3764 1120 3815 et
1133 3757 1330 3832 aequiparatio,
1342 3771 1413 3830 quae
1426 3756 1459 3812 ibi
1470 3757 1500 3814 fit
1509 3756 1577 3812 inter
1588 3757 1632 3812 ius
1642 3769 1790 3812 commune

196 3850 239 3904 ts.
254 3850 290 3903 bt
309 3859 374 3901 rero
387 3835 499 3918 quando
519 3845 696 3919 dispensatio,
714 3861 764 3903 seu
785 3846 954 3920 privilegium
988 3847 1148 3922 Ecclesiae,
1162 3854 1191 3906 et
1205 3845 1342 3919 privatum
1357 3845 1470 3903 alterins
1485 3845 1628 3914 territorii;
1644 3843 1788 3919 quiaillud

150 3943 197 3993 est
211 3936 373 4008 posterioris
386 3937 570 4008 rationis,seu
584 3951 658 3993 mere
672 3937 863 4008 personalo,st
873 3937 955 3996 babet
990 3946 1035 3996 est
1047 3938 1184 4010 generale,
1197 3944 1225 3994 et
1236 3935 1398 4009 superioris,
1411 3935 1458 4009 qui
1473 3950 1522 4008 pro
1534 3935 1671 4009 aliquibus·
1680 3933 1790 3992 casibus

151 4026 300 4099 legitimam
314 4041 428 4084 causam
442 4025 468 4081 in
485 4026 542 4098 ipsa
556 4041 684 4098 persona,
696 4033 725 4083 et
738 4041 804 4084 cum
819 4026 877 4098 ipsa
891 4043 955 4099 per·
990 4033 1018 4085 et
1037 4027 1161 4100 personis
1176 4026 1268 4099 potuit
1288 4027 1463 4083 committere
1481 4023 1711 4098 dispensationem
1729 4025 1790 4081 eius

152 4131 222 4172 sona
237 4130 346 4187 semper
367 4113 479 4186 incedit,
500 4113 607 4171 ridetur
627 4114 692 4170 mibi
707 4113 784 4171 valde
805 4115 954 4187 probabile,
991 4117 1075 4174 alicui
1088 4116 1208 4173 interiori
1228 4115 1349 4188 praelato
1364 4115 1414 4171 sibi
1435 4114 1632 4188 subordinato3
1653 4113 1705 4170 boc
1725 4127 1790 4169 roro

151 4220 237 4279 posse
252 4205 291 4262 sic
312 4204 512 4278 privilegiatum
532 4204 571 4272 uti
592 4203 794 4276 dispensatione
808 4221 859 4262 sua
878 4212 956 4262 extra
989 4212 1034 4274 est
1048 4205 1182 4278 speciale,
1204 4211 1233 4261 et
1252 4205 1285 4260 ab
1306 4203 1412 4277 aequali
1434 4203 1557 4276 praelato
1571 4204 1676 4273 latum,
1698 4218 1714 4259 a
1734 4217 1789 4276 quo

152 4294 325 4352 territorium
339 4293 529 4364 concedentis,
537 4298 569 4350 ut
582 4308 645 4366 ng.
658 4291 804 4350 comedere
819 4294 956 4352 lacticinia
991 4296 1065 4352 nulla
1077 4294 1226 4351 iurisdictio
1242 4295 1374 4364 macerit,
1386 4293 1429 4351 rel
1443 4294 1644 4352 communicata
1655 4298 1698 4350 est
1712 4291 1790 4350 alteri

151 4386 178 4441 in
189 4382 286 4440 diebus
300 4382 456 4464 probibitis,
468 4375 534 4440 dds
549 4382 601 4439 boc
613 4384 649 4440 sit
659 4383 831 4456 privilegium
844 4391 955 4456 propter
990 4385 1039 4442 sibi
1053 4384 1172 4458 aequali,
1185 4389 1213 4440 et
1226 4385 1263 4440 ita
1277 4398 1330 4440 non
1345 4390 1389 4440 est
1403 4383 1496 4440 similis
1510 4385 1591 4441 ratio.
1601 4385 1693 4454 Dices,
1706 4381 1789 4438 videri

151 4471 300 4546 specialem
314 4472 504 4530 necessitatem
519 4471 690 4544 personalem
706 4472 821 4544 subditi,
837 4481 865 4530 et
883 4475 955 4530 simi·
991 4474 1159 4545 absurdum,
1174 4470 1249 4545 quod
1263 4474 1351 4543 possit
1362 4474 1423 4547 quis
1439 4472 1479 4529 uti
1498 4472 1637 4546 privilegio
1651 4473 1694 4528 sui
1711 4479 1789 4544 prae·

152 4565 199 4620 lia.
212 4563 292 4620 Ratio
305 4569 358 4635 est,
374 4562 471 4634 primo,
486 4564 552 4636 quia
567 4562 602 4620 ita
616 4562 721 4620 videtur
735 4579 804 4620 usus
822 4564 956 4634 interpre·
991 4563 1037 4621 lati
1057 4562 1092 4620 ad
1113 4578 1166 4620 non
1188 4561 1362 4620 ieiunandum
1383 4561 1408 4618 in
1429 4561 1516 4620 alieno
1538 4561 1674 4619 territorio
1693 4562 1719 4617 in
1744 4560 1790 4619 die

152 4653 206 4710 tari
222 4651 380 4709 huiusmodi
398 4652 645 4724 dispensationem:
667 4669 729 4708 nam
743 4652 887 4726 religiosus
908 4652 956 4709 ba·
989 4657 1137 4726 praesepto
1152 4651 1186 4710 ab
1200 4653 1334 4723 Ecclesia,
1345 4658 1373 4709 et
1388 4666 1442 4708 non
1457 4653 1483 4707 in
1499 4651 1608 4724 speciali
1623 4651 1664 4708 die
1678 4666 1789 4724 praecc-

151 4743 222 4800 bens
237 4740 318 4798 telem
336 4741 566 4823 dispensationem
581 4758 597 4798 a
617 4758 669 4798 suo
684 4743 815 4815 praelato,
838 4743 879 4800 vel
893 4758 956 4814 pro·
989 4751 1066 4816 ptoa
1081 4741 1201 4815 praelato
1216 4741 1278 4799 looi.
1295 4739 1455 4813 Respondes
1478 4742 1581 4813 primo,
1597 4756 1650 4797 non
1670 4755 1730 4798 esse
1748 4743 1803 4796 in-'

152 4831 274 4905 vincinli,
285 4829 329 4888 illa
342 4834 440 4904 utitur,
451 4831 621 4904 ubicumque
632 4832 833 4907 peregrinetur,
844 4847 898 4888 non
912 4848 956 4889 so·
990 4830 1240 4904 conveniens,quia
1255 4829 1320 4888 licet
1332 4838 1511 4903 praeceptum
1521 4830 1663 4887 Ecclesiae
1676 4830 1788 4905 gravius

151 4920 212 4978 lum
228 4923 293 4994 quia
313 4928 356 4978 est
368 4928 524 4993 exemptus,
539 4928 567 4978 et
583 4922 654 4979 iorte
675 4927 752 4979 caret
764 4922 906 4992 superiore
927 4922 954 4978 in
990 4925 1087 4995 sit,est
1101 4921 1193 4995 aliquo
1209 4919 1288 4978 modo
1302 4923 1479 4991 commissum
1490 4919 1684 4993 dispensationi
1694 4921 1789 4976 unius-

152 5010 208 5068 alio
223 5011 302 5082 loco,
317 5009 364 5068 sed
378 5011 484 5068 etiamsi
499 5008 531 5067 ad
546 5010 627 5068 aliem
640 5010 771 5082 domurn,
787 5010 830 5067 rel
848 5011 955 5082 provin·
990 5012 1127 5084 cuiusque
1146 5010 1259 5082 praelati
1274 5025 1323 5082 pro
1338 5025 1454 5081 persona
1473 5010 1522 5067 sibi
1536 5009 1659 5081 subdita,
1680 5023 1734 5066 non
1749 5015 1789 5066 ta-

151 5103 225 5159 ciam
236 5099 388 5174 perveniat,
400 5100 446 5156 ubi
459 5107 577 5172 possete
591 5098 713 5174 praelato
727 5099 837 5172 proprio
850 5100 893 5157 sui
906 5099 955 5170 Or·
990 5115 1052 5157 men
1074 5102 1112 5156 ita
1135 5105 1179 5158 est
1204 5099 1244 5156 illi
1264 5099 1444 5157 commissum
1465 5104 1643 5171 praeceptum
1663 5097 1787 5169 interius,

152 5189 234 5260 dinis,
248 5188 295 5246 cui
309 5205 358 5262 pro
369 5196 437 5248 tunc
452 5189 558 5262 subest,
570 5188 876 5262 dispensastsecuodo,
891 5189 956 5263 quia
990 5189 1033 5246 vel
1047 5189 1173 5264 aequale.
1187 5188 1264 5246 nodo
1279 5187 1418 5262 secundo,
1435 5187 1573 5262 probabile
1585 5201 1662 5260 esso,
1677 5187 1788 5261 quando

152 5279 221 5338 illud
235 5279 279 5338 ius
291 5294 440 5340 commune
454 5295 507 5337 non
521 5278 621 5354 pendet
633 5279 667 5336 ab
681 5278 746 5355 boc,
762 5278 803 5337 rel
819 5278 862 5336 illo
879 5278 953 5353 loco,
990 5277 1154 5352 dispensatio
1169 5278 1233 5337 data
1246 5286 1288 5338 est
1302 5295 1335 5337 cn
1349 5279 1470 5354 legitima
1484 5293 1580 5350 eausa,
1595 5284 1624 5338 et
1636 5294 1687 5352 pro
1702 5280 1789 5338 omni·
