4278 6242
415 377 460 442 88
1121 391 1273 444 erasas.

369 517 494 576 absolute
513 524 603 592 aetus,
619 525 647 576 et
666 521 830 579 irritantium
844 518 915 583 illos,
929 518 1098 592 frequentior
1118 523 1170 574 est.
1208 535 1242 576 err
1257 535 1286 576 se
1307 520 1427 594 obligare
1442 529 1534 594 potest
1548 523 1575 578 iu
1595 521 1771 588 conscientia,
1793 519 1835 576 rel
1851 519 1885 575 ad
1907 531 2023 574 serran-

369 609 413 666 Sic
432 609 504 667 enim
525 609 705 680 probibentur
725 609 896 666 matrimonia
916 609 986 665 lotar
1007 608 1172 680 consangui·
1208 609 1269 666 dam
1289 610 1404 669 sormam
1421 612 1447 668 in
1469 612 1515 670 tali
1529 619 1605 683 actu,
1621 613 1643 668 si
1664 613 1722 683 irat,
1737 611 1779 668 rel
1796 609 1889 683 lquod
1906 605 2024 680 perinde
2095 597 2096 652 l

369 714 448 770 neos,
461 699 502 756 vel
515 698 622 771 afflues,
634 699 678 755 rel
688 714 753 754 eum
767 695 894 772 religioso
908 696 1043 768 professo,
1057 703 1106 754 ant
1116 695 1171 753 cte·
1207 698 1263 772 esti
1280 699 1313 757 ad
1332 718 1386 757 noo
1403 701 1559 760 iaciendum
1575 709 1669 760 actum
1684 703 1742 758 sine
1757 701 1804 758 tall
1818 701 1920 770 iorma,
1936 705 1966 755 et
1986 695 2021 751 de
2095 715 2096 772 ι

368 793 429 847 rico
440 791 468 846 in
482 789 579 856 sacris,
592 789 634 846 rel
649 787 823 859 prohibetur,
836 794 884 844 aut
896 788 1021 844 irritatur
1032 785 1118 856 datio,
1131 785 1172 840 vel
1207 789 1280 846 iacto
1295 793 1331 846 ita
1346 789 1458 865 obligat,
1474 792 1586 866 quando
1600 792 1642 849 rel
1662 793 1777 848 materia
1791 789 1858 862 legis
1872 789 1899 846 id
1921 804 1956 844 ex
1974 801 2024 842 na·
2095 777 2096 814 l

369 879 495 950 acceptio
516 878 683 948 simoniaca,
704 883 732 933 et
752 877 803 934 alia
823 877 932 934 similia.
953 877 1061 935 Tertius
1082 883 1173 934 autem
1209 885 1271 935 tura
1291 895 1342 936 sua
1362 881 1496 952 postulat,
1512 880 1553 938 rel
1575 883 1601 939 in
1622 882 1681 955 lege
1704 883 1771 938 satis
1791 880 1973 950 exprimitur,
1996 882 2025 932 et

370 969 471 1027 modus
486 973 577 1040 potest
591 967 730 1024 interdum
745 983 811 1025 cum
832 968 956 1041 quolibet
968 985 1001 1026 ex
1023 967 1174 1040 superiori·
1208 985 1261 1024 aon
1276 970 1482 1027 aliaslssertic
1492 971 1619 1028 estolara
1630 987 1662 1029 cx
1674 970 1867 1028 dictis.Primo
1877 969 1954 1026 enirn
1967 969 2024 1022 iam
2095 1013 2096 1042 ,

370 1059 423 1117 bue
434 1059 574 1131 coniungi.
582 1057 737 1131 Aliquando
749 1059 820 1114 enirn
828 1056 871 1114 lex
881 1058 949 1115 dane
957 1057 1073 1115 iormam
1085 1058 1173 1128 actui,
1208 1063 1352 1115 cetcuaum
1365 1065 1419 1131 est,
1433 1075 1480 1131 per
1492 1058 1559 1116 tales
1574 1044 1649 1134 lepos
1659 1061 1769 1117 nullum
1781 1066 1874 1116 ectum
1887 1057 2024 1115 absolute

328 1157 333 1173 '
370 1147 1174 1223 priuepraecipitsicieri,eeunonaliteriieri,etpoetea
1209 1149 1341 1221 praecipi,
1355 1154 1386 1204 ut
1399 1157 1443 1204 est
1456 1165 1546 1220 perse
1561 1157 1670 1224 notum3
1684 1165 1747 1206 nam
1762 1148 1803 1206 lca
1818 1149 1886 1204 daos
1899 1147 2025 1204 sormam
2095 1149 2096 1224 l

281 1261 283 1264 ·
371 1239 458 1296 irritat
480 1237 556 1294 aliter
570 1234 685 1308 laetum,
703 1243 734 1293 ut
753 1238 780 1293 ia
796 1237 928 1310 exemplis
942 1253 974 1295 ex
995 1237 1113 1294 concilio
1127 1234 1175 1293 ad·
1209 1238 1394 1308 matrimonio,
1412 1245 1461 1295 out
1482 1244 1728 1312 testamento,non
1750 1237 1884 1310 praecipit
1903 1243 2023 1293 contra·

372 1326 463 1384 ductis
478 1328 544 1382 eatis
559 1330 643 1397 patet:
660 1340 856 1398 nonnunquam
871 1341 936 1383 vero
950 1326 1014 1382 nibil
1030 1325 1172 1398 praecipit,
1208 1325 1275 1384 bere
1288 1329 1502 1399 matrimonium,
1516 1328 1665 1387 antiacerc
1676 1334 1879 1386 tastamentum:
1892 1342 1965 1398 ergo
1981 1331 2023 1381 te·

372 1417 414 1474 rel
429 1417 506 1473 circa
516 1421 610 1471 actum
623 1414 725 1488 ipsum,
738 1415 779 1472 uel
789 1414 906 1472 formam
920 1417 992 1487 eius,
1006 1416 1055 1473 sed
1066 1422 1173 1472 tanturn
1209 1417 1293 1474 lielex
1304 1433 1359 1474 non
1370 1417 1478 1475 inducit
1488 1417 1683 1492 obligationem
1693 1418 1726 1475 ad
1737 1416 1894 1474 iaciendum
1908 1421 2023 1482 actum,
2095 1403 2096 1470 l

372 1505 590 1565 conditionaliter
611 1506 718 1574 statuit,
735 1511 765 1562 nt
786 1505 931 1579 siabequa
948 1506 992 1563 tali
1013 1506 1102 1563 iorma
1116 1507 1171 1578 liat,
1208 1505 1271 1580 qula
1290 1506 1428 1563 beennon
1450 1507 1664 1574 oritur,nieiex
1685 1513 1833 1580 praecepto
1848 1503 2022 1562 affirmativo
2095 1571 2096 1594 χ

372 1613 427 1653 non
442 1595 541 1665 valeat,
554 1602 585 1651 ut
600 1601 675 1667 patet
686 1597 712 1651 in
728 1595 786 1667 lege
797 1593 831 1652 de
847 1596 1017 1654 solemnitate
1026 1603 1173 1653 testamen·
1208 1597 1346 1654 absoluto.
1361 1596 1491 1655 &enoda
1507 1611 1573 1654 uero
1593 1614 1658 1670 pars
1672 1599 1752 1654 etiam
1767 1603 1810 1652 eet
1828 1609 1922 1666 perse
1942 1577 2026 1649 clera
2095 1597 2096 1602 ’

373 1687 403 1754 ιι,
418 1689 447 1742 et
466 1682 608 1740 similibus:
625 1691 653 1739 et
673 1683 798 1741 similiter
810 1686 838 1741 in
859 1683 965 1757 legibus
983 1685 1091 1742 directe
1113 1684 1173 1740 irri·
1206 1687 1240 1744 de
1260 1686 1394 1760 possibili,
1415 1686 1480 1759 qru'a
1499 1686 1546 1744 illa
1566 1694 1690 1760 potestas
1711 1703 1764 1743 non
1785 1685 1894 1743 excedit
1916 1681 2026 1741 limites

372 1765 496 1832 tontibus
514 1781 595 1830 actus
615 1774 741 1847 aliquos,
756 1790 811 1831 non
833 1782 945 1847 propter
959 1774 1098 1832 deiectum
1120 1773 1174 1830 ior·
1207 1777 1335 1850 iustitias,
1352 1784 1380 1834 et
1394 1775 1533 1848 pertinere
1547 1783 1639 1849 potest
1653 1776 1686 1834 ad
1701 1775 1909 1833 convenientem
1924 1771 2025 1844 reipu·
2095 1823 2096 1858 ἢ

372 1879 445 1933 mae,
460 1861 507 1920 sed
529 1871 642 1935 propter
664 1863 730 1922 alias
750 1879 862 1938 causas,
885 1879 966 1938 saepe
987 1866 1075 1922 lentur
1095 1864 1173 1937 prius
1206 1866 1292 1923 blieae
1307 1867 1547 1940 gubernationem,
1559 1873 1586 1923 et
1602 1866 1636 1923 ab
1653 1883 1708 1924 usu
1722 1864 1826 1924 ostendi
1838 1870 1934 1936 potest
1948 1862 2027 1920 mul·

372 1951 499 2010 absoluta
511 1952 657 2024 probibitio
670 1958 761 2025 actus,
773 1961 801 2012 et
814 1953 925 2011 additor
937 1953 1064 2025 irritatio,
1078 1961 1110 2010 ut
1124 1968 1172 2026 pa·
1206 1959 1241 2016 tis
1256 1957 1388 2030 exemplis
1403 1973 1488 2030 supra
1500 1956 1648 2029 adductis,
1664 1972 1734 2031 quae
1748 1958 1840 2014 statim
1856 1953 2026 2011 necessario
2095 1955 2096 2000 t

373 2050 416 2102 tet
429 2043 455 2100 io
476 2042 607 2115 exemplis
622 2041 751 2099 adductis
764 2041 799 2099 de
819 2043 1009 2101 matrimonio:
1026 2041 1172 2116 aliquando
1207 2054 1375 2120 repetemus.
1393 2047 1459 2115 Quia
1481 2062 1545 2104 uero
1562 2046 1625 2103 talis
1639 2045 1684 2103 lex
1705 2061 1759 2103 non
1777 2059 1884 2117 semper
1907 2042 2026 2100 inducit

372 2150 438 2191 vero
449 2132 516 2188 nibil
532 2131 692 2205 simpliciter
703 2131 875 2204 probibetur,
888 2132 936 2189 sed
952 2132 1077 2189 irritatur
1091 2137 1172 2189 nctus
1206 2137 1292 2196 talem
1309 2137 1515 2210 obligationem,
1538 2143 1571 2193 ut
1590 2134 1712 2193 inductio
1733 2135 1758 2191 in
1778 2134 1914 2207 principio
1935 2132 2017 2189 iacta
2095 2159 2096 2164 1

372 2225 396 2281 si
411 2225 509 2295 tint,nt
523 2223 551 2278 in
565 2237 634 2280 essu
648 2238 711 2294 cap.
724 2225 879 2298 Quemvis,
895 2221 928 2278 de
944 2223 1054 2294 pretia
1066 2225 1094 2294 o,
1106 2236 1171 2278 cum
1206 2228 1364 2298 convincite
1380 2226 1441 2284 ideo
1455 2226 1604 2283 ditllcnltos
1619 2232 1677 2284 tota
1690 2232 1744 2298 est,
1758 2224 1869 2298 quando
1884 2224 1957 2280 baec
1975 2223 2021 2281 lex
2095 2227 2096 2316 l

372 2313 519 2383 timidone,
535 2310 685 2382 dequibus
701 2312 779 2369 inira.
1208 2316 1245 2373 ita
1260 2316 1363 2390 obliget
1379 2317 1404 2372 in
1424 2316 1611 2388 conscientia,
1628 2323 1661 2374 nt
1674 2316 1784 2374 omissio
1798 2315 1903 2372 lormaa
1919 2315 1948 2370 ia
1975 2313 2026 2375 tali
2095 2319 2096 2392 l

412 2407 439 2460 t.
455 2402 535 2460 Circa
554 2401 668 2459 alteram
683 2409 789 2474 partem
808 2402 924 2459 istarum
938 2401 1049 2477 legum,
1066 2398 1174 2459 scilicet
1207 2413 1273 2464 actu
1285 2409 1480 2479 peccaminosa
1494 2405 1538 2478 sit,
1551 2406 1607 2478 vel,
1618 2406 1695 2480 qrrod
1710 2405 1820 2477 perinde
1833 2411 1887 2478 est,
1903 2413 1936 2461 ut
1952 2418 2025 2460 con·

372 2491 570 2563 irritationem,
585 2490 784 2549 tdletlsndum
798 2499 851 2556 esi,
869 2491 1015 2564 dupliciter
1029 2507 1110 2563 poese
1124 2503 1173 2563 per
1209 2497 1332 2568 trahere,
1346 2497 1389 2554 rel
1404 2497 1487 2555 alium
1503 2496 1620 2554 similem
1635 2502 1729 2555 aetum
1742 2495 1832 2552 iacere
1847 2496 1908 2552 sine
1921 2493 2022 2552 debita
2095 2505 2096 2572 ι

373 2581 461 2655 legem
478 2581 573 2653 statui,
585 2595 682 2653 nempe
694 2580 735 2638 vel
749 2582 808 2654 ipso
823 2579 952 2652 laeto,uel
966 2586 997 2637 ut
1009 2579 1172 2637 faciendam.
1208 2586 1296 2644 lorma
1316 2603 1365 2660 per
1385 2586 1473 2660 legem
1494 2586 1643 2643 humanam
1651 2587 1844 2658 praescripta,
1862 2591 2022 2658 peecatum
2095 2651 2096 2666 χ

372 2672 440 2729 liam
454 2671 529 2728 elcut
539 2669 582 2728 lex
596 2669 716 2742 poenalis
727 2670 865 2727 interdum
876 2671 991 2744 imponit
1006 2686 1123 2743 poenam
1135 2669 1175 2727 ie
1212 2678 1258 2748 eit,
1273 2677 1315 2734 rel
1330 2693 1383 2734 non
1398 2680 1445 2734 sit.
2095 2725 2096 2748 ,

372 2761 499 2833 rendam,
512 2761 649 2817 interdum
665 2774 714 2832 per
724 2775 754 2816 se
768 2759 842 2817 illam
857 2760 939 2817 inlert
950 2761 1010 2833 ipso
1024 2760 1109 2833 lacto,
1123 2775 1173 2817 eea
1249 2773 1277 2826 5,
1293 2771 1352 2826 buo
1372 2781 1437 2840 ergo
1451 2767 1528 2840 signs
1548 2748 1725 2838 praebuimus
1741 2764 1775 2821 ad
1795 2761 2023 2838 dignoscendam
2095 2753 2096 2764 ’

372 2853 432 2925 ipso
448 2852 517 2908 lure:
530 2853 568 2907 ila
582 2851 699 2909 irritatio
711 2856 834 2923 ulloque
846 2849 928 2908 medo
939 2850 1004 2907 sarri
1020 2856 1112 2923 polest
1125 2857 1174 2921 per
1207 2857 1281 2914 hene
1302 2857 1505 2929 obligationem.
1522 2855 1614 2912 Unum
1634 2861 1689 2928 eet,
1705 2853 1816 2928 quande
1835 2860 1919 2910 actus
1934 2867 1972 2908 ex
1996 2853 2022 2905 vi
2095 2863 2096 2912 l

374 2940 473 3015 lesem,
488 2941 553 3014 dull
572 2946 690 3013 uterini
705 2939 805 2997 m0t¹¹¹⁸
820 2946 864 2997 0⁸²
883 2940 1035 3012 9⁰⁸⁸l¹llli⁸r
1050 2947 1078 2996 el
1099 2945 1174 2996 ulei·
1212 2949 1256 3004 eni
1271 2947 1368 3004 obiecti
1380 2953 1409 3004 et
1422 2951 1539 3002 naturae
1551 2943 1613 3002 talis
1627 2955 1679 3015 eet,
1692 2950 1724 3002 ut
1737 2942 1805 3001 velle
1821 2941 1899 2999 illurn
1910 2942 2022 3012 lacere,
2095 2973 2096 2988 ι

374 3047 428 3104 qne
443 3028 543 3103 pandet
555 3045 588 3087 ex
601 3030 715 3087 arbitrio
730 3029 909 3103 legislatoris,
925 3038 953 3087 et
972 3036 1177 3104 consequenter
1211 3035 1322 3113 quando
1343 3036 1430 3093 valide
1446 3036 1503 3093 tieri
1522 3051 1577 3092 non
1592 3041 1694 3108 potest,
1716 3041 1801 3105 turpe
1820 3033 1856 3090 sit
1868 3040 1899 3089 et
1918 3037 2026 3088 contra
2095 3011 2096 3088 ι

374 3137 409 3180 ex
423 3127 512 3178 mento
526 3120 598 3191 eius,
613 3135 685 3194 qnae
700 3135 755 3176 uno
771 3126 798 3176 at
812 3119 866 3177 elio
882 3119 961 3178 modo
976 3136 1025 3193 per
1039 3121 1123 3177 rerba
1138 3118 1177 3176 le·
1212 3133 1314 3184 netem
1337 3127 1480 3182 rationem.
1495 3123 1573 3193 Quod
1589 3125 1705 3182 maxime
1724 3123 1832 3181 ridetur
1853 3125 2025 3196 confingere
2095 3183 2096 3192 ἶ

278 3239 282 3247 ·
374 3226 441 3286 gum
464 3211 611 3286 significari
638 3209 720 3267 solet.
742 3211 827 3281 Saepe
851 3211 923 3266 enim
950 3208 1065 3280 dicunt,
1094 3208 1177 3267 talem
1211 3217 1239 3271 in
1253 3217 1368 3273 materia
1382 3213 1530 3288 roligionis,
1544 3220 1573 3272 et
1590 3216 1617 3271 ia
1632 3213 1739 3274 actibus
1754 3213 1852 3284 saeris,
1866 3220 1898 3270 et
1918 3213 1945 3268 in
1962 3228 2025 3268 ma·
2095 3243 2096 3270 ;

374 3309 487 3375 actum,
504 3301 601 3372 sitiat,
617 3297 906 3368 vataliterliat,essc
921 3301 1047 3372 irritum,
1063 3298 1106 3357 vel
1125 3315 1179 3355 non
1213 3305 1281 3362 teria
1294 3305 1428 3375 lustitiae3
1445 3319 1507 3366 anm
1522 3303 1632 3362 efficere
1648 3305 1786 3362 actionem
1801 3317 1911 3361 sacram
1931 3301 2021 3358 medo
2095 3307 2096 3378 J

373 3389 477 3463 valere,
493 3395 525 3447 ut
539 3390 565 3446 in
580 3391 599 3446 l.
613 3387 770 3464 stipulatio
784 3405 845 3446 uou
862 3387 950 3455 velet,
969 3389 998 3447 ll.
1010 3389 1044 3446 de
1065 3389 1174 3447 verbor.
1214 3395 1289 3453 irrito
1299 3402 1329 3452 et
1341 3392 1457 3451 invalido
1471 3394 1648 3467 sacrilegium
1658 3400 1712 3465 cst,
1722 3395 1786 3467 qnia
1798 3398 1842 3451 est
1855 3399 1963 3450 centra
1974 3407 2021 3448 re·
2095 3409 2096 3474 3

374 3480 463 3554 oblig.
476 3495 541 3538 com
555 3479 704 3536 similibus:
720 3479 868 3554 aliquando
883 3495 948 3537 raro
966 3478 1057 3538 solum
1071 3479 1177 3554 dicunt,
1213 3485 1362 3557 verentiam
1373 3483 1490 3542 debitam
1505 3483 1699 3552 reisacrae,ut
1709 3482 1798 3541 iacere
1809 3487 2023 3540 sacramentum
2095 3481 2096 3558 s

376 3577 406 3628 nt
419 3578 500 3628 actus
520 3569 655 3642 irritetur,
672 3574 704 3627 ut
724 3569 756 3626 dc
771 3567 925 3628 venditione
944 3569 1018 3628 ultre
1037 3568 1177 3626 dimidiam
1213 3575 1320 3632 irritum
1331 3582 1359 3633 et
1370 3576 1427 3631 siae
1437 3571 1529 3631 debita
1539 3573 1626 3631 iorma
1635 3580 1664 3631 et
1675 3573 1836 3632 materiallt
1845 3572 1898 3630 bac
1909 3574 2022 3630 ratione
2095 3561 2096 3570 ³

375 3659 441 3718 iusti
455 3660 546 3732 pretii,
561 3662 588 3717 ln
603 3659 623 3716 l.
636 3663 665 3730 2,
680 3661 711 3717 G.
724 3659 759 3717 do
773 3658 893 3718 rescind.
907 3661 1009 3719 rendit.
1022 3663 1068 3718 llis
1086 3667 1179 3718 arrtem
1212 3665 1318 3724 etiamsi
1340 3664 1487 3721 concilium
1502 3661 1679 3720 tridentinum
1700 3678 1830 3736 expresse
1850 3678 1907 3718 non
1923 3662 2022 3735 probi·
2095 3667 2096 3670 ’

375 3748 485 3806 duobus
513 3749 655 3807 ordinibus
679 3749 772 3823 legum
793 3752 884 3808 solent
904 3751 1056 3823 iurisperiti
1077 3747 1178 3808 addere
1213 3754 1318 3811 buieeet
1330 3793 1338 3826 ,
1352 3751 1401 3810 scd
1416 3757 1524 3810 tantum
1542 3752 1678 3811 irritasset
1691 3752 1896 3810 matrimonium
1911 3751 2022 3808 lactum
2095 3809 2096 3822 ἶ

377 3839 488 3896 tertium
510 3853 606 3896 earum
624 3838 727 3912 legum,
743 3845 988 3913 quaeuocantuae
1003 3842 1178 3912 assistentes,
1214 3844 1271 3900 sinc
1283 3841 1403 3916 parocho
1417 3847 1446 3898 et
1459 3841 1586 3916 testibus,
1599 3850 1675 3900 esset
1688 3833 1771 3921 gram
1786 3846 1934 3914 peccatum
1949 3836 2023 3896 illud
2095 3853 2096 3918 ᾗ

377 3943 428 3985 nec
443 3928 603 3985 resistentes
617 3931 776 3986 contractui
790 3969 797 4000 ,
812 3931 877 4002 quia
895 3945 949 3986 noa
964 3930 1030 3987 dant
1043 3931 1179 3987 actionem
1216 3933 1256 3990 sic
1272 3931 1448 4003 contrahere,
1460 3933 1525 4004 quia
1536 3939 1610 3990 essct
1622 3940 1720 3990 contra
1732 3931 1913 3990 reverentiam
1924 3945 2024 3986 sacra·
2095 3991 2096 3996 γ

377 4019 485 4078 ciuilem
499 4018 584 4075 alicui
597 4017 831 4076 contrabentium.
845 4018 898 4076 Sed
913 4018 964 4076 boo
978 4019 1052 4094 leges
1066 4035 1120 4076 uon
1135 4037 1179 4078 eo·
1193 4073 1196 4080 .
1216 4021 1442 4094 madidamque
1452 4020 2023 4095 coldoquolibetaliomatrimoniocontra-

376 4110 435 4167 lom
450 4108 586 4166 irritantes
600 4123 653 4166 non
668 4113 750 4179 suot,
763 4123 859 4167 rerum
872 4109 953 4166 etiam
967 4125 1019 4168 nce
1033 4109 1179 4183 probiben·
1214 4121 1261 4171 cto
1275 4128 1340 4170 cum
1356 4110 1549 4184 impedimento
1562 4113 1701 4186 irritante,
1716 4120 1746 4170 et
1759 4113 1792 4170 de
1806 4108 1978 4185 prolessione
1993 4113 2022 4167 in

333 4257 339 4264 ,
377 4206 419 4256 tes
433 4204 533 4270 actus,
549 4198 614 4272 quia
629 4212 679 4255 uec
694 4197 809 4270 irritant,
824 4213 876 4255 nec
890 4199 1056 4258 confirmant
1069 4207 1180 4259 contra·
1213 4203 1345 4276 religione
1359 4202 1442 4274 lacta,
1459 4202 1562 4259 omissa
1576 4202 1683 4270 torma,
1700 4217 1750 4260 seu
1764 4200 1970 4260 conditionibus
1984 4201 2021 4257 ab

377 4294 466 4359 etum,
482 4303 532 4344 nec
548 4283 701 4360 prohibent,
716 4301 767 4344 nec
782 4288 965 4362 praecipiunt3
979 4297 1008 4348 et
1022 4289 1059 4348 ita
1073 4291 1176 4349 versari
1213 4290 1340 4350 Ecclesia
1354 4292 1493 4366 requisitis
1508 4291 1542 4348 ad
1562 4291 1686 4350 valorem
1700 4292 1768 4350 eius.
1785 4290 1860 4348 idern
1878 4291 1972 4348 ridere
1986 4289 2021 4347 li·

377 4383 497 4452 possuat
509 4382 536 4434 et
556 4378 632 4434 eirea
650 4382 730 4433 aetus
750 4377 876 4448 iniustos,
899 4384 994 4437 otest
1014 4377 1056 4437 lex
1077 4394 1178 4454 negans
1213 4384 1296 4441 celin
1310 4381 1420 4438 materia
1433 4380 1561 4450 iustitiam
1574 4397 1636 4438 nam
1651 4380 1928 4452 electionemiaeerc,
1940 4394 2023 4453 prae·

378 4469 513 4528 actionem
533 4473 631 4524 contra
651 4464 832 4524 venditionem
852 4467 981 4527 iniustam
1001 4470 1072 4528 citra
1095 4470 1176 4529 dimi·
1213 4473 1342 4530 termteea
1362 4469 1533 4528 substantiali
1559 4471 1664 4542 torma,
1686 4485 1770 4544 grave
1790 4478 1940 4543 peccatum
1964 4475 2020 4542 cet,

379 4559 464 4629 diam,
476 4562 504 4616 et
518 4556 594 4613 eirca
608 4561 688 4613 actus
704 4555 803 4631 iustos,
816 4563 849 4614 ut
862 4565 906 4615 est
920 4557 963 4616 lex
977 4575 1079 4634 aegane
1094 4562 1179 4618 actio·
1213 4563 1280 4636 quia
1294 4561 1451 4618 necessario
1465 4558 1579 4617 involvit
1593 4561 1764 4634 iniustitiam,
1775 4567 1805 4617 et
1818 4559 1880 4618 ideo
1895 4559 2022 4634 grauiter

379 4664 442 4708 nem
463 4653 575 4720 propter
596 4646 681 4704 solem
702 4645 893 4722 obligationem
916 4651 1067 4707 naturalem
1089 4656 1178 4708 ortam
1214 4651 1367 4724 punitorio
1382 4649 1499 4707 Trideot.
1509 4655 1635 4724 sessis,
1648 4665 1710 4722 cap.
1721 4654 1748 4709 a.
1758 4649 1793 4707 de
1806 4651 1931 4723 regular.
1942 4649 2018 4707 idem

379 4754 412 4798 err
426 4737 542 4810 simplici
556 4737 749 4809 promissione.
765 4737 817 4806 Qui
836 4736 935 4796 modus
949 4737 1039 4813 legunt
1055 4757 1179 4814 praescr·
1213 4748 1267 4815 esi,
1288 4741 1396 4814 quoties
1417 4740 1478 4813 quis
1499 4756 1533 4798 cx
1553 4739 1645 4797 cilicio
1667 4746 1775 4797 tenetur
1794 4739 1887 4797 iacere
1909 4747 2019 4810 actum,

379 4831 429 4886 tim
440 4829 511 4885 inter
522 4826 617 4884 civiles
627 4827 774 4899 reperitur,
783 4834 812 4884 at
822 4825 887 4884 lieet
898 4827 1035 4886 irritantes
1047 4821 1177 4903 non‘sint,
1214 4846 1277 4888 narn
1299 4835 1506 4903 consequenter
1521 4835 1629 4889 tenetur
1650 4830 1742 4889 iacere
1756 4830 1889 4894 validum:
1908 4839 1938 4888 et
1957 4831 2019 4890 ideo

380 4925 413 4976 ut
427 4917 494 4988 diri,
505 4932 601 4974 carum
612 4916 707 4973 notitia
718 4917 819 4990 aliquid
830 4916 956 4975 conterre
968 4927 1058 4992 potest
1068 4920 1102 4977 nd
1112 4920 1180 4977 obli·
1212 4917 1455 4993 praetermittendo
1478 4907 1600 4979 debitam
1620 4921 1747 4997 formam,
1762 4929 1862 4979 contra
1884 4922 2019 4980 iustitiam

379 5008 514 5082 gailonem
528 5007 620 5079 logum
635 5005 797 5063 irritantium
812 5006 1028 5083 intelligendam,
1046 5017 1078 5068 ut
1091 5025 1124 5068 ex
1139 5009 1179 5068 di·
1213 5012 1307 5082 saciet,
1319 5017 1353 5083 ut
1367 5012 1389 5067 si
1404 5010 1485 5069 iudea
1499 5009 1661 5084 proterendo
1676 5011 1837 5068 sententiam
1849 5011 2021 5068 substantia·

380 5098 475 5158 cendia
490 5095 601 5170 patebit.
1216 5101 1256 5158 les
1270 5101 1496 5158 circumstantias
1510 5103 1630 5172 omittat,
1642 5107 1671 5157 et
1684 5103 1724 5158 sie
1739 5099 1772 5158 de
1786 5099 1857 5158 aliie.

419 5193 448 5248 t.
461 5190 515 5244 lam
530 5186 612 5261 igitur
621 5184 684 5241 dico
699 5185 795 5257 primo:
810 5185 866 5243 Lea
878 5185 946 5245 daus
961 5183 1077 5246 iormam
1092 5191 1179 5262 actui,
1251 5188 1345 5247 videri
1360 5196 1453 5246 eutem
1471 5197 1563 5262 potest
1582 5189 1649 5248 baec
1670 5190 1801 5265 obligatio
1814 5192 1841 5248 in
1857 5190 2019 5248 huiusmodi

381 5280 446 5346 lieet
458 5293 513 5335 non
533 5275 639 5351 obliget
651 5273 685 5332 ad
706 5277 870 5335 exercitium
891 5285 984 5353 actua,
1004 5279 1180 5338 nibilominus
1215 5281 1324 5338 casibus
1339 5296 1391 5338 non
1406 5279 1548 5353 provenire
1563 5281 1673 5356 proprie
1688 5297 1721 5340 ac
1740 5281 1889 5340 iorrnaliter
1903 5297 1938 5340 ex
1957 5281 2017 5355 lege
