4278 6242
428 349 490 414 Mo
1129 365 1278 416 umam

387 492 430 552 rel
450 493 578 550 materiae
598 493 748 551 necessitas
768 499 861 566 coget.
877 494 956 550 lauat
975 494 1057 551 etiam
1077 490 1113 548 ad
1133 490 1185 549 hoc
1221 490 1312 566 nibus,
1335 492 1529 566 matrimoniis,
1549 499 1578 550 et
1598 493 1815 566 professionibus
1834 497 2035 568 peccaminose

387 583 509 641 secundo
530 583 749 642 confirmandum
772 584 869 658 regula
889 585 941 656 75,
966 583 992 640 in
1014 587 1046 640 6:
1072 584 1188 664 Contra
1221 582 1313 639 laetis.
1330 587 1370 640 ha
1395 599 1459 642 vero
1473 583 1609 641 interdum
1623 585 1725 641 malitia
1739 590 1821 642 actus
1840 585 1975 658 impediat
1989 603 2038 643 rn-

387 689 466 734 cum.
485 676 537 746 qai
551 672 643 746 tepeat
658 672 755 731 dicere
766 676 864 748 potuit
877 675 1021 748 apertius,
1040 676 1083 729 est
1096 675 1189 729 inter·
1223 673 1310 733 loram
1324 675 1395 749 eius,
1407 691 1440 732 ex
1455 675 1591 747 capitibus
1606 676 1783 749 sequentibus
1797 676 1949 736 constabit.

382 764 515 835 metatio
530 761 697 836 sccteodc;
724 779 795 836 quae
814 765 902 821 iurari
917 763 997 820 etiam
1012 761 1188 834 inpraesenti

387 858 478 926 potest
492 869 525 909 ex
542 853 640 926 regula
655 858 701 911 30:
718 857 756 912 In
768 853 901 910 obscuris
915 855 1076 910 notatarum
1089 856 1132 908 est
1145 867 1189 908 sc·
1478 877 1619 950 CAPUT
1642 881 1752 951 XXVI

386 940 545 1034 queqdum.
563 945 593 1000 ln
611 944 748 1016 praesenti
766 945 837 1001 cuim
852 959 905 1000 non
920 950 963 1000 est
976 940 1108 1024 dubium,¹
1121 943 1187 1014 quin
1757 934 1765 953 '

386 1032 522 1104 potuisset
542 1032 680 1106 legislator
702 1035 854 1105 exprimere
877 1033 979 1090 clarius
994 1033 1186 1102 irritationem,

387 1121 408 1178 si
421 1137 480 1178 eam
495 1121 661 1194 intendebat,
677 1123 772 1182 debuit
785 1140 852 1198 ergo
866 1124 892 1181 id
908 1123 1083 1197 iacere,quia
1097 1123 1188 1179 solum

387 1213 500 1270 verbum
520 1214 711 1286 prohibitionis
731 1213 765 1271 ad
787 1216 928 1273 minimum
948 1221 993 1272 est
1014 1213 1186 1285 ambiguum3

386 1317 454 1376 ergo
474 1305 498 1358 si
518 1302 545 1360 id
566 1319 620 1360 non
642 1304 722 1376 lecit,
739 1305 836 1362 merito
851 1305 1075 1376 interpretamur,
1093 1301 1119 1358 id
1133 1317 1187 1357 nou

387 1391 558 1463 intendisse,
585 1399 614 1450 et
634 1394 776 1450 minimum
797 1395 961 1467 sequimur,
986 1391 1128 1448 tribuendo
1152 1390 1189 1448 illi

386 1480 438 1554 legi
454 1482 595 1539 minimum
606 1482 746 1550 ellectum,
756 1499 838 1556 quem
849 1499 882 1560 es
894 1485 919 1538 vi
930 1481 990 1555 telis
1002 1480 1077 1538 verbi
1089 1479 1188 1537 habere

386 1578 490 1645 potest.
508 1573 668 1629 confirmari
687 1573 740 1629 hoc
762 1576 844 1630 etism
859 1578 964 1643 potest,
981 1573 1047 1644 quia
1060 1570 1188 1642 irritatio,

386 1675 458 1734 (luae
484 1668 596 1733 l³f⁰lner
620 1663 708 1736 legem
731 1663 857 1720 Vi⁰¹³l³ffl
883 1662 1053 1732 i¹¹⁰l¹ffi²l¹lr
1069 1657 1190 1732 9⁰0¹¹³¹l⁸
1260 1685 1415 1736 irritationis
1428 1687 1615 1749 poenalis-3.
1630 1689 1759 1751 Quomodo
1768 1689 1904 1742 inducitur
1917 1693 2039 1744 irritatio
2118 1699 2119 1744 i

386 1757 443 1823 est3
469 1766 555 1823 poena
573 1759 665 1809 autem
683 1768 737 1809 non
750 1751 904 1809 incurritur
918 1753 978 1824 ipso
992 1749 1080 1821 laeto,
1096 1749 1149 1827 nisi
1163 1748 1188 1804 lu
1261 1767 1310 1805 non
1325 1755 1448 1818 poenalis.
2118 1765 2119 1768 ’

387 1839 446 1912 lege
464 1841 651 1914 exprimatur,
670 1857 738 1914 ergo
753 1857 803 1899 aec
818 1842 946 1899 irritatio.
961 1842 1048 1912 Nam,
1065 1845 1097 1896 ut
1111 1845 1189 1896 recta
1683 1889 1686 1896 Δ
2118 1919 2119 1924 ¹

386 1928 455 1987 dixit
473 1931 615 1987 Innocent.
630 1933 657 1986 ia
671 1946 734 2003 cap.
752 1934 787 1989 Si
799 1947 875 1999 uere,
893 1931 926 1988 de
941 1935 1058 1987 sentent.
1075 1944 1187 1986 excom·
1266 1929 1290 1984 1.
1308 1925 1469 2000 Priusquam
1489 1926 1524 1984 ad
1543 1927 1585 1984 ius
1599 1927 1745 2000 positivum
1765 1929 1966 1992 declarandum
1987 1950 2038 1992 nc·
2118 1931 2119 2014 J

387 2036 463 2082 mua.
483 2035 511 2076 u.
528 2025 558 2093 2,
572 2036 626 2078 non
645 2027 689 2078 est
706 2021 838 2082 naturalis
859 2037 946 2092 pocus
967 2018 1188 2078 contrahentium
1224 2015 1368 2086 cedamus,
1383 2024 1493 2089 oportet
1505 2033 1654 2090 exponere,
1666 2019 1731 2093 quid
1746 2023 1782 2078 sit
1795 2024 1990 2080 necessarium
2002 2041 2039 2082 ex

386 2116 485 2168 contra
503 2111 657 2185 legem,vel
671 2118 767 2169 contra
781 2111 940 2170 mandatum
955 2109 1187 2183 principis,utir·
1223 2113 1323 2164 natura
1349 2109 1386 2163 rei
1414 2107 1486 2164 ultra
1511 2107 1734 2182 prohibitionem,
1757 2118 1790 2168 ut
1814 2111 1857 2169 lex
1883 2113 2038 2185 prohibens
2118 2113 2119 2136 ³

1247 1072 1361 1150 Quibus
1374 1073 1467 1132 verbis
1480 1079 1537 1132 cot
1549 1073 1645 1133 aradis
1660 1074 1710 1134 les
1720 1077 2014 1152 monumentum,

1522 1167 1619 1222 irritet
1631 1163 1729 1223 illum.
2118 1158 2119 1194 ³

1493 1357 1763 1424 Summanum

1225 1544 1250 1594 l.
1265 1545 1361 1608 baptor
1373 1545 1479 1607 modus,
1492 1560 1544 1610 quo
1555 1546 1645 1598 haberi
1658 1554 1743 1612 potest
1756 1549 1873 1602 irritatio
1886 1558 1961 1604 actus
1974 1553 2039 1603 sim-

1259 1615 1364 1678 pliciter
1376 1615 1511 1679 prohibiti.
1519 1616 1583 1667 -2,
1595 1618 1931 1681 Quomodo'ecgnoscendus
1944 1623 2039 1674 modus
2118 1637 2119 1644 ¹

387 2200 471 2256 ritum
492 2203 528 2256 sit
549 2201 653 2259 lactum
673 2207 769 2259 contra
783 2205 838 2259 ius.
851 2202 932 2270 Quod
946 2202 1120 2257 verissimum
1135 2205 1188 2272 est,
1224 2202 1328 2268 actum,
1345 2197 1443 2253 irritet.
1456 2198 1524 2254 Cum
1540 2200 1612 2255 enim
1626 2199 1732 2258 dictum
1746 2201 1792 2268 sit,
1808 2201 1899 2260 solum
1914 2203 2039 2261 verbum
2118 2203 2119 2206 ’

387 2289 520 2363 quidquid
539 2293 605 2348 bec.
621 2298 649 2348 et
662 2291 737 2349 Beld.
754 2309 837 2365 supra
851 2293 925 2349 citati
939 2291 1110 2362 dicantqtum
1124 2289 1189 2360 quia
1224 2285 1384 2359 prohibendi
1407 2301 1461 2344 non
1484 2286 1631 2357 sullicere,
1652 2297 1762 2362 oportet
1781 2307 1939 2365 exponere,
1961 2310 2039 2367 quae

387 2378 462 2435 nulla
483 2380 550 2436 ratio
568 2380 630 2437 talis
645 2381 881 2439 connaturalitatis
897 2381 977 2438 buius
991 2393 1094 2452 poenae
1109 2377 1184 2434 reddi
1226 2377 1308 2434 rerba
1326 2377 1393 2447 legis
1414 2376 1566 2451 sufficiant,
1583 2386 1614 2437 ut
1634 2396 1682 2452 per
1695 2397 1729 2438 es
1748 2381 1900 2464 explicetur
1913 2383 2039 2442 irritatio

387 2475 486 2540 potest3
499 2476 559 2526 tum
574 2471 668 2542 cham,
680 2472 743 2543 quia
758 2471 799 2528 les
814 2471 945 2528 naturalis
959 2469 1048 2528 mults
1062 2468 1189 2540 prohibat
1224 2473 1304 2524 actus
1324 2465 1464 2538 prohibiti:
1478 2473 1507 2524 et
1519 2484 1572 2524 non
1587 2469 1694 2542 agimus
1705 2469 1739 2527 de
1754 2471 1936 2542 prohibitione
1950 2481 2040 2530 actus
2118 2517 2119 2538 ,

386 2558 456 2630 lieri,
479 2575 550 2631 quae
572 2576 626 2617 non
641 2563 747 2633 irritat,
771 2561 824 2618 imo
840 2569 871 2620 ut
884 2561 988 2634 irritet,
1004 2575 1117 2617 necesse
1132 2566 1185 2630 est,
1224 2563 1338 2628 propter
1360 2555 1500 2612 deiectum
1514 2557 1635 2628 termae,
1651 2559 1684 2616 da
1706 2559 1756 2616 hac
1771 2562 1842 2618 enim
1862 2562 1994 2620 dicemus
2007 2564 2039 2620 in
2118 2565 2119 2612 ἰ

387 2655 419 2705 ut
432 2651 545 2706 materia
561 2657 654 2724 cogat,
668 2657 700 2708 ut
714 2666 797 2723 supra
811 2653 900 2708 visum
914 2658 968 2721 est,
981 2667 1046 2723 ergo
1062 2650 1134 2707 idem
1148 2649 1189 2705 di·
1223 2647 1311 2716 capite
1332 2646 1474 2717 sequenti,
1491 2647 1539 2703 sed
1553 2646 1587 2704 de
1608 2649 1756 2706 irritatione
1771 2657 1850 2709 actus
1871 2653 2038 2725 simpliciter
2118 2639 2119 2718 f

386 2737 587 2796 ceredebemus
598 2739 632 2796 de
648 2741 709 2813 lege
721 2741 832 2812 positiva
841 2757 873 2797 es
885 2748 983 2798 natura
992 2740 1030 2796 rei
1041 2738 1188 2812 loquendo.
1224 2734 1365 2806 prohibiti.
1385 2734 1425 2792 sd
1440 2735 1493 2792 hoc
1507 2751 1575 2809 ergo
1589 2737 1792 2810 explicandum,
1808 2755 1922 2797 necesse
1936 2749 1981 2798 cst
1995 2742 2038 2798 di·
2118 2737 2119 2816 f

426 2829 519 2901 Neque
531 2837 626 2886 contra
637 2831 830 2888 resolutionem
842 2830 1134 2903 hancproccditprima
1146 2844 1189 2886 rn-
1223 2827 1365 2899 stinguere
1383 2828 1455 2882 inter
1469 2828 1650 2886 irritationem
1667 2829 1809 2901 poenalem
1819 2837 1849 2888 et
1860 2847 1915 2888 non
1931 2848 2039 2904 poena·

387 2919 423 2975 tio
438 2916 578 2976 dubitandi
593 2921 618 2976 in
637 2921 771 2993 principio
787 2921 889 2992 posita,
906 2921 970 2995 quia
986 2927 1043 2976 tota
1058 2919 1188 2976 tundatur
1224 2915 1289 2987 lem,
1302 2916 1350 2973 sed
1370 2933 1462 2989 perse
1478 2918 1611 2992 intentam
1627 2921 1851 2992 propterhonum
1867 2937 2035 2980 commune.
2118 2931 2119 2982 3

387 3009 412 3063 in
427 3010 487 3064 iure
504 3010 632 3082 positivo,
644 3010 677 3067 de
691 3027 747 3083 quo
763 3019 857 3083 postea
872 3010 1019 3067 dicendum
1033 3015 1086 3065 est.
1096 3007 1135 3065 Ad
1150 3008 1189 3064 in·
1222 3007 1347 3080 Itemque
1374 3008 1400 3062 in
1422 3007 1526 3078 poenali
1547 3007 1767 3081 distinguendum
1788 3017 1832 3068 est
1851 3012 1923 3068 inter
1943 3013 2035 3088 illam,
2118 3037 2119 3068 a

386 3097 544 3156 ductionem
568 3106 678 3173 autem,
694 3103 807 3174 quae‘lit
827 3103 854 3157 in
870 3099 992 3158 secundo
1014 3103 1187 3172 argumento,
1223 3112 1295 3170 quae
1313 3105 1357 3154 cst
1376 3103 1485 3155 tentum
1498 3098 1628 3170 serenda,
1643 3101 1708 3172 quia
1722 3101 1811 3158 solum
1826 3102 1883 3159 fieri
1897 3105 2036 3176 praecipi·
2118 3103 2119 3180 ,

386 3189 487 3259 patebit
507 3191 648 3260 responsio
660 3205 695 3247 ex
714 3177 823 3248 duobus
843 3190 978 3262 capitibus
998 3189 1187 3261 sequentibus.
1225 3196 1282 3258 tur,
1294 3195 1323 3244 et
1336 3203 1407 3261 quae
1427 3189 1485 3260 ipso
1500 3189 1573 3246 locta
1588 3189 1833 3260 imponitur.Circa
1846 3191 2034 3250 irritationem
2118 3185 2119 3196 ’

386 3277 426 3334 Ad
446 3279 578 3336 rationem
594 3295 660 3336 vero
683 3282 763 3336 tertio
778 3280 840 3337 loco
860 3280 1027 3352 propositam
1042 3276 1189 3349 responde·
1222 3293 1289 3349 ergo
1304 3283 1411 3334 tanturn
1422 3277 1563 3334 terendam
1576 3278 1600 3334 in
1612 3295 1738 3350 poenam,
1750 3280 1814 3338 nihil
1828 3281 1885 3338 lere
1897 3285 1961 3340 nori
1976 3291 2034 3354 est,

386 3373 444 3437 tur,
458 3367 625 3426 voluntatem
642 3370 777 3426 interioris
791 3387 845 3426 non
860 3369 1017 3443 praevalere
1028 3376 1125 3426 contra
1141 3385 1189 3427 vc·
1223 3366 1298 3441 quod
1313 3367 1447 3426 dieamus.
1460 3368 1528 3435 Quia
1542 3367 1603 3424 talis
1618 3369 1732 3426 irritatio
1748 3370 1823 3429 nullo
1839 3373 1921 3430 modo
1937 3377 2035 3431 statim
2118 3429 2119 3438 ,

386 3456 516 3516 luntetem
531 3461 680 3531 superioris
692 3461 718 3515 in
737 3475 781 3531 eo,
792 3462 818 3516 in
834 3477 889 3533 quo
901 3459 939 3516 illi
954 3459 1068 3531 resistit,
1081 3459 1128 3516 sed
1142 3475 1187 3516 so·
1223 3458 1252 3513 tit
1269 3472 1317 3528 per
1332 3456 1438 3531 legem,
1455 3456 1502 3513 sed
1518 3472 1566 3528 per
1579 3457 1697 3516 iudicem
1712 3460 1767 3516 heri
1782 3460 1879 3534 debet,
1895 3471 1924 3520 et
1937 3479 1988 3535 per
2004 3481 2035 3520 se
2118 3471 2119 3474 ’

386 3547 443 3604 lum
457 3546 482 3604 iu
497 3565 546 3620 eo,
562 3549 588 3605 in
602 3564 658 3622 quo
673 3551 800 3622 superior
814 3565 868 3606 non
887 3550 1001 3606 resistit.
1015 3551 1051 3608 Ut
1069 3551 1096 3604 in
1111 3563 1189 3621 prae·
1223 3545 1359 3618 loquendo
1383 3545 1473 3624 solum
1495 3547 1525 3602 lit
1545 3562 1559 3602 a
1581 3552 1704 3620 tempora
1723 3552 1873 3607 sententiae
1895 3551 1983 3624 latae,
2004 3561 2035 3610 et
2118 3547 2119 3584 ἶ

386 3640 474 3711 senti,
491 3635 554 3711 quia
571 3641 698 3711 superior
712 3639 840 3711 prohibet
852 3646 965 3711 actum,
981 3655 1034 3696 non
1048 3645 1138 3712 potest
1153 3638 1189 3694 illi
1223 3645 1289 3695 tunc
1317 3653 1373 3693 non
1401 3641 1588 3694 retractantur
1613 3639 1775 3711 praeterita,
1805 3639 1855 3696 nisi
1883 3642 2033 3713 specialem

387 3725 515 3784 subditus
529 3729 664 3794 resistere,
687 3729 751 3801 quin
767 3735 875 3802 peccet,
887 3735 914 3785 et
928 3729 1054 3787 similiter
1068 3731 1091 3785 si
1106 3744 1188 3800 supe·
1223 3728 1380 3784 iniustitiam
1396 3717 1566 3795 contineant,
1582 3735 1630 3783 aut
1643 3726 1773 3786 delictum
1789 3729 1901 3803 aliquod
1914 3731 2033 3803 dignum
2118 3803 2119 3812 ἵ

388 3816 443 3872 rior
456 3818 576 3874 irritaret
591 3825 696 3888 ectum,
709 3835 762 3875 aon
782 3825 875 3890 posset
887 3818 996 3875 inlerior
1008 3815 1084 3876 illum
1099 3817 1188 3875 valide
1223 3816 1317 3872 maiori
1332 3831 1434 3887 poena,
1450 3815 1493 3884 vel
1507 3815 1560 3872 nisi
1575 3815 1616 3872 les
1631 3816 1715 3874 addat
1728 3819 1893 3889 particulam
1906 3822 2035 3894 ipsasc-

386 3905 505 3962 ellieere.
519 3908 617 3964 Tamen
636 3909 698 3980 quia
713 3924 760 3980 per
776 3907 862 3981 legem
874 3923 943 3979 pure
958 3907 1144 3980 prohibentem
1155 3923 1188 3963 ex
1222 3912 1278 3962 cto.
1292 3905 1360 3973 Quia
1375 3904 1431 3960 aine
1444 3903 1490 3960 illa
1503 3903 1546 3960 les
1558 3921 1611 3960 non
1626 3905 1729 3979 obligat
1740 3907 1774 3964 ad
1788 3909 2033 3968 retrotrahendam

386 4002 485 4052 natura
512 3998 551 4053 rei
575 3998 701 4068 superior
727 3999 831 4054 resistit
857 3997 995 4054 honestati
1019 4003 1046 4053 at
1073 3996 1188 4053 libertati
1222 3995 1401 4064 sententiam,
1420 4008 1468 4065 per
1484 4009 1568 4067 quam
1582 4001 1663 4051 nctus
1678 3995 1811 4054 irritatur.
1828 3997 1901 4056 Alias
1916 3999 1960 4055 lex
1979 4000 2032 4056 irn-

387 4093 483 4157 actus,
499 4103 551 4143 non
567 4093 655 4143 tamen
675 4087 779 4159 valori,
794 4087 855 4143 ideo
870 4077 938 4144 licet'
947 4094 1027 4144 actus
1041 4086 1111 4144 male
1126 4089 1182 4158 fiat,
1223 4101 1325 4158 ponens
1337 4085 1395 4157 ipsc
1408 4085 1482 4140 laeto
1503 4086 1682 4142 irritationem
1693 4087 1845 4162 poenalem,
1867 4089 1934 4146 nihil
1945 4090 2033 4148 adde·

386 4175 493 4232 validus
513 4182 566 4233 est.
579 4177 647 4244 Quia
666 4182 698 4233 ut
716 4183 796 4233 actus
811 4175 914 4245 valent,
930 4193 982 4233 non
997 4182 1042 4234 est
1061 4179 1189 4234 necessa·
1222 4184 1264 4234 ret
1279 4177 1350 4236 ultra
1364 4175 1449 4247 illam,
1462 4190 1532 4247 quae
1547 4174 1636 4232 solum
1652 4177 1903 4249 praecipitirritare
1918 4189 2030 4253 actum,

387 4267 475 4338 rium,
492 4281 540 4338 per
560 4283 589 4322 se
611 4265 762 4343 loquendo,
780 4273 811 4324 ut
831 4267 979 4340 superioris
1000 4266 1126 4324 uoluntas
1148 4266 1188 4322 rel
1223 4267 1297 4341 quod
1311 4267 1454 4338 uerisimile
1470 4273 1590 4322 nan-est.
1604 4266 1691 4338 lgitur
1705 4267 1768 4324 talis
1783 4269 1825 4327 les
1840 4270 1945 4327 nullam
1959 4271 2035 4328 obli-

387 4355 538 4413 humanum
555 4358 598 4412 ius
613 4357 700 4427 iuret,
712 4355 754 4412 vel
769 4356 879 4414 assistat
892 4357 930 4412 illi
946 4357 1071 4428 positive,
1084 4356 1130 4412 sed
1146 4371 1189 4420 sa-
1223 4361 1360 4432 gationem
1371 4358 1398 4412 in
1414 4355 1580 4413 conscientia
1591 4355 1698 4414 inducit
1713 4359 1845 4433 usquead
1860 4361 2030 4420 senteutiam
2118 4415 2119 4422 ,

388 4447 422 4502 tis
442 4452 499 4516 est,
514 4447 589 4519 quod
609 4462 663 4502 non
683 4447 793 4503 resistat
812 4446 953 4504 irritando.
975 4446 1043 4514 Quia
1061 4446 1188 4503 voluntas
1223 4447 1304 4504 latam
1316 4453 1366 4522 ,ct
1382 4452 1447 4502 tunc
1461 4443 1556 4502 eedem
1570 4452 1615 4503 est
1629 4448 1697 4505 ratio
1712 4448 1746 4504 de
1759 4447 1819 4520 illa,
1836 4465 1906 4522 quac
1920 4450 1954 4506 de
1970 4451 2033 4506 aliis

386 4537 506 4594 humana
517 4551 549 4594 ex
563 4538 749 4594 iure'naturee
768 4536 850 4594 habet
863 4537 933 4593 hanc
945 4543 1107 4608 potestatem
1122 4553 1189 4592 con·
1223 4536 1383 4609 poenalibus
1403 4535 1517 4606 legibus.
1533 4535 1645 4602 Quando
1660 4553 1725 4593 veru
1746 4537 1814 4599 haee
1829 4553 1918 4611 poena
1938 4541 2030 4612 impo-

387 4626 526 4696 trahcndi,
541 4627 676 4696 donandi,
694 4635 722 4683 et
737 4625 788 4684 alia
801 4627 897 4684 similia
912 4626 1039 4694 laciendi,
1056 4626 1188 4699 quamdiu
1222 4629 1296 4684 nitur
1311 4627 1369 4698 ipso
1391 4626 1476 4692 iacto,
1491 4623 1595 4695 duplici
1616 4624 1697 4682 modo
1717 4642 1802 4698 supra
1822 4628 1959 4685 insinuato
1979 4631 2033 4686 im-

386 4730 436 4786 per
451 4717 621 4786 superiorem
636 4719 694 4774 eius
712 4716 828 4774 laeultas
842 4731 896 4774 non
910 4723 954 4773 est
967 4716 1068 4789 abluta,
1085 4717 1127 4772 vel
1142 4717 1190 4782 im·
1222 4717 1407 4792 poni-potest,
1423 4714 1546 4786 scilieet,
1562 4714 1604 4772 rel
1623 4714 1705 4772 itaut
1723 4717 1882 4790 requiratur
1895 4723 2032 4780 sententia

387 4802 494 4875 pedite,
515 4805 596 4861 etiam
617 4805 708 4878 quoad
731 4807 817 4877 ipsam
840 4812 1002 4879 potestatem
1023 4811 1051 4862 ct
1070 4806 1189 4864 valorem
1223 4805 1331 4873 iudicis,
1347 4804 1507 4877 priusquam
1521 4805 1548 4858 in
1563 4803 1664 4860 ellectu
1679 4811 1760 4861 actus
1775 4807 1809 4862 sit
1823 4807 1928 4883 nullus,
1944 4813 2032 4870 etiam

387 4902 478 4951 actus.
494 4895 530 4951 Et
549 4895 608 4951 ideo
630 4911 684 4951 non
708 4896 813 4968 obstat,
835 4896 908 4968 quod
929 4903 1010 4953 actus
1031 4895 1119 4954 malus
1141 4899 1187 4970 sit,
1222 4894 1317 4974 quoad
1329 4893 1481 4950 naturalem
1493 4893 1690 4965 obligationem,
1703 4893 1746 4951 rel
1761 4895 1798 4952 ita
1810 4903 1840 4953 ut
1853 4900 1947 4956 statim
1963 4909 2031 4959 ante

386 4999 447 5040 nam
463 4999 511 5055 per
530 4989 623 5043 actum
644 4985 745 5042 malum
764 4987 995 5057 possuntsimiles
1009 4987 1125 5045 ellectus
1144 5003 1189 5044 va·
1223 4986 1383 5044 senteutiam
1402 4983 1437 5040 sit
1455 4984 1483 5039 in
1499 4997 1529 5038 se
1547 4985 1655 5068 omnino
1673 4985 1778 5042 irritus.
1796 4988 1831 5043 lit
1849 4988 1960 5060 quidem
1983 4993 2031 5050 hic

387 5071 525 5144 lideberi,
543 5081 574 5131 ut
587 5091 636 5146 per
653 5090 682 5132 se
696 5083 823 5148 constat,
839 5077 893 5134 imo
908 5091 988 5148 saepe
1004 5078 1060 5148 ius,
1076 5084 1105 5135 et
1116 5080 1189 5135 beas
1223 5076 1360 5152 posterior
1372 5072 1471 5130 modus
1486 5073 1655 5146 trequentius
1671 5074 1790 5132 traditur
1801 5077 1834 5134 ab
1849 5082 2029 5154 auctoribus,

386 5163 443 5235 ipse
457 5166 560 5223 assistit
580 5167 654 5224 actui
674 5165 765 5239 quoad
787 5165 906 5224 valorem
921 5173 949 5224 et
970 5167 1098 5225 ellectum
1118 5169 1187 5238 eius,
1222 5173 1312 5222 tamen
1322 5161 1401 5237 ,quad
1416 5162 1492 5233 prior
1505 5163 1541 5220 sit
1556 5165 1636 5220 etiam
1651 5180 1745 5235 verus,
1760 5172 1789 5222 et
1802 5167 1918 5226 maxime
1933 5171 2033 5228 obser-

388 5254 452 5313 licat
462 5269 515 5312 non
525 5257 636 5314 assistat
651 5256 776 5330 malitiae,
791 5256 864 5313 sicut
878 5257 988 5330 paneam
1002 5259 1187 5315 consecratio·
1224 5252 1565 5325 landus,satisvideturin
1577 5255 1766 5326 superioribus
1777 5256 2031 5338 probatum,idquc
