4256 6224
906 279 1013 330 aanor
1027 283 1076 330 ιιι.
1697 259 1759 326 569

150 409 260 482 pliciter
283 407 316 466 de
331 408 390 481 sola
404 407 463 479 lege
477 405 597 477 loquitur
609 425 617 476 3
629 417 696 477 ergo
708 403 772 460 nibil
783 409 900 475 potesta
913 421 961 461 no-
998 404 1171 476 ponderavit,
1186 410 1215 460 et
1234 401 1276 458 lar
1298 401 1489 458 mendatorum
1510 403 1568 457 sine
1583 401 1666 458 dublo
1680 401 1796 458 includit

153 503 196 556 bis
210 500 310 571 excipi,
330 497 405 570 quod
419 497 453 553 sit
467 495 611 566 persillius
624 491 962 567 legis,etquatenuspars
996 496 1084 565 prima
1108 493 1252 564 mandata,
1273 491 1363 562 qualia
1388 497 1454 546 sunt
1478 490 1613 562 beoalogi.
1635 491 1707 546 ilaec
1731 505 1796 546 vero

150 592 211 646 eius
231 596 285 646 est.
313 589 403 661 Aliqui
424 589 505 643 etiam
527 583 682 657 specialiter
702 583 861 655 expendunt
879 585 961 639 verba
997 585 1085 639 omnia
1096 598 1150 638 non
1163 581 1376 650 convincere,et
1387 578 1537 636 obiectione
1548 578 1795 648 facta,'ostenditur

151 679 230 736 Pauli
245 677 372 735 adchr.
386 693 415 734 c.
429 671 807 748 7:1ieprobattofitprinrts
821 671 962 729 mandati
996 688 1045 744 per
1066 670 1260 727 deductionem
1282 668 1316 725 ad
1338 668 1500 724 absurdum.
1522 669 1590 723 Nam
1603 668 1698 723 eodem
1714 669 1794 724 modo

147 773 271 843 propter
297 757 506 838 infirmitatem
525 767 600 828 eius,
618 767 646 820 et
661 762 857 819 inutilitatem
864 781 874 829 ;
897 763 961 835 quia
994 777 1027 818 ax
1041 760 1095 817 illis
1111 759 1269 816 testimoniis
1284 758 1376 816 inferri
1392 765 1498 828 posset,
1512 757 1599 830 legem
1614 757 1751 829 Decelogi,
1765 765 1796 815 ui

147 856 232 911 etiam
252 854 365 910 moralia
378 861 524 924 praecepta
534 850 881 923 arantinfirmaetinutilia,
896 852 960 923 quia
995 858 1055 906 erat
1072 850 1114 906 les
1129 848 1273 914 naturalis,
1289 853 1316 902 et
1331 846 1468 918 obligabat
1480 848 1613 919 gentiles,
1634 863 1795 920 semperque

149 945 219 999 baec
240 943 377 998 infirmitas
391 950 419 998 et
432 940 565 997 inutilitas
581 941 607 996 in
622 939 673 995 boc
689 943 868 1012 prosiluerit,
884 940 959 1012 quod
994 939 1124 1011 obligarit
1139 938 1230 993 fideles
1246 952 1339 993 omnes
1354 936 1510 1007 aprineipio
1525 936 1619 992 mundi
1635 937 1791 1008 existentes,

150 1034 216 1090 talia
238 1038 383 1104 praecepta
397 1047 453 1088 uon
463 1030 648 1087 iustificabant
658 1051 666 1099 3
678 1029 753 1102 quod
765 1031 847 1087 etiam
859 1045 960 1085 conve·
993 1028 1151 1100 abrogatam
1162 1042 1239 1096 esse,
1254 1032 1416 1082 etcessnsse
1427 1025 1452 1080 in
1466 1025 1523 1098 lege
1534 1025 1647 1098 gratiaci
1663 1026 1738 1098 quod
1749 1043 1792 1083 es·

151 1123 193 1178 nit
208 1123 363 1194 praeceptis
377 1119 543 1191 moralibus,
559 1124 628 1175 teste
638 1122 756 1191 August.
769 1118 802 1174 de
816 1118 916 1190 Spiritu
932 1123 960 1173 et
994 1123 1035 1172 set
1051 1116 1128 1189 plane
1143 1117 1322 1173 haereticum.
1337 1115 1471 1171 Probatur
1485 1115 1614 1187 sequela,
1630 1116 1693 1188 quia
1708 1118 1791 1174 etiam

148 1211 232 1267 litter.
252 1226 315 1282 cap.
333 1215 413 1282 lf,et
428 1213 470 1267 fi.
485 1211 541 1266 lioc
553 1224 619 1264 vero
631 1208 817 1265 testimonium
830 1223 882 1263 non
894 1223 958 1279 pro·
993 1206 1035 1263 lex
1054 1206 1099 1263 illa
1119 1206 1241 1274 dicebat,
1257 1211 1284 1260 et
1303 1204 1436 1275 docebat,
1460 1221 1519 1260 eon
1540 1207 1745 1278 concupisces,-
1765 1213 1795 1261 et

146 1301 193 1357 bat
203 1302 350 1371 intentum,
378 1299 441 1356 allas
452 1297 547 1354 eodem
559 1297 732 1370 probaretur,
744 1303 889 1369 praecepta
901 1297 958 1352 rbo·
992 1302 1082 1352 tamen
1097 1311 1150 1350 non
1162 1294 1339 1364 iustificabat,
1351 1309 1401 1349 nec
1413 1293 1538 1364 iurabat,
1552 1300 1583 1349 ut
1594 1310 1673 1364 saepe
1686 1293 1792 1351 dictum

146 1390 235 1461 ralia,
256 1391 337 1447 etiam
351 1397 383 1446 ut
396 1395 460 1446 sunt
474 1388 507 1444 de
530 1387 587 1460 lage
601 1393 733 1456 naturae,
748 1403 803 1443 nou
818 1386 916 1443 durare
930 1385 956 1440 in
991 1391 1047 1458 est,
1064 1401 1129 1458 argo
1145 1391 1175 1440 ut
1189 1385 1227 1440 sic
1241 1391 1300 1441 erat
1313 1383 1356 1440 lex
1370 1385 1464 1439 mortis
1475 1404 1482 1457 3
1494 1399 1560 1456 ergo
1576 1384 1680 1440 liberati
1695 1400 1793 1442 sumus

149 1477 210 1551 lege
222 1477 406 1551 gratiae,quia
418 1493 482 1533 cum
494 1476 668 1549 Augustinus
678 1475 744 1532 dicit
754 1477 779 1531 in
790 1477 872 1531 citato
883 1474 955 1545 loco,
991 1476 1025 1531 ab
1043 1475 1105 1531 illu:
1125 1476 1188 1530 item
1207 1480 1267 1530 arat
1288 1474 1329 1530 iex
1349 1473 1558 1544 mandatorum,
1575 1489 1641 1545 ergo
1660 1480 1794 1531 evacuata

148 1573 297 1639 praecepta
314 1566 426 1624 moralia
440 1582 495 1623 non
514 1563 679 1634 iustificare,
694 1580 748 1622 non
764 1565 885 1637 loquitur
899 1570 956 1619 tan·
992 1571 1035 1620 esi
1049 1581 1097 1636 per
1108 1563 1257 1620 Christum.
1270 1563 1319 1618 Hic
1330 1578 1396 1635 ergo
1408 1563 1562 1619 necessario
1575 1561 1723 1619 dicendum
1737 1573 1791 1635 est,

146 1663 210 1712 tum
225 1655 259 1712 de
277 1655 329 1722 illis
343 1657 497 1728 praeceptis
510 1663 542 1710 ut
554 1654 691 1711 contentis
703 1654 729 1708 in
742 1654 800 1726 lege
811 1654 895 1728 lfoysi
908 1651 956 1708 sed
990 1662 1018 1712 et
1033 1654 1120 1728 legem
1134 1654 1243 1742 illorum
1260 1652 1448 1710 mandatorum
1467 1652 1557 1726 quoad
1571 1651 1749 1711 substantium
1765 1662 1795 1710 et

144 1746 230 1804 etiam
251 1745 406 1804 secundum
421 1752 502 1816 se,et
515 1750 547 1799 ut
561 1751 627 1800 sunt
637 1742 670 1799 de
682 1744 741 1816 lege
752 1749 879 1813 naturam
892 1742 955 1815 quia
991 1745 1184 1819 obligationem
1198 1759 1251 1800 non
1266 1757 1326 1799 esse
1341 1742 1457 1800 ablatam
1473 1743 1498 1798 in
1515 1742 1573 1816 lege
1589 1744 1706 1815 gratiae,
1721 1751 1751 1799 et
1763 1745 1791 1798 in

146 1837 229 1892 etiarn
245 1842 276 1892 ut
290 1835 353 1892 talia
374 1841 454 1901 sunt,
469 1834 604 1906 pertinent
618 1831 651 1890 ad
666 1833 752 1906 legem
768 1833 915 1905 factorum,
930 1838 956 1889 et
991 1851 1023 1892 ea
1038 1835 1133 1892 datum
1146 1849 1207 1890 esse
1221 1832 1363 1904 spiritum,
1378 1839 1405 1888 et
1419 1831 1559 1889 abundans
1575 1832 1720 1905 auxilium,
1735 1848 1789 1904 quo

146 1941 202 1980 non
221 1924 256 1980 ad
274 1924 362 1996 legam
377 1921 454 1992 fidei,
466 1920 708 1980 iuxtauiscursum
720 1923 865 1996 Augustini
878 1921 954 1980 dicto
991 1923 1096 1996 impleri
1111 1925 1215 1994 possit,
1230 1928 1258 1978 et
1271 1922 1307 1978 ita
1322 1921 1425 1978 factum
1443 1937 1520 1993 esse,
1536 1928 1568 1996 pt
1586 1937 1660 1978 nunc
1680 1937 1734 1978 non
1754 1924 1792 1978 sit

147 2015 216 2071 libro
231 2013 269 2070 de
286 2013 388 2086 Spiritu
401 2017 430 2069 et
443 2012 544 2082 littera,
562 2027 624 2084 cap.
644 2016 687 2081 13,
699 2013 820 2083 etepist.
837 2015 903 2068 2⁰0.
920 2011 954 2068 ad
989 2014 1032 2072 lex
1051 2013 1156 2072 mortis.
1177 2013 1252 2070 idem
1275 2027 1342 2084 ergo
1366 2011 1420 2067 dici
1443 2013 1545 2082 poterit
1564 2010 1598 2067 dc
1621 2011 1680 2083 lege
1704 2011 1789 2086 Moysi

146 2101 299 2158 asiliicum.
323 2103 390 2159 Nam
406 2103 487 2159 etiarn
501 2101 543 2158 lea
558 2100 692 2158 naturalis
705 2100 798 2171 iubet,
810 2107 901 2158 etnon
913 2102 955 2158 iu·
988 2106 1080 2180 quoad
1100 2110 1247 2178 praecepte
1266 2101 1398 2174 moralia,
1422 2100 1495 2158 unde
1517 2100 1674 2172 simpliciter
1693 2116 1791 2158 rerum

149 2199 211 2264 vat,
230 2199 259 2248 et
279 2190 339 2248 ideo
357 2192 437 2248 etiam
456 2191 501 2248 illa
520 2207 575 2247 non
588 2191 735 2260 iustificat,
750 2189 815 2248 alias
829 2191 954 2248 Christus
988 2203 1047 2266 eat,
1063 2194 1195 2251 liberasse
1209 2209 1260 2250 nos
1278 2191 1419 2250 Christum
1434 2205 1449 2245 a
1468 2191 1526 2263 lage
1547 2191 1659 2262 mortis,
1681 2207 1735 2247 non
1751 2197 1791 2246 ta·

147 2283 233 2355 gratis
255 2287 383 2338 mortuns
396 2289 456 2350 est3
469 2287 512 2338 est
525 2296 591 2353 ergo
603 2280 757 2338 secundum
769 2297 798 2337 se
809 2281 954 2337 infirmasi
990 2300 1051 2341 men
1065 2283 1162 2364 eodem
1177 2281 1258 2340 modo
1273 2283 1307 2338 ab
1322 2281 1448 2338 omnibus
1464 2281 1615 2352 praeceptis
1630 2282 1699 2336 eins.

148 2371 251 2429 inutilis
266 2369 357 2443 quoad
369 2371 512 2444 negotium
522 2371 732 2442 iustificationis,
745 2377 804 2426 tum
814 2371 879 2443 quia
890 2384 953 2441 ope·
1030 2379 1073 2432 io.
1088 2371 1206 2430 Tandem
1218 2372 1287 2429 solet
1297 2370 1405 2442 probari
1417 2369 1462 2426 illa
1473 2372 1604 2426 sententia
1618 2386 1651 2426 es
1662 2369 1716 2426 alio
1726 2371 1789 2427 loco

146 2476 178 2517 ra
196 2462 256 2516 eius
280 2475 313 2517 ex
333 2461 358 2516 vi
379 2460 451 2517 illius
464 2477 518 2516 non
533 2459 623 2517 valent
636 2460 670 2517 ad
684 2460 816 2517 iustitiam
831 2459 952 2516 obtinen-
986 2463 1062 2521 Pauli
1081 2463 1115 2519 ad
1134 2460 1242 2518 Galatas
1260 2477 1287 2517 c.
1304 2465 1338 2530 3,
1356 2460 1401 2516 ubi
1416 2460 1493 2530 prius
1507 2458 1588 2529 dicit,
1604 2459 1690 2530 legem
1704 2458 1789 2516 fuisse

147 2551 230 2623 dam,
252 2557 313 2606 tum
326 2551 392 2622 quia
404 2548 446 2605 lex
462 2549 504 2605 illa
520 2565 569 2606 nec
584 2549 647 2621 dat,
660 2564 710 2605 nec
725 2550 856 2621 supponit
867 2553 892 2604 in
904 2549 953 2616 lto·
987 2554 1191 2626 paedagogum3
1212 2558 1239 2607 et
1251 2556 1348 2623 postea
1361 2550 1469 2606 subdit:
1485 2535 1648 2622 Postquam
1662 2549 1788 2620 certitfi-

148 2642 222 2697 mine
240 2638 316 2711 lapso
330 2640 400 2696 vires
414 2637 598 2710 sufficientes,
616 2638 718 2711 quibus
732 2645 789 2695 tota
805 2641 891 2711 possit
904 2639 953 2695 im·
986 2641 1048 2716 des,
1066 2646 1131 2699 iam
1146 2658 1204 2698 non
1218 2656 1280 2697 esse
1292 2656 1346 2695 nos
1357 2637 1410 2695 sub
1421 2637 1608 2714 paedagogam
1621 2656 1682 2695 nam
1693 2641 1728 2694 ibi
1740 2655 1789 2696 no·

147 2730 228 2802 plari.
253 2730 323 2786 Cum
338 2744 404 2801 ergo
418 2728 455 2785 ait
468 2728 584 2785 Paulus:
601 2727 826 2804 Reprobetiofit
836 2729 954 2802 prioris*
986 2733 1058 2788 mine
1078 2732 1145 2804 legis
1166 2729 1318 2802 Decelogus
1343 2730 1424 2784 etiam
1445 2729 1702 2800 comprehenditur,
1724 2744 1787 2785 nam
1832 2759 1837 2766 ·

145 2815 300 2878 mandati,
317 2818 439 2890 loquitur
455 2817 488 2873 de
500 2817 628 2875 mandato
640 2817 759 2887 carnali,
771 2817 805 2874 de
818 2834 874 2891 quo
884 2834 952 2890 pau·
980 2831 1049 2894 ¹pars
1065 2820 1136 2877 illius
1150 2818 1332 2893 paedagogice
1347 2825 1407 2874 erat
1423 2820 1569 2874 instructio
1584 2821 1662 2875 circa
1675 2833 1787 2889 praece·

147 2907 175 2962 lo
194 2913 273 2962 antea
298 2907 410 2963 locutus
427 2907 534 2974 fuerat,
551 2914 582 2963 ut
600 2907 682 2963 etiam
697 2907 724 2964 d.
741 2907 859 2963 Thomas
873 2915 951 2964 nota·
985 2918 1032 2984 pta
1043 2911 1155 2968 moralia
1167 2908 1304 2986 becalqgi.
1317 2907 1368 2965 Sed
1380 2909 1470 2964 minus
1480 2907 1555 2980 cogit
1566 2907 1644 2964 locans
1655 2907 1710 2979 bic,
1722 2923 1785 2964 nem

146 2997 202 3066 rit,
219 2995 293 3070 quod
309 2998 420 3068 proprie
440 3002 500 3052 erat
517 2994 678 3053 mandatum
693 2997 908 3070 caeremoniale,
924 3005 952 3054 et
986 3001 1011 3057 in
1032 3001 1125 3075 primis
1147 3000 1202 3056 fere
1223 3013 1317 3056 omnes
1338 2998 1507 3070 expositores
1527 2997 1560 3053 de
1574 2997 1633 3070 lege
1647 3013 1787 3054 caeremo-

144 3087 300 3158 specialiter
310 3085 590 3157 sacerdotium,quod
602 3101 651 3159 per
661 3088 794 3158 originem
811 3087 949 3144 carnalem
985 3090 1060 3164 nieli,
1076 3091 1118 3147 rel
1138 3088 1234 3146 saltem
1256 3086 1289 3144 de
1303 3088 1362 3161 lege
1378 3090 1481 3144 ratione
1496 3087 1732 3145 caeremoniarum
1747 3087 1788 3144 lo-

147 3176 357 3248 traducebatur,
366 3175 400 3232 de
412 3175 493 3231 cuius
504 3175 707 3246 imperfectione
718 3182 746 3232 et
754 3177 901 3233 mutatione
915 3176 949 3233 ibi
985 3197 1050 3238 eum
1071 3181 1148 3237 illum
1162 3179 1332 3250 inelligant,
1349 3193 1411 3234 nam
1427 3176 1563 3249 perillam
1578 3177 1787 3234 custodiebatur
1851 3203 1854 3210 ·

146 3265 300 3338 specialiter
313 3263 456 3323 tractabat.
470 3267 616 3338 Nunquam
628 3270 718 3322 autam
727 3266 829 3322 Paulus
844 3265 877 3322 de
894 3266 950 3338 lege
985 3269 1029 3327 ille
1051 3270 1168 3342 populus
1188 3269 1222 3324 ab
1244 3267 1380 3324 idolorum
1402 3267 1479 3324 cultu
1497 3272 1525 3323 et
1538 3267 1686 3324 imitatione
1699 3269 1786 3340 genti-

144 3356 275 3428 Ilecalogi
300 3353 381 3426 dixit,
405 3354 578 3426 reprobatam
596 3369 656 3410 esse
675 3361 785 3426 propter
800 3355 860 3411 eius
878 3355 950 3411 infir·
979 3358 1064 3431 lium,
1080 3365 1108 3414 et
1122 3356 1339 3414 conservabatur
1351 3355 1540 3427 inlideetspe
1552 3355 1656 3412 Christi
1668 3356 1784 3426 venturi3

144 3447 267 3504 mitatem
285 3453 314 3502 et
323 3429 512 3516 inutilitatem,
526 3459 576 3500 nec
594 3445 682 3500 sancti
693 3451 794 3516 patres,
810 3451 856 3501 aut
873 3444 950 3501 tbeo·
983 3455 1012 3505 et
1021 3449 1046 3504 in
1059 3447 1112 3504 boc
1123 3447 1294 3504 consistebat
1304 3447 1452 3518 praecipue
1464 3446 1510 3502 illa
1521 3447 1696 3519 paedagogia.
1706 3448 1786 3504 Dein·

145 3537 201 3607 logi
215 3535 251 3592 ita
271 3534 437 3608 loquuntur,
450 3540 478 3589 et
493 3535 515 3590 si
530 3535 704 3605 permittatur
719 3533 778 3590 talis
789 3534 912 3591 extensio
923 3535 950 3590 in
984 3538 1017 3595 de
1028 3537 1202 3610 pertinebant
1213 3537 1246 3594 ad
1258 3535 1331 3592 iilam
1344 3537 1539 3609 paedagogium
1551 3539 1713 3608 temporales
1722 3553 1787 3609 pro·

146 3624 207 3698 lege
223 3625 317 3681 morali
329 3667 336 3694 ,
349 3630 381 3681 ut
394 3624 496 3696 scripta
511 3624 535 3678 in
551 3623 658 3680 duabus
670 3623 769 3680 tabuiis
779 3667 786 3695 ,
796 3623 893 3681 eadem
904 3624 950 3681 ed·
985 3615 1126 3684 missiones
1141 3633 1168 3682 et
1182 3627 1410 3682 comminationes
1425 3641 1591 3698 poenarum3
1605 3634 1633 3684 et
1645 3633 1785 3701 quatenus

147 3711 281 3770 mittenda
298 3705 389 3769 eritin
404 3712 461 3785 lege
476 3711 607 3769 naturali:
621 3717 730 3769 constat
743 3720 834 3771 autent
850 3714 875 3768 in
890 3714 949 3787 lege
984 3717 1034 3774 bae
1045 3717 1144 3774 iebant
1156 3716 1237 3772 etiam
1253 3721 1365 3788 propter
1375 3714 1556 3787 impletionem
1576 3717 1619 3773 nel
1634 3725 1787 3791 transgres-

146 3802 267 3860 natnrali
284 3818 340 3859 non
359 3817 441 3873 posse
461 3801 595 3858 verificari
613 3800 704 3873 quoad
724 3803 908 3860 substantiam
923 3809 951 3860 et
986 3807 1087 3864 sionem
1108 3804 1251 3878 becaiogi,
1273 3804 1329 3861 dici
1349 3811 1455 3876 potest,
1477 3805 1646 3879 beeaiogum
1663 3823 1786 3865 cessasse
1870 3856 1883 3873 ,

145 3891 339 3964 obligationem
359 3897 570 3963 praeceptorum
590 3891 665 3963 eius,
688 3889 738 3948 sed
757 3891 789 3947 ad
810 3907 949 3949 summum
984 3895 1076 3970 quoad
1096 3895 1309 3968 paedagogium,
1325 3909 1379 3950 noa
1393 3909 1459 3950 vero
1473 3894 1564 3967 quoad
1578 3896 1784 3970 obligationem,

147 3981 239 4057 quoad
258 3983 488 4054 imperfectionem
508 3985 613 4051 status,
634 3995 718 4053 quem
737 3981 873 4038 habebant
886 3989 949 4038 ante
985 4001 1035 4042 nec
1050 3983 1140 4058 quoad
1155 3985 1336 4040 substantiam
1350 3985 1424 4055 eius,
1441 3984 1506 4056 quia
1520 3985 1587 4042 baec
1601 4001 1656 4041 non
1669 3988 1787 4058 pertinet

146 4075 235 4148 legera
251 4073 370 4148 gratiae,
386 4087 451 4143 ergo
464 4070 535 4128 idem
550 4070 603 4127 dici
615 4072 718 4144 poterit
730 4069 764 4127 de
781 4071 839 4145 lega
854 4071 950 4128 morali
984 4074 1018 4131 ad
1034 4073 1166 4147 puerilem
1181 4079 1284 4130 statum
1298 4079 1415 4147 tantum,
1431 4072 1478 4130 aed
1493 4076 1574 4130 etiam
1589 4074 1624 4131 ad
1637 4077 1711 4132 viros
1725 4091 1786 4146 spe·

148 4171 180 4220 ut
193 4179 243 4235 per
255 4163 375 4237 lfoysem
390 4159 496 4219 tradita.
985 4170 1052 4222 ctat.
1067 4164 1114 4220 Vel
1136 4169 1225 4231 certe,
1249 4165 1272 4218 si
1291 4163 1410 4234 ipsemet
1428 4162 1471 4219 lex
1490 4163 1634 4236 Decalogi,
1649 4171 1786 4236 quatenus

191 4258 219 4310 9.
236 4253 311 4309 Solet
324 4251 404 4308 etiam
419 4249 486 4306 baec
500 4250 634 4307 sententia
647 4249 757 4321 probari
770 4265 803 4307 er
817 4252 899 4309 variis
911 4257 951 4309 te·
984 4254 1089 4312 doceas
1108 4261 1137 4311 et
1154 4253 1324 4323 illuminans,
1345 4251 1529 4325 paedagogiae
1544 4266 1608 4323 pars
1622 4253 1786 4324 appellatum

148 4341 282 4398 alimoniis
297 4340 429 4412 epistolae
439 4337 561 4396 edRom.
570 4354 641 4412 quae
650 4353 733 4409 supra
744 4339 864 4396 adducta
873 4347 948 4413 sunt,
984 4343 1053 4400 baec
1067 4345 1148 4400 etiam
1164 4341 1331 4416 paedagogia
1344 4349 1405 4398 erat
1418 4342 1446 4396 in
1459 4341 1517 4414 lege
1531 4349 1657 4414 naturae,
1671 4343 1745 4398 iuxta
1756 4343 1787 4398 il·

149 4429 183 4486 nd
201 4429 371 4501 probandum
387 4429 473 4502 legem
492 4429 565 4485 illam
585 4443 725 4501 cessasse,
740 4435 770 4485 et
787 4433 949 4500 praesertim
984 4431 1032 4489 lud
1048 4432 1115 4504 psal.
1133 4436 1166 4490 l:
1181 4433 1341 4504 Signatum
1355 4435 1398 4486 est
1409 4429 1674 4503 supernosinmen
1685 4431 1787 4488 nultus

148 4535 181 4576 er
196 4533 258 4590 cap.
283 4521 309 4576 7.
328 4519 421 4574 iuncto
439 4533 501 4590 cap.
519 4523 546 4576 3.
563 4517 595 4574 ad
610 4517 731 4574 Corinth.
749 4523 784 4590 23
802 4535 863 4576 nam
879 4520 904 4576 in
919 4520 950 4576 il·
985 4526 1037 4589 tut,
1057 4525 1201 4587 Domine;
1217 4527 1244 4577 et
1259 4520 1302 4576 ilia
1317 4520 1397 4576 etiam
1411 4527 1503 4577 manet
1516 4521 1542 4575 in
1557 4521 1616 4594 lege
1629 4537 1717 4594 nova,
1733 4537 1789 4578 non

149 4609 181 4664 lis
200 4608 302 4665 Paulus
319 4608 444 4667 absolute
464 4607 545 4678 dicit,
566 4624 616 4664 nos
636 4607 764 4665 liberatos
783 4625 843 4666 esse
862 4611 950 4682 alege
985 4617 1092 4667 tantum
1111 4626 1160 4682 per
1178 4609 1299 4666 naturale
1318 4610 1428 4680 lumen,
1449 4607 1496 4664 sed
1512 4609 1593 4666 etiam
1608 4626 1656 4682 per
1669 4610 1789 4668 litteram

149 4699 244 4755 mortis
258 4704 286 4755 et
304 4713 319 4754 a
339 4698 431 4755 littera
449 4696 608 4769 occidente,
622 4701 657 4754 ui
671 4700 836 4756 serviamus
851 4703 883 4756 ie
899 4717 951 4756 no·
981 4700 1087 4757 ueteris
1101 4700 1282 4768 Testamenti,
1304 4706 1332 4755 et
1350 4713 1399 4770 per
1418 4697 1601 4771 evangelicam
1622 4700 1786 4776 doctrinam;

148 4792 239 4847 macte
263 4792 400 4863 spiritus,
424 4805 485 4844 aon
504 4791 698 4845 invenustam
718 4787 855 4857 tinterna·
879 4790 951 4846 sicut
985 4791 1111 4864 quamvis
1134 4805 1208 4846 nunc
1229 4789 1284 4846 dici
1299 4795 1403 4860 posset,
1419 4794 1540 4845 mattassa
1556 4790 1787 4861 imperfectionem

148 4880 232 4936 etiarn
248 4878 281 4935 de
295 4877 405 4934 Cbristo
416 4876 482 4934 dixit
495 4876 529 4934 ad
543 4877 642 4948 prea.
656 4884 671 4937 2
684 4899 690 4933 ι
704 4883 812 4951 Legem
822 4878 950 4937 menda·
984 4887 1013 4937 et
1028 4887 1129 4937 statum
1146 4879 1338 4952 paedagogice,
1354 4879 1418 4950 quia
1432 4893 1495 4933 cum
1512 4876 1571 4952 lege
1586 4880 1655 4936 ritae
1669 4887 1697 4937 et
1709 4883 1788 4954 spiri·

108 4997 112 5004 ·
149 4975 247 5025 torum
258 4982 490 5035 evacuans-nam
500 4965 648 5024 lesmortis
659 4965 774 5024 includit
784 4968 864 5025 etiam
873 4983 951 5040 prae·
986 4977 1032 5028 tus
1047 4971 1194 5027 coniuncta
1209 4975 1260 5026 est.
1278 4969 1323 5024 His
1333 4982 1399 5040 ergo
1410 4969 1572 5024 testimoniis
1584 4987 1638 5026 non
1651 4972 1716 5027 satis
1727 4987 1791 5044 pro·

149 5065 231 5129 cepte
246 5056 457 5126 moralia,·nam
473 5053 508 5112 ad
522 5055 566 5113 illa
584 5058 701 5127 pertinet
714 5056 868 5127 probibitio:
884 5063 952 5116 Non
985 5060 1067 5117 batur
1082 5059 1127 5115 illa
1141 5058 1285 5130 sententia,
1297 5073 1368 5129 quae
1380 5055 1439 5113 ideo
1450 5058 1539 5131 tetigi,
1551 5060 1614 5131 quia
1626 5060 1735 5119 illorum
1746 5065 1788 5120 in·

150 5148 354 5220 concupisces,
372 5161 442 5218 quae
458 5144 568 5202 moralis
582 5152 639 5220 est,
658 5152 689 5204 ut
701 5147 850 5219 augustin.
866 5162 951 5243 supra
987 5150 1137 5223 teiligentia
1150 5147 1286 5224 praesenti
1300 5148 1426 5206 instituto
1439 5150 1595 5205 necessaria
1609 5157 1660 5206 est.

229 5253 566 5309 subsannatoribus-Pars
574 5252 604 5298 11.
1590 5256 1617 5301 aa
