<?xml version="1.0" encoding="UTF-8"?>
<!DOCTYPE html PUBLIC "-//W3C//DTD XHTML 1.0 Transitional//EN"
    "http://www.w3.org/TR/xhtml1/DTD/xhtml1-transitional.dtd">
<html xmlns="http://www.w3.org/1999/xhtml" xml:lang="en" lang="en">
 <head>
  <title>
</title>
<meta http-equiv="Content-Type" content="text/html;charset=utf-8" />
  <meta name='ocr-system' content='tesseract 3.04.00' />
  <meta name='ocr-capabilities' content='ocr_page ocr_carea ocr_par ocr_line ocrx_word'/>
</head>
<body>
  <div class='ocr_page' id='page_1' title='image "./tractatusdelegi00sugoog_0332.png"; bbox 0 0 4294 6238; ppageno 0'>
   <div class='ocr_carea' id='block_1_1' title="bbox 908 361 1765 426">
    <p class='ocr_par' dir='ltr' id='par_1_1' title="bbox 908 361 1765 426">
     <span class='ocr_line' id='line_1_1' title="bbox 908 361 1765 426; baseline 0.002 -4"><span class='ocrx_word' id='word_1_1' title='bbox 908 372 1013 422; x_wconf 80' lang='lat' dir='ltr'>aaran</span> <span class='ocrx_word' id='word_1_2' title='bbox 1026 375 1090 424; x_wconf 86' lang='lat' dir='ltr'>xu.</span> <span class='ocrx_word' id='word_1_3' title='bbox 1703 361 1765 426; x_wconf 81' lang='lat'>305</span> 
     </span>
    </p>
   </div>
   <div class='ocr_carea' id='block_1_2' title="bbox 125 497 1819 3522">
    <p class='ocr_par' dir='ltr' id='par_1_2' title="bbox 125 497 1819 3522">
     <span class='ocr_line' id='line_1_2' title="bbox 168 497 1809 580; baseline -0.001 -20"><span class='ocrx_word' id='word_1_4' title='bbox 168 501 346 562; x_wconf 76' lang='lat' dir='ltr'><strong>suetudinem</strong></span> <span class='ocrx_word' id='word_1_5' title='bbox 370 500 595 580; x_wconf 74' lang='lat' dir='ltr'>praescriptionis</span> <span class='ocrx_word' id='word_1_6' title='bbox 620 501 747 573; x_wconf 86' lang='lat' dir='ltr'>pertinet.</span> <span class='ocrx_word' id='word_1_7' title='bbox 770 501 805 556; x_wconf 88' lang='lat' dir='ltr'>Et</span> <span class='ocrx_word' id='word_1_8' title='bbox 825 498 923 556; x_wconf 85' lang='lat' dir='ltr'>Glossa</span> <span class='ocrx_word' id='word_1_9' title='bbox 946 499 972 554; x_wconf 90' lang='lat' dir='ltr'>iu</span> <span class='ocrx_word' id='word_1_10' title='bbox 1010 497 1143 571; x_wconf 88' lang='lat' dir='ltr'>suetudo,</span> <span class='ocrx_word' id='word_1_11' title='bbox 1155 513 1207 556; x_wconf 93' lang='lat' dir='ltr'>non</span> <span class='ocrx_word' id='word_1_12' title='bbox 1222 498 1341 556; x_wconf 90' lang='lat' dir='ltr'>obtinere</span> <span class='ocrx_word' id='word_1_13' title='bbox 1356 499 1380 554; x_wconf 93' lang='lat' dir='ltr'>in</span> <span class='ocrx_word' id='word_1_14' title='bbox 1396 497 1541 571; x_wconf 80' lang='lat' dir='ltr'>similibus,</span> <span class='ocrx_word' id='word_1_15' title='bbox 1559 501 1623 573; x_wconf 90' lang='lat' dir='ltr'>quia</span> <span class='ocrx_word' id='word_1_16' title='bbox 1636 517 1714 558; x_wconf 88' lang='lat' dir='ltr'>error</span> <span class='ocrx_word' id='word_1_17' title='bbox 1729 503 1809 560; x_wconf 92' lang='lat' dir='ltr'>circa</span> 
     </span>
     <span class='ocr_line' id='line_1_3' title="bbox 167 587 1809 666; baseline -0.001 -16"><span class='ocrx_word' id='word_1_18' title='bbox 167 595 243 650; x_wconf 90' lang='lat' dir='ltr'>dicta</span> <span class='ocrx_word' id='word_1_19' title='bbox 255 593 273 650; x_wconf 92' lang='lat' dir='ltr'>l.</span> <span class='ocrx_word' id='word_1_20' title='bbox 288 592 492 666; x_wconf 79' lang='lat' dir='ltr'>exponit,quod</span> <span class='ocrx_word' id='word_1_21' title='bbox 508 591 567 648; x_wconf 88' lang='lat' dir='ltr'>talis</span> <span class='ocrx_word' id='word_1_22' title='bbox 582 590 756 648; x_wconf 81' lang='lat' dir='ltr'>consuetudo</span> <span class='ocrx_word' id='word_1_23' title='bbox 767 607 820 648; x_wconf 93' lang='lat' dir='ltr'>non</span> <span class='ocrx_word' id='word_1_24' title='bbox 829 591 930 647; x_wconf 88' lang='lat' dir='ltr'>transit</span> <span class='ocrx_word' id='word_1_25' title='bbox 941 588 975 646; x_wconf 90' lang='lat' dir='ltr'>ad</span> <span class='ocrx_word' id='word_1_26' title='bbox 1011 587 1189 645; x_wconf 89' lang='lat' dir='ltr'>accidentalia</span> <span class='ocrx_word' id='word_1_27' title='bbox 1211 589 1264 645; x_wconf 93' lang='lat' dir='ltr'>boc</span> <span class='ocrx_word' id='word_1_28' title='bbox 1284 605 1337 645; x_wconf 93' lang='lat' dir='ltr'>non</span> <span class='ocrx_word' id='word_1_29' title='bbox 1358 595 1447 660; x_wconf 88' lang='lat' dir='ltr'>potest</span> <span class='ocrx_word' id='word_1_30' title='bbox 1465 589 1613 662; x_wconf 84' lang='lat' dir='ltr'>impedire,</span> <span class='ocrx_word' id='word_1_31' title='bbox 1629 593 1650 646; x_wconf 90' lang='lat' dir='ltr'>si</span> <span class='ocrx_word' id='word_1_32' title='bbox 1666 605 1729 648; x_wconf 88' lang='lat' dir='ltr'>vera</span> <span class='ocrx_word' id='word_1_33' title='bbox 1743 607 1809 648; x_wconf 90' lang='lat' dir='ltr'>con·</span> 
     </span>
     <span class='ocr_line' id='line_1_4' title="bbox 168 677 1809 754; baseline 0 -16"><span class='ocrx_word' id='word_1_34' title='bbox 168 682 292 754; x_wconf 87' lang='lat' dir='ltr'>similes,</span> <span class='ocrx_word' id='word_1_35' title='bbox 316 683 409 754; x_wconf 90' lang='lat' dir='ltr'>utique</span> <span class='ocrx_word' id='word_1_36' title='bbox 432 689 529 738; x_wconf 89' lang='lat' dir='ltr'>contra</span> <span class='ocrx_word' id='word_1_37' title='bbox 549 696 699 754; x_wconf 81' lang='lat' dir='ltr'>personas,</span> <span class='ocrx_word' id='word_1_38' title='bbox 721 687 819 737; x_wconf 88' lang='lat' dir='ltr'>contra</span> <span class='ocrx_word' id='word_1_39' title='bbox 838 695 907 752; x_wconf 90' lang='lat' dir='ltr'>quas</span> <span class='ocrx_word' id='word_1_40' title='bbox 925 692 974 750; x_wconf 99' lang='grc' dir='ltr'>ρετ</span> <span class='ocrx_word' id='word_1_41' title='bbox 1010 677 1129 734; x_wconf 88' lang='lat' dir='ltr'>suetudo</span> <span class='ocrx_word' id='word_1_42' title='bbox 1147 677 1218 734; x_wconf 91' lang='lat' dir='ltr'>illam</span> <span class='ocrx_word' id='word_1_43' title='bbox 1235 679 1331 749; x_wconf 91' lang='lat' dir='ltr'>recipit</span> <span class='ocrx_word' id='word_1_44' title='bbox 1344 679 1544 752; x_wconf 72' lang='lat' dir='ltr'>extensionem,</span> <span class='ocrx_word' id='word_1_45' title='bbox 1557 687 1583 737; x_wconf 90' lang='lat' dir='ltr'>et</span> <span class='ocrx_word' id='word_1_46' title='bbox 1595 679 1653 737; x_wconf 90' lang='lat' dir='ltr'>ideo</span> <span class='ocrx_word' id='word_1_47' title='bbox 1667 679 1713 736; x_wconf 91' lang='lat' dir='ltr'>illa</span> <span class='ocrx_word' id='word_1_48' title='bbox 1726 696 1809 752; x_wconf 87' lang='lat' dir='ltr'>expo·</span> 
     </span>
     <span class='ocr_line' id='line_1_5' title="bbox 171 765 1373 842; baseline -0.005 -14"><span class='ocrx_word' id='word_1_49' title='bbox 171 773 253 830; x_wconf 91' lang='lat' dir='ltr'>talem</span> <span class='ocrx_word' id='word_1_50' title='bbox 275 770 504 828; x_wconf 88' lang='lat' dir='ltr'>consuetudinem</span> <span class='ocrx_word' id='word_1_51' title='bbox 527 786 579 827; x_wconf 92' lang='lat' dir='ltr'>non</span> <span class='ocrx_word' id='word_1_52' title='bbox 601 771 683 827; x_wconf 87' lang='lat' dir='ltr'>luerit</span> <span class='ocrx_word' id='word_1_53' title='bbox 704 771 917 842; x_wconf 89' lang='lat' dir='ltr'>praescriptum.</span> <span class='ocrx_word' id='word_1_54' title='bbox 939 765 975 823; x_wconf 76' lang='lat' dir='ltr'>Ea</span> <span class='ocrx_word' id='word_1_55' title='bbox 1011 767 1069 823; x_wconf 87' lang='lat' dir='ltr'>sitio</span> <span class='ocrx_word' id='word_1_56' title='bbox 1085 769 1239 824; x_wconf 89' lang='lat' dir='ltr'>necessaria</span> <span class='ocrx_word' id='word_1_57' title='bbox 1253 783 1305 823; x_wconf 92' lang='lat' dir='ltr'>non</span> <span class='ocrx_word' id='word_1_58' title='bbox 1321 773 1373 823; x_wconf 90' lang='lat' dir='ltr'>est.</span> 
     </span>
     <span class='ocr_line' id='line_1_6' title="bbox 173 855 1807 935; baseline -0.004 -17"><span class='ocrx_word' id='word_1_59' title='bbox 173 867 260 918; x_wconf 91' lang='lat' dir='ltr'>tatum</span> <span class='ocrx_word' id='word_1_60' title='bbox 278 862 331 918; x_wconf 91' lang='lat' dir='ltr'>boc</span> <span class='ocrx_word' id='word_1_61' title='bbox 346 869 437 935; x_wconf 88' lang='lat' dir='ltr'>potest</span> <span class='ocrx_word' id='word_1_62' title='bbox 451 862 558 918; x_wconf 91' lang='lat' dir='ltr'>censeri</span> <span class='ocrx_word' id='word_1_63' title='bbox 573 861 709 932; x_wconf 82' lang='lat' dir='ltr'>pertinens</span> <span class='ocrx_word' id='word_1_64' title='bbox 721 859 754 915; x_wconf 94' lang='lat' dir='ltr'>ad</span> <span class='ocrx_word' id='word_1_65' title='bbox 767 860 875 916; x_wconf 92' lang='lat' dir='ltr'>titulum</span> <span class='ocrx_word' id='word_1_66' title='bbox 888 857 920 915; x_wconf 91' lang='lat' dir='ltr'>de</span> <span class='ocrx_word' id='word_1_67' title='bbox 937 856 975 911; x_wconf 90' lang='lat' dir='ltr'>le·</span> <span class='ocrx_word' id='word_1_68' title='bbox 1050 860 1077 914; x_wconf 84' lang='lat' dir='ltr'>a.</span> <span class='ocrx_word' id='word_1_69' title='bbox 1094 855 1222 913; x_wconf 90' lang='lat' dir='ltr'>Secundo</span> <span class='ocrx_word' id='word_1_70' title='bbox 1240 856 1355 913; x_wconf 89' lang='lat' dir='ltr'>iniertur</span> <span class='ocrx_word' id='word_1_71' title='bbox 1368 872 1400 912; x_wconf 85' lang='lat' dir='ltr'>ex</span> <span class='ocrx_word' id='word_1_72' title='bbox 1413 855 1486 914; x_wconf 90' lang='lat' dir='ltr'>diota</span> <span class='ocrx_word' id='word_1_73' title='bbox 1502 857 1671 928; x_wconf 76' lang='lat' dir='ltr'>assertione,</span> <span class='ocrx_word' id='word_1_74' title='bbox 1687 871 1807 912; x_wconf 89' lang='lat' dir='ltr'>consue·</span> 
     </span>
     <span class='ocr_line' id='line_1_7' title="bbox 172 944 1807 1023; baseline -0.004 -17"><span class='ocrx_word' id='word_1_75' title='bbox 172 951 269 1023; x_wconf 78' lang='lat' dir='ltr'>gibus3</span> <span class='ocrx_word' id='word_1_76' title='bbox 292 966 354 1007; x_wconf 88' lang='lat' dir='ltr'>nam</span> <span class='ocrx_word' id='word_1_77' title='bbox 370 951 435 1006; x_wconf 78' lang='lat' dir='ltr'>licet</span> <span class='ocrx_word' id='word_1_78' title='bbox 449 950 516 1006; x_wconf 86' lang='lat' dir='ltr'>baec</span> <span class='ocrx_word' id='word_1_79' title='bbox 531 949 707 1006; x_wconf 89' lang='lat' dir='ltr'>consuetudo</span> <span class='ocrx_word' id='word_1_80' title='bbox 717 964 770 1005; x_wconf 91' lang='lat' dir='ltr'>noo</span> <span class='ocrx_word' id='word_1_81' title='bbox 784 947 866 1004; x_wconf 88' lang='lat' dir='ltr'>iaciat</span> <span class='ocrx_word' id='word_1_82' title='bbox 877 947 973 1020; x_wconf 80' lang='lat' dir='ltr'>legem,</span> <span class='ocrx_word' id='word_1_83' title='bbox 1013 945 1134 1001; x_wconf 87' lang='lat' dir='ltr'>tudinem</span> <span class='ocrx_word' id='word_1_84' title='bbox 1149 961 1202 1000; x_wconf 91' lang='lat' dir='ltr'>oon</span> <span class='ocrx_word' id='word_1_85' title='bbox 1217 945 1452 1018; x_wconf 88' lang='lat' dir='ltr'>obtinere,neque</span> <span class='ocrx_word' id='word_1_86' title='bbox 1464 944 1555 1001; x_wconf 88' lang='lat' dir='ltr'>induci</span> <span class='ocrx_word' id='word_1_87' title='bbox 1568 961 1615 1017; x_wconf 90' lang='grc' dir='ltr'>ρετ</span> <span class='ocrx_word' id='word_1_88' title='bbox 1627 952 1706 1002; x_wconf 92' lang='lat' dir='ltr'>actus</span> <span class='ocrx_word' id='word_1_89' title='bbox 1720 946 1807 1002; x_wconf 88' lang='lat' dir='ltr'>iactos</span> 
     </span>
     <span class='ocr_line' id='line_1_8' title="bbox 173 1034 1810 1109; baseline -0.002 -14"><span class='ocrx_word' id='word_1_90' title='bbox 173 1047 261 1096; x_wconf 85' lang='lat' dir='ltr'>mutat</span> <span class='ocrx_word' id='word_1_91' title='bbox 282 1042 421 1099; x_wconf 89' lang='lat' dir='ltr'>materiam</span> <span class='ocrx_word' id='word_1_92' title='bbox 448 1039 537 1109; x_wconf 82' lang='lat' dir='ltr'>illius,</span> <span class='ocrx_word' id='word_1_93' title='bbox 560 1039 596 1096; x_wconf 91' lang='lat' dir='ltr'>ita</span> <span class='ocrx_word' id='word_1_94' title='bbox 617 1045 648 1096; x_wconf 91' lang='lat' dir='ltr'>ut</span> <span class='ocrx_word' id='word_1_95' title='bbox 667 1039 768 1095; x_wconf 88' lang='lat' dir='ltr'>ratione</span> <span class='ocrx_word' id='word_1_96' title='bbox 781 1039 840 1094; x_wconf 94' lang='lat' dir='ltr'>eius</span> <span class='ocrx_word' id='word_1_97' title='bbox 855 1037 933 1093; x_wconf 90' lang='lat' dir='ltr'>aliter</span> <span class='ocrx_word' id='word_1_98' title='bbox 947 1037 974 1092; x_wconf 94' lang='lat' dir='ltr'>in</span> <span class='ocrx_word' id='word_1_99' title='bbox 1010 1048 1059 1105; x_wconf 91' lang='lat' dir='ltr'>per</span> <span class='ocrx_word' id='word_1_100' title='bbox 1074 1034 1143 1104; x_wconf 87' lang='lat' dir='ltr'>rim,</span> <span class='ocrx_word' id='word_1_101' title='bbox 1157 1034 1198 1089; x_wconf 88' lang='lat' dir='ltr'>vel</span> <span class='ocrx_word' id='word_1_102' title='bbox 1209 1050 1319 1106; x_wconf 81' lang='lat' dir='ltr'>gravem</span> <span class='ocrx_word' id='word_1_103' title='bbox 1334 1040 1361 1090; x_wconf 89' lang='lat' dir='ltr'>et</span> <span class='ocrx_word' id='word_1_104' title='bbox 1375 1035 1536 1090; x_wconf 88' lang='lat' dir='ltr'>iniuriosum</span> <span class='ocrx_word' id='word_1_105' title='bbox 1549 1037 1715 1092; x_wconf 87' lang='lat' dir='ltr'>metumlta</span> <span class='ocrx_word' id='word_1_106' title='bbox 1726 1035 1810 1091; x_wconf 89' lang='lat' dir='ltr'>docet</span> 
     </span>
     <span class='ocr_line' id='line_1_9' title="bbox 173 1123 1806 1202; baseline -0.004 -17"><span class='ocrx_word' id='word_1_107' title='bbox 173 1129 217 1185; x_wconf 90' lang='lat' dir='ltr'>tali</span> <span class='ocrx_word' id='word_1_108' title='bbox 232 1145 300 1184; x_wconf 88' lang='lat' dir='ltr'>casu</span> <span class='ocrx_word' id='word_1_109' title='bbox 317 1128 423 1202; x_wconf 83' lang='lat' dir='ltr'>legibus&#39;</span> <span class='ocrx_word' id='word_1_110' title='bbox 437 1128 569 1184; x_wconf 91' lang='lat' dir='ltr'>utendum</span> <span class='ocrx_word' id='word_1_111' title='bbox 584 1131 627 1184; x_wconf 87' lang='lat' dir='ltr'>sit.</span> <span class='ocrx_word' id='word_1_112' title='bbox 1013 1123 1037 1178; x_wconf 88' lang='lat' dir='ltr'>in</span> <span class='ocrx_word' id='word_1_113' title='bbox 1050 1123 1202 1179; x_wconf 90' lang='lat' dir='ltr'>substantia</span> <span class='ocrx_word' id='word_1_114' title='bbox 1214 1125 1285 1178; x_wconf 87' lang='lat' dir='ltr'>Bart.</span> <span class='ocrx_word' id='word_1_115' title='bbox 1299 1125 1326 1184; x_wconf 87' lang='lat' dir='ltr'>in</span> <span class='ocrx_word' id='word_1_116' title='bbox 1339 1123 1411 1180; x_wconf 89' lang='lat' dir='ltr'>diota</span> <span class='ocrx_word' id='word_1_117' title='bbox 1423 1123 1441 1178; x_wconf 91' lang='lat' dir='ltr'>l.</span> <span class='ocrx_word' id='word_1_118' title='bbox 1455 1127 1483 1194; x_wconf 80' lang='lat'>2,</span> <span class='ocrx_word' id='word_1_119' title='bbox 1496 1125 1525 1180; x_wconf 84' lang='lat' dir='ltr'>C.</span> <span class='ocrx_word' id='word_1_120' title='bbox 1536 1139 1606 1196; x_wconf 90' lang='lat' dir='ltr'>quae</span> <span class='ocrx_word' id='word_1_121' title='bbox 1618 1125 1653 1179; x_wconf 89' lang='lat' dir='ltr'>sit</span> <span class='ocrx_word' id='word_1_122' title='bbox 1663 1123 1738 1196; x_wconf 80' lang='lat' dir='ltr'>long.</span> <span class='ocrx_word' id='word_1_123' title='bbox 1749 1129 1806 1180; x_wconf 89' lang='lat' dir='ltr'>etc.</span> 
     </span>
     <span class='ocr_line' id='line_1_10' title="bbox 217 1211 1809 1290; baseline -0.005 -14"><span class='ocrx_word' id='word_1_124' title='bbox 217 1221 244 1276; x_wconf 85' lang='lat' dir='ltr'>i.</span> <span class='ocrx_word' id='word_1_125' title='bbox 260 1217 388 1274; x_wconf 88' lang='lat' dir='ltr'>Secundo</span> <span class='ocrx_word' id='word_1_126' title='bbox 406 1219 427 1274; x_wconf 90' lang='lat' dir='ltr'>si</span> <span class='ocrx_word' id='word_1_127' title='bbox 440 1217 555 1273; x_wconf 84' lang='lat' dir='ltr'>volimus</span> <span class='ocrx_word' id='word_1_128' title='bbox 567 1215 734 1290; x_wconf 82' lang='lat' dir='ltr'>tegemillam</span> <span class='ocrx_word' id='word_1_129' title='bbox 747 1214 899 1288; x_wconf 88' lang='lat' dir='ltr'>depropria</span> <span class='ocrx_word' id='word_1_130' title='bbox 910 1229 975 1270; x_wconf 91' lang='lat' dir='ltr'>can·</span> <span class='ocrx_word' id='word_1_131' title='bbox 1011 1228 1038 1283; x_wconf 86' lang='lat' dir='ltr'>q.</span> <span class='ocrx_word' id='word_1_132' title='bbox 1060 1215 1101 1270; x_wconf 87' lang='lat' dir='ltr'>l8.</span> <span class='ocrx_word' id='word_1_133' title='bbox 1119 1217 1189 1282; x_wconf 91' lang='lat' dir='ltr'>tcta,</span> <span class='ocrx_word' id='word_1_134' title='bbox 1201 1219 1230 1266; x_wconf 90' lang='lat' dir='ltr'>et</span> <span class='ocrx_word' id='word_1_135' title='bbox 1243 1211 1269 1266; x_wconf 93' lang='lat' dir='ltr'>in</span> <span class='ocrx_word' id='word_1_136' title='bbox 1285 1227 1360 1267; x_wconf 91' lang='lat' dir='ltr'>num.</span> <span class='ocrx_word' id='word_1_137' title='bbox 1380 1215 1421 1270; x_wconf 82' lang='lat' dir='ltr'>ta.</span> <span class='ocrx_word' id='word_1_138' title='bbox 1436 1211 1469 1268; x_wconf 91' lang='lat' dir='ltr'>ad</span> <span class='ocrx_word' id='word_1_139' title='bbox 1484 1213 1661 1284; x_wconf 91' lang='lat' dir='ltr'>penultimam</span> <span class='ocrx_word' id='word_1_140' title='bbox 1678 1212 1809 1269; x_wconf 89' lang='lat' dir='ltr'>obiectio·</span> 
     </span>
     <span class='ocr_line' id='line_1_11' title="bbox 173 1299 1808 1380; baseline -0.003 -17"><span class='ocrx_word' id='word_1_141' title='bbox 173 1307 319 1364; x_wconf 89' lang='lat' dir='ltr'>suetudine</span> <span class='ocrx_word' id='word_1_142' title='bbox 329 1306 409 1380; x_wconf 78' lang='lat' dir='ltr'>legali</span> <span class='ocrx_word' id='word_1_143' title='bbox 421 1306 856 1380; x_wconf 81' lang='lat' dir='ltr'>intelligere,respondebimus,in</span> <span class='ocrx_word' id='word_1_144' title='bbox 867 1303 911 1360; x_wconf 91' lang='lat' dir='ltr'>illa</span> <span class='ocrx_word' id='word_1_145' title='bbox 922 1319 975 1360; x_wconf 91' lang='lat' dir='ltr'>non</span> <span class='ocrx_word' id='word_1_146' title='bbox 1011 1316 1089 1372; x_wconf 91' lang='lat' dir='ltr'>nem,</span> <span class='ocrx_word' id='word_1_147' title='bbox 1104 1307 1132 1357; x_wconf 90' lang='lat' dir='ltr'>et</span> <span class='ocrx_word' id='word_1_148' title='bbox 1146 1303 1245 1357; x_wconf 79' lang='lat' dir='ltr'>Antan.</span> <span class='ocrx_word' id='word_1_149' title='bbox 1262 1299 1336 1356; x_wconf 90' lang='lat' dir='ltr'>dicto</span> <span class='ocrx_word' id='word_1_150' title='bbox 1354 1316 1417 1370; x_wconf 89' lang='lat' dir='ltr'>cap.</span> <span class='ocrx_word' id='word_1_151' title='bbox 1440 1300 1489 1358; x_wconf 91' lang='lat' dir='ltr'>ult.</span> <span class='ocrx_word' id='word_1_152' title='bbox 1505 1301 1538 1356; x_wconf 90' lang='lat' dir='ltr'>de</span> <span class='ocrx_word' id='word_1_153' title='bbox 1552 1309 1677 1358; x_wconf 84' lang='lat' dir='ltr'>consuet.</span> <span class='ocrx_word' id='word_1_154' title='bbox 1696 1304 1728 1361; x_wconf 76' lang='lat' dir='ltr'>bt</span> <span class='ocrx_word' id='word_1_155' title='bbox 1743 1317 1808 1358; x_wconf 85' lang='lat' dir='ltr'>vero</span> 
     </span>
     <span class='ocr_line' id='line_1_12' title="bbox 172 1388 1808 1477; baseline -0.004 -25"><span class='ocrx_word' id='word_1_156' title='bbox 172 1397 243 1468; x_wconf 90' lang='lat' dir='ltr'>dici,</span> <span class='ocrx_word' id='word_1_157' title='bbox 260 1412 341 1468; x_wconf 90' lang='lat' dir='ltr'>posse</span> <span class='ocrx_word' id='word_1_158' title='bbox 365 1396 591 1452; x_wconf 88' lang='lat' dir='ltr'>consuetudinem</span> <span class='ocrx_word' id='word_1_159' title='bbox 607 1395 666 1450; x_wconf 88' lang='lat' dir='ltr'>siae</span> <span class='ocrx_word' id='word_1_160' title='bbox 679 1395 782 1450; x_wconf 89' lang='lat' dir='ltr'>ratione</span> <span class='ocrx_word' id='word_1_161' title='bbox 796 1401 822 1449; x_wconf 92' lang='lat' dir='ltr'>et</span> <span class='ocrx_word' id='word_1_162' title='bbox 837 1408 885 1464; x_wconf 91' lang='lat' dir='ltr'>per</span> <span class='ocrx_word' id='word_1_163' title='bbox 898 1407 982 1477; x_wconf 65' lang='lat' dir='ltr'>erro3</span> <span class='ocrx_word' id='word_1_164' title='bbox 1011 1389 1124 1448; x_wconf 85' lang='lat' dir='ltr'>ltocbus</span> <span class='ocrx_word' id='word_1_165' title='bbox 1138 1391 1214 1445; x_wconf 82' lang='lat' dir='ltr'>Carrt.</span> <span class='ocrx_word' id='word_1_166' title='bbox 1232 1388 1267 1444; x_wconf 92' lang='lat' dir='ltr'>ibi</span> <span class='ocrx_word' id='word_1_167' title='bbox 1282 1395 1351 1446; x_wconf 91' lang='lat' dir='ltr'>sect.</span> <span class='ocrx_word' id='word_1_168' title='bbox 1367 1396 1394 1458; x_wconf 81' lang='lat'>5,</span> <span class='ocrx_word' id='word_1_169' title='bbox 1407 1405 1434 1444; x_wconf 90' lang='lat' dir='ltr'>n.</span> <span class='ocrx_word' id='word_1_170' title='bbox 1448 1394 1477 1461; x_wconf 84' lang='lat'>3,</span> <span class='ocrx_word' id='word_1_171' title='bbox 1490 1392 1643 1462; x_wconf 91' lang='lat' dir='ltr'>oppositum</span> <span class='ocrx_word' id='word_1_172' title='bbox 1658 1393 1758 1448; x_wconf 88' lang='lat' dir='ltr'>sentire</span> <span class='ocrx_word' id='word_1_173' title='bbox 1769 1391 1808 1446; x_wconf 90' lang='lat' dir='ltr'>vi-</span> 
     </span>
     <span class='ocr_line' id='line_1_13' title="bbox 173 1478 1811 1557; baseline -0.004 -15"><span class='ocrx_word' id='word_1_174' title='bbox 173 1503 238 1542; x_wconf 88' lang='lat' dir='ltr'>rem</span> <span class='ocrx_word' id='word_1_175' title='bbox 250 1486 386 1542; x_wconf 87' lang='lat' dir='ltr'>introduci</span> <span class='ocrx_word' id='word_1_176' title='bbox 398 1527 405 1557; x_wconf 93' lang='lat'>,</span> <span class='ocrx_word' id='word_1_177' title='bbox 418 1484 464 1552; x_wconf 81' lang='lat' dir='ltr'>sed</span> <span class='ocrx_word' id='word_1_178' title='bbox 479 1484 649 1541; x_wconf 90' lang='lat' dir='ltr'>contrarium</span> <span class='ocrx_word' id='word_1_179' title='bbox 660 1484 750 1556; x_wconf 89' lang='lat' dir='ltr'>potius</span> <span class='ocrx_word' id='word_1_180' title='bbox 761 1482 877 1551; x_wconf 88' lang='lat' dir='ltr'>deliniri,</span> <span class='ocrx_word' id='word_1_181' title='bbox 890 1488 922 1538; x_wconf 87' lang='lat' dir='ltr'>ut</span> <span class='ocrx_word' id='word_1_182' title='bbox 934 1483 975 1536; x_wconf 87' lang='lat' dir='ltr'>in·</span> <span class='ocrx_word' id='word_1_183' title='bbox 1012 1478 1104 1550; x_wconf 83' lang='lat' dir='ltr'>detrrr,</span> <span class='ocrx_word' id='word_1_184' title='bbox 1120 1496 1184 1536; x_wconf 85' lang='lat' dir='ltr'>carm</span> <span class='ocrx_word' id='word_1_185' title='bbox 1201 1480 1253 1549; x_wconf 92' lang='lat' dir='ltr'>ait,</span> <span class='ocrx_word' id='word_1_186' title='bbox 1268 1495 1318 1551; x_wconf 90' lang='lat' dir='ltr'>per</span> <span class='ocrx_word' id='word_1_187' title='bbox 1337 1486 1416 1536; x_wconf 90' lang='lat' dir='ltr'>actus</span> <span class='ocrx_word' id='word_1_188' title='bbox 1438 1479 1615 1536; x_wconf 89' lang='lat' dir='ltr'>meticulosos</span> <span class='ocrx_word' id='word_1_189' title='bbox 1634 1480 1728 1538; x_wconf 88' lang='lat' dir='ltr'>induci</span> <span class='ocrx_word' id='word_1_190' title='bbox 1742 1496 1811 1538; x_wconf 89' lang='lat' dir='ltr'>cou-</span> 
     </span>
     <span class='ocr_line' id='line_1_14' title="bbox 172 1567 1809 1646; baseline -0.002 -16"><span class='ocrx_word' id='word_1_191' title='bbox 172 1575 335 1632; x_wconf 80' lang='lat' dir='ltr'>telleaerunt</span> <span class='ocrx_word' id='word_1_192' title='bbox 353 1575 459 1646; x_wconf 72' lang='lat' dir='ltr'>glossae</span> <span class='ocrx_word' id='word_1_193' title='bbox 481 1575 507 1629; x_wconf 94' lang='lat' dir='ltr'>in</span> <span class='ocrx_word' id='word_1_194' title='bbox 529 1579 622 1629; x_wconf 88' lang='lat' dir='ltr'>nostra</span> <span class='ocrx_word' id='word_1_195' title='bbox 645 1573 763 1628; x_wconf 89' lang='lat' dir='ltr'>illatione</span> <span class='ocrx_word' id='word_1_196' title='bbox 784 1577 811 1628; x_wconf 91' lang='lat' dir='ltr'>ct</span> <span class='ocrx_word' id='word_1_197' title='bbox 825 1570 975 1628; x_wconf 88' lang='lat' dir='ltr'>assertione</span> <span class='ocrx_word' id='word_1_198' title='bbox 1011 1569 1199 1641; x_wconf 70' lang='lat' dir='ltr'>suetudinem,</span> <span class='ocrx_word' id='word_1_199' title='bbox 1223 1569 1305 1624; x_wconf 87' lang='lat' dir='ltr'>relert</span> <span class='ocrx_word' id='word_1_200' title='bbox 1323 1573 1411 1624; x_wconf 90' lang='lat' dir='ltr'>tamen</span> <span class='ocrx_word' id='word_1_201' title='bbox 1432 1567 1587 1640; x_wconf 90' lang='lat' dir='ltr'>praedictos</span> <span class='ocrx_word' id='word_1_202' title='bbox 1611 1577 1758 1642; x_wconf 89' lang='lat' dir='ltr'>auctores,</span> <span class='ocrx_word' id='word_1_203' title='bbox 1782 1576 1809 1627; x_wconf 88' lang='lat' dir='ltr'>et</span> 
     </span>
     <span class='ocr_line' id='line_1_15' title="bbox 172 1645 1810 1735; baseline -0.002 -15"><span class='ocrx_word' id='word_1_204' title='bbox 172 1665 286 1734; x_wconf 88' lang='lat' dir='ltr'>citatae,</span> <span class='ocrx_word' id='word_1_205' title='bbox 308 1663 454 1735; x_wconf 79' lang='lat' dir='ltr'>allegantes</span> <span class='ocrx_word' id='word_1_206' title='bbox 481 1678 530 1732; x_wconf 93' lang='lat' dir='ltr'>pro</span> <span class='ocrx_word' id='word_1_207' title='bbox 553 1678 603 1718; x_wconf 89' lang='lat' dir='ltr'>sua</span> <span class='ocrx_word' id='word_1_208' title='bbox 615 1645 754 1719; x_wconf 82' lang='lat' dir='ltr'>&#39;sententia</span> <span class='ocrx_word' id='word_1_209' title='bbox 779 1661 865 1734; x_wconf 83' lang='lat' dir='ltr'>legem</span> <span class='ocrx_word' id='word_1_210' title='bbox 891 1661 972 1717; x_wconf 92' lang='lat' dir='ltr'>illam.</span> <span class='ocrx_word' id='word_1_211' title='bbox 1011 1660 1085 1716; x_wconf 77' lang='lat' dir='ltr'>irrata</span> <span class='ocrx_word' id='word_1_212' title='bbox 1099 1659 1208 1716; x_wconf 91' lang='lat' dir='ltr'>illorum</span> <span class='ocrx_word' id='word_1_213' title='bbox 1224 1658 1435 1714; x_wconf 77' lang='lat' dir='ltr'>declarationem</span> <span class='ocrx_word' id='word_1_214' title='bbox 1448 1659 1507 1715; x_wconf 84' lang='lat' dir='ltr'>vult</span> <span class='ocrx_word' id='word_1_215' title='bbox 1519 1659 1623 1715; x_wconf 87' lang='lat' dir='ltr'>dictum</span> <span class='ocrx_word' id='word_1_216' title='bbox 1637 1675 1718 1716; x_wconf 92' lang='lat' dir='ltr'>suum</span> <span class='ocrx_word' id='word_1_217' title='bbox 1731 1659 1810 1716; x_wconf 90' lang='lat' dir='ltr'>intel-</span> 
     </span>
     <span class='ocr_line' id='line_1_16' title="bbox 125 1746 1810 1822; baseline -0.004 -13"><span class='ocrx_word' id='word_1_218' title='bbox 125 1791 130 1799; x_wconf 87' lang='lat'>·</span> <span class='ocrx_word' id='word_1_219' title='bbox 174 1754 252 1810; x_wconf 88' lang='lat' dir='ltr'>Unde</span> <span class='ocrx_word' id='word_1_220' title='bbox 269 1769 334 1809; x_wconf 92' lang='lat' dir='ltr'>cum</span> <span class='ocrx_word' id='word_1_221' title='bbox 354 1753 454 1809; x_wconf 90' lang='lat' dir='ltr'>dicitur</span> <span class='ocrx_word' id='word_1_222' title='bbox 472 1757 504 1808; x_wconf 82' lang='lat' dir='ltr'>in</span> <span class='ocrx_word' id='word_1_223' title='bbox 523 1751 593 1809; x_wconf 85' lang='lat' dir='ltr'>aliis</span> <span class='ocrx_word' id='word_1_224' title='bbox 611 1752 757 1809; x_wconf 81' lang='lat' dir='ltr'>similibus</span> <span class='ocrx_word' id='word_1_225' title='bbox 775 1769 835 1808; x_wconf 84' lang='lat' dir='ltr'>nora</span> <span class='ocrx_word' id='word_1_226' title='bbox 853 1752 971 1817; x_wconf 80' lang='lat' dir='ltr'>obtinet,</span> <span class='ocrx_word' id='word_1_227' title='bbox 1011 1749 1066 1822; x_wconf 79' lang='lat' dir='ltr'>ligi.</span> <span class='ocrx_word' id='word_1_228' title='bbox 1083 1750 1142 1805; x_wconf 91' lang='lat' dir='ltr'>Non</span> <span class='ocrx_word' id='word_1_229' title='bbox 1158 1763 1222 1821; x_wconf 84' lang='lat' dir='ltr'>ergo</span> <span class='ocrx_word' id='word_1_230' title='bbox 1237 1764 1252 1804; x_wconf 96' lang='grc' dir='ltr'>ε</span> <span class='ocrx_word' id='word_1_231' title='bbox 1267 1747 1344 1804; x_wconf 91' lang='lat' dir='ltr'>nobis</span> <span class='ocrx_word' id='word_1_232' title='bbox 1355 1746 1487 1818; x_wconf 82' lang='lat' dir='ltr'>dissentit,</span> <span class='ocrx_word' id='word_1_233' title='bbox 1500 1747 1547 1803; x_wconf 92' lang='lat' dir='ltr'>sed</span> <span class='ocrx_word' id='word_1_234' title='bbox 1563 1749 1684 1820; x_wconf 78' lang='lat' dir='ltr'>intelligit</span> <span class='ocrx_word' id='word_1_235' title='bbox 1697 1747 1730 1805; x_wconf 90' lang='lat' dir='ltr'>de</span> <span class='ocrx_word' id='word_1_236' title='bbox 1742 1749 1810 1805; x_wconf 91' lang='lat' dir='ltr'>acti·</span> 
     </span>
     <span class='ocr_line' id='line_1_17' title="bbox 173 1835 1810 1912; baseline -0.002 -15"><span class='ocrx_word' id='word_1_237' title='bbox 173 1859 227 1898; x_wconf 91' lang='lat' dir='ltr'>non</span> <span class='ocrx_word' id='word_1_238' title='bbox 245 1851 288 1898; x_wconf 91' lang='lat' dir='ltr'>est</span> <span class='ocrx_word' id='word_1_239' title='bbox 303 1859 402 1898; x_wconf 87' lang='lat' dir='ltr'>sensus</span> <span class='ocrx_word' id='word_1_240' title='bbox 415 1844 442 1898; x_wconf 92' lang='lat' dir='ltr'>in</span> <span class='ocrx_word' id='word_1_241' title='bbox 458 1843 502 1899; x_wconf 91' lang='lat' dir='ltr'>illa</span> <span class='ocrx_word' id='word_1_242' title='bbox 516 1843 627 1898; x_wconf 84' lang='lat' dir='ltr'>tarteria</span> <span class='ocrx_word' id='word_1_243' title='bbox 641 1843 762 1900; x_wconf 84' lang='lat' dir='ltr'>obtinere</span> <span class='ocrx_word' id='word_1_244' title='bbox 776 1885 782 1912; x_wconf 87' lang='lat'>,</span> <span class='ocrx_word' id='word_1_245' title='bbox 798 1859 850 1899; x_wconf 94' lang='lat' dir='ltr'>non</span> <span class='ocrx_word' id='word_1_246' title='bbox 866 1857 929 1899; x_wconf 82' lang='lat' dir='ltr'>aero</span> <span class='ocrx_word' id='word_1_247' title='bbox 945 1844 974 1898; x_wconf 89' lang='lat' dir='ltr'>in</span> <span class='ocrx_word' id='word_1_248' title='bbox 1010 1839 1062 1896; x_wconf 89' lang='lat' dir='ltr'>bus</span> <span class='ocrx_word' id='word_1_249' title='bbox 1074 1837 1254 1908; x_wconf 87' lang='lat' dir='ltr'>meticulosis,</span> <span class='ocrx_word' id='word_1_250' title='bbox 1268 1836 1309 1892; x_wconf 86' lang='lat' dir='ltr'>ael</span> <span class='ocrx_word' id='word_1_251' title='bbox 1320 1835 1430 1909; x_wconf 89' lang='lat' dir='ltr'>quando</span> <span class='ocrx_word' id='word_1_252' title='bbox 1444 1836 1510 1893; x_wconf 89' lang='lat' dir='ltr'>levis</span> <span class='ocrx_word' id='word_1_253' title='bbox 1521 1844 1563 1893; x_wconf 89' lang='lat' dir='ltr'>est</span> <span class='ocrx_word' id='word_1_254' title='bbox 1575 1844 1676 1909; x_wconf 88' lang='lat' dir='ltr'>metus,</span> <span class='ocrx_word' id='word_1_255' title='bbox 1689 1845 1717 1895; x_wconf 87' lang='lat' dir='ltr'>et</span> <span class='ocrx_word' id='word_1_256' title='bbox 1729 1839 1810 1910; x_wconf 90' lang='lat' dir='ltr'>pauci</span> 
     </span>
     <span class='ocr_line' id='line_1_18' title="bbox 172 1923 1811 2008; baseline -0.003 -19"><span class='ocrx_word' id='word_1_257' title='bbox 172 1935 319 1990; x_wconf 87' lang='lat' dir='ltr'>similibus.</span> <span class='ocrx_word' id='word_1_258' title='bbox 335 1935 393 1990; x_wconf 91' lang='lat' dir='ltr'>lloc</span> <span class='ocrx_word' id='word_1_259' title='bbox 408 1934 479 1989; x_wconf 91' lang='lat' dir='ltr'>enim</span> <span class='ocrx_word' id='word_1_260' title='bbox 495 1932 610 1989; x_wconf 81' lang='lat' dir='ltr'>fortasse</span> <span class='ocrx_word' id='word_1_261' title='bbox 625 1932 659 1988; x_wconf 92' lang='lat' dir='ltr'>de</span> <span class='ocrx_word' id='word_1_262' title='bbox 673 1933 744 1989; x_wconf 90' lang='lat' dir='ltr'>omni</span> <span class='ocrx_word' id='word_1_263' title='bbox 760 1931 971 1998; x_wconf 83' lang='lat' dir='ltr'>consuetudine,</span> <span class='ocrx_word' id='word_1_264' title='bbox 1012 1929 1156 2000; x_wconf 74' lang='lat' dir='ltr'>momenti,</span> <span class='ocrx_word' id='word_1_265' title='bbox 1180 1925 1221 1982; x_wconf 84' lang='lat' dir='ltr'>sel</span> <span class='ocrx_word' id='word_1_266' title='bbox 1241 1933 1316 1982; x_wconf 89' lang='lat' dir='ltr'>certe</span> <span class='ocrx_word' id='word_1_267' title='bbox 1336 1926 1457 2008; x_wconf 72' lang='lat' dir='ltr'>iptelligit</span> <span class='ocrx_word' id='word_1_268' title='bbox 1478 1923 1511 1982; x_wconf 91' lang='lat' dir='ltr'>de</span> <span class='ocrx_word' id='word_1_269' title='bbox 1532 1927 1656 1998; x_wconf 88' lang='lat' dir='ltr'>actibus,</span> <span class='ocrx_word' id='word_1_270' title='bbox 1677 1929 1724 2000; x_wconf 93' lang='lat' dir='ltr'>qui</span> <span class='ocrx_word' id='word_1_271' title='bbox 1745 1927 1811 1984; x_wconf 87' lang='lat' dir='ltr'>lieet</span> 
     </span>
     <span class='ocr_line' id='line_1_19' title="bbox 172 2016 1810 2094; baseline -0.005 -14"><span class='ocrx_word' id='word_1_272' title='bbox 172 2025 255 2080; x_wconf 90' lang='lat' dir='ltr'>etiam</span> <span class='ocrx_word' id='word_1_273' title='bbox 272 2038 305 2078; x_wconf 83' lang='lat' dir='ltr'>ex</span> <span class='ocrx_word' id='word_1_274' title='bbox 321 2029 396 2080; x_wconf 92' lang='lat' dir='ltr'>certa</span> <span class='ocrx_word' id='word_1_275' title='bbox 411 2023 520 2079; x_wconf 91' lang='lat' dir='ltr'>scientia</span> <span class='ocrx_word' id='word_1_276' title='bbox 533 2021 699 2094; x_wconf 89' lang='lat' dir='ltr'>introducta,</span> <span class='ocrx_word' id='word_1_277' title='bbox 712 2023 765 2080; x_wconf 91' lang='lat' dir='ltr'>dici</span> <span class='ocrx_word' id='word_1_278' title='bbox 778 2022 880 2094; x_wconf 91' lang='lat' dir='ltr'>potuit,</span> <span class='ocrx_word' id='word_1_279' title='bbox 895 2030 925 2078; x_wconf 87' lang='lat' dir='ltr'>ut</span> <span class='ocrx_word' id='word_1_280' title='bbox 935 2023 976 2076; x_wconf 92' lang='lat' dir='ltr'>ia·</span> <span class='ocrx_word' id='word_1_281' title='bbox 1010 2019 1112 2076; x_wconf 90' lang='lat' dir='ltr'>luerint</span> <span class='ocrx_word' id='word_1_282' title='bbox 1122 2023 1197 2074; x_wconf 87' lang='lat' dir='ltr'>metu</span> <span class='ocrx_word' id='word_1_283' title='bbox 1209 2017 1387 2089; x_wconf 89' lang='lat' dir='ltr'>iacti,postea</span> <span class='ocrx_word' id='word_1_284' title='bbox 1399 2016 1481 2073; x_wconf 90' lang='lat' dir='ltr'>libere</span> <span class='ocrx_word' id='word_1_285' title='bbox 1491 2016 1734 2088; x_wconf 85' lang='lat' dir='ltr'>confirmantur,et</span> <span class='ocrx_word' id='word_1_286' title='bbox 1744 2032 1810 2074; x_wconf 90' lang='lat' dir='ltr'>suc·</span> 
     </span>
     <span class='ocr_line' id='line_1_20' title="bbox 172 2106 1810 2180; baseline -0.003 -13"><span class='ocrx_word' id='word_1_287' title='bbox 172 2112 213 2168; x_wconf 87' lang='lat' dir='ltr'>tra</span> <span class='ocrx_word' id='word_1_288' title='bbox 232 2111 333 2168; x_wconf 88' lang='lat' dir='ltr'>dicam.</span> <span class='ocrx_word' id='word_1_289' title='bbox 359 2112 406 2168; x_wconf 88' lang='lat' dir='ltr'>Vel</span> <span class='ocrx_word' id='word_1_290' title='bbox 426 2116 500 2168; x_wconf 90' lang='lat' dir='ltr'>certe</span> <span class='ocrx_word' id='word_1_291' title='bbox 518 2113 541 2166; x_wconf 93' lang='lat' dir='ltr'>si</span> <span class='ocrx_word' id='word_1_292' title='bbox 560 2110 628 2168; x_wconf 89' lang='lat' dir='ltr'>aliae</span> <span class='ocrx_word' id='word_1_293' title='bbox 648 2111 862 2168; x_wconf 91' lang='lat' dir='ltr'>consuetudines</span> <span class='ocrx_word' id='word_1_294' title='bbox 883 2117 976 2167; x_wconf 84' lang='lat' dir='ltr'>exten·</span> <span class='ocrx_word' id='word_1_295' title='bbox 1011 2126 1094 2166; x_wconf 90' lang='lat' dir='ltr'>cessu</span> <span class='ocrx_word' id='word_1_296' title='bbox 1116 2108 1245 2179; x_wconf 87' lang='lat' dir='ltr'>temporis</span> <span class='ocrx_word' id='word_1_297' title='bbox 1266 2112 1461 2180; x_wconf 69' lang='lat' dir='ltr'>temptantum</span> <span class='ocrx_word' id='word_1_298' title='bbox 1484 2106 1523 2162; x_wconf 90' lang='lat' dir='ltr'>sic</span> <span class='ocrx_word' id='word_1_299' title='bbox 1545 2107 1615 2163; x_wconf 89' lang='lat' dir='ltr'>enim</span> <span class='ocrx_word' id='word_1_300' title='bbox 1637 2107 1712 2163; x_wconf 88' lang='lat' dir='ltr'>Bart.</span> <span class='ocrx_word' id='word_1_301' title='bbox 1729 2107 1810 2163; x_wconf 90' lang='lat' dir='ltr'>etiam</span> 
     </span>
     <span class='ocr_line' id='line_1_21' title="bbox 171 2195 1810 2271; baseline -0.004 -15"><span class='ocrx_word' id='word_1_302' title='bbox 171 2201 273 2256; x_wconf 90' lang='lat' dir='ltr'>dantur</span> <span class='ocrx_word' id='word_1_303' title='bbox 286 2200 318 2256; x_wconf 89' lang='lat' dir='ltr'>ad</span> <span class='ocrx_word' id='word_1_304' title='bbox 338 2201 449 2270; x_wconf 85' lang='lat' dir='ltr'>similia,</span> <span class='ocrx_word' id='word_1_305' title='bbox 465 2201 545 2257; x_wconf 91' lang='lat' dir='ltr'>etiarn</span> <span class='ocrx_word' id='word_1_306' title='bbox 562 2200 628 2256; x_wconf 88' lang='lat' dir='ltr'>baec</span> <span class='ocrx_word' id='word_1_307' title='bbox 643 2199 853 2271; x_wconf 81' lang='lat' dir='ltr'>extenderetur,</span> <span class='ocrx_word' id='word_1_308' title='bbox 867 2202 890 2256; x_wconf 91' lang='lat' dir='ltr'>si</span> <span class='ocrx_word' id='word_1_309' title='bbox 901 2206 976 2257; x_wconf 91' lang='lat' dir='ltr'>esset</span> <span class='ocrx_word' id='word_1_310' title='bbox 1011 2199 1148 2271; x_wconf 87' lang='lat' dir='ltr'>exposuit.</span> <span class='ocrx_word' id='word_1_311' title='bbox 1163 2199 1243 2254; x_wconf 86' lang='lat' dir='ltr'>Ratio</span> <span class='ocrx_word' id='word_1_312' title='bbox 1256 2212 1322 2270; x_wconf 79' lang='lat' dir='ltr'>ergo</span> <span class='ocrx_word' id='word_1_313' title='bbox 1337 2195 1465 2253; x_wconf 88' lang='lat' dir='ltr'>illationis</span> <span class='ocrx_word' id='word_1_314' title='bbox 1479 2203 1538 2269; x_wconf 88' lang='lat' dir='ltr'>est,</span> <span class='ocrx_word' id='word_1_315' title='bbox 1551 2196 1614 2269; x_wconf 90' lang='lat' dir='ltr'>quia</span> <span class='ocrx_word' id='word_1_316' title='bbox 1627 2197 1666 2252; x_wconf 90' lang='lat' dir='ltr'>vis</span> <span class='ocrx_word' id='word_1_317' title='bbox 1681 2202 1708 2253; x_wconf 88' lang='lat' dir='ltr'>ct</span> <span class='ocrx_word' id='word_1_318' title='bbox 1720 2202 1810 2253; x_wconf 89' lang='lat' dir='ltr'>metus</span> 
     </span>
     <span class='ocr_line' id='line_1_22' title="bbox 173 2285 1813 2362; baseline -0.002 -16"><span class='ocrx_word' id='word_1_319' title='bbox 173 2305 237 2346; x_wconf 82' lang='lat' dir='ltr'>vera</span> <span class='ocrx_word' id='word_1_320' title='bbox 257 2289 299 2346; x_wconf 81' lang='lat' dir='ltr'>les</span> <span class='ocrx_word' id='word_1_321' title='bbox 314 2311 322 2358; x_wconf 68' lang='grc' dir='ltr'><strong>ς</strong></span> <span class='ocrx_word' id='word_1_322' title='bbox 340 2292 405 2362; x_wconf 90' lang='lat' dir='ltr'>quia</span> <span class='ocrx_word' id='word_1_323' title='bbox 425 2289 492 2346; x_wconf 89' lang='lat' dir='ltr'>baec</span> <span class='ocrx_word' id='word_1_324' title='bbox 511 2292 631 2346; x_wconf 82' lang='lat' dir='ltr'>extensio</span> <span class='ocrx_word' id='word_1_325' title='bbox 646 2305 787 2362; x_wconf 91' lang='lat' dir='ltr'>nunquam</span> <span class='ocrx_word' id='word_1_326' title='bbox 802 2291 858 2345; x_wconf 89' lang='lat' dir='ltr'>lieri</span> <span class='ocrx_word' id='word_1_327' title='bbox 874 2295 975 2361; x_wconf 91' lang='lat' dir='ltr'>potest,</span> <span class='ocrx_word' id='word_1_328' title='bbox 1013 2287 1160 2361; x_wconf 90' lang='lat' dir='ltr'>impediunt</span> <span class='ocrx_word' id='word_1_329' title='bbox 1171 2302 1340 2343; x_wconf 90' lang='lat' dir='ltr'>consensum</span> <span class='ocrx_word' id='word_1_330' title='bbox 1353 2286 1387 2343; x_wconf 93' lang='lat' dir='ltr'>ad</span> <span class='ocrx_word' id='word_1_331' title='bbox 1399 2286 1625 2344; x_wconf 85' lang='lat' dir='ltr'>introducendam</span> <span class='ocrx_word' id='word_1_332' title='bbox 1637 2285 1813 2343; x_wconf 86' lang='lat' dir='ltr'>consuetudi·</span> 
     </span>
     <span class='ocr_line' id='line_1_23' title="bbox 172 2375 1813 2452; baseline -0.002 -18"><span class='ocrx_word' id='word_1_333' title='bbox 172 2379 222 2434; x_wconf 89' lang='lat' dir='ltr'>nisi</span> <span class='ocrx_word' id='word_1_334' title='bbox 236 2385 377 2452; x_wconf 82' lang='lat' dir='ltr'>&#39;quantum</span> <span class='ocrx_word' id='word_1_335' title='bbox 401 2379 469 2435; x_wconf 87' lang='lat' dir='ltr'>ratic</span> <span class='ocrx_word' id='word_1_336' title='bbox 490 2379 555 2452; x_wconf 78' lang='lat' dir='ltr'>legis</span> <span class='ocrx_word' id='word_1_337' title='bbox 576 2379 694 2450; x_wconf 77' lang='lat' dir='ltr'>patitur3</span> <span class='ocrx_word' id='word_1_338' title='bbox 716 2394 786 2451; x_wconf 89' lang='lat' dir='ltr'>quae</span> <span class='ocrx_word' id='word_1_339' title='bbox 801 2378 869 2434; x_wconf 89' lang='lat' dir='ltr'>ratio</span> <span class='ocrx_word' id='word_1_340' title='bbox 883 2377 977 2434; x_wconf 91' lang='lat' dir='ltr'>locum</span> <span class='ocrx_word' id='word_1_341' title='bbox 1013 2394 1075 2434; x_wconf 90' lang='lat' dir='ltr'>nem</span> <span class='ocrx_word' id='word_1_342' title='bbox 1090 2379 1293 2448; x_wconf 79' lang='lat' dir='ltr'>necessarium3</span> <span class='ocrx_word' id='word_1_343' title='bbox 1310 2375 1511 2450; x_wconf 88' lang='lat' dir='ltr'>quodquidam</span> <span class='ocrx_word' id='word_1_344' title='bbox 1526 2375 1559 2432; x_wconf 90' lang='lat' dir='ltr'>de</span> <span class='ocrx_word' id='word_1_345' title='bbox 1574 2378 1599 2433; x_wconf 84' lang='lat' dir='ltr'>ri</span> <span class='ocrx_word' id='word_1_346' title='bbox 1614 2379 1722 2450; x_wconf 87' lang='lat' dir='ltr'>proprie</span> <span class='ocrx_word' id='word_1_347' title='bbox 1737 2391 1813 2432; x_wconf 89' lang='lat' dir='ltr'>sum·</span> 
     </span>
     <span class='ocr_line' id='line_1_24' title="bbox 172 2467 1313 2542; baseline -0.003 -18"><span class='ocrx_word' id='word_1_348' title='bbox 172 2469 255 2525; x_wconf 89' lang='lat' dir='ltr'>habet</span> <span class='ocrx_word' id='word_1_349' title='bbox 276 2470 302 2524; x_wconf 94' lang='lat' dir='ltr'>in</span> <span class='ocrx_word' id='word_1_350' title='bbox 315 2484 490 2542; x_wconf 92' lang='lat' dir='ltr'>quacumque</span> <span class='ocrx_word' id='word_1_351' title='bbox 515 2468 591 2542; x_wconf 76' lang='lat' dir='ltr'>lege,</span> <span class='ocrx_word' id='word_1_352' title='bbox 607 2469 629 2524; x_wconf 90' lang='lat' dir='ltr'>si</span> <span class='ocrx_word' id='word_1_353' title='bbox 643 2483 707 2524; x_wconf 87' lang='lat' dir='ltr'>aera</span> <span class='ocrx_word' id='word_1_354' title='bbox 721 2468 764 2524; x_wconf 82' lang='lat' dir='ltr'>lex</span> <span class='ocrx_word' id='word_1_355' title='bbox 779 2473 837 2536; x_wconf 77' lang='lat' dir='ltr'>est3</span> <span class='ocrx_word' id='word_1_356' title='bbox 854 2467 897 2523; x_wconf 92' lang='lat' dir='ltr'>ille</span> <span class='ocrx_word' id='word_1_357' title='bbox 911 2481 977 2538; x_wconf 76' lang='lat' dir='ltr'>crgo</span> <span class='ocrx_word' id='word_1_358' title='bbox 1013 2476 1059 2541; x_wconf 89' lang='lat' dir='ltr'>pta</span> <span class='ocrx_word' id='word_1_359' title='bbox 1074 2467 1245 2524; x_wconf 82' lang='lat' dir='ltr'>manifestum</span> <span class='ocrx_word' id='word_1_360' title='bbox 1261 2473 1313 2522; x_wconf 89' lang='lat' dir='ltr'>ost.</span> 
     </span>
     <span class='ocr_line' id='line_1_25' title="bbox 173 2553 1815 2630; baseline -0.002 -14"><span class='ocrx_word' id='word_1_361' title='bbox 173 2575 273 2616; x_wconf 90' lang='lat' dir='ltr'>sensus</span> <span class='ocrx_word' id='word_1_362' title='bbox 298 2574 350 2614; x_wconf 92' lang='lat' dir='ltr'>non</span> <span class='ocrx_word' id='word_1_363' title='bbox 366 2563 457 2630; x_wconf 87' lang='lat' dir='ltr'>potest</span> <span class='ocrx_word' id='word_1_364' title='bbox 471 2565 547 2614; x_wconf 89' lang='lat' dir='ltr'>recta</span> <span class='ocrx_word' id='word_1_365' title='bbox 562 2557 666 2615; x_wconf 85' lang='lat' dir='ltr'>ratione</span> <span class='ocrx_word' id='word_1_366' title='bbox 680 2555 893 2615; x_wconf 88' lang='lat' dir='ltr'>accommodari.</span> <span class='ocrx_word' id='word_1_367' title='bbox 911 2558 978 2611; x_wconf 90' lang='lat' dir='ltr'>Sen-</span> <span class='ocrx_word' id='word_1_368' title='bbox 1058 2561 1101 2616; x_wconf 91' lang='lat' dir='ltr'>to.</span> <span class='ocrx_word' id='word_1_369' title='bbox 1118 2558 1155 2612; x_wconf 83' lang='lat' dir='ltr'>be</span> <span class='ocrx_word' id='word_1_370' title='bbox 1169 2561 1244 2611; x_wconf 85' lang='lat' dir='ltr'>nretu</span> <span class='ocrx_word' id='word_1_371' title='bbox 1258 2561 1348 2610; x_wconf 90' lang='lat' dir='ltr'>autern</span> <span class='ocrx_word' id='word_1_372' title='bbox 1364 2553 1482 2611; x_wconf 91' lang='lat' dir='ltr'>dubitari</span> <span class='ocrx_word' id='word_1_373' title='bbox 1498 2561 1602 2628; x_wconf 88' lang='lat' dir='ltr'>potest,</span> <span class='ocrx_word' id='word_1_374' title='bbox 1614 2556 1680 2629; x_wconf 91' lang='lat' dir='ltr'>quia</span> <span class='ocrx_word' id='word_1_375' title='bbox 1694 2555 1760 2614; x_wconf 89' lang='lat' dir='ltr'>licet</span> <span class='ocrx_word' id='word_1_376' title='bbox 1773 2555 1815 2613; x_wconf 89' lang='lat' dir='ltr'>ia·</span> 
     </span>
     <span class='ocr_line' id='line_1_26' title="bbox 174 2644 1814 2721; baseline -0.001 -17"><span class='ocrx_word' id='word_1_377' title='bbox 174 2665 223 2704; x_wconf 88' lang='lat' dir='ltr'>sus</span> <span class='ocrx_word' id='word_1_378' title='bbox 238 2663 304 2721; x_wconf 83' lang='lat' dir='ltr'>ergo</span> <span class='ocrx_word' id='word_1_379' title='bbox 327 2649 394 2717; x_wconf 86' lang='lat' dir='ltr'>erit,</span> <span class='ocrx_word' id='word_1_380' title='bbox 410 2663 461 2702; x_wconf 92' lang='lat' dir='ltr'>non</span> <span class='ocrx_word' id='word_1_381' title='bbox 477 2647 600 2703; x_wconf 88' lang='lat' dir='ltr'>obtinere</span> <span class='ocrx_word' id='word_1_382' title='bbox 614 2649 641 2703; x_wconf 91' lang='lat' dir='ltr'>in</span> <span class='ocrx_word' id='word_1_383' title='bbox 657 2646 806 2716; x_wconf 87' lang='lat' dir='ltr'>similibus,</span> <span class='ocrx_word' id='word_1_384' title='bbox 822 2646 920 2714; x_wconf 90' lang='lat' dir='ltr'>idest,</span> <span class='ocrx_word' id='word_1_385' title='bbox 938 2650 977 2700; x_wconf 89' lang='lat' dir='ltr'>ta·</span> <span class='ocrx_word' id='word_1_386' title='bbox 1018 2647 1073 2702; x_wconf 87' lang='lat' dir='ltr'>ciat</span> <span class='ocrx_word' id='word_1_387' title='bbox 1087 2644 1303 2701; x_wconf 85' lang='lat' dir='ltr'>involuntarium</span> <span class='ocrx_word' id='word_1_388' title='bbox 1322 2644 1476 2700; x_wconf 88' lang='lat' dir='ltr'>secundum</span> <span class='ocrx_word' id='word_1_389' title='bbox 1494 2644 1575 2717; x_wconf 90' lang='lat' dir='ltr'>quid,</span> <span class='ocrx_word' id='word_1_390' title='bbox 1591 2645 1625 2702; x_wconf 90' lang='lat' dir='ltr'>de</span> <span class='ocrx_word' id='word_1_391' title='bbox 1640 2662 1668 2702; x_wconf 89' lang='lat' dir='ltr'>se</span> <span class='ocrx_word' id='word_1_392' title='bbox 1683 2645 1814 2720; x_wconf 87' lang='lat' dir='ltr'>relinquit</span> 
     </span>
     <span class='ocr_line' id='line_1_27' title="bbox 174 2733 1815 2807; baseline 0 -15"><span class='ocrx_word' id='word_1_393' title='bbox 174 2737 226 2792; x_wconf 91' lang='lat' dir='ltr'>lem</span> <span class='ocrx_word' id='word_1_394' title='bbox 240 2735 467 2793; x_wconf 86' lang='lat' dir='ltr'>consuetudinem</span> <span class='ocrx_word' id='word_1_395' title='bbox 489 2753 541 2792; x_wconf 93' lang='lat' dir='ltr'>non</span> <span class='ocrx_word' id='word_1_396' title='bbox 553 2737 669 2807; x_wconf 89' lang='lat' dir='ltr'>durare,</span> <span class='ocrx_word' id='word_1_397' title='bbox 681 2742 710 2793; x_wconf 91' lang='lat' dir='ltr'>et</span> <span class='ocrx_word' id='word_1_398' title='bbox 720 2736 859 2794; x_wconf 90' lang='lat' dir='ltr'>intellecto</span> <span class='ocrx_word' id='word_1_399' title='bbox 869 2749 974 2804; x_wconf 91' lang='lat' dir='ltr'>errore,</span> <span class='ocrx_word' id='word_1_400' title='bbox 1015 2734 1172 2792; x_wconf 90' lang='lat' dir='ltr'>absolutum</span> <span class='ocrx_word' id='word_1_401' title='bbox 1187 2733 1380 2790; x_wconf 81' lang='lat' dir='ltr'>voluntarium.</span> <span class='ocrx_word' id='word_1_402' title='bbox 1394 2733 1469 2790; x_wconf 89' lang='lat' dir='ltr'>Unde</span> <span class='ocrx_word' id='word_1_403' title='bbox 1484 2734 1623 2792; x_wconf 86' lang='lat' dir='ltr'>oriebatur</span> <span class='ocrx_word' id='word_1_404' title='bbox 1634 2736 1744 2793; x_wconf 91' lang='lat' dir='ltr'>occasio</span> <span class='ocrx_word' id='word_1_405' title='bbox 1759 2735 1815 2792; x_wconf 90' lang='lat' dir='ltr'>dis-</span> 
     </span>
     <span class='ocr_line' id='line_1_28' title="bbox 175 2823 1815 2896; baseline 0.001 -16"><span class='ocrx_word' id='word_1_406' title='bbox 175 2841 229 2881; x_wconf 93' lang='lat' dir='ltr'>non</span> <span class='ocrx_word' id='word_1_407' title='bbox 249 2824 312 2880; x_wconf 89' lang='lat' dir='ltr'>rlare</span> <span class='ocrx_word' id='word_1_408' title='bbox 335 2825 377 2881; x_wconf 90' lang='lat' dir='ltr'>ius</span> <span class='ocrx_word' id='word_1_409' title='bbox 401 2823 434 2880; x_wconf 89' lang='lat' dir='ltr'>ad</span> <span class='ocrx_word' id='word_1_410' title='bbox 453 2825 621 2882; x_wconf 80' lang='lat' dir='ltr'>exercendus</span> <span class='ocrx_word' id='word_1_411' title='bbox 636 2831 716 2881; x_wconf 91' lang='lat' dir='ltr'>actus</span> <span class='ocrx_word' id='word_1_412' title='bbox 731 2824 831 2880; x_wconf 87' lang='lat' dir='ltr'>similes</span> <span class='ocrx_word' id='word_1_413' title='bbox 846 2824 914 2894; x_wconf 90' lang='lat' dir='ltr'>illis,</span> <span class='ocrx_word' id='word_1_414' title='bbox 930 2823 979 2896; x_wconf 91' lang='lat' dir='ltr'>qui</span> <span class='ocrx_word' id='word_1_415' title='bbox 1016 2823 1146 2896; x_wconf 90' lang='lat' dir='ltr'>putandi,</span> <span class='ocrx_word' id='word_1_416' title='bbox 1165 2839 1197 2879; x_wconf 90' lang='lat' dir='ltr'>an</span> <span class='ocrx_word' id='word_1_417' title='bbox 1211 2839 1246 2879; x_wconf 86' lang='lat' dir='ltr'>ex</span> <span class='ocrx_word' id='word_1_418' title='bbox 1260 2828 1358 2878; x_wconf 90' lang='lat' dir='ltr'>natura</span> <span class='ocrx_word' id='word_1_419' title='bbox 1377 2823 1415 2880; x_wconf 92' lang='lat' dir='ltr'>rei</span> <span class='ocrx_word' id='word_1_420' title='bbox 1434 2823 1510 2880; x_wconf 88' lang='lat' dir='ltr'>solue</span> <span class='ocrx_word' id='word_1_421' title='bbox 1530 2831 1620 2885; x_wconf 75' lang='lat' dir='ltr'>noetus</span> <span class='ocrx_word' id='word_1_422' title='bbox 1640 2825 1761 2882; x_wconf 85' lang='lat' dir='ltr'>sufficiat</span> <span class='ocrx_word' id='word_1_423' title='bbox 1779 2823 1815 2881; x_wconf 85' lang='lat' dir='ltr'>arl</span> 
     </span>
     <span class='ocr_line' id='line_1_29' title="bbox 175 2912 1815 2986; baseline 0 -16"><span class='ocrx_word' id='word_1_424' title='bbox 175 2921 255 2970; x_wconf 89' lang='lat' dir='ltr'>antea</span> <span class='ocrx_word' id='word_1_425' title='bbox 274 2929 321 2985; x_wconf 93' lang='lat' dir='ltr'>per</span> <span class='ocrx_word' id='word_1_426' title='bbox 345 2929 466 2970; x_wconf 91' lang='lat' dir='ltr'>errorem</span> <span class='ocrx_word' id='word_1_427' title='bbox 483 2915 561 2986; x_wconf 89' lang='lat' dir='ltr'>quasi</span> <span class='ocrx_word' id='word_1_428' title='bbox 574 2930 606 2970; x_wconf 83' lang='lat' dir='ltr'>ea</span> <span class='ocrx_word' id='word_1_429' title='bbox 620 2914 819 2972; x_wconf 87' lang='lat' dir='ltr'>consuetudine</span> <span class='ocrx_word' id='word_1_430' title='bbox 835 2918 928 2985; x_wconf 86' lang='lat' dir='ltr'>putata</span> <span class='ocrx_word' id='word_1_431' title='bbox 942 2915 979 2969; x_wconf 91' lang='lat' dir='ltr'>le·</span> <span class='ocrx_word' id='word_1_432' title='bbox 1016 2913 1178 2970; x_wconf 87' lang='lat' dir='ltr'>irritandum</span> <span class='ocrx_word' id='word_1_433' title='bbox 1201 2912 1274 2969; x_wconf 93' lang='lat' dir='ltr'>bunc</span> <span class='ocrx_word' id='word_1_434' title='bbox 1296 2928 1462 2970; x_wconf 87' lang='lat' dir='ltr'>consensum</span> <span class='ocrx_word' id='word_1_435' title='bbox 1482 2921 1630 2984; x_wconf 86' lang='lat' dir='ltr'>coactum,</span> <span class='ocrx_word' id='word_1_436' title='bbox 1652 2915 1688 2972; x_wconf 88' lang='lat' dir='ltr'>ita</span> <span class='ocrx_word' id='word_1_437' title='bbox 1710 2922 1742 2973; x_wconf 89' lang='lat' dir='ltr'>ut</span> <span class='ocrx_word' id='word_1_438' title='bbox 1761 2930 1815 2972; x_wconf 92' lang='lat' dir='ltr'>non</span> 
     </span>
     <span class='ocr_line' id='line_1_30' title="bbox 174 3001 1816 3077; baseline 0.002 -20"><span class='ocrx_word' id='word_1_439' title='bbox 174 3004 266 3076; x_wconf 83' lang='lat' dir='ltr'>gitima</span> <span class='ocrx_word' id='word_1_440' title='bbox 285 3001 499 3060; x_wconf 86' lang='lat' dir='ltr'>exercebantur.&#39;</span> <span class='ocrx_word' id='word_1_441' title='bbox 521 3003 569 3058; x_wconf 87' lang='lat' dir='ltr'>llic</span> <span class='ocrx_word' id='word_1_442' title='bbox 590 3005 661 3059; x_wconf 91' lang='lat' dir='ltr'>enim</span> <span class='ocrx_word' id='word_1_443' title='bbox 677 3019 774 3058; x_wconf 89' lang='lat' dir='ltr'>sensus</span> <span class='ocrx_word' id='word_1_444' title='bbox 791 3017 840 3058; x_wconf 90' lang='lat' dir='ltr'>nec</span> <span class='ocrx_word' id='word_1_445' title='bbox 857 3001 980 3058; x_wconf 89' lang='lat' dir='ltr'>absurdi·</span> <span class='ocrx_word' id='word_1_446' title='bbox 1014 3003 1114 3060; x_wconf 89' lang='lat' dir='ltr'>babeat</span> <span class='ocrx_word' id='word_1_447' title='bbox 1124 3003 1253 3060; x_wconf 84' lang='lat' dir='ltr'>ellectum</span> <span class='ocrx_word' id='word_1_448' title='bbox 1264 3003 1412 3060; x_wconf 87' lang='lat' dir='ltr'>inducendi</span> <span class='ocrx_word' id='word_1_449' title='bbox 1423 3005 1467 3059; x_wconf 90' lang='lat' dir='ltr'>ius</span> <span class='ocrx_word' id='word_1_450' title='bbox 1479 3003 1696 3076; x_wconf 88' lang='lat' dir='ltr'>consuetudinis,</span> <span class='ocrx_word' id='word_1_451' title='bbox 1710 3011 1738 3062; x_wconf 89' lang='lat' dir='ltr'>et</span> <span class='ocrx_word' id='word_1_452' title='bbox 1748 3020 1816 3077; x_wconf 90' lang='lat' dir='ltr'>qua·</span> 
     </span>
     <span class='ocr_line' id='line_1_31' title="bbox 176 3089 1816 3167; baseline 0.001 -20"><span class='ocrx_word' id='word_1_453' title='bbox 176 3098 258 3148; x_wconf 89' lang='lat' dir='ltr'>tatem</span> <span class='ocrx_word' id='word_1_454' title='bbox 280 3091 380 3162; x_wconf 87' lang='lat' dir='ltr'>babet,</span> <span class='ocrx_word' id='word_1_455' title='bbox 393 3107 444 3148; x_wconf 91' lang='lat' dir='ltr'>nec</span> <span class='ocrx_word' id='word_1_456' title='bbox 461 3093 514 3147; x_wconf 91' lang='lat' dir='ltr'>vim</span> <span class='ocrx_word' id='word_1_457' title='bbox 528 3090 617 3148; x_wconf 79' lang='lat' dir='ltr'>serbis</span> <span class='ocrx_word' id='word_1_458' title='bbox 632 3090 727 3162; x_wconf 82' lang='lat' dir='ltr'>inient,</span> <span class='ocrx_word' id='word_1_459' title='bbox 739 3099 768 3146; x_wconf 83' lang='lat' dir='ltr'>et</span> <span class='ocrx_word' id='word_1_460' title='bbox 782 3090 935 3147; x_wconf 92' lang='lat' dir='ltr'>secundum</span> <span class='ocrx_word' id='word_1_461' title='bbox 950 3089 981 3146; x_wconf 92' lang='lat' dir='ltr'>il·</span> <span class='ocrx_word' id='word_1_462' title='bbox 1016 3093 1049 3151; x_wconf 88' lang='lat' dir='ltr'>lis</span> <span class='ocrx_word' id='word_1_463' title='bbox 1064 3093 1160 3149; x_wconf 89' lang='lat' dir='ltr'>debeat</span> <span class='ocrx_word' id='word_1_464' title='bbox 1177 3105 1237 3148; x_wconf 85' lang='lat' dir='ltr'>asse</span> <span class='ocrx_word' id='word_1_465' title='bbox 1256 3091 1300 3148; x_wconf 90' lang='lat' dir='ltr'>bic</span> <span class='ocrx_word' id='word_1_466' title='bbox 1323 3097 1423 3148; x_wconf 88' lang='lat' dir='ltr'>metus.</span> <span class='ocrx_word' id='word_1_467' title='bbox 1439 3093 1491 3150; x_wconf 87' lang='lat' dir='ltr'>Sed</span> <span class='ocrx_word' id='word_1_468' title='bbox 1507 3095 1571 3165; x_wconf 91' lang='lat' dir='ltr'>quia</span> <span class='ocrx_word' id='word_1_469' title='bbox 1585 3093 1677 3150; x_wconf 90' lang='lat' dir='ltr'>similis</span> <span class='ocrx_word' id='word_1_470' title='bbox 1692 3093 1816 3167; x_wconf 89' lang='lat' dir='ltr'>quaestio</span> 
     </span>
     <span class='ocr_line' id='line_1_32' title="bbox 176 3178 1817 3256; baseline 0.001 -20"><span class='ocrx_word' id='word_1_471' title='bbox 176 3180 228 3236; x_wconf 90' lang='lat' dir='ltr'>lam</span> <span class='ocrx_word' id='word_1_472' title='bbox 243 3181 285 3238; x_wconf 82' lang='lat' dir='ltr'>lex</span> <span class='ocrx_word' id='word_1_473' title='bbox 301 3181 345 3237; x_wconf 87' lang='lat' dir='ltr'>illa</span> <span class='ocrx_word' id='word_1_474' title='bbox 367 3181 465 3253; x_wconf 86' lang='lat' dir='ltr'>probat</span> <span class='ocrx_word' id='word_1_475' title='bbox 479 3181 656 3238; x_wconf 90' lang='lat' dir='ltr'>assertionem</span> <span class='ocrx_word' id='word_1_476' title='bbox 670 3187 810 3254; x_wconf 87' lang='lat' dir='ltr'>nostram,</span> <span class='ocrx_word' id='word_1_477' title='bbox 830 3185 861 3236; x_wconf 89' lang='lat' dir='ltr'>ut</span> <span class='ocrx_word' id='word_1_478' title='bbox 874 3178 980 3252; x_wconf 80' lang='lat' dir='ltr'>glossae</span> <span class='ocrx_word' id='word_1_479' title='bbox 1016 3181 1151 3255; x_wconf 83' lang='lat' dir='ltr'>generalia</span> <span class='ocrx_word' id='word_1_480' title='bbox 1165 3189 1225 3250; x_wconf 89' lang='lat' dir='ltr'>est,</span> <span class='ocrx_word' id='word_1_481' title='bbox 1241 3197 1274 3237; x_wconf 89' lang='lat' dir='ltr'>ac</span> <span class='ocrx_word' id='word_1_482' title='bbox 1289 3179 1417 3254; x_wconf 76' lang='lat' dir='ltr'>frequens</span> <span class='ocrx_word' id='word_1_483' title='bbox 1432 3183 1459 3237; x_wconf 91' lang='lat' dir='ltr'>in</span> <span class='ocrx_word' id='word_1_484' title='bbox 1475 3183 1567 3240; x_wconf 89' lang='lat' dir='ltr'>multia</span> <span class='ocrx_word' id='word_1_485' title='bbox 1586 3185 1727 3256; x_wconf 86' lang='lat' dir='ltr'>materiis,</span> <span class='ocrx_word' id='word_1_486' title='bbox 1743 3189 1770 3239; x_wconf 87' lang='lat' dir='ltr'>et</span> <span class='ocrx_word' id='word_1_487' title='bbox 1783 3182 1817 3239; x_wconf 90' lang='lat' dir='ltr'>de</span> 
     </span>
     <span class='ocr_line' id='line_1_33' title="bbox 176 3269 1819 3345; baseline 0.002 -21"><span class='ocrx_word' id='word_1_488' title='bbox 176 3271 329 3326; x_wconf 86' lang='lat' dir='ltr'>voluerunt.</span> <span class='ocrx_word' id='word_1_489' title='bbox 1016 3271 1060 3328; x_wconf 92' lang='lat' dir='ltr'>illa</span> <span class='ocrx_word' id='word_1_490' title='bbox 1075 3271 1130 3328; x_wconf 85' lang='lat' dir='ltr'>dixi</span> <span class='ocrx_word' id='word_1_491' title='bbox 1144 3271 1230 3328; x_wconf 92' lang='lat' dir='ltr'>multa</span> <span class='ocrx_word' id='word_1_492' title='bbox 1245 3269 1291 3326; x_wconf 90' lang='lat' dir='ltr'>lib.</span> <span class='ocrx_word' id='word_1_493' title='bbox 1307 3269 1388 3328; x_wconf 59' lang='lat' dir='ltr'>bale</span> <span class='ocrx_word' id='word_1_494' title='bbox 1405 3274 1518 3330; x_wconf 85' lang='lat' dir='ltr'>turam.</span> <span class='ocrx_word' id='word_1_495' title='bbox 1536 3275 1625 3345; x_wconf 90' lang='lat' dir='ltr'>capite</span> <span class='ocrx_word' id='word_1_496' title='bbox 1640 3276 1669 3344; x_wconf 86' lang='lat' dir='ltr'>o,</span> <span class='ocrx_word' id='word_1_497' title='bbox 1685 3279 1713 3329; x_wconf 90' lang='lat' dir='ltr'>et</span> <span class='ocrx_word' id='word_1_498' title='bbox 1727 3270 1772 3327; x_wconf 92' lang='lat' dir='ltr'>lib.</span> <span class='ocrx_word' id='word_1_499' title='bbox 1795 3273 1819 3328; x_wconf 90' lang='grc'>1.</span> 
     </span>
     <span class='ocr_line' id='line_1_34' title="bbox 217 3357 1818 3434; baseline 0 -17"><span class='ocrx_word' id='word_1_500' title='bbox 217 3366 243 3417; x_wconf 87' lang='grc'>8.</span> <span class='ocrx_word' id='word_1_501' title='bbox 261 3361 380 3433; x_wconf 84' lang='lat' dir='ltr'>lienique</span> <span class='ocrx_word' id='word_1_502' title='bbox 400 3359 499 3432; x_wconf 92' lang='lat' dir='ltr'>inquiri</span> <span class='ocrx_word' id='word_1_503' title='bbox 521 3365 612 3431; x_wconf 85' lang='lat' dir='ltr'>petest</span> <span class='ocrx_word' id='word_1_504' title='bbox 629 3361 656 3416; x_wconf 89' lang='lat' dir='ltr'>in</span> <span class='ocrx_word' id='word_1_505' title='bbox 672 3359 723 3416; x_wconf 93' lang='lat' dir='ltr'>boc</span> <span class='ocrx_word' id='word_1_506' title='bbox 739 3365 860 3431; x_wconf 90' lang='lat' dir='ltr'>puncto,</span> <span class='ocrx_word' id='word_1_507' title='bbox 876 3357 980 3432; x_wconf 85' lang='lat' dir='ltr'>deque</span> <span class='ocrx_word' id='word_1_508' title='bbox 1017 3359 1052 3417; x_wconf 86' lang='lat' dir='ltr'>de</span> <span class='ocrx_word' id='word_1_509' title='bbox 1065 3365 1139 3428; x_wconf 82' lang='lat' dir='ltr'>voto,</span> <span class='ocrx_word' id='word_1_510' title='bbox 1164 3361 1250 3432; x_wconf 85' lang='lat' dir='ltr'>capite</span> <span class='ocrx_word' id='word_1_511' title='bbox 1266 3362 1340 3434; x_wconf 78' lang='lat' dir='ltr'>i3et</span> <span class='ocrx_word' id='word_1_512' title='bbox 1359 3358 1418 3428; x_wconf 82' lang='lat' dir='ltr'>ideo</span> <span class='ocrx_word' id='word_1_513' title='bbox 1433 3361 1466 3417; x_wconf 90' lang='lat' dir='ltr'>ab</span> <span class='ocrx_word' id='word_1_514' title='bbox 1485 3361 1529 3418; x_wconf 90' lang='lat' dir='ltr'>illa</span> <span class='ocrx_word' id='word_1_515' title='bbox 1543 3376 1616 3418; x_wconf 92' lang='lat' dir='ltr'>nunc</span> <span class='ocrx_word' id='word_1_516' title='bbox 1631 3362 1766 3419; x_wconf 90' lang='lat' dir='ltr'>abstineo.</span> <span class='ocrx_word' id='word_1_517' title='bbox 1782 3361 1818 3417; x_wconf 84' lang='lat' dir='ltr'>Et</span> 
     </span>
     <span class='ocr_line' id='line_1_35' title="bbox 177 3447 1819 3522; baseline 0.002 -19"><span class='ocrx_word' id='word_1_518' title='bbox 177 3449 326 3521; x_wconf 81' lang='lat' dir='ltr'>ignorantia</span> <span class='ocrx_word' id='word_1_519' title='bbox 346 3449 388 3506; x_wconf 86' lang='lat' dir='ltr'>vel</span> <span class='ocrx_word' id='word_1_520' title='bbox 406 3464 500 3506; x_wconf 90' lang='lat' dir='ltr'>errore</span> <span class='ocrx_word' id='word_1_521' title='bbox 520 3449 572 3505; x_wconf 92' lang='lat' dir='ltr'>boc</span> <span class='ocrx_word' id='word_1_522' title='bbox 587 3447 793 3522; x_wconf 77' lang='lat' dir='ltr'>intelligendum</span> <span class='ocrx_word' id='word_1_523' title='bbox 808 3449 853 3504; x_wconf 89' lang='lat' dir='ltr'>sit.</span> <span class='ocrx_word' id='word_1_524' title='bbox 870 3450 937 3506; x_wconf 89' lang='lat' dir='ltr'>Nam</span> <span class='ocrx_word' id='word_1_525' title='bbox 954 3449 980 3504; x_wconf 88' lang='lat' dir='ltr'>in</span> <span class='ocrx_word' id='word_1_526' title='bbox 1018 3452 1135 3508; x_wconf 86' lang='lat' dir='ltr'>breviter</span> <span class='ocrx_word' id='word_1_527' title='bbox 1155 3450 1234 3522; x_wconf 90' lang='lat' dir='ltr'>dico,</span> <span class='ocrx_word' id='word_1_528' title='bbox 1249 3452 1275 3506; x_wconf 92' lang='lat' dir='ltr'>in</span> <span class='ocrx_word' id='word_1_529' title='bbox 1296 3451 1433 3522; x_wconf 91' lang='lat' dir='ltr'>praesenti</span> <span class='ocrx_word' id='word_1_530' title='bbox 1453 3451 1565 3507; x_wconf 90' lang='lat' dir='ltr'>materia</span> <span class='ocrx_word' id='word_1_531' title='bbox 1584 3451 1670 3507; x_wconf 86' lang='lat' dir='ltr'>marito</span> <span class='ocrx_word' id='word_1_532' title='bbox 1684 3465 1744 3506; x_wconf 89' lang='lat' dir='ltr'>esse</span> <span class='ocrx_word' id='word_1_533' title='bbox 1761 3465 1819 3506; x_wconf 91' lang='lat' dir='ltr'>ma·</span> 
     </span>
    </p>
   </div>
   <div class='ocr_carea' id='block_1_3' title="bbox 92 3537 1820 3614">
    <p class='ocr_par' dir='ltr' id='par_1_3' title="bbox 92 3537 1820 3614">
     <span class='ocr_line' id='line_1_36' title="bbox 92 3537 1820 3614; baseline 0.002 -21"><span class='ocrx_word' id='word_1_534' title='bbox 92 3553 97 3561; x_wconf 94' lang='lat'>·</span> <span class='ocrx_word' id='word_1_535' title='bbox 178 3539 230 3594; x_wconf 89' lang='lat' dir='ltr'>boc</span> <span class='ocrx_word' id='word_1_536' title='bbox 253 3539 332 3594; x_wconf 88' lang='lat' dir='ltr'>etiam</span> <span class='ocrx_word' id='word_1_537' title='bbox 354 3537 669 3614; x_wconf 82' lang='lat' dir='ltr'>Cynusetatiiiuristae</span> <span class='ocrx_word' id='word_1_538' title='bbox 688 3537 983 3609; x_wconf 80' lang='lat' dir='ltr'>distinguunt,utao·</span> <span class='ocrx_word' id='word_1_539' title='bbox 1018 3543 1102 3598; x_wconf 88' lang='lat' dir='ltr'>iorem</span> <span class='ocrx_word' id='word_1_540' title='bbox 1124 3539 1325 3612; x_wconf 88' lang='lat' dir='ltr'>rationem,ob</span> <span class='ocrx_word' id='word_1_541' title='bbox 1345 3555 1428 3612; x_wconf 92' lang='lat' dir='ltr'>quarn</span> <span class='ocrx_word' id='word_1_542' title='bbox 1449 3547 1539 3597; x_wconf 90' lang='lat' dir='ltr'>metus</span> <span class='ocrx_word' id='word_1_543' title='bbox 1558 3556 1591 3596; x_wconf 88' lang='lat' dir='ltr'>err</span> <span class='ocrx_word' id='word_1_544' title='bbox 1605 3546 1703 3596; x_wconf 90' lang='lat' dir='ltr'>natura</span> <span class='ocrx_word' id='word_1_545' title='bbox 1717 3540 1756 3596; x_wconf 92' lang='lat' dir='ltr'>rei</span> <span class='ocrx_word' id='word_1_546' title='bbox 1770 3540 1820 3597; x_wconf 92' lang='lat' dir='ltr'>im·</span> 
     </span>
    </p>
   </div>
   <div class='ocr_carea' id='block_1_4' title="bbox 178 3626 1826 4867">
    <p class='ocr_par' dir='ltr' id='par_1_4' title="bbox 178 3626 1826 4867">
     <span class='ocr_line' id='line_1_37' title="bbox 178 3626 1821 3702; baseline -0.001 -15"><span class='ocrx_word' id='word_1_547' title='bbox 178 3627 233 3684; x_wconf 81' lang='lat' dir='ltr'>lent</span> <span class='ocrx_word' id='word_1_548' title='bbox 247 3671 253 3700; x_wconf 91' lang='lat'>,</span> <span class='ocrx_word' id='word_1_549' title='bbox 269 3627 406 3684; x_wconf 82' lang='lat' dir='ltr'>tle-causa</span> <span class='ocrx_word' id='word_1_550' title='bbox 426 3627 547 3698; x_wconf 80' lang='lat' dir='ltr'>motiva,</span> <span class='ocrx_word' id='word_1_551' title='bbox 570 3633 598 3683; x_wconf 81' lang='lat' dir='ltr'>ei</span> <span class='ocrx_word' id='word_1_552' title='bbox 615 3627 703 3702; x_wconf 78' lang='lat' dir='ltr'>finali,</span> <span class='ocrx_word' id='word_1_553' title='bbox 723 3635 751 3684; x_wconf 83' lang='lat' dir='ltr'>et</span> <span class='ocrx_word' id='word_1_554' title='bbox 765 3626 878 3699; x_wconf 81' lang='lat' dir='ltr'>dicuni,</span> <span class='ocrx_word' id='word_1_555' title='bbox 894 3641 983 3683; x_wconf 73' lang='lat' dir='ltr'>assel-</span> <span class='ocrx_word' id='word_1_556' title='bbox 1018 3630 1107 3702; x_wconf 91' lang='lat' dir='ltr'>pediat</span> <span class='ocrx_word' id='word_1_557' title='bbox 1125 3630 1371 3700; x_wconf 89' lang='lat' dir='ltr'>cousuetudinem,</span> <span class='ocrx_word' id='word_1_558' title='bbox 1389 3632 1454 3702; x_wconf 91' lang='lat' dir='ltr'>quia</span> <span class='ocrx_word' id='word_1_559' title='bbox 1468 3629 1501 3686; x_wconf 89' lang='lat' dir='ltr'>ad</span> <span class='ocrx_word' id='word_1_560' title='bbox 1515 3629 1744 3687; x_wconf 88' lang='lat' dir='ltr'>consuetudinem</span> <span class='ocrx_word' id='word_1_561' title='bbox 1764 3645 1821 3686; x_wconf 91' lang='lat' dir='ltr'>non</span> 
     </span>
     <span class='ocr_line' id='line_1_38' title="bbox 179 3715 1821 3792; baseline 0.002 -20"><span class='ocrx_word' id='word_1_562' title='bbox 179 3717 278 3774; x_wconf 89' lang='lat' dir='ltr'>tionem</span> <span class='ocrx_word' id='word_1_563' title='bbox 309 3731 369 3773; x_wconf 88' lang='lat' dir='ltr'>esse</span> <span class='ocrx_word' id='word_1_564' title='bbox 390 3715 589 3789; x_wconf 76' lang='lat' dir='ltr'>intelligendam</span> <span class='ocrx_word' id='word_1_565' title='bbox 610 3715 643 3772; x_wconf 90' lang='lat' dir='ltr'>de</span> <span class='ocrx_word' id='word_1_566' title='bbox 663 3731 755 3773; x_wconf 88' lang='lat' dir='ltr'>errore</span> <span class='ocrx_word' id='word_1_567' title='bbox 777 3718 854 3773; x_wconf 91' lang='lat' dir='ltr'>circa</span> <span class='ocrx_word' id='word_1_568' title='bbox 874 3715 980 3772; x_wconf 84' lang='lat' dir='ltr'>tinctam</span> <span class='ocrx_word' id='word_1_569' title='bbox 1018 3720 1160 3777; x_wconf 85' lang='lat' dir='ltr'>sulliciunr</span> <span class='ocrx_word' id='word_1_570' title='bbox 1175 3725 1272 3792; x_wconf 89' lang='lat' dir='ltr'>actus,</span> <span class='ocrx_word' id='word_1_571' title='bbox 1288 3718 1336 3776; x_wconf 91' lang='lat' dir='ltr'>sed</span> <span class='ocrx_word' id='word_1_572' title='bbox 1351 3734 1462 3776; x_wconf 88' lang='lat' dir='ltr'>necesse</span> <span class='ocrx_word' id='word_1_573' title='bbox 1477 3727 1536 3791; x_wconf 90' lang='lat' dir='ltr'>est,</span> <span class='ocrx_word' id='word_1_574' title='bbox 1551 3727 1582 3777; x_wconf 93' lang='lat' dir='ltr'>ut</span> <span class='ocrx_word' id='word_1_575' title='bbox 1596 3721 1662 3776; x_wconf 89' lang='lat' dir='ltr'>baut</span> <span class='ocrx_word' id='word_1_576' title='bbox 1677 3721 1768 3776; x_wconf 92' lang='lat' dir='ltr'>animo</span> <span class='ocrx_word' id='word_1_577' title='bbox 1780 3722 1821 3776; x_wconf 93' lang='lat' dir='ltr'>in·</span> 
     </span>
     <span class='ocr_line' id='line_1_39' title="bbox 178 3803 1821 3882; baseline 0.003 -22"><span class='ocrx_word' id='word_1_578' title='bbox 178 3821 307 3872; x_wconf 89' lang='lat' dir='ltr'>causam,</span> <span class='ocrx_word' id='word_1_579' title='bbox 327 3819 381 3860; x_wconf 91' lang='lat' dir='ltr'>non</span> <span class='ocrx_word' id='word_1_580' title='bbox 396 3805 472 3860; x_wconf 92' lang='lat' dir='ltr'>circa</span> <span class='ocrx_word' id='word_1_581' title='bbox 492 3804 633 3860; x_wconf 80' lang='lat' dir='ltr'>motivam.</span> <span class='ocrx_word' id='word_1_582' title='bbox 650 3804 701 3862; x_wconf 86' lang='lat' dir='ltr'>Sed</span> <span class='ocrx_word' id='word_1_583' title='bbox 717 3803 749 3860; x_wconf 90' lang='lat' dir='ltr'>de</span> <span class='ocrx_word' id='word_1_584' title='bbox 764 3805 815 3861; x_wconf 88' lang='lat' dir='ltr'>bac</span> <span class='ocrx_word' id='word_1_585' title='bbox 831 3803 982 3862; x_wconf 87' lang='lat' dir='ltr'>distinctio·</span> <span class='ocrx_word' id='word_1_586' title='bbox 1019 3809 1137 3866; x_wconf 88' lang='lat' dir='ltr'>duceodi</span> <span class='ocrx_word' id='word_1_587' title='bbox 1150 3808 1445 3881; x_wconf 75' lang='lat' dir='ltr'>consuetudinem3qui</span> <span class='ocrx_word' id='word_1_588' title='bbox 1456 3811 1562 3864; x_wconf 88' lang='lat' dir='ltr'>animus</span> <span class='ocrx_word' id='word_1_589' title='bbox 1574 3808 1821 3882; x_wconf 88' lang='lat' dir='ltr'>ordinarieestpo-</span> 
     </span>
     <span class='ocr_line' id='line_1_40' title="bbox 180 3891 1821 3972; baseline 0.001 -22"><span class='ocrx_word' id='word_1_590' title='bbox 180 3910 228 3964; x_wconf 86' lang='lat' dir='ltr'>ne,</span> <span class='ocrx_word' id='word_1_591' title='bbox 244 3901 271 3950; x_wconf 86' lang='lat' dir='ltr'>et</span> <span class='ocrx_word' id='word_1_592' title='bbox 295 3894 329 3951; x_wconf 89' lang='lat' dir='ltr'>de</span> <span class='ocrx_word' id='word_1_593' title='bbox 350 3893 428 3950; x_wconf 85' lang='lat' dir='ltr'>simili</span> <span class='ocrx_word' id='word_1_594' title='bbox 448 3895 607 3966; x_wconf 85' lang='lat' dir='ltr'>quaestione</span> <span class='ocrx_word' id='word_1_595' title='bbox 628 3894 681 3950; x_wconf 83' lang='lat' dir='ltr'>dixi</span> <span class='ocrx_word' id='word_1_596' title='bbox 696 3895 783 3951; x_wconf 88' lang='lat' dir='ltr'>mulla</span> <span class='ocrx_word' id='word_1_597' title='bbox 796 3895 822 3950; x_wconf 91' lang='lat' dir='ltr'>in</span> <span class='ocrx_word' id='word_1_598' title='bbox 839 3892 886 3950; x_wconf 86' lang='lat' dir='ltr'>tib.</span> <span class='ocrx_word' id='word_1_599' title='bbox 902 3898 930 3950; x_wconf 85' lang='grc'>2.</span> <span class='ocrx_word' id='word_1_600' title='bbox 946 3891 982 3948; x_wconf 85' lang='lat' dir='ltr'>de</span> <span class='ocrx_word' id='word_1_601' title='bbox 1020 3900 1075 3956; x_wconf 80' lang='lat' dir='ltr'>tius</span> <span class='ocrx_word' id='word_1_602' title='bbox 1090 3897 1210 3970; x_wconf 77' lang='lat' dir='ltr'>tacitus,</span> <span class='ocrx_word' id='word_1_603' title='bbox 1223 3914 1306 3972; x_wconf 82' lang='lat' dir='ltr'>quam</span> <span class='ocrx_word' id='word_1_604' title='bbox 1324 3913 1481 3972; x_wconf 78' lang='lat' dir='ltr'>expressus.</span> <span class='ocrx_word' id='word_1_605' title='bbox 1494 3901 1528 3956; x_wconf 79' lang='lat' dir='ltr'>At</span> <span class='ocrx_word' id='word_1_606' title='bbox 1542 3913 1609 3955; x_wconf 83' lang='lat' dir='ltr'>vero</span> <span class='ocrx_word' id='word_1_607' title='bbox 1620 3897 1729 3971; x_wconf 89' lang='lat' dir='ltr'>quando</span> <span class='ocrx_word' id='word_1_608' title='bbox 1741 3905 1821 3955; x_wconf 86' lang='lat' dir='ltr'>actus</span> 
     </span>
     <span class='ocr_line' id='line_1_41' title="bbox 178 3982 1821 4062; baseline 0.002 -22"><span class='ocrx_word' id='word_1_609' title='bbox 178 3987 292 4042; x_wconf 85' lang='lat' dir='ltr'>iurum.</span> <span class='ocrx_word' id='word_1_610' title='bbox 314 4001 376 4056; x_wconf 90' lang='lat' dir='ltr'>cap.</span> <span class='ocrx_word' id='word_1_611' title='bbox 397 3988 440 4054; x_wconf 90' lang='lat' dir='ltr'>lt,</span> <span class='ocrx_word' id='word_1_612' title='bbox 455 3990 482 4040; x_wconf 89' lang='lat' dir='ltr'>et</span> <span class='ocrx_word' id='word_1_613' title='bbox 495 3984 521 4040; x_wconf 93' lang='lat' dir='ltr'>in</span> <span class='ocrx_word' id='word_1_614' title='bbox 536 3983 581 4039; x_wconf 80' lang='lat' dir='ltr'>lib.</span> <span class='ocrx_word' id='word_1_615' title='bbox 604 3987 626 4041; x_wconf 92' lang='lat' dir='ltr'>t.</span> <span class='ocrx_word' id='word_1_616' title='bbox 640 3982 760 4050; x_wconf 85' lang='lat' dir='ltr'>devoto,</span> <span class='ocrx_word' id='word_1_617' title='bbox 775 3999 837 4055; x_wconf 88' lang='lat' dir='ltr'>cap.</span> <span class='ocrx_word' id='word_1_618' title='bbox 855 3986 898 4053; x_wconf 93' lang='lat' dir='ltr'>tt,</span> <span class='ocrx_word' id='word_1_619' title='bbox 911 3997 982 4056; x_wconf 92' lang='lat' dir='ltr'>quae</span> <span class='ocrx_word' id='word_1_620' title='bbox 1020 3988 1089 4045; x_wconf 84' lang='lat' dir='ltr'>fiunt</span> <span class='ocrx_word' id='word_1_621' title='bbox 1104 4003 1137 4044; x_wconf 78' lang='lat' dir='ltr'>en</span> <span class='ocrx_word' id='word_1_622' title='bbox 1157 3985 1215 4044; x_wconf 90' lang='lat' dir='ltr'>solo</span> <span class='ocrx_word' id='word_1_623' title='bbox 1236 3989 1348 4059; x_wconf 91' lang='lat' dir='ltr'>timore,</span> <span class='ocrx_word' id='word_1_624' title='bbox 1365 3989 1401 4044; x_wconf 94' lang='lat' dir='ltr'>ita</span> <span class='ocrx_word' id='word_1_625' title='bbox 1415 3995 1444 4044; x_wconf 91' lang='lat' dir='ltr'>ut</span> <span class='ocrx_word' id='word_1_626' title='bbox 1459 3989 1514 4045; x_wconf 92' lang='lat' dir='ltr'>sine</span> <span class='ocrx_word' id='word_1_627' title='bbox 1529 3988 1574 4045; x_wconf 92' lang='lat' dir='ltr'>illo</span> <span class='ocrx_word' id='word_1_628' title='bbox 1590 4003 1643 4046; x_wconf 93' lang='lat' dir='ltr'>non</span> <span class='ocrx_word' id='word_1_629' title='bbox 1657 3989 1751 4062; x_wconf 85' lang='lat' dir='ltr'>beret,</span> <span class='ocrx_word' id='word_1_630' title='bbox 1766 4004 1821 4045; x_wconf 93' lang='lat' dir='ltr'>non</span> 
     </span>
     <span class='ocr_line' id='line_1_42' title="bbox 181 4070 1821 4152; baseline 0.004 -23"><span class='ocrx_word' id='word_1_631' title='bbox 181 4074 226 4129; x_wconf 93' lang='lat' dir='ltr'>bic</span> <span class='ocrx_word' id='word_1_632' title='bbox 246 4079 364 4146; x_wconf 87' lang='lat' dir='ltr'>possunt</span> <span class='ocrx_word' id='word_1_633' title='bbox 378 4089 443 4129; x_wconf 90' lang='lat' dir='ltr'>oum</span> <span class='ocrx_word' id='word_1_634' title='bbox 458 4072 636 4144; x_wconf 90' lang='lat' dir='ltr'>proportione</span> <span class='ocrx_word' id='word_1_635' title='bbox 650 4071 788 4148; x_wconf 89' lang='lat' dir='ltr'>applicari.</span> <span class='ocrx_word' id='word_1_636' title='bbox 807 4073 840 4128; x_wconf 82' lang='lat' dir='ltr'>Et</span> <span class='ocrx_word' id='word_1_637' title='bbox 850 4071 910 4128; x_wconf 83' lang='lat' dir='ltr'>ideo</span> <span class='ocrx_word' id='word_1_638' title='bbox 924 4070 984 4126; x_wconf 82' lang='lat' dir='ltr'>bre·</span> <span class='ocrx_word' id='word_1_639' title='bbox 1022 4085 1066 4135; x_wconf 88' lang='lat' dir='ltr'>est</span> <span class='ocrx_word' id='word_1_640' title='bbox 1078 4078 1136 4134; x_wconf 89' lang='lat' dir='ltr'>talis</span> <span class='ocrx_word' id='word_1_641' title='bbox 1148 4077 1270 4148; x_wconf 85' lang='lat' dir='ltr'>aninaus,</span> <span class='ocrx_word' id='word_1_642' title='bbox 1284 4093 1334 4135; x_wconf 92' lang='lat' dir='ltr'>nec</span> <span class='ocrx_word' id='word_1_643' title='bbox 1346 4077 1483 4135; x_wconf 87' lang='lat' dir='ltr'>moraliter</span> <span class='ocrx_word' id='word_1_644' title='bbox 1494 4079 1629 4150; x_wconf 90' lang='lat' dir='ltr'>praesumi</span> <span class='ocrx_word' id='word_1_645' title='bbox 1640 4084 1742 4150; x_wconf 83' lang='lat' dir='ltr'>potest,</span> <span class='ocrx_word' id='word_1_646' title='bbox 1755 4078 1821 4152; x_wconf 89' lang='lat' dir='ltr'>quia</span> 
     </span>
     <span class='ocr_line' id='line_1_43' title="bbox 179 4160 1820 4240; baseline 0.001 -22"><span class='ocrx_word' id='word_1_647' title='bbox 179 4164 246 4220; x_wconf 85' lang='lat' dir='ltr'>riter</span> <span class='ocrx_word' id='word_1_648' title='bbox 273 4161 350 4232; x_wconf 86' lang='lat' dir='ltr'>dico,</span> <span class='ocrx_word' id='word_1_649' title='bbox 371 4162 548 4218; x_wconf 88' lang='lat' dir='ltr'>assertionem</span> <span class='ocrx_word' id='word_1_650' title='bbox 570 4160 769 4234; x_wconf 80' lang='lat' dir='ltr'>intelligendam</span> <span class='ocrx_word' id='word_1_651' title='bbox 788 4175 848 4218; x_wconf 88' lang='lat' dir='ltr'>esse</span> <span class='ocrx_word' id='word_1_652' title='bbox 862 4161 897 4217; x_wconf 90' lang='lat' dir='ltr'>do</span> <span class='ocrx_word' id='word_1_653' title='bbox 911 4161 984 4232; x_wconf 80' lang='lat' dir='ltr'>igno·</span> <span class='ocrx_word' id='word_1_654' title='bbox 1023 4166 1168 4225; x_wconf 73' lang='lat' dir='ltr'>motusue</span> <span class='ocrx_word' id='word_1_655' title='bbox 1189 4182 1218 4222; x_wconf 84' lang='lat' dir='ltr'>se</span> <span class='ocrx_word' id='word_1_656' title='bbox 1239 4165 1441 4239; x_wconf 79' lang='lat' dir='ltr'>quodammodo</span> <span class='ocrx_word' id='word_1_657' title='bbox 1463 4166 1538 4224; x_wconf 84' lang='lat' dir='ltr'>ilium</span> <span class='ocrx_word' id='word_1_658' title='bbox 1559 4167 1700 4240; x_wconf 81' lang='lat' dir='ltr'>excludit3</span> <span class='ocrx_word' id='word_1_659' title='bbox 1717 4176 1746 4225; x_wconf 85' lang='lat' dir='ltr'>et</span> <span class='ocrx_word' id='word_1_660' title='bbox 1760 4166 1820 4224; x_wconf 86' lang='lat' dir='ltr'>ideo</span> 
     </span>
     <span class='ocr_line' id='line_1_44' title="bbox 179 4249 1820 4330; baseline 0 -22"><span class='ocrx_word' id='word_1_661' title='bbox 179 4252 269 4308; x_wconf 83' lang='lat' dir='ltr'>ranila</span> <span class='ocrx_word' id='word_1_662' title='bbox 288 4251 365 4308; x_wconf 81' lang='lat' dir='ltr'>circa</span> <span class='ocrx_word' id='word_1_663' title='bbox 379 4250 437 4320; x_wconf 87' lang='lat' dir='ltr'>itta,</span> <span class='ocrx_word' id='word_1_664' title='bbox 449 4265 519 4322; x_wconf 82' lang='lat' dir='ltr'>quae</span> <span class='ocrx_word' id='word_1_665' title='bbox 535 4257 661 4322; x_wconf 81' lang='lat' dir='ltr'>speciant</span> <span class='ocrx_word' id='word_1_666' title='bbox 674 4249 708 4307; x_wconf 84' lang='lat' dir='ltr'>ati</span> <span class='ocrx_word' id='word_1_667' title='bbox 723 4250 902 4307; x_wconf 83' lang='lat' dir='ltr'>substantiam</span> <span class='ocrx_word' id='word_1_668' title='bbox 915 4265 982 4307; x_wconf 86' lang='lat' dir='ltr'>con·</span> <span class='ocrx_word' id='word_1_669' title='bbox 1022 4257 1177 4330; x_wconf 75' lang='lat' dir='ltr'>frequentia</span> <span class='ocrx_word' id='word_1_670' title='bbox 1190 4265 1304 4313; x_wconf 81' lang='lat' dir='ltr'>actuum</span> <span class='ocrx_word' id='word_1_671' title='bbox 1315 4272 1347 4313; x_wconf 87' lang='lat' dir='ltr'>ex</span> <span class='ocrx_word' id='word_1_672' title='bbox 1365 4255 1423 4312; x_wconf 88' lang='lat' dir='ltr'>solo</span> <span class='ocrx_word' id='word_1_673' title='bbox 1437 4263 1512 4330; x_wconf 84' lang='lat' dir='ltr'>metu</span> <span class='ocrx_word' id='word_1_674' title='bbox 1528 4255 1663 4316; x_wconf 77' lang='lat' dir='ltr'>sactorum</span> <span class='ocrx_word' id='word_1_675' title='bbox 1678 4272 1820 4330; x_wconf 87' lang='lat' dir='ltr'>nunquam</span> 
     </span>
     <span class='ocr_line' id='line_1_45' title="bbox 180 4339 1820 4419; baseline 0.003 -21"><span class='ocrx_word' id='word_1_676' title='bbox 180 4340 333 4398; x_wconf 89' lang='lat' dir='ltr'>suetudinis</span> <span class='ocrx_word' id='word_1_677' title='bbox 351 4381 358 4410; x_wconf 98' lang='lat'>,</span> <span class='ocrx_word' id='word_1_678' title='bbox 375 4339 431 4396; x_wconf 88' lang='lat' dir='ltr'>siae</span> <span class='ocrx_word' id='word_1_679' title='bbox 452 4340 478 4395; x_wconf 93' lang='lat' dir='ltr'>in</span> <span class='ocrx_word' id='word_1_680' title='bbox 499 4339 556 4395; x_wconf 88' lang='lat' dir='ltr'>iure</span> <span class='ocrx_word' id='word_1_681' title='bbox 578 4341 679 4412; x_wconf 92' lang='lat' dir='ltr'>ipsius,</span> <span class='ocrx_word' id='word_1_682' title='bbox 694 4342 791 4397; x_wconf 87' lang='lat' dir='ltr'>sivein</span> <span class='ocrx_word' id='word_1_683' title='bbox 807 4341 894 4412; x_wconf 88' lang='lat' dir='ltr'>lacto,</span> <span class='ocrx_word' id='word_1_684' title='bbox 909 4341 984 4415; x_wconf 91' lang='lat' dir='ltr'>quod</span> <span class='ocrx_word' id='word_1_685' title='bbox 1021 4355 1064 4404; x_wconf 88' lang='lat' dir='ltr'>est</span> <span class='ocrx_word' id='word_1_686' title='bbox 1078 4345 1217 4404; x_wconf 88' lang='lat' dir='ltr'>sullioiens</span> <span class='ocrx_word' id='word_1_687' title='bbox 1232 4346 1339 4418; x_wconf 82' lang='lat' dir='ltr'>signum</span> <span class='ocrx_word' id='word_1_688' title='bbox 1353 4345 1454 4418; x_wconf 92' lang='lat' dir='ltr'>publici</span> <span class='ocrx_word' id='word_1_689' title='bbox 1466 4361 1617 4404; x_wconf 87' lang='lat' dir='ltr'>consensus</span> <span class='ocrx_word' id='word_1_690' title='bbox 1630 4345 1713 4402; x_wconf 90' lang='lat' dir='ltr'>totius</span> <span class='ocrx_word' id='word_1_691' title='bbox 1725 4346 1820 4419; x_wconf 91' lang='lat' dir='ltr'>populi</span> 
     </span>
     <span class='ocr_line' id='line_1_46' title="bbox 180 4429 1815 4509; baseline 0.006 -26"><span class='ocrx_word' id='word_1_692' title='bbox 180 4430 277 4488; x_wconf 84' lang='lat' dir='ltr'>tundat</span> <span class='ocrx_word' id='word_1_693' title='bbox 306 4431 365 4487; x_wconf 90' lang='lat' dir='ltr'>ius:</span> <span class='ocrx_word' id='word_1_694' title='bbox 382 4429 449 4486; x_wconf 87' lang='lat' dir='ltr'>haec</span> <span class='ocrx_word' id='word_1_695' title='bbox 464 4429 534 4486; x_wconf 89' lang='lat' dir='ltr'>enim</span> <span class='ocrx_word' id='word_1_696' title='bbox 547 4431 700 4502; x_wconf 83' lang='lat' dir='ltr'>ignorantia</span> <span class='ocrx_word' id='word_1_697' title='bbox 717 4435 775 4502; x_wconf 86' lang='lat' dir='ltr'>est,</span> <span class='ocrx_word' id='word_1_698' title='bbox 790 4445 860 4503; x_wconf 94' lang='lat' dir='ltr'>quae</span> <span class='ocrx_word' id='word_1_699' title='bbox 875 4430 986 4502; x_wconf 89' lang='lat' dir='ltr'>impedit</span> <span class='ocrx_word' id='word_1_700' title='bbox 1021 4436 1054 4494; x_wconf 92' lang='lat' dir='ltr'>de</span> <span class='ocrx_word' id='word_1_701' title='bbox 1070 4435 1271 4494; x_wconf 89' lang='lat' dir='ltr'>consuetudine</span> <span class='ocrx_word' id='word_1_702' title='bbox 1285 4434 1449 4493; x_wconf 90' lang='lat' dir='ltr'>inducenda.</span> <span class='ocrx_word' id='word_1_703' title='bbox 1462 4435 1589 4508; x_wconf 75' lang='lat' dir='ltr'>Accedit,</span> <span class='ocrx_word' id='word_1_704' title='bbox 1601 4435 1676 4509; x_wconf 94' lang='lat' dir='ltr'>quod</span> <span class='ocrx_word' id='word_1_705' title='bbox 1691 4435 1815 4508; x_wconf 92' lang='lat' dir='ltr'>princeps</span> 
     </span>
     <span class='ocr_line' id='line_1_47' title="bbox 180 4517 1815 4600; baseline 0.004 -24"><span class='ocrx_word' id='word_1_706' title='bbox 180 4519 367 4578; x_wconf 88' lang='lat' dir='ltr'>necessarium</span> <span class='ocrx_word' id='word_1_707' title='bbox 390 4533 573 4584; x_wconf 85' lang='lat' dir='ltr'>consensum,</span> <span class='ocrx_word' id='word_1_708' title='bbox 591 4525 622 4576; x_wconf 89' lang='lat' dir='ltr'>ut</span> <span class='ocrx_word' id='word_1_709' title='bbox 635 4517 804 4577; x_wconf 88' lang='lat' dir='ltr'>declaratum</span> <span class='ocrx_word' id='word_1_710' title='bbox 816 4527 867 4577; x_wconf 88' lang='lat' dir='ltr'>est.</span> <span class='ocrx_word' id='word_1_711' title='bbox 880 4521 908 4577; x_wconf 85' lang='lat' dir='ltr'>st</span> <span class='ocrx_word' id='word_1_712' title='bbox 920 4537 985 4578; x_wconf 81' lang='lat' dir='ltr'>vero</span> <span class='ocrx_word' id='word_1_713' title='bbox 1023 4541 1077 4583; x_wconf 90' lang='lat' dir='ltr'>non</span> <span class='ocrx_word' id='word_1_714' title='bbox 1099 4532 1189 4598; x_wconf 84' lang='lat' dir='ltr'>potest</span> <span class='ocrx_word' id='word_1_715' title='bbox 1209 4525 1346 4597; x_wconf 88' lang='lat' dir='ltr'>praesumi</span> <span class='ocrx_word' id='word_1_716' title='bbox 1365 4530 1431 4581; x_wconf 92' lang='lat' dir='ltr'>tunc</span> <span class='ocrx_word' id='word_1_717' title='bbox 1449 4524 1516 4583; x_wconf 89' lang='lat' dir='ltr'>dare</span> <span class='ocrx_word' id='word_1_718' title='bbox 1534 4541 1701 4584; x_wconf 87' lang='lat' dir='ltr'>consensum</span> <span class='ocrx_word' id='word_1_719' title='bbox 1721 4542 1815 4600; x_wconf 88' lang='lat' dir='ltr'>suum,</span> 
     </span>
     <span class='ocr_line' id='line_1_48' title="bbox 180 4607 1826 4688; baseline 0.004 -22"><span class='ocrx_word' id='word_1_720' title='bbox 180 4611 215 4668; x_wconf 88' lang='lat' dir='ltr'>sit</span> <span class='ocrx_word' id='word_1_721' title='bbox 228 4610 304 4667; x_wconf 89' lang='lat' dir='ltr'>circa</span> <span class='ocrx_word' id='word_1_722' title='bbox 318 4609 370 4666; x_wconf 91' lang='lat' dir='ltr'>alia</span> <span class='ocrx_word' id='word_1_723' title='bbox 390 4610 493 4666; x_wconf 84' lang='lat' dir='ltr'>motiva</span> <span class='ocrx_word' id='word_1_724' title='bbox 507 4607 699 4685; x_wconf 87' lang='lat' dir='ltr'>accidentalia,</span> <span class='ocrx_word' id='word_1_725' title='bbox 713 4625 767 4666; x_wconf 90' lang='lat' dir='ltr'>non</span> <span class='ocrx_word' id='word_1_726' title='bbox 779 4609 907 4682; x_wconf 89' lang='lat' dir='ltr'>obstabit,</span> <span class='ocrx_word' id='word_1_727' title='bbox 920 4611 985 4683; x_wconf 90' lang='lat' dir='ltr'>quia</span> <span class='ocrx_word' id='word_1_728' title='bbox 1020 4615 1083 4688; x_wconf 90' lang='lat' dir='ltr'>quia</span> <span class='ocrx_word' id='word_1_729' title='bbox 1097 4630 1150 4670; x_wconf 94' lang='lat' dir='ltr'>non</span> <span class='ocrx_word' id='word_1_730' title='bbox 1163 4612 1231 4685; x_wconf 85' lang='lat' dir='ltr'>vult,</span> <span class='ocrx_word' id='word_1_731' title='bbox 1247 4611 1372 4670; x_wconf 88' lang='lat' dir='ltr'>subditos</span> <span class='ocrx_word' id='word_1_732' title='bbox 1386 4615 1488 4670; x_wconf 88' lang='lat' dir='ltr'>iniusto</span> <span class='ocrx_word' id='word_1_733' title='bbox 1505 4620 1578 4671; x_wconf 91' lang='lat' dir='ltr'>metu</span> <span class='ocrx_word' id='word_1_734' title='bbox 1594 4615 1656 4688; x_wconf 82' lang='lat' dir='ltr'>cogi</span> <span class='ocrx_word' id='word_1_735' title='bbox 1670 4615 1705 4672; x_wconf 92' lang='lat' dir='ltr'>ad</span> <span class='ocrx_word' id='word_1_736' title='bbox 1720 4614 1826 4672; x_wconf 86' lang='lat' dir='ltr'>similes</span> 
     </span>
     <span class='ocr_line' id='line_1_49' title="bbox 180 4697 1819 4774; baseline 0.002 -18"><span class='ocrx_word' id='word_1_737' title='bbox 180 4716 234 4756; x_wconf 92' lang='lat' dir='ltr'>non</span> <span class='ocrx_word' id='word_1_738' title='bbox 248 4697 376 4770; x_wconf 90' lang='lat' dir='ltr'>impediet</span> <span class='ocrx_word' id='word_1_739' title='bbox 399 4713 575 4754; x_wconf 88' lang='lat' dir='ltr'>consensum.</span> <span class='ocrx_word' id='word_1_740' title='bbox 593 4699 627 4756; x_wconf 85' lang='lat' dir='ltr'>Et</span> <span class='ocrx_word' id='word_1_741' title='bbox 645 4698 678 4756; x_wconf 91' lang='lat' dir='ltr'>de</span> <span class='ocrx_word' id='word_1_742' title='bbox 693 4699 855 4756; x_wconf 90' lang='lat' dir='ltr'>hocerrore</span> <span class='ocrx_word' id='word_1_743' title='bbox 871 4700 895 4755; x_wconf 92' lang='lat' dir='ltr'>in</span> <span class='ocrx_word' id='word_1_744' title='bbox 911 4700 984 4757; x_wconf 90' lang='lat' dir='ltr'>acci·</span> <span class='ocrx_word' id='word_1_745' title='bbox 1022 4701 1248 4761; x_wconf 88' lang='lat' dir='ltr'>consuetudines.</span> <span class='ocrx_word' id='word_1_746' title='bbox 1264 4703 1342 4770; x_wconf 79' lang='lat' dir='ltr'>Quod</span> <span class='ocrx_word' id='word_1_747' title='bbox 1359 4702 1379 4757; x_wconf 93' lang='lat' dir='ltr'>si</span> <span class='ocrx_word' id='word_1_748' title='bbox 1394 4703 1508 4774; x_wconf 90' lang='lat' dir='ltr'>ipsemet</span> <span class='ocrx_word' id='word_1_749' title='bbox 1521 4704 1574 4759; x_wconf 90' lang='lat' dir='ltr'>vim</span> <span class='ocrx_word' id='word_1_750' title='bbox 1588 4710 1617 4761; x_wconf 89' lang='lat' dir='ltr'>et</span> <span class='ocrx_word' id='word_1_751' title='bbox 1635 4710 1739 4761; x_wconf 92' lang='lat' dir='ltr'>metum</span> <span class='ocrx_word' id='word_1_752' title='bbox 1754 4704 1819 4760; x_wconf 87' lang='lat' dir='ltr'>inie-</span> 
     </span>
     <span class='ocr_line' id='line_1_50' title="bbox 181 4786 1818 4867; baseline 0.004 -23"><span class='ocrx_word' id='word_1_753' title='bbox 181 4787 333 4845; x_wconf 90' lang='lat' dir='ltr'>dentalibus</span> <span class='ocrx_word' id='word_1_754' title='bbox 358 4787 510 4860; x_wconf 78' lang='lat' dir='ltr'>intelligunt</span> <span class='ocrx_word' id='word_1_755' title='bbox 524 4786 604 4860; x_wconf 89' lang='lat' dir='ltr'>aliqui</span> <span class='ocrx_word' id='word_1_756' title='bbox 617 4788 718 4845; x_wconf 88' lang='lat' dir='ltr'>dictam</span> <span class='ocrx_word' id='word_1_757' title='bbox 734 4787 820 4861; x_wconf 79' lang='lat' dir='ltr'>legem</span> <span class='ocrx_word' id='word_1_758' title='bbox 835 4787 914 4862; x_wconf 86' lang='lat' dir='ltr'>quod</span> <span class='ocrx_word' id='word_1_759' title='bbox 928 4805 987 4845; x_wconf 84' lang='lat' dir='ltr'>non</span> <span class='ocrx_word' id='word_1_760' title='bbox 1023 4799 1083 4866; x_wconf 86' lang='lat' dir='ltr'>rat,</span> <span class='ocrx_word' id='word_1_761' title='bbox 1100 4793 1228 4849; x_wconf 84' lang='lat' dir='ltr'>iniuriam</span> <span class='ocrx_word' id='word_1_762' title='bbox 1238 4792 1398 4864; x_wconf 91' lang='lat' dir='ltr'>committit,</span> <span class='ocrx_word' id='word_1_763' title='bbox 1410 4794 1474 4865; x_wconf 91' lang='lat' dir='ltr'>quia</span> <span class='ocrx_word' id='word_1_764' title='bbox 1488 4808 1540 4849; x_wconf 92' lang='lat' dir='ltr'>non</span> <span class='ocrx_word' id='word_1_765' title='bbox 1551 4801 1641 4866; x_wconf 85' lang='lat' dir='ltr'>potest</span> <span class='ocrx_word' id='word_1_766' title='bbox 1654 4799 1818 4867; x_wconf 84' lang='lat' dir='ltr'>extorquere</span> 
     </span>
    </p>
   </div>
   <div class='ocr_carea' id='block_1_5' title="bbox 179 4865 1819 5048">
    <p class='ocr_par' dir='ltr' id='par_1_5' title="bbox 179 4865 1819 5048">
     <span class='ocr_line' id='line_1_51' title="bbox 179 4865 1819 4958; baseline 0.003 -24"><span class='ocrx_word' id='word_1_767' title='bbox 179 4880 314 4943; x_wconf 84' lang='lat' dir='ltr'>ratione,</span> <span class='ocrx_word' id='word_1_768' title='bbox 328 4865 545 4949; x_wconf 67' lang='lat' dir='ltr'>supponentes,</span> <span class='ocrx_word' id='word_1_769' title='bbox 566 4878 720 4935; x_wconf 87' lang='lat' dir='ltr'>secundum</span> <span class='ocrx_word' id='word_1_770' title='bbox 736 4892 796 4934; x_wconf 89' lang='lat' dir='ltr'>earn</span> <span class='ocrx_word' id='word_1_771' title='bbox 811 4877 903 4934; x_wconf 91' lang='lat' dir='ltr'>induci</span> <span class='ocrx_word' id='word_1_772' title='bbox 918 4893 984 4935; x_wconf 92' lang='lat' dir='ltr'>con·</span> <span class='ocrx_word' id='word_1_773' title='bbox 1023 4881 1154 4954; x_wconf 90' lang='lat' dir='ltr'>apopulo</span> <span class='ocrx_word' id='word_1_774' title='bbox 1168 4897 1349 4948; x_wconf 86' lang='lat' dir='ltr'>consensum,</span> <span class='ocrx_word' id='word_1_775' title='bbox 1365 4897 1414 4954; x_wconf 89' lang='lat' dir='ltr'>per</span> <span class='ocrx_word' id='word_1_776' title='bbox 1427 4896 1510 4956; x_wconf 89' lang='lat' dir='ltr'>quem</span> <span class='ocrx_word' id='word_1_777' title='bbox 1525 4881 1678 4958; x_wconf 77' lang='lat' dir='ltr'>obligetur,</span> <span class='ocrx_word' id='word_1_778' title='bbox 1694 4889 1725 4941; x_wconf 91' lang='lat' dir='ltr'>ut</span> <span class='ocrx_word' id='word_1_779' title='bbox 1739 4885 1765 4940; x_wconf 90' lang='lat' dir='ltr'>in</span> <span class='ocrx_word' id='word_1_780' title='bbox 1780 4883 1819 4940; x_wconf 92' lang='lat' dir='ltr'>lo·</span> 
     </span>
     <span class='ocr_line' id='line_1_52' title="bbox 182 4965 1391 5048; baseline 0.003 -24"><span class='ocrx_word' id='word_1_781' title='bbox 182 4965 370 5048; x_wconf 83' lang='lat' dir='ltr'>suetudinem,</span> <span class='ocrx_word' id='word_1_782' title='bbox 394 4982 448 5023; x_wconf 93' lang='lat' dir='ltr'>non</span> <span class='ocrx_word' id='word_1_783' title='bbox 468 4967 592 5025; x_wconf 89' lang='lat' dir='ltr'>obstante</span> <span class='ocrx_word' id='word_1_784' title='bbox 610 4983 714 5025; x_wconf 89' lang='lat' dir='ltr'>errore.</span> <span class='ocrx_word' id='word_1_785' title='bbox 731 4966 785 5024; x_wconf 89' lang='lat' dir='ltr'>Sed</span> <span class='ocrx_word' id='word_1_786' title='bbox 798 4967 826 5024; x_wconf 93' lang='lat' dir='ltr'>bi</span> <span class='ocrx_word' id='word_1_787' title='bbox 841 4983 893 5025; x_wconf 91' lang='lat' dir='ltr'>non</span> <span class='ocrx_word' id='word_1_788' title='bbox 909 4975 986 5041; x_wconf 87' lang='lat' dir='ltr'>pote·</span> <span class='ocrx_word' id='word_1_789' title='bbox 1025 4973 1066 5030; x_wconf 91' lang='lat' dir='ltr'>cis</span> <span class='ocrx_word' id='word_1_790' title='bbox 1080 4971 1171 5030; x_wconf 89' lang='lat' dir='ltr'>citatis</span> <span class='ocrx_word' id='word_1_791' title='bbox 1185 4970 1212 5029; x_wconf 91' lang='lat' dir='ltr'>ia</span> <span class='ocrx_word' id='word_1_792' title='bbox 1227 4971 1305 5031; x_wconf 89' lang='lat' dir='ltr'>simili</span> <span class='ocrx_word' id='word_1_793' title='bbox 1320 4971 1391 5030; x_wconf 68' lang='lat' dir='ltr'>dixi,</span> 
     </span>
    </p>
   </div>
   <div class='ocr_carea' id='block_1_6' title="bbox 181 5056 1438 5130">
    <p class='ocr_par' dir='ltr' id='par_1_6' title="bbox 181 5056 1438 5130">
     <span class='ocr_line' id='line_1_53' title="bbox 181 5056 1438 5130; baseline 0.002 -14"><span class='ocrx_word' id='word_1_794' title='bbox 181 5063 248 5116; x_wconf 85' lang='lat' dir='ltr'>runt</span> <span class='ocrx_word' id='word_1_795' title='bbox 266 5056 460 5114; x_wconf 91' lang='lat' dir='ltr'>convenienter</span> <span class='ocrx_word' id='word_1_796' title='bbox 482 5072 637 5130; x_wconf 84' lang='lat' dir='ltr'>exponere,</span> <span class='ocrx_word' id='word_1_797' title='bbox 657 5071 710 5115; x_wconf 92' lang='lat' dir='ltr'>our</span> <span class='ocrx_word' id='word_1_798' title='bbox 723 5056 831 5115; x_wconf 88' lang='lat' dir='ltr'>dicatur</span> <span class='ocrx_word' id='word_1_799' title='bbox 846 5057 907 5116; x_wconf 88' lang='lat' dir='ltr'>talis</span> <span class='ocrx_word' id='word_1_800' title='bbox 920 5073 987 5116; x_wconf 91' lang='lat' dir='ltr'>con·</span> <span class='ocrx_word' id='word_1_801' title='bbox 1400 5093 1438 5107; x_wconf 91' lang='lat'><em>-</em></span> 
     </span>
    </p>
   </div>
   <div class='ocr_carea' id='block_1_7' title="bbox 262 5342 641 5403">
    <p class='ocr_par' dir='ltr' id='par_1_7' title="bbox 262 5342 641 5403">
     <span class='ocr_line' id='line_1_54' title="bbox 262 5342 641 5403; baseline -0.005 -7"><span class='ocrx_word' id='word_1_802' title='bbox 262 5345 359 5400; x_wconf 71' lang='lat' dir='ltr'>samaa.</span> <span class='ocrx_word' id='word_1_803' title='bbox 372 5342 541 5403; x_wconf 74' lang='lat' dir='ltr'>doloribus·</span> <span class='ocrx_word' id='word_1_804' title='bbox 549 5345 605 5395; x_wconf 77' lang='lat' dir='ltr'>Para</span> <span class='ocrx_word' id='word_1_805' title='bbox 613 5345 641 5394; x_wconf 87' lang='lat' dir='ltr'>ti.</span> 
     </span>
    </p>
   </div>
   <div class='ocr_carea' id='block_1_8' title="bbox 0 0 2166 6228">
    <p class='ocr_par' dir='ltr' id='par_1_8' title="bbox 0 0 2166 6228">
     <span class='ocr_line' id='line_1_55' title="bbox 0 0 2166 6228; baseline 0 0"><span class='ocrx_word' id='word_1_806' title='bbox 0 0 2166 6228; x_wconf 95' lang='lat' dir='ltr'> </span> 
     </span>
    </p>
   </div>
  </div>
 </body>
</html>
