4294 6238
275 439 279 458 ¹
389 426 451 486 274
673 493 679 502 ,
1092 438 1193 488 arnna
1208 441 1269 488 vu.

391 569 419 621 it.
435 562 554 620 Tandem
568 562 627 620 dari
647 569 738 634 potest
752 562 927 620 cousuetudo
941 541 1039 619 contra
1053 563 1097 618 ius
1111 562 1151 619 di·
1188 563 1252 635 quid
1267 563 1344 635 iacti,
1358 565 1395 621 illi
1410 579 1487 638 vero,
1503 573 1534 623 ut
1546 572 1589 623 est
1603 567 1668 640 quid
1684 567 1798 625 iurisdt
1811 569 1922 626 clarum
1937 578 1990 641 est,

351 658 462 722 vinum,
486 667 556 725 quae
575 655 601 708 in
619 651 721 736 malam
738 659 843 723 partem
857 653 886 708 in
902 654 1044 724 Scriptura
1058 650 1150 722 appel·
1188 651 1248 707 dari
1267 653 1482 712 consuetudines
1496 654 1561 713 lacti
1576 655 1730 714 secundum
1746 657 1866 714 buniana
1882 658 1953 720 iura,
1964 665 1995 716 ut

350 743 399 800 lari
420 742 490 798 solet
508 742 617 799 traditio
638 742 792 813 bominum,
809 743 902 798 ldettlr.
924 747 967 800 15:
994 745 1155 812 lionsqre·
1188 748 1231 798 est
1254 741 1426 800 consuetudo
1446 744 1576 801 audiendi
1597 746 1705 802 Missam
1725 743 1821 803 diebus
1836 747 1933 817 iestis3
1952 748 1993 804 vel

350 831 459 890 diutini
474 836 672 915 praeceptum
693 835 761 897 Dei,
783 836 904 906 propter
918 829 1096 888 traditiones
1109 844 1155 886 oe·
1189 832 1334 888 confitendi
1345 835 1371 888 in
1384 833 1746 906 Quadragesima,etc.tlnde
1760 834 1858 893 eadem
1869 842 1913 891 est
1927 839 1995 892 ratio

350 929 441 989 siros,
457 930 484 980 et
497 923 581 995 blnrc.
597 927 624 978 6.
637 921 758 977 dicitur:
773 924 898 994 Propter
912 919 1089 976 traditiones
1103 919 1154 974 lio·
1191 928 1319 989 respectu
1335 922 1402 993 legis
1416 922 1641 996 humanae,quae
1656 925 1773 996 divinae,
1790 925 1832 980 vel
1850 926 1994 996 naturalis,

352 1016 479 1068 ruiniaco.
496 1010 573 1068 Unde
587 1010 620 1066 ad
635 1011 727 1066 Colos.
744 1015 771 1068 i.
788 1009 895 1066 dicebat
908 1008 1021 1066 Paulus:
1039 1007 1150 1072 Videte,
1190 1010 1867 1086 scilicetquiainomnibusputestdarifrequentin
1883 1020 1996 1071 actuum

352 1117 388 1156 ue
406 1104 477 1171 quis·
489 1116 537 1156 nos
551 1099 683 1171 decipiat
696 1096 856 1155 secundum
870 1095 1045 1154 traditiones
1062 1098 1155 1154 borri-
1186 1099 1242 1170 legi
1255 1101 1486 1175 conformium3et
1500 1101 1567 1162 baec
1582 1108 1624 1158 est
1638 1102 1813 1160 cousuetudo
1827 1102 1907 1159 lacti.

353 1207 435 1247 auos.
449 1188 628 1260 Appellantur
638 1187 721 1245 etiam
736 1188 786 1244 bae
799 1187 957 1243 traditiones
969 1201 1054 1242 vanae
1067 1202 1081 1240 a
1093 1184 1154 1241 divo
1228 1189 1407 1245 Nihilominus
1423 1196 1513 1246 tamen
1528 1197 1636 1246 certum
1653 1195 1706 1259 est,
1722 1207 1769 1261 per
1785 1191 1858 1246 banc
1879 1205 1998 1246 consue·

356 1283 437 1336 Petro
452 1279 532 1350 epist.
553 1283 580 1348 1,
596 1293 658 1349 cap.
680 1282 703 1335 l.
720 1279 792 1332 Haec
813 1292 878 1348 ergo
900 1274 1073 1331 cousuetudo
1094 1272 1154 1330 nid·
1191 1277 1317 1334 tudinem
1333 1264 1386 1334 noa
1404 1277 1541 1335 introduci
1555 1293 1656 1335 novum
1668 1281 1711 1335 ius
1723 1295 1776 1335 non
1792 1279 1998 1350 scriptum‚seu

353 1373 410 1426 lum
432 1369 560 1425 ellectum
582 1367 711 1424 moralem
733 1365 799 1438 legis
814 1365 913 1420 babere
928 1369 1036 1434 potest,
1051 1364 1079 1418 et
1095 1362 1155 1419 ideo
1192 1365 1466 1424 consuetudnarium
1482 1387 1489 1438 3
1511 1375 1538 1424 el
1551 1369 1577 1424 in
1593 1367 1644 1424 boc
1661 1384 1742 1424 sensu
1757 1367 1857 1423 dicunt
1871 1366 1999 1437 praedicti

355 1460 418 1516 nibil
434 1458 467 1514 ad
482 1474 532 1514 noe
547 1458 672 1528 pertinet.
681 1456 739 1512 Non
752 1456 823 1510 enim
835 1454 907 1510 valet
917 1455 1050 1525 abrogare
1069 1450 1155 1523 legem
1193 1463 1332 1526 auctores,
1351 1456 1426 1528 quod
1443 1456 1506 1512 licet
1520 1456 1639 1528 populus
1654 1472 1703 1527 per
1718 1455 1789 1512 mille
1804 1471 1893 1512 annos
1911 1463 2000 1510 serrat

355 1548 484 1615 divinam,
497 1554 528 1601 ut
542 1547 569 1602 d.
582 1545 700 1600 Thomas
714 1559 798 1613 supra
812 1542 906 1610 docel,
921 1549 951 1597 et
967 1540 1155 1598 Panormitae.
1192 1543 1291 1616 legem,
1311 1560 1364 1600 non
1380 1543 1536 1601 introducet
1550 1545 1881 1602 consuetudinemlintio
1899 1549 1943 1600 est
1956 1559 1999 1598 su·

357 1653 421 1692 cum
436 1635 531 1692 Glossa
552 1637 579 1690 u
593 1632 651 1688 aliis
665 1635 690 1687 in
705 1631 779 1688 dicto
794 1647 855 1701 cap.
872 1630 967 1686 ultimo
981 1629 1015 1685 de
1029 1635 1155 1684 consuet.
1193 1648 1242 1704 pra
1260 1637 1347 1703 tacta,
1369 1634 1433 1705 quia
1451 1633 1495 1688 illa
1510 1632 1684 1690 cousuetudo
1698 1633 1786 1689 solum
1801 1641 1848 1690 est
1864 1632 1999 1705 quaedam

357 1728 393 1782 Et
406 1727 475 1780 ratio
490 1729 543 1792 est,
555 1725 619 1794 quia
632 1721 698 1776 licei
713 1721 826 1775 materia
839 1718 900 1774 lulla
914 1718 982 1790 legia
996 1733 1052 1773 non
1069 1718 1104 1772 sil
1117 1718 1157 1772 in·
1194 1721 1366 1778 obseruantia
1387 1723 1583 1793 praeesislentis
1604 1723 1686 1795 legis3
1712 1730 1740 1778 et
1761 1723 1822 1778 ideo
1837 1738 1894 1777 non
1920 1721 2002 1777 tendit

358 1817 479 1870 trinscce
500 1811 585 1876 mala,
607 1808 655 1864 sed
676 1807 766 1864 solum
786 1808 850 1880 quia
864 1807 1018 1879 prohibita,
1034 1813 1062 1862 et
1078 1820 1110 1862 ex
1126 1819 1159 1861 ea
1195 1810 1232 1866 ad
1244 1825 1344 1866 novam
1356 1810 1442 1882 legem
1459 1810 1697 1880 introducendam,
1710 1813 1773 1884 quin
1787 1827 1844 1868 non
1859 1826 1894 1868 eo
1912 1812 2001 1866 animo

359 1910 435 1975 parte
451 1917 504 1958 non
521 1907 688 1971 repugnaret
700 1913 753 1968 per»
763 1895 990 1954 consuetudinem
1006 1893 1157 1964 introduci3
1196 1900 1314 1970 incepta,
1337 1901 1378 1956 vel
1399 1902 1632 1972 continuatam,
1653 1900 1701 1958 sed
1723 1900 1812 1958 solum
1841 1901 1935 1957 aninlo
1956 1900 2003 1955 im-

360 2001 466 2062 tamen,
488 1992 552 2062 quia
571 1989 615 2044 illa
634 1987 776 2057 probibitio
790 1985 881 2041 divina
895 1991 954 2054 est,
971 2000 1025 2040 non
1043 1988 1160 2054 possunt
1196 1988 1285 2059 plendi
1305 1989 1403 2069 legem.
1419 1991 1475 2046 lieo
1494 1991 1576 2046 etiam
1591 1991 1719 2062 princeps
1734 1989 1815 2045 babet
1833 2005 1936 2046 novam
1958 2005 2002 2044 vo·

360 2083 484 2137 homines
506 2085 604 2134 contra
624 2076 697 2131 illam
712 2073 881 2146 praeualere,
896 2073 1025 2144 quianon
1044 2077 1161 2143 possunt
1196 2076 1329 2134 luntatem
1344 2077 1535 2135 introducendi
1549 2078 1625 2135 circa
1639 2079 1711 2135 illam
1728 2095 1785 2134 rem
1806 2079 1890 2135 aliam
1905 2077 2001 2150 legem,

359 2178 468 2228 mutare
489 2169 608 2225 divinam
631 2167 734 2236 legem,
755 2170 804 2220 aut
817 2162 998 2220 voluntatem.
1015 2163 1070 2217 Nec
1087 2162 1160 2216 Dour
1196 2168 1260 2238 quia
1272 2166 1400 2222 voluntas
1412 2167 1491 2239 quasi
1504 2167 1674 2236 continuata,
1688 2183 1771 2240 quam
1785 2183 1899 2239 semper
1915 2165 2002 2232 babet,

354 2263 417 2332 ipse
430 2265 560 2314 censetur
575 2255 738 2322 connivere,
753 2260 781 2308 et
795 2252 901 2308 aulerre
916 2251 1003 2323 legem
1020 2249 1109 2323 lsicut
1123 2248 1162 2304 in·
1198 2252 1288 2309 solum
1302 2261 1356 2324 est,
1366 2260 1398 2310 ut
1412 2253 1453 2310 lex
1469 2270 1518 2310 sua
1533 2255 1753 2312 servetur.Unde
1769 2263 1848 2311 recte
1864 2254 1933 2311 dixit
1947 2254 2002 2310 Bal·

360 2350 402 2406 lra
415 2349 450 2404 de
464 2346 571 2403 bomine
585 2341 919 2415 dioeniusl‚qirianullum
930 2346 973 2397 ast
985 2339 1160 2410 principium,
1198 2340 1250 2398 diis
1267 2342 1291 2396 iu
1308 2342 1365 2412 lege
1382 2342 1433 2398 ult.
1446 2345 1477 2399 C.
1489 2358 1562 2414 quae
1577 2344 1612 2399 sit
1627 2343 1707 2416 longa
1720 2342 1918 2404 consuetudo.
1935 2343 2002 2399 bano

361 2439 406 2496 vel
425 2437 634 2495 liindameutum
654 2432 688 2490 ad
708 2433 760 2488 boc
777 2427 1007 2505 praesumendum
1022 2427 1056 2483 de
1072 2427 1163 2483 divina
1199 2429 1426 2487 consuetudinem
1442 2432 1595 2488 secuudum
1609 2432 1650 2488 ius
1663 2447 1787 2489 nonense
1803 2432 2001 2503 dispositiram

362 2529 513 2595 voluntate,
533 2540 621 2596 neque
634 2524 715 2578 etiam
730 2527 790 2577 erat
803 2518 962 2589 expediens,
978 2523 1027 2573 ant
1043 2516 1162 2572 divinam
1198 2519 1245 2574 sed
1264 2505 1423 2576 imit'ntivam
1439 2521 1518 2591 iuris,
1535 2521 1577 2577 rel
1593 2520 1681 2578 tudio
1696 2537 1756 2578 esse
1774 2523 2002 2579 enecutirarndln
2089 2508 2090 2512 ¹

363 2618 465 2675 decens
486 2613 695 2680 auctoritatem3
712 2614 818 2681 oportet
833 2609 920 2677 enim,
936 2607 1023 2679 legem
1038 2606 1098 2660 eius
1113 2607 1163 2690 im·
1199 2623 1257 2679 quo
1273 2618 1349 2665 recte
1360 2609 1441 2666 inient
1454 2609 1550 2666 Glossa
1564 2612 1590 2665 in
1605 2625 1666 2681 cap.
1682 2609 1746 2667 l.de
1763 2610 2001 2673 consuetudini,

364 2703 522 2764 mutabilem
538 2717 610 2772 essa,
626 2708 657 2756 ut
671 2698 739 2754 inira
753 2696 903 2753 ridebimus
924 2693 1070 2751 tractando
1086 2708 1164 2765 prae·
1201 2702 1229 2750 et
1243 2697 1393 2754 Panormit.
1407 2698 1432 2752 in
1446 2713 1472 2754 c.
1483 2697 1533 2754 ult.
1547 2698 1580 2755 de
1595 2697 1760 2756 consuetud.
1780 2705 1917 2770 numdi,
1929 2699 2003 2756 abro-

366 2799 446 2868 cipue
460 2795 493 2850 de
508 2793 565 2864 iege
582 2789 695 2862 gratiae.
711 2789 813 2844 Dicunt
827 2792 918 2842 autem
934 2784 1017 2855 aliqui
1032 2798 1064 2838 er
1082 2781 1164 2838 dictis
1200 2786 1314 2858 gatailla
1328 2787 1386 2859 lcge
1393 2803 1442 2858 per
1453 2787 1578 2860 aliquam·
1587 2771 1914 2861 posteriorem,'abrogari
1924 2790 2002 2844 etiam

365 2884 488 2954 insistis,
504 2896 584 2953 posse
600 2877 827 2934 cousuetudinem
842 2874 976 2944 limitare,
991 2881 1019 2929 et
1036 2873 1114 2944 quasi
1127 2871 1168 2928 di·
1201 2875 1282 2932 talem
1298 2877 1541 2946 consuetudinem,
1556 2877 1660 2933 etiamsi
1676 2861 1754 2934 illius¹
1764 2879 1868 2935 mentio
1881 2894 1933 2935 non
1949 2879 2001 2933 liet.

364 2987 496 3046 spensare
511 2973 535 3027 in
548 2969 639 3025 (lirino
654 2966 753 3037 iure‚si
765 2967 838 3021 iusta
850 2979 934 3020 causa
946 2963 1099 3019 subsitsed
1111 2977 1164 3018 non
1200 2964 1267 3032 Quia
1282 2962 1326 3020 illa
1345 2982 1399 3020 non
1418 2964 1494 3021 addit
1514 2981 1616 3021 norum
1631 2966 1791 3035 vinculum,
1808 2981 1860 3022 nec
1877 2973 2003 3022 censetur

365 3072 409 3120 est
423 3057 627 3132 intelligendum
638 3055 678 3112 de
694 3055 805 3126 propria
818 3052 986 3122 limitatione,
1002 3049 1044 3106 val
1058 3050 1166 3122 dispea·
1202 3061 1332 3126 tanquam
1349 3069 1396 3124 per
1411 3070 1440 3109 se
1455 3053 1628 3121 introducta,
1638 3054 1685 3112 sed
1699 3062 1732 3111 ut
1745 3052 1853 3112 adnexa
1870 3054 2002 3127 legistin

367 3153 491 3220 satione,
513 3163 584 3220 quae
609 3144 802 3217 obligationem
823 3141 890 3214 legis
911 3140 1108 3211 preeaistentis
1132 3154 1166 3196 ex
1201 3157 1232 3198 ea
1245 3135 1367 3213 lu'ndata3
1380 3148 1408 3198 et
1419 3140 1479 3199 ideo
1491 3143 1565 3199 nulla
1577 3143 1708 3217 obligatio
1719 3159 1751 3200 ex
1763 3158 1794 3200 ea
1808 3141 2003 3214 manet‚ablato

366 3249 446 3314 parte
462 3237 556 3308 tollnt3
576 3237 602 3290 ia
623 3234 674 3290 boc
689 3234 761 3289 enim
776 3247 858 3287 sensu
873 3229 972 3286 laisum
987 3229 1013 3286 id
1027 3235 1086 3300 est3
1103 3244 1166 3284 nam
1201 3229 1268 3303 legis
1281 3230 1467 3288 lrrndamento.
1477 3233 1518 3288 An
1535 3247 1600 3288 vero
1618 3231 1729 3306 quando
1741 3232 1919 3289 consuetudo
1933 3240 2004 3288 ente·

367 3331 438 3387 ratio
453 3328 525 3383 lacta
539 3324 573 3380 de
589 3329 644 3380 tota
658 3323 717 3396 lege
729 3320 852 3393 procedit
866 3335 930 3376 cum
946 3319 1122 3390 proportione
1133 3317 1167 3374 de
1202 3319 1290 3390 cedit,
1306 3327 1333 3376 et
1352 3325 1445 3391 postea
1464 3321 1493 3377 bt
1512 3321 1555 3377 lex
1571 3323 1692 3392 scripta,
1708 3328 1840 3378 revocata
1859 3322 1935 3394 lege,
1951 3335 2004 3376 ma·

368 3425 457 3492 parte,
474 3422 505 3472 ut
519 3414 589 3470 inira
602 3413 670 3468 libro
685 3413 718 3468 11.
735 3410 815 3466 latius
831 3409 932 3466 dicam.
949 3407 1034 3464 Debet
1048 3422 1114 3480 ergo
1129 3407 1168 3463 ia·
1202 3417 1266 3465 neat
1283 3408 1477 3479 cousuetudo,
1500 3425 1584 3481 supra
1602 3409 1775 3482 praecedenti
1792 3413 1884 3480 capite
1903 3417 2003 3466 tactum

369 3508 453 3578 indigi
469 3520 518 3576 per
533 3502 644 3558 modum
661 3499 900 3570 interpretationis:
911 3499 950 3554 sic
963 3497 1035 3552 euim
1050 3511 1169 3553 consue·
1202 3503 1255 3568 est,
1267 3504 1295 3553 et
1308 3497 1391 3553 videri
1406 3505 1533 3569 possum,
1544 3514 1616 3571 quae
1627 3497 1680 3556 late
1692 3482 1796 3555 tractat
1809 3500 1895 3555 Felin.
1909 3513 1969 3568 cap.
1982 3505 2002 3554 l-

369 3595 436 3655 tudo
463 3600 555 3665 potest
575 3589 749 3660 interpretari
772 3588 876 3658 legem,
895 3587 976 3641 etiam
990 3584 1125 3656 diuinam,
1141 3591 1170 3642 et
1203 3587 1237 3643 de
1253 3589 1367 3657 rescrip.
1382 3587 1408 3642 in
1425 3587 1476 3644 ult.
1492 3587 1617 3660 regulae
1639 3603 1715 3644 num.
1733 3593 1784 3659 15,
1800 3596 1828 3644 et
1848 3588 2003 3660 praesertim

370 3684 446 3759 quod
466 3684 492 3739 iu
514 3681 560 3737 tali
582 3695 665 3747 casu,
687 3684 715 3733 et
727 3677 773 3733 tali
787 3690 873 3732 causa
887 3675 1099 3746 interveniente,
1116 3689 1169 3730 non
1204 3676 1285 3732 limit.
1300 3679 1327 3744 1,
1343 3683 1371 3732 et
1383 3676 1477 3732 Roob.
1492 3691 1576 3748 supra
1592 3683 1661 3732 sect.
1676 3683 1704 3746 5,
1721 3691 1799 3732 num.
1813 3678 1840 3732 1.
1885 3695 1893 3702 ·

370 3775 489 3846 obligat,
504 3771 636 3844 quianon
651 3782 701 3838 pro
716 3766 761 3822 illo
777 3779 845 3821 casu
861 3765 948 3833 posita
961 3769 1013 3819 cst.
1248 3770 1291 3824 ll.
1306 3765 1435 3833 Quamvis
1450 3772 1541 3821 autem
1556 3763 1732 3820 consuetudo
1752 3764 1794 3819 ius
1810 3780 1864 3820 non
1885 3762 2001 3828 inducat,

413 3868 457 3920 td.
474 3863 621 3931 Superest,
643 3864 674 3913 ut
693 3853 816 3912 eamdem
839 3853 944 3909 tertiam
963 3852 1121 3908 divisionem
1136 3852 1170 3909 ed
1206 3855 1312 3933 aliquos
1329 3854 1443 3910 ellectus
1463 3853 1562 3910 babere
1575 3860 1668 3924 potest
1685 3855 1760 3908 circa
1774 3852 1862 3925 legem
1887 3851 2004 3924 praeexi-

371 3953 459 4024 legem
480 3949 628 4004 humanam
647 3945 831 4016 applicemus3
853 3957 916 3998 nam
929 3939 962 3998 de
977 3939 1020 3998 illa
1034 3942 1170 4013 potissime
1206 3951 1325 4001 stentem
1340 3945 1366 3998 in
1383 3941 1478 4000 ordine
1493 3942 1526 3998 ad
1546 3933 1779 4014 perseve'rantiam
1792 3941 1883 4012 illius,
1898 3948 1925 3998 et
1944 3939 2003 3994 ede·

370 4046 537 4106 tractamus,
547 4042 577 4093 et
591 4036 615 4090 in
628 4034 674 4091 illa
685 4031 791 4088 lacilius
803 4031 987 4103 contingit‚ut
997 4031 1171 4090 consuetudo
1206 4039 1269 4089 ctus
1289 4032 1503 4103 subsequentes.
1519 4033 1609 4103 Atque
1630 4031 1681 4088 troc
1703 4030 1784 4087 modo
1799 4029 1902 4086 dicitur
1921 4029 2002 4099 primo

372 4133 408 4186 sit
425 4125 578 4183 semotum
599 4123 704 4196 legem,
719 4126 827 4193 praeter
841 4118 945 4191 legem,
961 4119 1004 4176 uel
1018 4127 1118 4178 contra
1135 4120 1171 4177 le·
1207 4122 1369 4178 confirmare
1384 4120 1482 4192 legem3
1495 4121 1534 4176 sic
1545 4122 1617 4176 cuim
1630 4120 1695 4177 dixit
1707 4122 1829 4178 Gratiae.
1839 4119 1852 4188 i
1864 4113 2002 4192 lepessub

254 4269 263 4290 ,
372 4233 444 4292 gem.
454 4217 490 4272 Et
503 4212 613 4286 quidem
625 4209 658 4268 dc
670 4210 710 4266 bis
721 4207 831 4280 duobus
844 4207 945 4264 ultimis
958 4207 1087 4265 membris
1097 4209 1173 4268 nulla
1202 4213 1316 4284 capla
1329 4213 1408 4276 istis,
1423 4209 1488 4278 (1.1,
1501 4208 1578 4282 leues
1591 4211 1716 4277 institui,
1730 4225 1799 4265 cum
1813 4205 2002 4281 promulqoa·

372 4313 415 4363 est
428 4303 636 4371 controversia,
660 4314 750 4372 aeque
764 4297 882 4369 aliquam
897 4297 1110 4356 declarationem
1125 4299 1173 4356 ad·
1207 4299 1394 4373 turtfirmori
1405 4297 1734 4365 cutem,cummoribus
1747 4300 1893 4354 utentium
1903 4307 2003 4369 oppro-

373 4396 439 4451 derc
455 4397 581 4464 oportet,
598 4387 711 4461 quiade
726 4386 777 4442 illis
792 4385 962 4457 potissimum
979 4385 1172 4458 disputandum
1209 4389 1337 4456 boatur;
1357 4396 1384 4444 et
1405 4388 1574 4461 significatur
1594 4389 1676 4442 etiarn
1696 4387 1722 4441 in
1743 4385 1764 4442 l.
1778 4387 1829 4442 ult.
1841 4389 1871 4442 C.
1884 4399 1953 4458 quac
1971 4380 2004 4435 sit

363 4468 416 4540 'est
439 4485 465 4538 in
491 4479 670 4552 sequentibus
689 4474 836 4548 capitibus.
851 4475 931 4531 Circa
949 4475 1067 4545 primum
1083 4483 1173 4534 auum
1209 4477 1292 4548 ionga
1305 4476 1491 4544 consuetudo,
1505 4483 1534 4532 ct
1547 4475 1646 4548 optime
1660 4475 1779 4546 explicat
1793 4475 1867 4531 Bart.
1878 4475 1903 4530 in
1920 4477 2000 4542 repet.

373 4570 530 4648 membrpm
541 4567 624 4639 aliqui
639 4564 789 4635 iurisperiti
800 4563 980 4635 contendunt,
990 4564 1095 4621 nullam
1108 4581 1174 4622 con·
1210 4567 1276 4638 legis
1291 4563 1327 4622 tic
1345 4565 1463 4637 quibus,
1481 4564 1510 4620 li.
1524 4563 1557 4621 de
1576 4563 1655 4636 legib.
1668 4579 1745 4620 num.
1760 4567 1794 4635 l,
1809 4563 1917 4630 dicens,
1937 4559 2000 4614 banc

375 4659 548 4718 suetudinem
563 4643 624 4714 e'sse
639 4671 719 4727 posse
734 4652 887 4710 secundum
908 4653 995 4726 legem
1015 4653 1171 4712 humanam.
1210 4655 1441 4710 consuetudinem
1462 4655 1626 4711 confirmare
1646 4653 1749 4727 legem,
1767 4669 1820 4710 non
1841 4667 1889 4725 per
1902 4667 1945 4720 se,
1959 4646 2002 4702 scd

375 4753 416 4808 lta
430 4749 514 4805 sentit
529 4746 638 4804 Felinus
652 4747 679 4801 in
695 4759 721 4800 c.
741 4749 765 4801 1.
781 4742 815 4800 de
829 4743 944 4813 rescrip.
959 4757 1034 4798 nuni.
1053 4746 1097 4814 li,
1110 4760 1175 4801 cum
1212 4742 1388 4814 removendo,
1401 4742 1549 4816 probibeas
1563 4742 1668 4799 scilicet
1680 4743 1847 4799 contrariam
1861 4743 2002 4812 coqsuelu·

374 4839 492 4898 antonio
513 4835 546 4892 de
562 4837 639 4891 Bau.
660 4833 716 4904 ibi,
732 4839 761 4889 et
774 4834 849 4889 ioan.
865 4831 898 4889 de
912 4833 1008 4904 Ligna,
1024 4834 1131 4890 bomin.
1148 4840 1176 4890 et
1210 4832 1300 4888 dinem
1314 4839 1342 4888 et
1356 4833 1573 4905 abrogationem.
1588 4834 1677 4904 atque
1691 4831 1788 4888 eadem
1802 4831 1858 4888 lere
1875 4827 1951 4886 modo
1965 4823 2001 4880 di·

375 4926 513 4984 Geminis
528 4940 555 4980 c.
569 4923 634 4982 t.de
648 4923 762 4979 constit.
778 4921 804 4976 in
820 4926 846 4980 6.
857 4921 908 4978 dlii
921 4937 997 4990 vero,
1007 4938 1077 4995 quos
1092 4939 1175 4996 supra
1212 4921 1286 4978 citur
1300 4921 1369 4978 baec
1390 4921 1565 4978 consuetudo
1579 4920 1708 4978 adiuvare
1724 4918 1826 4992 legem,
1844 4925 1875 4975 ut
1892 4915 2002 4972 sumitur

375 5015 469 5087 retuli,
481 5013 528 5086 qui
544 5013 615 5069 banc
630 5013 740 5069 tertiam
750 5009 910 5096 dirisiunem
924 5009 1049 5083 traduat,
1065 5019 1176 5069 contra·
1210 5026 1243 5066 ex
1257 5025 1319 5082 cap.
1329 5013 1461 5085 Sopitoe,
1477 5009 1511 5066 de
1525 5009 1628 5068 censib.
1638 5009 1780 5078 nimirum,
1793 5008 1858 5081 quia
1868 5013 1895 5063 et
1908 5000 2000 5062 incilia

376 5106 447 5162 rium
459 5109 630 5175 supponuna
639 5117 701 5157 nam
710 5099 824 5156 marimo
836 5099 906 5156 illam
919 5098 1032 5157 tradunt
1046 5109 1175 5172 respectu
1211 5115 1270 5157 rem
1284 5099 1374 5158 reddit
1387 5099 1588 5157 observantiam
1602 5100 1675 5167 eius,
1687 5106 1716 5155 et
1730 5091 1930 5172 quodammodo
1942 5087 1999 5146 iacit

377 5195 444 5266 legis
461 5191 810 5257 humanae.llerumtamen
825 5191 851 5244 io
866 5203 895 5244 re
906 5204 960 5244 nou
974 5197 1017 5246 est
1031 5188 1173 5253 dissensio,
1211 5191 1286 5246 illam
1300 5193 1387 5262 magis
1397 5189 1605 5260 immutabilem,
1617 5189 1694 5244 iuxta
1705 5187 1829 5260 proxime
1842 5177 1999 5241 dictalllius

378 5283 442 5355 quia
457 5281 483 5336 bi
498 5287 628 5338 arrotores
643 5278 795 5350 loquuntur
809 5277 843 5335 tle
857 5277 1074 5351 consuetudine,
1088 5286 1119 5335 ut
1132 5283 1176 5336 est
1210 5279 1325 5337 effectus
1340 5279 1422 5337 buius
1437 5277 1647 5336 consuetudinis
1660 5281 1704 5334 est
1721 5274 1893 5348 interpretari
1907 5271 1996 5340 legem,
