4260 6222
867 358 1088 412 csnurxxxr.
1692 347 1754 413 469

154 485 319 544 facultatem
344 485 516 559 dispensandi
530 501 583 542 non
597 483 713 558 relinqui
728 484 752 540 in
767 483 878 542 arbitrio
892 483 963 542 dele·
999 493 1027 544 et
1046 488 1106 544 ideo
1130 501 1239 546 cessare
1258 488 1283 544 io
1305 488 1385 546 simili
1405 504 1472 546 casu
1487 493 1627 561 statuunt,
1644 489 1797 564 loquuntur

156 575 230 649 gali,
255 575 303 633 sed
324 579 478 633 necessario
501 591 561 633 esse
580 575 613 632 ab
627 575 671 632 illo
685 573 914 646 dispensandum,
929 590 962 632 eo
999 576 1039 633 vol
1058 579 1085 633 io
1105 579 1217 635 materia
1232 578 1388 652 ambitiosa,
1411 579 1498 652 qualis
1513 587 1554 635 est
1569 580 1684 636 materia
1698 580 1798 636 beneti-
1863 623 1867 632 .

155 668 238 743 ipso,
255 666 331 740 quod
354 669 519 738 rescriptum
533 671 676 738 acceptat,
693 667 714 720 si
729 666 846 721 inveniat
861 680 960 737 preces
998 667 1084 738 cialis,
1100 667 1133 729 de
1147 675 1259 741 quaest
1273 684 1363 725 sermo
1379 671 1405 725 in
1420 669 1495 726 dioto
1511 670 1616 740 oap.Si
1630 672 1679 725 cci
1695 668 1792 736 nullo,

47 823 50 826 .
154 746 274 812 acritate
298 755 364 827 niti,
386 763 415 812 ει
434 755 494 813 ideo
515 755 587 813 illam
609 771 662 812 non
679 770 739 811 esse
755 761 861 812 tantum
878 755 959 813 licen·
996 763 1025 814 et
1038 773 1100 831 cop.
1115 761 1149 816 Si
1167 775 1256 833 snper
1274 763 1395 831 pretim·
1412 775 1475 817 nam
1495 759 1539 816 illa
1559 760 1672 815 moterlo
1690 774 1798 830 semper

156 844 221 900 tiam
236 842 422 916 dispensandi,
435 845 481 902 sed
492 861 553 900 esse
564 845 706 902 virtualem
719 845 958 919 dispensationem,
997 852 1040 902 est
1055 845 1161 919 odiosa,
1176 855 1205 904 et
1218 849 1336 906 restricti
1348 837 1432 906 iuris:
1447 850 1488 906 rel
1504 849 1659 922 loquuntur
1673 849 1698 904 in
1714 855 1799 906 mato·

156 942 185 990 et
209 933 271 991 ideo
294 937 367 991 sicut
387 935 554 1006 dispensatio
575 952 627 992 non
643 941 811 992 retractatur
825 950 874 1006 per
888 951 961 992 mors
996 936 1037 990 ria
1049 936 1098 992 iuri
1112 938 1327 1006 contentiosi,ad
1338 955 1421 1011 quam
1434 939 1607 996 reducuntur
1617 938 1720 995 externi
1732 954 1797 994 con·

158 1031 214 1079 tem
232 1023 426 1094 concedentis,
442 1025 477 1080 ita
496 1039 546 1080 nec
566 1025 637 1082 illam
653 1023 810 1081 facultatem
825 1026 957 1098 extingui.
996 1029 1116 1096 tractus,
1142 1035 1170 1086 et
1189 1028 1296 1099 negotia
1317 1028 1450 1096 hnmana,
1472 1028 1505 1084 de
1524 1044 1579 1101 quo
1593 1027 1745 1100 loquuntur
1759 1026 1798 1083 di·

157 1113 210 1170 Sed
233 1113 286 1184 boc
309 1129 362 1169 non
379 1114 484 1172 ridetur
500 1115 675 1180 satisfacere,
692 1115 778 1184 primo
793 1097 857 1184 quia
871 1116 961 1170 consi·
996 1121 1071 1172 ctum
1086 1131 1147 1188 cap.
1167 1120 1302 1184 Gratum,
1313 1123 1340 1174 et
1355 1133 1416 1189 cap.
1429 1116 1576 1178 Relatum,
1590 1123 1616 1173 st
1631 1117 1697 1173 aliae
1712 1116 1795 1190 leges,

156 1203 280 1260 derandn
308 1210 412 1261 statum
429 1206 554 1277 rescripti
574 1210 720 1277 numquam
732 1210 904 1274 acceptetur,
918 1204 960 1260 vel
996 1219 1066 1278 quoe
1082 1204 1198 1276 dicunt,
1220 1207 1379 1265 mandatum
1393 1208 1515 1279 expirare
1531 1213 1618 1263 morto
1632 1205 1796 1278 mandentis,

159 1295 315 1367 aperiatur,
333 1294 435 1350 nullam
448 1295 636 1351 necessitatem
648 1294 733 1365 ponit,
746 1291 794 1348 sed
809 1308 910 1349 meram
922 1296 961 1351 la·
996 1307 1025 1349 re
1039 1295 1170 1351 existente
1185 1296 1299 1368 integro.

156 1384 291 1442 cultatem
311 1385 446 1442 concedit.
466 1386 606 1454 Secundo,
621 1391 649 1440 ει
662 1384 820 1455 praecipue,
836 1385 899 1456 quia
915 1400 960 1439 ne·
1039 1389 1080 1441 15.
1097 1387 1186 1457 atque
1200 1385 1243 1440 bic
1263 1384 1361 1443 modus
1377 1385 1484 1443 dicendi
1501 1386 1607 1442 videtur
1621 1384 1677 1442 lieri
1700 1384 1798 1456 proba·

157 1476 274 1531 cessitas
297 1473 358 1544 illo,
381 1489 451 1548 quoe
474 1476 621 1546 imponitur
634 1473 776 1546 delegato,
793 1471 900 1528 ridetur
914 1489 960 1544 po·
995 1471 1207 1548 bllis,tum'qula
1218 1479 1292 1532 iuxta
1303 1478 1380 1546 illum
1393 1477 1470 1535 iacile
1482 1482 1692 1547 componuntur
1704 1491 1798 1532 ornnes
1848 1507 1850 1512 ,

158 1565 216 1620 tius
231 1563 339 1620 obstare
353 1563 487 1620 durationi
503 1566 615 1638 gratiae:
626 1579 687 1619 uam
701 1564 798 1619 transit
812 1562 836 1616 in
851 1561 960 1617 assanda·
993 1561 1171 1620 diilicultates
1187 1568 1302 1636 positae,
1315 1575 1342 1622 ει
1357 1568 1514 1624 communia
1528 1569 1597 1637 isara,
1614 1582 1685 1638 quae
1705 1566 1731 1620 iu
1746 1564 1798 1622 hae

157 1661 239 1723 tuna,
254 1663 280 1711 et
300 1657 445 1713 commune
465 1655 638 1728 proloquium
652 1662 708 1722 est,
726 1651 882 1708 mandatum
900 1667 959 1707 ces·
994 1655 1106 1709 materia
1118 1654 1433 1729 loquuntur,conrmnde
1444 1657 1627 1728 explicantem
1642 1662 1698 1712 tum
1715 1656 1798 1712 ctiam

157 1761 221 1800 sare
236 1762 283 1817 per
295 1753 411 1802 mortem
422 1747 585 1816 mandantis,
597 1761 627 1802 re
640 1747 755 1816 integra,
766 1745 839 1798 iarsta
854 1735 959 1797 dictum
993 1745 1057 1815 quia
1071 1751 1220 1817 utrumque
1236 1745 1392 1824 membrum
1403 1731 1446 1802 esi
1460 1762 1507 1817 per
1519 1762 1548 1801 se
1564 1743 1716 1817 probabile:
1735 1759 1797 1800 nam

156 1837 186 1891 in
202 1851 263 1906 cap.
274 1840 410 1902 Crotona,
429 1843 456 1893 ει
471 1853 533 1909 cap.
549 1834 696 1901 Relatum,
715 1841 742 1890 et
756 1832 774 1888 l.
790 1837 817 1888 et
831 1833 909 1904 qesta.
931 1829 957 1885 ll.
994 1833 1112 1901 primum
1127 1835 1197 1892 iavet
1212 1837 1328 1902 animae,
1344 1836 1517 1910 etreligiooi3
1534 1843 1561 1894 et
1576 1837 1601 1891 ln
1617 1835 1663 1892 illa
1684 1836 1797 1892 materia

157 1924 193 1980 de
209 1925 305 1982 iurisd.
319 1941 392 1982 omn.
408 1926 490 1982 indic.
507 1933 535 1983 et
547 1927 564 1981 Ι.
578 1923 771 1988 mundatum,
786 1923 816 1976 C.
831 1919 958 1991 maudatq
995 1922 1139 1980 verisimile
1154 1931 1210 1994 est,
1226 1926 1366 1982 Pontifices
1382 1943 1434 1982 non
1457 1928 1546 1982 minus
1561 1925 1627 1981 velle
1643 1925 1733 1981 lavere
1752 1925 1795 1995 iis,
1829 1957 1833 1966 ·

157 2029 227 2085 ergo
250 2016 273 2068 si
294 2015 411 2071 facultas
426 2015 600 2087 dispensandi
614 2014 678 2070 data
692 2011 829 2070 sacerdoti
845 2010 869 2064 in
888 2009 962 2064 lavo·
997 2028 1046 2083 pro
1061 2013 1163 2084 quibus
1180 2016 1284 2087 gratiae
1299 2015 1510 2086 conceduntur,
1527 2031 1609 2088 quana
1625 2015 1671 2084 iis,
1696 2014 1796 2088 quibus

157 2117 218 2158 rem
234 2108 339 2160 tantum
360 2103 532 2176 dispensandi
547 2104 645 2172 durat,
660 2106 723 2176 quia
739 2102 789 2157 luit
804 2103 959 2171 praecepto,
994 2101 1197 2160 conceduntur.
1215 2105 1371 2164 &cundum
1388 2113 1480 2161 autem
1495 2113 1536 2161 est
1551 2105 1616 2161 satis
1633 2119 1796 2176 expressum

157 2192 239 2248 etiam
254 2194 364 2252 durabit
377 2195 441 2252 date
456 2196 512 2252 sinc
528 2202 685 2267 praecepto,
697 2194 762 2265 quia
776 2191 866 2246 minus
882 2187 962 2244 babet
994 2189 1021 2244 in
1033 2190 1103 2260 iure,
1117 2199 1143 2248 et
1154 2196 1295 2266 restringit
1307 2195 1478 2266 ambitiones,
1494 2202 1522 2252 et
1535 2193 1664 2264 fraudes,
1680 2208 1711 2250 oc
1725 2194 1794 2250 lites.
1866 2185 1868 2192 ’

158 2282 293 2351 mandati,
309 2292 338 2340 et
352 2285 531 2356 plusiaroris
546 2290 673 2355 respectu
688 2281 819 2353 delegati,
839 2276 961 2351 quando·
994 2283 1062 2337 Tum
1087 2281 1205 2356 denique
1226 2285 1290 2358 quia
1313 2286 1403 2341 omnia
1427 2285 1549 2356 exempla
1564 2286 1596 2340 in
1622 2283 1796 2340 contrarium

158 2371 268 2444 quidem
285 2389 353 2430 assus
364 2375 477 2445 ponitur
488 2376 513 2431 in
525 2377 584 2431 eius
596 2373 724 2442 arbitrio,
739 2376 829 2426 etnon
840 2368 959 2440 cogitur.
995 2370 1100 2427 oblecta
1125 2375 1257 2443 pertinent
1285 2375 1319 2430 ad
1344 2377 1464 2446 primum
1489 2374 1661 2444 membrum,
1690 2379 1718 2430 ei
1741 2371 1797 2428 lere

158 2461 195 2517 Et
208 2463 332 2533 proiecto
347 2463 457 2520 difficile
472 2464 581 2520 creditu
596 2469 638 2521 εει
649 2507 656 2532 ,
668 2461 742 2534 quod
754 2460 862 2515 licentia
872 2457 960 2514 dataa
995 2462 1083 2516 onrnia
1097 2461 1278 2530 admittuntur
1296 2467 1497 2534 communiter,
1519 2464 1582 2520 licet
1598 2470 1711 2535 propter
1732 2462 1796 2518 alias
1891 2451 1894 2463 '

160 2552 530 2622 superioricuidomsubdito
539 2552 672 2609 sacerdoti
683 2550 716 2607 ad
726 2539 886 2606 audiendam
895 2563 960 2602 con·
996 2555 1129 2623 rationes3
1147 2554 1221 2628 quod
1237 2570 1334 2627 parum
1350 2556 1442 2611 reiert.
1459 2556 1609 2627 Solumque
1633 2552 1698 2610 illud
1712 2551 1746 2608 de
1767 2551 1797 2608 li·

160 2640 304 2697 sessionem
318 2644 400 2714 Petri,
415 2645 439 2699 in
452 2645 572 2699 savorem
583 2642 668 2698 solius
679 2641 760 2708 Petri,
772 2645 799 2695 et
810 2639 867 2692 sine
882 2651 960 2708 prae·
995 2645 1085 2698 centia
1099 2643 1160 2700 data
1174 2644 1328 2702 consessori
1339 2648 1365 2701 in
1380 2646 1501 2701 savorem
1517 2645 1681 2715 poenitentis
1697 2658 1712 2698 o
1727 2641 1796 2698 noral-

159 2738 240 2802 cepto
255 2733 381 2804 imposito
396 2733 551 2806 sacerdoti,
565 2732 687 2788 attalem
702 2730 898 2786 contessionem
914 2737 962 2782 au·
994 2731 1028 2786 tis
1042 2740 1167 2805 negatur,
1178 2740 1208 2789 ut
1223 2734 1314 2790 uidere
1329 2734 1392 2790 licet
1402 2737 1429 2790 in
1446 2735 1544 2808 Soneio
1561 2749 1646 2805 supra
1661 2736 1794 2790 num.83.

160 2819 225 2889 diat,
242 2829 348 2892 cesset,
366 2825 526 2896 reintegra,
543 2840 591 2894 per
606 2830 721 2878 mortem
736 2819 922 2888 concedentis,
935 2824 962 2872 et
995 2818 1047 2874 Sed
1059 2821 1183 2892 prolecto
1199 2825 1316 2881 rationes
1327 2839 1342 2879 a
1354 2823 1432 2880 nobis
1447 2824 1534 2879 iactae
1546 2821 1671 2879 sidentur
1687 2827 1798 2877 contra·

160 2915 251 2966 tamen
271 2911 345 2984 quod
363 2911 456 2968 eadem
472 2913 588 2968 lacrrltas
608 2913 670 2969 data
683 2911 768 2968 eidem
783 2907 920 2964 sacerdoti
936 2908 961 2962 in
996 2913 1069 2967 risam
1083 2911 1235 2969 efficaciter
1249 2913 1383 2982 suadere,
1400 2919 1428 2970 et
1443 2930 1496 2969 non
1511 2929 1606 2968 carere
1621 2910 1795 2969 auctoribus.

161 3001 282 3057 levorem
294 3003 415 3058 eiusdem
430 3005 602 3073 poenitentis,
615 3009 642 3060 ει
656 3017 719 3057 curn
732 3005 890 3072 praecepto,
907 3013 961 3052 uon
995 3002 1062 3057 Nam
1079 3001 1175 3059 Feder.
1189 3003 1307 3078 sylvest.
1321 3004 1414 3076 angel.
1428 3009 1456 3060 ει
1469 3003 1529 3073 alii,
1545 3003 1592 3074 qui
1610 3003 1635 3058 id
1653 3001 1800 3058 admittunt

160 3091 276 3162 expiret,
294 3106 322 3147 re
337 3093 450 3164 integra,
463 3108 526 3148 cum
540 3092 604 3148 alias
619 3094 652 3148 sit
664 3092 775 3161 vulgare
787 3088 961 3162 principium,
996 3091 1021 3145 in
1038 3091 1168 3148 iaorrltate
1183 3091 1357 3163 dispensandi
1372 3109 1438 3147 cum
1458 3085 1521 3163 tali,
1542 3093 1612 3148 idem
1631 3091 1755 3148 dicerent
1769 3091 1797 3146 in

161 3177 341 3252 praeceptum
364 3183 397 3239 ab
414 3177 537 3252 bomine,
555 3182 629 3255 quod
650 3199 702 3239 non
722 3188 765 3237 est
782 3197 829 3251 per
849 3177 960 3234 modum
995 3186 1128 3251 potestate
1146 3181 1303 3238 absolvendi
1325 3184 1576 3255 sacramentaliter,
1598 3189 1625 3238 et
1645 3198 1710 3238 cum
1731 3179 1798 3236 indi·

161 3273 275 3337 statuti,
292 3285 400 3329 cessare
414 3281 524 3329 mortuo
538 3265 731 3345 praecipiente.
994 3273 1095 3327 stincte
1107 3271 1266 3344 loquantur,
1281 3289 1333 3328 non
1347 3279 1456 3344 oportet
1470 3275 1637 3346 restringere
1650 3271 1722 3327 illam
1736 3284 1798 3325 sen·

205 3363 249 3416 ll.
266 3363 339 3418 llaec
352 3367 513 3433 argumenta
525 3368 630 3434 petunt,
643 3369 675 3418 ut
685 3361 862 3432 explicemus,
875 3373 961 3431 quan·
995 3361 1103 3417 tentiam
1118 3361 1152 3416 ad
1171 3361 1342 3434 privilegium
1356 3363 1454 3419 datum
1468 3362 1663 3434 principaliter
1678 3360 1703 3414 in
1724 3359 1798 3414 iuvo-

160 3447 198 3503 do
213 3451 303 3520 gratia
317 3451 452 3508 censenda
467 3455 502 3507 sit
516 3452 566 3507 iam
581 3452 667 3518 iacta,
684 3458 712 3506 et
731 3447 840 3521 quando
856 3453 960 3503 tuntum
994 3463 1053 3504 rem
1066 3450 1192 3522 delegati.
1211 3451 1374 3507 Praesertim
1390 3451 1465 3522 qrrio,
1483 3461 1513 3506 ut
1527 3450 1590 3520 dixi,
1613 3449 1722 3522 quoodo
1738 3462 1798 3518 per·
1878 3486 1882 3498 .

161 3538 300 3610 lacienda3
316 3542 343 3596 in
358 3557 413 3613 quo
428 3540 587 3612 explicando
599 3557 652 3596 non
664 3545 707 3596 εει
717 3539 794 3595 iacile
806 3537 959 3609 generalem
995 3553 1062 3593 sona
1076 3538 1253 3611 designatur,
1270 3538 1441 3611 regulariter,
1456 3545 1484 3595 ει
1497 3555 1529 3594 ex
1545 3540 1569 3594 ri
1585 3538 1687 3594 lormae
1704 3551 1798 3593 cense-

162 3629 287 3700 regulam
302 3630 504 3700 praescribere:
519 3646 579 3685 nam
594 3637 635 3685 est
647 3630 729 3685 etium
743 3624 849 3683 difficile
864 3627 960 3683 discrl-
997 3632 1041 3682 tur
1054 3627 1112 3682 dari
1127 3629 1152 3682 in
1169 3628 1290 3684 sororem
1304 3628 1373 3697 eius,
1388 3629 1443 3684 sire
1459 3629 1573 3683 incultas
1590 3631 1625 3683 sit
1640 3627 1673 3683 ud
1691 3626 1798 3697 dispen-

161 3733 225 3772 men
242 3720 409 3775 constituere
424 3721 493 3776 inter
509 3719 610 3775 multos
625 3735 722 3786 casus,
738 3717 882 3789 dequibus
897 3718 961 3771 terri
996 3717 1123 3788 sandum,
1140 3720 1196 3774 sive
1212 3717 1245 3773 ad
1260 3717 1466 3786 absolvendum.
1484 3715 1538 3774 Nec
1553 3719 1633 3773 stiam
1648 3725 1690 3773 cst
1707 3732 1758 3772 cur
1772 3714 1798 3771 ld

162 3804 385 3864 soletdiversum
397 3807 614 3880 iudicium,cum
624 3791 711 3864 lamen
723 3804 961 3862 videanturomni·
995 3805 1126 3862 limitetur
1147 3806 1180 3862 ad
1200 3807 1358 3864 facultatem
1373 3805 1463 3862 datam
1478 3821 1543 3862 cum
1557 3811 1704 3878 praecepto
1721 3819 1798 3861 exer·

162 3909 199 3950 uo
221 3895 332 3952 similes.
349 3898 426 3954 Unde
445 3898 558 3969 cogitari
574 3905 685 3968 possent
699 3896 753 3952 duo
768 3893 841 3951 modi
856 3892 961 3951 dicendi
995 3895 1075 3952 cendi
1096 3904 1208 3966 actum,
1232 3895 1272 3951 rel
1294 3898 1352 3950 siue
1373 3895 1432 3964 illo,
1449 3898 1513 3968 quia
1527 3896 1594 3953 baec
1612 3894 1762 3951 differentia
1783 3910 1799 3950 a

161 3991 285 4054 extreme
295 3985 406 4042 diuersi.
422 3987 496 4044 Unus
508 3995 568 4058 est,
582 4002 690 4043 omnem
702 3987 837 4042 licentiam
850 4027 857 4056 ,
871 3983 912 4040 vel
922 3983 962 4040 la·
996 3986 1091 4056 paucis
1111 3985 1272 4042 doctoribus
1293 3984 1497 4056 consideratur,
1513 4001 1562 4042 nec
1584 3985 1641 4040 iure
1656 3985 1797 4056 probatur,
1834 3979 1839 3990 '

162 4074 313 4148 cultatem,
326 4076 586 4149 arrtqualecumque
599 4075 785 4148 privilegium,
797 4091 846 4131 seu
862 4075 962 4131 rescri·
995 4082 1024 4130 et
1043 4089 1141 4145 parum
1162 4075 1290 4144 interest,
1313 4079 1343 4130 ut
1362 4082 1503 4130 ostensum
1518 4081 1577 4144 cst,
1598 4075 1759 4146 praesertim
1773 4072 1799 4127 in

126 4158 134 4164 “
162 4172 243 4236 ptum
260 4166 363 4238 gratiae
383 4180 547 4222 concessum
568 4169 613 4223 uni
633 4169 658 4222 in
675 4165 768 4222 ordine
783 4163 815 4220 od
834 4165 961 4230 ellectum
996 4163 1106 4236 negotio
1122 4163 1312 4219 consessionis.
1325 4164 1361 4219 Et
1373 4164 1422 4232 ila,
1439 4178 1469 4219 re
1485 4170 1540 4220 tota
1556 4169 1661 4220 attente
1676 4161 1799 4217 conside·

162 4255 267 4325 gratiae
281 4255 507 4328 consequendum
527 4256 566 4312 ab
581 4256 652 4322 olio,
668 4255 713 4311 cul
733 4259 853 4324 potestas
869 4253 961 4310 conic-
996 4259 1071 4318 rota,
1089 4249 1150 4306 nibil
1164 4267 1198 4307 ex
1212 4251 1257 4308 illo
1273 4252 1397 4308 membro
1412 4253 1555 4326 sequitur,
1575 4253 1650 4326 quod
1664 4252 1799 4323 singulare

163 4341 257 4415 rendi,
280 4344 321 4400 rel
345 4344 520 4416 dispensandi
540 4343 696 4417 delegatur,
719 4344 825 4400 censeri
846 4343 961 4414 gratiam
996 4341 1097 4412 sit,·rel
1114 4356 1230 4411 norum,
1247 4340 1288 4396 rel
1303 4342 1385 4397 alicui
1400 4342 1454 4398 iuri
1470 4357 1645 4416 repugnans,
1660 4342 1724 4415 quia
1739 4341 1800 4398 iuro

164 4433 254 4488 statim
279 4433 378 4490 lactum
403 4449 434 4489 es
460 4434 485 4488 ui
510 4433 658 4505 privilegii,
679 4438 739 4510 onte
758 4447 963 4505 quemcumque
998 4425 1096 4486 in'aliis
1114 4430 1233 4486 maurlis
1248 4430 1412 4503 loquuntur,
1430 4439 1461 4488 ut
1474 4432 1538 4488 disi.

163 4539 247 4580 usum
268 4525 343 4592 eius,
360 4523 381 4579 si
400 4525 515 4580 materia
535 4525 638 4597 gratiae
653 4525 689 4579 sit
702 4522 864 4594 spiritualis,
881 4523 963 4594 perti·
1041 4519 1252 4576 16.Secuudum
1268 4525 1359 4576 aarum
1374 4521 1529 4577 membrum
1544 4520 1625 4577 habet
1640 4519 1800 4578 lundomen-

164 4628 232 4670 neus
254 4599 439 4684 principaliter
459 4612 493 4668 ad
514 4613 615 4669 bonum
638 4613 742 4668 animae
760 4611 836 4681 eius,
852 4618 964 4683 propter
998 4617 1056 4666 tum
1071 4625 1123 4665 non
1139 4611 1166 4665 in
1181 4608 1239 4665 sola
1255 4609 1293 4664 rei
1308 4616 1418 4680 notura,
1429 4625 1480 4666 nee
1494 4617 1599 4666 tantum
1615 4611 1643 4665 in
1659 4612 1801 4667 coniectu·

165 4717 249 4776 quem
268 4701 447 4774 conceditur,
469 4702 671 4776 assequendum
692 4715 740 4773 por
759 4716 839 4756 usuro
857 4701 965 4757 iurisdi·
998 4705 1160 4756 solamente
1176 4697 1369 4769 concedentis,
1386 4696 1472 4754 sedin
1487 4701 1547 4755 iure
1566 4700 1680 4771 positivo
1694 4701 1733 4756 its
1747 4699 1800 4754 dis.-

163 4791 263 4848 ctionis
279 4791 536 4864 voluntariae,quae
548 4791 604 4848 sine
619 4789 735 4863 strepitu
748 4789 837 4846 iudicii
851 4790 888 4847 illi
900 4805 964 4862 ope·
999 4799 1126 4864 ponente.
1143 4791 1181 4846 Et
1193 4788 1255 4846 ideo
1270 4805 1323 4844 non
1340 4789 1494 4860 procedunt
1513 4791 1651 4846 contraria
1664 4788 1799 4860 exemplo,
1871 4829 1876 4838 .

165 4882 220 4937 rari
241 4887 343 4954 polest,
364 4881 478 4955 ideoque
497 4881 579 4936 talem
598 4880 757 4937 facultatem
771 4896 825 4936 non
840 4881 964 4951 expirare
998 4881 1061 4953 quio
1081 4895 1132 4936 nec
1147 4879 1276 4950 materia,
1299 4892 1349 4934 nec
1363 4877 1507 4950 dispositio
1523 4879 1623 4934 iuriarm
1637 4883 1681 4934 est
1695 4876 1797 4934 similis.

165 4986 214 5042 per
229 4978 345 5029 mortem
360 4971 549 5043 concedentis,
564 4971 671 5026 etiamsi
686 4985 730 5024 res
744 4971 779 5026 stt
793 4969 906 5043 integro:
922 4985 964 5026 se·
998 4974 1055 5030 Neo
1077 4970 1157 5026 etiem
1176 4968 1335 5040 procedunt
1355 4967 1492 5037 rationes,
1514 4968 1578 5040 quia
1593 4983 1658 5024 curn
1675 4967 1740 5024 baec
1754 4982 1799 5023 res
1814 5003 1815 5008 κ

165 5079 218 5119 cus
238 5077 302 5117 vero
323 5077 384 5118 esse
405 5063 432 5118 in
453 5061 511 5118 aliis
527 5060 704 5117 facultatibus
719 5065 796 5116 extra
807 5058 964 5116 huiusmodi
1000 5061 1160 5132 pendentes
1177 5059 1247 5130 itare,
1259 5058 1378 5114 rationes
1394 5073 1446 5113 non
1461 5063 1648 5128 possuntesse
1659 5057 1796 5114 efficaces.

165 5152 308 5209 materiam
331 5154 480 5208 concessis.
496 5153 564 5208 Nam
588 5151 664 5222 iura,
690 5165 760 5222 quae
779 5150 813 5206 de
832 5150 964 5208 similibus
999 5153 1066 5208 llam
1083 5149 1128 5206 illa
1142 5147 1310 5217 licentia,vel
1325 5148 1528 5220 qualecumque
1539 5145 1592 5218 ius,
1604 5145 1678 5218 quod
1692 5144 1800 5202 ridetur

167 5242 313 5317 privilegiis
327 5243 449 5301 iudicant
459 5247 588 5315 tanquam
600 5241 633 5298 de
643 5241 735 5314 gratiis
747 5256 800 5298 nou
812 5242 962 5313 concessis,
1000 5241 1134 5298 resultare
1149 5237 1174 5294 in
1189 5236 1357 5310 providendo
1369 5253 1402 5294 es
1415 5235 1604 5310 facultate,rel
1619 5235 1746 5294 mandato
1760 5236 1799 5294 al-
