4232 6220
885 407 1053 458 mrnrvr.
1243 415 1247 424 ·
1308 378 1314 388 '
1684 390 1744 456 661

148 543 192 600 rit:
205 541 274 600 Nisi
283 538 537 620 manducaveritis
546 551 671 596 earnem
673 533 736 612 filli
743 535 881 602 bominis,
891 542 947 590 ete.
987 532 1159 591 cumstaotiis
1181 533 1338 608 discernat,
1364 551 1399 594 aa
1418 535 1462 596 bic
1480 542 1508 594 et
1521 550 1595 594 nunc
1611 539 1711 612 urgeat
1723 529 1784 592 telis

149 631 220 688 banc
235 647 300 704 ergo
318 631 509 686 necessitatem
529 644 583 702 ηοη
604 633 695 701 potest
716 625 839 687 Ecclesia
852 625 953 681 immu·
986 621 1126 694 obligatio,
1142 629 1170 679 et
1184 623 1235 680 boc
1251 623 1385 684 iudicium
1401 641 1535 683 nocemus
1548 621 1788 696 doctrinalem,vel

150 729 224 787 tere,
248 727 278 777 ut
297 719 400 793 patebit
418 719 496 776 iecile
515 718 678 790 spplicrodo
692 716 832 773 diversum
847 715 952 771 lectum
987 705 1547 788 prudentialeminterpretationem,quam
1559 709 1795 784 ηηῑηοηῑίηοηωί-Δ

148 811 182 868 de
196 811 257 868 lide.
267 812 302 869 Et
315 810 474 868 declaratur
485 809 601 880 emplius
612 807 732 869 sistendo
748 806 774 862 in
787 805 952 863 necessitate
987 799 1049 856 dem
1065 807 1179 871 possunt
1193 802 1284 861 lacere
1300 805 1349 861 soli
1364 813 1487 877 pastores
1498 805 1652 876 Ecclesiae,
1665 803 1791 875 priuatim

148 903 289 973 praecepti
303 900 506 970 cuiuscumque
522 895 770 969 sacramenti,quia
781 895 870 951 omnis
885 893 952 949 baec
988 905 1053 947 vero
1066 890 1148 947 etiam
1164 893 1213 946 viri
1229 895 1376 964 sapientes.

151 995 298 1062 praecepta
317 987 481 1045 affirmativa
501 994 585 1060 sunt,
604 995 632 1044 et
651 987 685 1042 ita
699 1001 753 1041 non
768 985 891 1056 obligant
904 997 953 1054 pro
1030 983 1074 1036 ll.
1090 981 1155 1036 iiico
1175 983 1314 1039 secundo:
1335 986 1389 1042 Lex
1403 985 1501 1042 Christi
1517 992 1549 1043 ut
1563 985 1726 1048 instituens,
1740 998 1790 1038 seu

150 1094 275 1150 semper,
297 1077 343 1134 sed
358 1094 409 1150 pro
423 1077 506 1134 certis
521 1076 704 1149 temporibus,
719 1090 791 1148 quae
805 1088 878 1130 nunc
893 1071 954 1128 bre·
989 1069 1123 1126 institutio
1136 1071 1327 1131 ecclesiastiea
1341 1075 1413 1132 lacta
1427 1076 1581 1133 immediate
1595 1073 1629 1132 ab
1645 1075 1702 1146 ipse
1716 1071 1791 1130 cos-

150 1169 238 1226 ritatls
258 1167 349 1242 gratia
369 1183 469 1224 uocare
492 1181 644 1238 possumus
659 1163 793 1221 articulos
807 1162 955 1221 necessita·
990 1166 1044 1230 sto,
1053 1167 1082 1215 et
1095 1161 1156 1218 iure
1171 1177 1225 1219 suo
1241 1162 1372 1234 stabilita,
1386 1181 1439 1221 non
1455 1166 1552 1237 recipit
1565 1163 1792 1237 dispensationem

152 1259 204 1330 tis,
225 1273 301 1314 nunc
316 1256 389 1313 enim
404 1271 457 1312 non
473 1256 581 1330 egimus
595 1254 629 1311 de
642 1253 871 1311 determinatione
888 1256 954 1307 tem·
990 1265 1039 1321 per
1053 1249 1137 1307 ullam
1152 1257 1315 1322 potestatem
1331 1255 1486 1312 bumenem.
1500 1258 1572 1313 llaec
1583 1263 1627 1322 est
1639 1251 1792 1310 communis

153 1347 242 1420 poris,
258 1361 341 1420 quam
355 1344 431 1402 addit
444 1345 585 1402 Ecclesia:
602 1359 663 1400 nam
678 1343 704 1398 in
719 1343 762 1399 illa
777 1351 885 1398 eertum
900 1344 953 1408 est,
990 1331 1199 1414 theologorum,
1217 1349 1273 1400 tum
1289 1345 1315 1399 ln
1330 1343 1399 1402 locis
1413 1346 1516 1416 citatis,
1533 1354 1590 1403 tum
1606 1347 1634 1403 in
1649 1345 1719 1401 locis
1733 1357 1793 1414 spe·

152 1451 234 1509 posse
256 1435 380 1492 eamdem
403 1435 555 1491 Ecclesiam
579 1435 737 1505 dispensare
750 1451 758 1494 t
782 1432 864 1506 igitur
879 1437 956 1486 erue
991 1431 1116 1501 cialibus,
1129 1433 1175 1489 ubi
1188 1439 1308 1491 trectant
1318 1434 1351 1492 de
1363 1437 1482 1493 materiis
1493 1445 1520 1493 et
1531 1437 1626 1493 lormls
1639 1448 1794 1491 sacramen·

153 1526 301 1585 articulum
322 1525 491 1582 necessitatis
513 1523 588 1581 nulla
605 1530 649 1580 est
670 1523 827 1579 neccssaria
848 1521 956 1592 dispen·
992 1528 1095 1593 torum,
1107 1529 1136 1579 et
1148 1522 1181 1580 de
1198 1524 1348 1582 hierarchia
1365 1541 1397 1582 oc
1416 1527 1575 1584 monarchia
1596 1523 1793 1582 ecclesiastice.

153 1617 238 1687 satio,
260 1623 292 1672 ut
312 1631 362 1687 pro
383 1621 450 1671 tunc
474 1617 563 1686 possit
581 1629 635 1670 non
654 1612 761 1684 impleri
778 1616 956 1684 praeceptum
991 1613 1025 1667 Et
1039 1611 1104 1666 mibi
1119 1612 1227 1670 videtur
1241 1630 1293 1670 non
1310 1616 1399 1672 minus
1414 1623 1501 1686 certa,
1514 1632 1597 1690 quem
1613 1611 1792 1688 praecedens,

123 1721 126 1728 ’
155 1706 212 1763 sine
235 1704 334 1777 culpa,
354 1706 420 1778 quia
435 1719 485 1776 pro
500 1713 566 1760 ωηο
583 1719 636 1759 ηοη
652 1703 764 1774 obligat.
784 1705 851 1758 liuto
865 1708 956 1758 autem
993 1707 1137 1773 potestque
1158 1702 1239 1761 simili
1256 1704 1338 1761 modo
1357 1705 1475 1776 probari.
1492 1707 1583 1762 Primo
1598 1704 1754 1761 inductione
1768 1702 1795 1758 in

154 1794 271 1851 articulo
286 1795 475 1864 necessitatis,
496 1793 538 1850 vel
552 1792 634 1849 datur
648 1790 831 1850 commoditas
848 1789 957 1846 moralis
993 1789 1161 1847 institutione
1172 1801 1418 1851 sacramentorum.
1431 1795 1526 1853 Solum
1538 1795 1609 1852 enim
1621 1792 1796 1851 suntaGbri·

154 1887 211 1942 sine
223 1884 333 1941 notabili
344 1882 592 1956 impediareutoeel
605 1883 728 1956 periculo
741 1882 774 1938 ed
789 1879 956 1952 implendum
994 1885 1037 1936 sto
1060 1881 1187 1938 instituta
1201 1881 1290 1955 quoad
1305 1884 1512 1944 substantialem
1527 1885 1657 1957 sormam,
1672 1889 1699 1941 et
1712 1889 1796 1940 rnate·

154 1981 332 2046 praeceptum
349 1971 487 2042 divinum,
507 1979 536 2029 et
555 1978 620 2028 tunc
641 1971 747 2028 nullum
767 1970 849 2026 babet
865 1968 957 2024 locum
994 1969 1797 2046 riam‚etministrumnecessariun13hisenimtribusper-

153 2063 320 2135 dispensatio
334 2063 465 2132 bumana,
477 2063 632 2118 elsetenim
643 2067 741 2118 contra
752 2075 862 2116 omnem
877 2059 959 2115 ratio·
993 2059 1140 2132 ficiuntur,
1160 2070 1192 2118 ut
1204 2061 1274 2119 dixit
1292 2065 1440 2121 concilium
1454 2066 1628 2122 florentinum
1643 2065 1668 2119 in
1683 2063 1796 2120 decreto

154 2169 216 2210 nem
237 2159 265 2209 et
284 2159 384 2212 eontra
402 2151 525 2209 divinam
548 2152 727 2209 voluntatem.
744 2153 799 2206 ltut
819 2165 869 2223 pro
891 2157 958 2205 tunc
993 2149 1127 2223 Eugenii,
1147 2158 1175 2208 et
1189 2153 1280 2224 quoad
1295 2152 1339 2210 illa
1353 2155 1443 2211 omnin
1457 2160 1522 2211 sunt
1535 2170 1550 2211 a
1563 2154 1672 2211 Christo
1687 2154 1795 2210 institu-
1893 2165 1897 2173 ·

154 2258 208 2300 non
221 2231 354 2298 'occurrit
374 2243 486 2298 occasio
507 2241 642 2314 possibilis
658 2240 833 2312 simpliciter,
850 2245 880 2296 ut
893 2240 959 2311 quia
993 2246 1032 2309 ta,
1045 2239 1119 2297 iuxta
1134 2240 1314 2299 definitionem
1325 2259 1405 2301 eone.
1423 2244 1564 2301 trideass.
1582 2245 1609 2316 i,
1621 2260 1648 2299 c.
1670 2249 1692 2300 l.
1709 2242 1742 2299 de
1753 2257 1795 2298 sa·

153 2332 231 2389 deest
244 2330 384 2404 sacerdos,
397 2337 425 2389 et
440 2338 507 2388 tuuc
523 2347 576 2387 non
589 2340 633 2387 est
646 2331 803 2387 necessaria
817 2329 959 2401 dispense—
993 2330 1139 2386 crementis
1157 2331 1183 2387 in
1202 2347 1314 2404 genere.
1330 2335 1405 2391 Hanc
1420 2341 1511 2390 nutem
1525 2333 1720 2391 institutionem
1734 2331 1795 2388 nul·

156 2425 210 2494 tio,
231 2424 297 2496 quie
317 2422 375 2478 sine
394 2421 441 2478 illa
454 2427 604 2479 excusatur
618 2420 713 2492 culpa,
727 2427 756 2477 et
770 2419 815 2476 ille
831 2419 958 2491 supplere
994 2417 1036 2474 lus
1051 2415 1133 2476 bomo
1147 2422 1293 2478 immutare
1307 2429 1399 2493 potest
1412 2425 1487 2480 iuxta
1501 2423 1661 2480 sententiam
1673 2423 1793 2478 omnium
1828 2489 1835 2504 .

155 2519 245 2584 potest
259 2513 451 2568 necessitatem
465 2509 558 2580 medii,
574 2510 624 2565 nisi
640 2525 689 2581 per
703 2518 798 2567 sotum
814 2517 842 2565 et
854 2508 958 2566 deside·
994 2507 1198 2582 theologorum.
1210 2510 1244 2566 Et
1255 2515 1436 2586 congruentia
1448 2529 1532 2585 supra
1543 2512 1672 2582 adducta,
1684 2520 1726 2568 est
1737 2528 1795 2568 mo·

155 2602 228 2658 rium
248 2599 395 2673 indigentis
419 2600 591 2671 supplentur.
608 2604 664 2656 Aut
676 2598 794 2673 denique
808 2597 961 2670 impossibi·
995 2596 1089 2654 naliter
1099 2597 1294 2674 evidens,quia
1305 2601 1373 2658 hoec
1384 2610 1450 2660 eunt
1461 2604 1539 2676 quasi
1551 2602 1729 2658 fundamenta
1742 2603 1795 2658 Ec·

156 2689 217 2746 lites
237 2696 280 2746 est
300 2695 405 2746 tantum
422 2689 550 2760 moralis,
572 2697 603 2745 ut
617 2691 684 2761 quia
697 2696 740 2746 est
753 2687 909 2760 periculum
923 2686 958 2743 vi·
995 2687 1094 2744 clesiee
1113 2688 1227 2746 visibilis
1244 2691 1358 2762 Christi,
1375 2693 1477 2765 quibus
1492 2695 1619 2762 mutetis,
1634 2692 1710 2748 fieret
1722 2692 1748 2746 in
1762 2705 1795 2746 ea

157 2787 215 2850 tae,
237 2786 285 2834 aut
303 2778 474 2850 perniciosae
492 2778 750 2835 communicationis
765 2793 830 2834 cum
845 2775 960 2832 baereti-
996 2780 1287 2850 magnasubstantialis
1302 2782 1794 2856 mutetlocontramaniiestaminien·

157 2885 212 2941 co,
233 2868 276 2925 vel
296 2867 362 2941 quid
383 2869 489 2938 simite3
516 2875 544 2924 et
573 2876 639 2924 tunc
664 2875 712 2925 aut
737 2867 959 2939 impedimentum
996 2869 1097 2924 tionem
1111 2869 1287 2927 instituentis.
1304 2871 1458 2929 lleindeest
1471 2869 1795 2944 optinraratinqundam·

156 2960 246 3030 ipsum
267 2957 414 3014 intrinsece
434 2965 463 3013 et
484 2973 532 3030 per
553 2973 583 3013 se
605 2957 684 3014 alleri
697 2959 916 3028 excusationem,
931 2963 960 3013 et
998 2957 1079 3014 modo
1100 2957 1230 3035 physica,
1246 2961 1310 3032 quia
1324 2959 1449 3018 Christus
1463 2962 1551 3019 media
1565 2961 1732 3018 institutione
1746 2975 1797 3016 sua

155 3050 194 3104 ite
214 3064 268 3103 nnn
289 3047 370 3104 habet
389 3047 482 3104 locum
496 3045 672 3119 dispensatio,
690 3048 732 3104 vel
746 3055 820 3104 certe
837 3048 858 3103 si
877 3048 960 3117 impe·
996 3045 1070 3103 dedit
1089 3048 1218 3104 virtutem
1236 3049 1280 3106 his
1300 3052 1478 3108 sacramentis
1500 3051 1532 3108 ad
1555 3049 1793 3120 sanctiticendurn,

155 3137 305 3194 dierectum
327 3153 376 3210 per
397 3153 424 3193 se
446 3153 500 3194 non
521 3137 624 3194 sulliclt
637 3137 671 3194 ad
685 3137 889 3207 excusandum,
905 3152 959 3193 nec
980 3135 1038 3214 ,vel
1053 3139 1284 3211 consecrandum3
1296 3155 1363 3214 ergo
1375 3143 1426 3196 nisi
1438 3141 1492 3198 sint
1503 3142 1576 3198 lacta
1588 3142 1662 3199 iuxta
1674 3142 1744 3199 banc
1756 3143 1796 3197 in-

156 3230 322 3300 dispensetio
338 3228 456 3284 humana
471 3228 572 3299 poterit
588 3228 683 3284 tollere
697 3227 900 3300 obligationem,
917 3242 960 3284 es·
996 3226 1175 3297 stitutionem,
1188 3245 1242 3283 non
1254 3237 1336 3286 erunt
1348 3230 1527 3288 instrumente
1538 3232 1649 3302 Christi,
1664 3247 1715 3288 nec
1727 3246 1795 3286 con·

155 3325 199 3374 set
211 3319 283 3374 eninr
299 3324 365 3374 tunc
379 3315 591 3388 irrationabilis,
607 3319 633 3373 in
647 3319 756 3389 negotio
770 3322 911 3388 spectante
926 3314 960 3372 ad
997 3315 1121 3372 tinebunt
1133 3318 1259 3387 gratiam,
1272 3333 1323 3374 neo
1338 3321 1467 3376 virtutem
1482 3319 1618 3378 efficiendi
1628 3320 1711 3376 illam.
1726 3320 1795 3386 Quia

156 3408 273 3463 salutem
299 3408 423 3477 animae,
455 3412 483 3461 et
506 3421 555 3477 per
576 3408 620 3462 ius
649 3406 772 3463 divinum
798 3406 962 3462 determina·
996 3410 1063 3460 tunc
1083 3421 1133 3462 nec
1152 3404 1276 3462 Christus
1291 3406 1338 3463 dat
1351 3407 1521 3481 illem,quia
1536 3409 1637 3480 lex,et
1651 3409 1795 3481 promissio

158 3505 196 3552 to.
220 3495 296 3554 Unde
316 3511 384 3551 usus
405 3495 464 3552 talis
483 3493 692 3567 dispensationis
714 3496 853 3553 inauditus
872 3495 959 3552 estin
995 3496 1054 3551 eius
1074 3501 1117 3550 est
1136 3494 1317 3552 determinata
1337 3495 1370 3552 ad
1385 3513 1462 3553 suam
1478 3499 1690 3567 institutionem,
1705 3513 1795 3572 neque

156 3585 290 3641 Ecclesia.
995 3581 1078 3639 bomo
1099 3599 1187 3655 purus
1207 3592 1299 3656 potest
1320 3585 1400 3642 telem
1417 3587 1546 3644 virtutem
1561 3587 1642 3658 dare,
1659 3593 1691 3644 ut
1704 3601 1753 3658 per
1765 3603 1795 3643 se

199 3676 317 3732 13.llinc
333 3688 398 3729 vero
413 3679 505 3745 potest
518 3674 589 3729 sumi
603 3673 720 3731 obiectio
737 3680 835 3730 contra
845 3673 958 3730 alterem
995 3679 1190 3746 constet3ergo
1198 3689 1249 3730 nec
1255 3683 1344 3745 potest
1354 3675 1510 3746 dispensnre
1520 3678 1548 3732 in
1560 3676 1605 3733 tali
1615 3676 1792 3733 institutione.

157 3771 262 3836 partem
277 3763 310 3820 de
324 3762 564 3835 interpretatione,
580 3779 642 3820 nam
656 3764 682 3820 in
692 3779 726 3821 eo
737 3779 805 3820 casu
819 3764 851 3820 de
865 3764 960 3820 morali
995 3765 1062 3818 Nam
1078 3769 1219 3832 oporteret
1229 3779 1277 3836 per
1292 3765 1372 3821 talem
1385 3765 1613 3837 dispensationem
1625 3767 1694 3834 lieri,
1707 3772 1738 3822 ut
1748 3765 1796 3822 ali·

156 3852 349 3924 impedimento
364 3853 444 3908 si'res
460 3854 495 3908 sit
507 3853 602 3924 dubie,
613 3853 710 3909 saltem
722 3853 803 3910 babet
818 3854 910 3913 locum
920 3855 959 3908 in·
995 3850 1071 3925 quod
1090 3867 1160 3924 opus
1179 3853 1220 3908 vel
1240 3852 1345 3911 dictum
1360 3862 1469 3927 praeter
1481 3855 1680 3912 institutionem
1694 3855 1796 3912 Christi

156 3945 323 4015 terpretatio.
340 3941 520 4014 Respondeo,
544 3942 722 3999 concedendo
744 3942 843 3999 bebere
868 3943 959 3999 locum
997 3940 1110 3997 haberet
1123 3943 1363 4015 significationem,
1386 3950 1415 4000 ct
1429 3947 1482 4001 vim
1496 3943 1692 4017 sanctificandi,
1711 3959 1795 4017 (ωηηη

156 4032 404 4105 interpretationem
419 4031 613 4110 doctrinalem,
622 4039 652 4088 ut
665 4032 705 4088 sic
720 4032 883 4105 dicam,nnn
894 4049 960 4090 vern
997 4031 1078 4088 babet
1090 4039 1295 4089 sacramentum
1305 4033 1422 4108 Christi,
1446 4034 1521 4108 quod
1534 4041 1578 4091 est
1591 4035 1732 4092 manifeste
1745 4035 1794 4090 im-

158 4123 412 4193 interpretntionem
433 4137 483 4193 per
505 4123 615 4180 modum
635 4121 761 4196 opillius,
778 4139 860 4196 quam
873 4123 962 4181 solarn
998 4120 1136 4192 possibile,
1147 4127 1177 4176 ut
1188 4121 1336 4193 probatum
1347 4131 1399 4180 eet.
1409 4124 1544 4191 Quocirca
1554 4123 1661 4181 dietum
1672 4121 1738 4180 illud
1749 4139 1796 4180 co·

157 4211 183 4268 ln
197 4212 373 4270 conclusione
387 4213 634 4284 negavimustlum
647 4215 719 4270 enim
733 4223 881 4287 praecepta
894 4215 961 4272 baec
999 4210 1169 4266 nonistorum
1189 4211 1386 4285 quorumdum,
1396 4229 1476 4285 posse
1490 4214 1646 4270 Pontificem
1661 4213 1720 4270 solo
1736 4228 1795 4270 rer·

157 4303 212 4358 sint
233 4301 397 4358 affirmativa
420 4303 479 4358 sine
506 4302 560 4358 ulle
581 4303 712 4374 temporis
728 4303 960 4378 determinatione,
998 4298 1032 4355 bo
1046 4299 1136 4356 fauere
1150 4300 1361 4374 presbyterum,
1382 4302 1424 4358 vel
1445 4318 1609 4360 consecrare
1620 4307 1793 4376 episcopum,

158 4390 232 4448 nulla
246 4390 389 4447 excusatio
404 4406 437 4448 ex
453 4391 669 4449 accidentalibus
680 4395 908 4462 circumstantiis,
918 4394 960 4450 vel
997 4391 1063 4444 item
1077 4387 1163 4459 illud,
1179 4404 1258 4460 posse
1273 4389 1430 4462 dispensare
1444 4391 1470 4448 iu
1490 4393 1617 4449 omnibus
1631 4399 1739 4464 praeter
1752 4406 1795 4450 ar-

157 4479 351 4536 occasionibus
373 4481 537 4552 proveniens
557 4487 599 4538 est
620 4489 716 4538 eontra
735 4482 851 4539 sormam
865 4483 961 4540 verbo·
995 4479 1097 4536 ticulos
1112 4477 1184 4550 tidei,
1197 4479 1269 4550 apud
1284 4479 1427 4553 theologos
1442 4481 1629 4552 improbabilia
1642 4488 1719 4552 eunte
1729 4483 1796 4554 quia

157 4585 220 4627 rum
234 4570 386 4643 proecepti,
408 4586 497 4643 neque
511 4577 555 4627 est
567 4573 693 4645 exceptio
708 4589 723 4629 η
737 4573 916 4645 generalitate
931 4573 962 4629 il·
996 4570 1068 4640 Papa
1082 4585 1136 4624 non
1151 4568 1233 4625 hebet
1246 4575 1409 4641 potestatem
1423 4570 1684 4643 excellentiamsed
1699 4571 1795 4643 ellige-

158 4661 258 4734 lius·,et
271 4661 307 4716 ita
318 4675 371 4716 non
382 4667 425 4717 est
439 4660 643 4735 epilhia,neque
657 4662 809 4719 emendatio
824 4662 902 4736 legis,
913 4662 961 4720 sed
997 4665 1051 4714 tam
1063 4659 1251 4716 ¹sacramentis
1271 4658 1360 4732 quood
1384 4659 1498 4716 ellectus
1522 4675 1634 4733 eorum,
1659 4667 1686 4717 et
1704 4659 1737 4716 ed
1755 4658 1795 4716 di·
1848 4673 1853 4685 ¹

158 4753 247 4823 potius
270 4755 313 4806 est
336 4751 523 4822 interpretatio
548 4751 582 4808 de
602 4767 666 4808 sero
685 4767 768 4808 sensu
783 4751 861 4826 legis,
877 4768 960 4824 quam
996 4755 1070 4806 ctam
1083 4749 1281 4805 institutionem
1296 4748 1390 4821 quoed
1404 4765 1500 4805 eorum
1511 4750 1666 4822 essentiam3
1683 4749 1794 4807 dedun-

158 4856 227 4898 roco
241 4841 439 4912 doctrinalem,
460 4856 531 4914 quoe
546 4841 571 4896 in
586 4843 740 4914 praeceptis
754 4845 835 4900 etiam
849 4850 961 4898 nature·
996 4837 1049 4893 bus
1070 4852 1136 4893 vcro
1156 4839 1312 4904 instantiis,
1340 4853 1411 4911 quae
1425 4839 1450 4895 in
1464 4839 1632 4896 contrarium
1647 4839 1795 4897 aderebon·

157 4931 228 4987 libus
250 4929 420 4986 allirmativis
439 4928 534 4987 locum
555 4929 646 4987 habet.
663 4921 698 4988 Et
719 4929 779 4987 talis
801 4931 857 4988 lere
875 4937 919 4988 cst
934 4932 960 4987 in
995 4935 1052 5000 tur,
1069 4927 1139 4984 inira
1152 4927 1287 4984 dicemus.

157 5018 304 5092 praesente
315 5019 379 5093 quia
390 5019 501 5091 quando
513 5025 690 5092 praeceptum
701 5021 823 5078 divinum
834 5020 960 5078 absolute
1036 5017 1188 5076 15.lieinde
1198 5017 1352 5075 ostenditur
1366 5017 1508 5075 conclusio
1520 5017 1546 5074 in
1557 5017 1727 5075 institutione
1739 5020 1792 5074 rei·

158 5110 307 5181 praecipit,
322 5114 351 5165 et
364 5124 419 5167 non
434 5107 601 5167 determinet
616 5117 740 5183 tempus,
756 5125 845 5186 neque
859 5127 908 5183 per
921 5111 960 5168 le·
994 5109 1119 5180 publicae
1132 5107 1351 5180 ecclesiasticae,
1374 5115 1510 5181 quatenus
1525 5106 1692 5180 peculiarem
1707 5107 1794 5164 unita·

158 5213 221 5270 gem
235 5199 381 5256 bumnnem
394 5197 604 5272 determinatur,
619 5207 685 5258 tunc
700 5199 865 5273 relinquitur
879 5207 959 5258 ηηω·
994 5204 1049 5256 tem
1062 5199 1206 5274 mysticam
1221 5197 1302 5254 habet
1315 5213 1348 5255 ex
1361 5198 1529 5255 institutione
1542 5197 1652 5268 Christi3
1668 5199 1793 5270 quaein·

159 5287 208 5347 rati
231 5288 327 5346 rationi
350 5295 379 5346 et
403 5287 557 5361 discursui,
585 5296 616 5348 ut
632 5289 750 5364 pensetis
764 5288 891 5350 omnibus
906 5292 960 5349 nir·
995 5290 1098 5350 stitutio
1119 5292 1145 5346 in
1167 5289 1256 5348 tribus
1276 5288 1317 5346 vel
1338 5295 1457 5364 quatuor
1470 5287 1671 5347 conditionibus
1685 5287 1794 5348 ridetur
