4260 6222
408 342 471 406 eto
572 404 579 432 ι
623 371 627 380 ·
1107 351 1208 402 nmen
1224 351 1298 402 vrrs.

360 486 422 559 cipe
436 485 551 543 scientia
561 483 767 558 privilegiorum
778 451 999 557 particularium,
1012 479 1098 538 multo
1110 479 1159 534 mi·
1195 481 1273 534 ctum
1287 474 1387 550 pendet
1399 491 1434 535 ex
1448 478 1606 554 privilegio,
1621 481 1702 539 etiam
1716 483 1853 542 sententia
1867 479 1944 540 eadit
1960 481 2000 538 in·

360 593 413 634 nus
434 579 626 648 praesumetur
646 574 672 630 lu
691 575 853 647 rescriptis,
879 573 922 630 vel
947 567 1160 647 particularibus
1193 565 1298 624 directe
1317 567 1343 624 in
1362 567 1521 641 qualitatem
1538 569 1685 643 privilegii,
1700 577 1733 628 ut
1751 579 1832 630 antea
1850 578 1930 644 erat,
1946 586 2001 630 non

154 727 173 751 ⁸
278 736 283 746 .
361 663 505 722 mandatis.
523 665 557 724 Et
572 663 726 719 confirmari
737 663 791 720 lroe
803 669 905 734 potest,
917 662 982 735 quia
995 660 1160 729 rescriptum
1195 671 1260 714 vero
1275 655 1347 714 illam
1362 659 1551 730 immutal,ct
1565 660 1601 717 ita
1616 659 1690 717 eadit
1702 663 1729 718 io
1741 661 1810 720 illud
1820 661 2002 734 declarando,
2110 681 2111 752 .

361 760 459 812 contra
476 767 653 810 communem
666 751 753 824 legem
769 768 822 809 non
836 752 951 825 derogat
964 749 1019 820 illi,
1036 749 1090 805 imo
1104 763 1160 804 non
1195 754 1224 805 et
1236 746 1427 822 reprobando,
1443 764 1497 804 noo
1511 749 1684 823 revocando,
1699 751 1741 808 vel
1756 749 1928 824 derogando.

360 844 447 914 valet,
463 842 515 898 nisi
536 841 606 898 illius
628 841 792 904 mentionem
812 841 908 910 faeiat,
924 841 997 898 iuxta
1012 839 1030 896 l.
1048 838 1162 896 llescrl·
1235 843 1262 896 5.
1278 837 1378 906 Quarta
1393 837 1489 912 regula
1503 837 1554 896 sit:
1570 839 1748 913 Privllegiam
1763 841 1839 913 prius
1857 856 2003 913 nunquam

357 937 428 1008 pto,
446 933 477 989 G.
493 931 526 987 de
540 929 643 1003 precib.
657 933 783 1002 imperat.
797 930 874 988 oller.
887 929 1042 987 ethabetur
1058 928 1159 997 incap.
1196 925 1302 984 tollitur
1316 927 1426 985 omnino
1441 933 1489 999 per
1509 926 1682 1001 subsequens
1701 929 1875 1002 prtmlegium
1897 945 1947 1002 per
1962 935 2003 986 ta·

362 1025 526 1099 Rescripta,
547 1027 595 1093 25,
610 1037 638 1095 q.
659 1024 683 1078 l.
699 1022 772 1093 Ergo
787 1037 803 1077 a
816 1021 918 1078 fortiori
935 1015 1099 1092 particulare
1118 1029 1161 1071 re·
1196 1016 1278 1073 eitam
1289 1017 1504 1089 revocationem,
1517 1016 1630 1074 diminui
1639 1024 1731 1075 autem
1742 1019 1882 1076 interdum
1894 1025 2000 1092 potest,

362 1113 495 1183 scriplum
513 1127 569 1167 non
584 1111 655 1167 valet
668 1118 763 1167 contra
781 1109 971 1183 privilegium,
991 1106 1073 1164 euius
1087 1118 1162 1160 mon·
1182 1120 1246 1162 -seu
1260 1120 1293 1162 err
1307 1111 1384 1176 parte
1399 1105 1535 1179 derogari.
1552 1108 1630 1164 Retio
1643 1109 1742 1180 prioris
1757 1110 1844 1182 pertis
1859 1115 1921 1181 cst,
1936 1111 2003 1182 quia

363 1202 463 1259 tionem
482 1217 535 1258 non
551 1200 632 1272 lacit,
647 1215 680 1256 ae
695 1200 810 1258 subinde
825 1217 878 1258 nco
894 1203 985 1272 potest
998 1194 1065 1253 illud
1082 1194 1164 1251 tacite
1198 1193 1370 1267 privilegium
1385 1197 1522 1266 posterius
1535 1211 1590 1253 non
1605 1195 1743 1269 praevalet
1753 1204 1852 1255 contre
1866 1199 2000 1271 primum,

363 1305 505 1348 revocare.
526 1291 562 1349 Et
582 1306 615 1347 ex
636 1293 761 1363 sequenti
776 1291 870 1362 regula
884 1289 950 1346 baec
965 1284 1081 1358 amplius
1096 1299 1162 1341 con·
1198 1283 1249 1339 nisi
1270 1285 1433 1342 mentionem
1455 1285 1526 1342 illius
1547 1286 1640 1344 faeiat.
1656 1289 1696 1344 lta
1715 1287 1786 1345 enim
1801 1303 1817 1344 a
1834 1286 1942 1345 fortiori
1956 1303 2004 1344 su·

362 1381 529 1451 firmabitur3
546 1395 608 1436 nam
622 1395 638 1436 a
651 1379 757 1436 lortinri
772 1393 805 1435 ex
818 1379 863 1436 illa
878 1375 1020 1451 sequitur,
1033 1348 1066 1430 nl
1078 1372 1164 1428 sensit
1198 1374 1282 1431 mitur
1295 1389 1328 1430 ex
1341 1373 1417 1432 dieto
1431 1377 1520 1447 eapite
1536 1378 1672 1445 Veolees,
1689 1377 1723 1434 de
1737 1379 1903 1450 praescript.
1921 1383 1954 1436 nt
1968 1377 2005 1435 ibi

362 1471 457 1528 Glossn
473 1469 498 1526 io
514 1469 589 1526 dieto
602 1471 693 1541 eapite
708 1471 847 1536 Veniens,
865 1468 899 1526 de
913 1465 1063 1539 praescrip.
1080 1462 1164 1520 verbo
1198 1469 1276 1521 notat
1289 1463 1377 1521 Gloss.
1391 1464 1475 1521 verbo
1489 1463 1614 1533 oollam
1629 1473 1658 1522 et
1669 1481 1774 1541 omnes,
1785 1473 1815 1524 et
1830 1468 1952 1523 sumitur
1962 1475 2005 1524 et·

364 1558 492 1618 eutium.
1016 1619 1018 1626 ,
1198 1553 1251 1610 iam
1266 1567 1299 1609 ex
1314 1554 1405 1624 eapite
1419 1552 1578 1622 Aetatem,
1597 1554 1630 1612 de
1644 1558 1774 1627 rescript.
1786 1562 1816 1613 et
1827 1554 1914 1613 tradit
1926 1556 2005 1614 Glos·
2110 1581 2111 1584 ¹

401 1655 429 1709 l.
446 1650 535 1706 Tertia
547 1646 642 1721 regula
653 1649 703 1704 sit:
716 1649 767 1706 Per
778 1647 940 1704 sententiam
951 1654 1098 1705 revocatur
1108 1645 1165 1719 pri·
1200 1658 1230 1699 sa
1245 1642 1332 1699 ultim.
1348 1645 1532 1700 communiter
1544 1652 1656 1717 recepta
1668 1646 1694 1701 in
1706 1661 1767 1719 cap.
1785 1649 1808 1704 l.
1821 1645 1856 1702 de
1868 1648 2004 1718 rescript.
2110 1677 2111 1688 .

364 1741 512 1814 vilegium,
526 1738 574 1796 sed
589 1738 726 1796 interdum
741 1738 915 1811 reprobatur.
931 1740 1006 1808 lianc
1018 1755 1090 1811 pono
1102 1754 1164 1812 pro·
1200 1734 1280 1790 llatio
1294 1739 1388 1790 autem
1402 1738 1459 1807 est,
1471 1735 1536 1806 quia
1546 1735 1732 1805 praesumitur
1741 1737 1872 1809 princeps
1886 1751 2005 1794 conces·
2110 1739 2111 1764 l

363 1837 426 1905 pter
439 1845 501 1901 cap.
518 1827 665 1895 Suborto,
683 1827 716 1883 de
730 1843 760 1884 re
778 1827 862 1885 lodie.
878 1843 911 1884 ex
932 1843 988 1902 qao
1009 1829 1093 1902 aliqui
1107 1829 1165 1886 col·
1199 1823 1268 1879 sisse
1292 1822 1447 1881 secundum
1476 1823 1646 1896 privilegium
1670 1841 1703 1882 er
1730 1827 1886 1898 ignorantia
1911 1826 2003 1898 pm'mi,

363 1918 462 1994 ligr'rnt,
474 1919 638 1976 senteutiam
650 1917 928 1991 eontrapritilegium
940 1918 1021 1984 latam
1033 1918 1165 1974 essesut·
1200 1912 1309 1987 quando
1331 1912 1405 1970 illius
1425 1914 1591 1970 mentionem
1614 1929 1670 1971 raon
1693 1914 1778 1985 lacit,
1798 1916 1878 1972 iuxta
1896 1914 2003 1972 dictum

363 2011 498 2068 delentem
516 2007 550 2065 ad
561 2005 749 2064 revocandum
761 2007 1004 2079 illud,praesertim
1016 2008 1038 2063 si
1050 2007 1095 2065 ille
1105 2023 1166 2065 sen·
1200 2017 1262 2076 cap.
1279 2006 1306 2060 1.
1321 2001 1356 2060 de
1369 2003 1480 2059 constit.
1495 2002 1521 2058 io
1537 2005 1563 2060 d.
1576 2003 1644 2070 Quia
1654 2003 1828 2076 privilegium
1838 2009 1884 2060 est
1894 2003 1938 2062 ius
1948 2004 2004 2074 pri-

364 2100 449 2157 tentia
463 2113 479 2153 a
493 2098 583 2168 Papa,
598 2111 648 2152 seu
668 2096 789 2168 principe
809 2095 930 2166 teratur,
946 2099 993 2169 qui
1007 2099 1097 2168 potuit
1112 2097 1166 2170 pri·
1201 2100 1312 2162 ratum,
1334 2098 1361 2148 et
1388 2091 1574 2164 particulare,
1595 2099 1625 2149 et
1644 2090 1704 2149 ideo
1724 2092 1845 2166 ignorari
1866 2093 2003 2162 ereditur,

364 2191 492 2264 vilegium
510 2184 678 2257 concedere,
691 2186 755 2258 qoia
768 2185 814 2243 ille
827 2187 958 2244 sententia
969 2187 1164 2259 aequiparatur
1200 2181 1311 2256 quando
1329 2181 1400 2238 illius
1419 2185 1521 2238 mentio
1542 2196 1595 2236 nnn
1616 2181 1655 2238 dt.
1679 2184 1718 2238 Ae
1733 2183 1849 2254 proinde
1863 2184 2005 2255 posterius

365 2280 417 2336 iuri
431 2278 573 2334 contrario
589 2275 640 2347 ipsi
654 2276 851 2349 privilegio,et
863 2274 925 2332 ideo
936 2283 1027 2348 potest
1037 2291 1166 2334 revocare
1202 2272 1375 2343 privilegium
1395 2275 1526 2328 censetur
1546 2271 1834 2344 surreptitium,quie
1854 2270 2006 2328 sinesuffi-
2110 2325 2111 2344 ,

366 2369 444 2427 illud
460 2367 513 2424 Sed
530 2369 559 2423 in
580 2366 633 2422 lroc
649 2366 676 2421 ln
691 2365 786 2436 primis
800 2364 962 2435 considero,
977 2366 1003 2421 in
1017 2365 1063 2422 illo
1077 2367 1167 2436 eapite
1201 2361 1290 2418 ciente
1301 2359 1455 2416 narratione
1465 2359 1639 2438 impetratur.
1649 2360 1817 2417 Sicutetlam
1828 2359 2006 2433 privilegium

365 2473 420 2513 non
441 2455 511 2512 dici:
528 2456 563 2511 St
580 2457 742 2511 innocentis
755 2442 1019 2529 prisilepiem'fuit
1031 2454 1166 2512 Aleeoe-
1201 2456 1299 2507 contra
1313 2455 1446 2506 statutum
1461 2449 1576 2520 patriae,
1588 2449 1630 2504 rel
1644 2455 1741 2506 eontra
1754 2449 1870 2508 similem
1886 2465 2006 2507 eonsue-

365 2544 420 2602 dro
433 2549 466 2602 te
480 2543 842 2619 tudlctopreesentutum,
860 2548 888 2600 et
899 2543 1167 2604 colatroiltudsee-
1201 2540 1339 2612 tudinem,
1361 2554 1414 2596 non
1437 2539 1575 2610 praevalet
1592 2545 1689 2596 eontra
1708 2539 1770 2612 illa,
1789 2543 1856 2613 quia
1874 2546 2006 2598 censetur

366 2638 490 2692 moelem
507 2633 590 2702 tulit,
604 2649 661 2708 per
673 2634 728 2690 ltoc
740 2636 839 2708 ipsum
853 2626 1031 2709 intelligitur
1046 2651 1165 2692 seoncu-
1202 2645 1268 2688 cnm
1291 2628 1402 2686 virtuali
1422 2629 1582 2698 deceptione
1602 2628 1733 2701 principis
1754 2630 1911 2687 obtentum.
1927 2629 2007 2688 Unde

365 2729 427 2782 tuns
442 2723 493 2796 (ut
506 2723 589 2797 aliqui
603 2722 721 2795 allegant
731 2720 756 2793 l,
772 2723 820 2781 sed
833 2723 915 2782 dicit:
930 2723 1110 2796 Intelltpttcr
1119 2739 1165 2779 re·
1201 2717 1362 2792 intelligitur
1373 2717 1470 2789 obiter,
1480 2723 1583 2789 partem
1595 2717 1666 2775 banc
1678 2734 1731 2776 non
1743 2719 1907 2792 procedere,
1917 2736 2006 2792 quan·
2110 2751 2111 2766 ι

362 2813 515 2888 probasse.
535 2814 627 2884 Longe
646 2819 740 2868 autem
759 2810 834 2869 aliud
847 2820 890 2870 est
903 2814 1068 2884 reprobare,
1082 2827 1165 2885 quam
1200 2808 1236 2865 do
1256 2807 1333 2880 prius
1350 2805 1524 2880 privilegium
1541 2815 1584 2866 est
1603 2807 1735 2866 insertum
1749 2811 1776 2867 in
1789 2824 1911 2883 corpore
1924 2810 2004 2879 iuris3

366 2917 512 2973 revocare,
534 2916 598 2957 nam
623 2901 780 2973 reprobatio
801 2909 844 2958 est
863 2901 1013 2960 declaratio
1034 2903 1166 2960 nullitatis
1200 2906 1267 2958 tuac
1282 2899 1354 2954 enim
1375 2905 1467 2969 potest
1486 2912 1534 2970 per
1553 2898 1690 2969 posterius
1705 2899 1848 2974 abrogari,
1865 2900 1908 2958 vel
1922 2901 2006 2956 etiam

365 2986 512 3065 privilegii,
528 2990 571 3047 rel
586 2990 649 3064 quia
664 2990 734 3046 male
749 2990 891 3049 obtentum
903 2992 970 3064 luit,
981 2992 1023 3048 vel
1035 2994 1100 3066 quia
1111 2994 1165 3050 iam
1201 2989 1311 3046 omnino
1325 2986 1467 3052 revocari,
1480 2991 1508 3041 et
1520 2986 1590 3060 tolli,
1604 2987 1626 3042 si
1637 2990 1775 3060 posterius
1786 2989 1825 3046 illi
1834 2995 2005 3062 opponatur,
2110 2987 2111 3062 i

364 3087 424 3138 erat
434 3079 614 3139 desuetudine
629 3081 774 3151 amissum3
786 3081 924 3137 mrocatio
937 3087 1029 3138 autem
1040 3088 1083 3139 est
1093 3080 1167 3138 abla-
1201 3079 1257 3134 sire
1277 3078 1415 3150 posterius
1436 3082 1554 3147 ponatur
1573 3077 1600 3131 in
1621 3092 1738 3150 corpore
1759 3079 1844 3149 iuris,
1860 3079 1917 3135 sive
1938 3095 2004 3136 non.
2110 3085 2111 3144 l

256 3189 260 3196 ·
367 3172 405 3228 tio
419 3169 548 3242 privilegii
563 3169 638 3242 prius
652 3168 732 3225 validi
746 3185 778 3226 ae
793 3169 1023 3242 possessioque
1037 3168 1101 3226 bine
1118 3186 1164 3226 su·
1201 3168 1282 3224 Ratio
1297 3171 1355 3236 est,
1366 3166 1446 3236 quia,
1458 3169 1492 3220 ut
1505 3165 1668 3238 supradixi,
1679 3166 1854 3240 privilegium
1869 3169 2004 3224 insertum

368 3259 555 3317 morationem
566 3259 734 3315 assertionis.
746 3259 814 3314 Nam
826 3258 867 3314 rel
879 3259 1050 3332 privilegium
1063 3258 1166 3315 tollitur
1201 3257 1229 3311 in
1243 3268 1359 3326 corpore
1373 3255 1442 3310 luris
1456 3253 1508 3309 iam
1522 3261 1725 3314 est-commune
1742 3260 1804 3328 ius,
1819 3264 1849 3314 et
1865 3256 1929 3315 ideo
1951 3275 2005 3314 non
2110 3321 2111 3344 χ

366 3366 415 3422 per
429 3348 590 3406 sententiam
608 3346 706 3404 iudicis
718 3346 837 3418 directe,
855 3354 967 3421 propter
977 3347 1095 3421 aliquam
1107 3348 1166 3404 enl-
1201 3345 1386 3418 praesumitur
1400 3345 1537 3416 ignorari,
1553 3347 1629 3404 iuxta
1646 3346 1750 3404 dictum
1764 3363 1826 3421 cap.
1847 3353 1872 3406 1.
1888 3348 1924 3406 de
1938 3365 2005 3406 eon·

367 3454 446 3513 pam,
463 3437 506 3495 vel
525 3437 640 3494 similem
662 3451 791 3508 causam,
813 3444 841 3494 et
858 3439 897 3494 sie
916 3440 1041 3495 revocari
1054 3437 1166 3512 quidem
1204 3435 1263 3490 stit.
1279 3435 1307 3490 in
1323 3438 1349 3492 6.
1363 3436 1403 3489 lle
1417 3433 1532 3490 subinde
1543 3435 1617 3492 sicut
1631 3437 1674 3492 ius
1689 3452 1836 3496 commune
1854 3437 2004 3512 derogatur

367 3533 458 3600 potest
472 3527 658 3601 privilegium,
674 3539 724 3581 seu
744 3525 845 3582 aulerri
864 3541 912 3598 per
932 3529 1109 3598 sententiamp
1127 3533 1167 3584 ta·
1201 3539 1250 3596 per
1264 3523 1436 3596 subsequens
1457 3523 1641 3597 privilegium,
1657 3525 1695 3583 ita
1713 3531 1742 3582 et
1761 3526 1948 3600 privilegium,
1965 3531 2004 3584 ia·

367 3631 429 3673 men
442 3614 486 3673 illa
502 3631 556 3672 noo
569 3621 613 3672 est
624 3615 723 3682 tacita,
736 3612 784 3670 sed
799 3629 928 3687 expressa
942 3656 949 3686 ,
962 3623 990 3673 et
1003 3616 1110 3674 directa
1124 3631 1167 3673 rc·
1202 3619 1311 3670 sertum
1325 3613 1351 3668 io
1366 3626 1483 3682 corpore
1497 3613 1577 3684 iuris,
1589 3619 1622 3671 ut
1632 3615 1658 3670 io
1670 3616 1861 3687 superioribus
1872 3617 1955 3674 etiam
1966 3617 2002 3674 di·

367 3705 491 3777 vocabo,
504 3718 574 3777 quae
587 3705 613 3760 in
625 3718 740 3776 poeoam
751 3703 796 3775 lit,
808 3702 850 3760 rel
861 3719 893 3761 ex
904 3704 998 3777 aliqua
1009 3719 1094 3762 cause
1105 3720 1168 3776 per·
1202 3707 1280 3758 ctum
1296 3708 1348 3758 est.
1363 3701 1386 3758 E
1399 3701 1538 3759 contrario
1553 3717 1619 3759 vero
1632 3703 1696 3759 nihil
1710 3703 1810 3777 relerl,
1823 3704 1901 3779 quod
1916 3712 2004 3778 poste-
2110 3723 2111 3780 3

368 3796 468 3852 tinente
482 3791 516 3850 ad
535 3809 682 3850 commune
703 3792 815 3850 bonum.
832 3794 868 3850 Et
887 3793 946 3851 ideo
966 3801 1033 3852 time
1052 3810 1167 3852 necesse
1203 3792 1260 3848 rius
1275 3791 1448 3863 privilegium
1463 3792 1599 3848 inseratur
1613 3793 1641 3866 iq
1652 3794 1880 3864 iurecommurri,
1893 3797 1918 3850 si
1930 3797 2003 3866 prius
2110 3781 2111 3834 ἶ

367 3891 424 3957 est,
440 3890 472 3940 ut
491 3883 624 3940 sententia
642 3882 745 3940 teratur
758 3882 801 3938 vel
815 3882 848 3938 ab
862 3899 910 3956 eo,
926 3886 974 3958 qui
987 3891 1078 3956 polest
1088 3901 1169 3942 rere·
1203 3898 1258 3938 non
1273 3887 1315 3938 est
1328 3881 1355 3938 in
1368 3881 1430 3953 illo,
1448 3881 1513 3954 quia
1528 3895 1636 3954 semper
1653 3881 1780 3954 procedit
1792 3884 1907 3957 regula,
1924 3890 1951 3942 et
1963 3901 2004 3941 ra·
2110 3907 2111 3960 3

274 3971 276 3977 '
368 3988 433 4030 care
454 3970 643 4044 privilegium,
658 3971 701 4028 rel
721 3987 754 4028 ex
774 3971 800 4028 ri
820 3971 936 4030 alicuius
957 3975 1024 4049 legis
1044 3974 1169 4033 babeatis
1204 3973 1241 4031 tto
1256 3974 1326 4029 eiua.

368 4061 560 4119 auctoritatem
572 4060 646 4132 eiua,
660 4060 725 4134 quia
736 4061 812 4119 aliter
825 4078 877 4119 oon
889 4070 983 4136 potest
994 4065 1167 4138 privilegium
1205 4073 1209 4081 '
1244 4065 1270 4119 6-
1286 4061 1326 4118 Ex
1340 4058 1392 4115 bae
1407 4073 1473 4132 ergo
1487 4067 1563 4131 parte
1577 4060 1617 4116 sic
1631 4059 1761 4132 probata,
1776 4067 1873 4133 aperte
1893 4063 2003 4120 conclu·

369 4149 499 4223 principis
517 4163 565 4222 per
586 4148 738 4207 inferiorem
758 4150 876 4209 iudicem
894 4153 1007 4210 auferri.
1024 4154 1072 4211 Vel
1086 4154 1168 4225 priri·
1202 4149 1293 4220 ditur,
1313 4147 1421 4220 quando
1444 4153 1595 4220 utrumque
1614 4149 1785 4223 privilegium
1802 4157 1848 4208 est
1868 4153 2000 4224 generals,

256 4283 260 4288 .
369 4239 471 4312 legium
491 4238 596 4296 tollitur
615 4237 746 4296 indirecte
767 4255 815 4312 per
836 4244 1016 4313 sententiam,
1033 4258 1089 4316 qua
1102 4257 1169 4300 eoa·
1204 4240 1281 4312 prius
1295 4236 1402 4308 valere,
1417 4252 1469 4293 non
1485 4238 1638 4310 posterius,
1654 4241 1719 4312 quia
1736 4257 1791 4297 nou
1808 4249 1905 4313 posset
1917 4249 2003 4315 poste·

369 4329 515 4392 demnatur
530 4342 611 4399 reus,
625 4342 680 4384 non
694 4328 818 4386 obstante
830 4330 984 4405 privilegio,
997 4337 1025 4388 et
1036 4339 1103 4388 tune
1114 4345 1170 4387 noa
1202 4329 1262 4386 rius
1280 4325 1413 4398 derogare
1432 4327 1530 4398 priori,
1544 4328 1598 4383 nisi
1612 4327 1638 4382 in
1653 4335 1742 4387 totum
1756 4329 1825 4387 illud
1844 4330 1999 4400 auterendo,

370 4423 460 4492 petest
479 4431 541 4473 esse
561 4418 717 4490 revocatio,
734 4416 781 4474 sed
802 4418 974 4491 reprobatio,
988 4420 1054 4493 quia
1066 4434 1115 4492 per
1129 4426 1169 4478 ta·
1192 4418 1269 4491 ¹quia
1282 4431 1336 4473 nen
1349 4415 1489 4472 estmaior
1500 4417 1570 4474 ratio
1581 4417 1615 4474 da
1627 4433 1680 4475 una
1690 4425 1785 4491 parte,
1802 4435 1889 4493 quam
1901 4423 1999 4480 doalb.
2110 4421 2111 4430 ’

368 4508 423 4565 lem
442 4505 606 4564 senteutiam
622 4506 722 4562 virtute
742 4505 916 4580 declarator,
934 4509 985 4567 tale
999 4508 1169 4582 privilegium
1203 4507 1361 4580 Eademque
1376 4505 1447 4562 ratio
1459 4505 1602 4579 procedit,
1618 4507 1640 4564 si
1654 4515 1802 4583 ramumque
1822 4512 1859 4568 sit
1877 4512 2000 4585 speciale,

370 4613 425 4654 oon
441 4591 574 4653 excusare
588 4611 682 4668 reum,
694 4595 738 4652 rel
750 4612 804 4652 oon
815 4597 946 4670 prodesse
956 4600 1007 4671 illi,
1018 4601 1094 4657 etita
1104 4615 1169 4672 sup·
1204 4599 1246 4656 rel
1263 4598 1345 4655 etlam
1367 4597 1389 4652 ei
1410 4595 1528 4667 primum
1548 4597 1581 4653 sit
1595 4598 1731 4672 speciale,
1745 4605 1774 4656 et
1790 4601 1948 4659 seeundum
1960 4617 2001 4676 ge·
2110 4589 2111 4636 l

371 4688 447 4760 ponit
461 4684 630 4757 nullitatem,
643 4686 686 4743 vel
700 4684 837 4745 delectum
848 4689 876 4744 in
887 4688 1045 4763 privilegio,
1057 4706 1109 4747 non
1121 4705 1170 4748 au·
1204 4687 1310 4758 aerale,
1326 4685 1390 4762 quia
1405 4698 1512 4756 semper
1528 4683 1640 4744 deberet
1659 4688 1776 4760 speciale
1793 4689 1966 4764 privilegium
1978 4691 2002 4746 in
2110 4671 2111 4706 ἶ

372 4785 427 4834 tem
441 4776 520 4833 lacit:
536 4776 581 4832 rel
599 4777 621 4832 si
635 4775 717 4833 iudex
731 4775 897 4835 condemnat
913 4779 1019 4851 solum,
1035 4781 1101 4854 quia
1114 4780 1168 4852 pri·
1205 4783 1295 4835 totum
1316 4775 1434 4846 auferri,
1457 4774 1532 4847 quod
1551 4775 1608 4831 fleri
1629 4792 1682 4832 non
1701 4783 1802 4849 potest.
1818 4779 1856 4836 Et
1870 4782 1913 4838 ita
1925 4783 1952 4837 in
1965 4780 2003 4836 lais
2110 4791 2111 4802 ¹

370 4866 499 4940 vilegium
520 4879 576 4922 non
594 4863 749 4922 extenditur
764 4863 797 4922 ad
811 4865 889 4924 illum
903 4881 1015 4939 casum,
1032 4869 1071 4925 sic
1086 4869 1169 4926 etiam
1205 4865 1291 4924 tribue
1306 4863 1558 4936 comparationibus
1573 4879 1660 4939 aeque
1674 4867 1831 4938 procedunt
1848 4871 1911 4928 iura
1922 4877 1951 4927 et
1963 4885 2003 4925 rs·
2110 4863 2111 4884 ¹

370 4970 425 5011 non
445 4953 540 5011 limitat
553 4951 586 5009 de
601 4969 690 5025 nevo,
705 4952 752 5010 sed
766 4953 890 5013 declarat
904 4957 1078 5026 authentice,
1093 4957 1171 5015 ralo-
1207 4957 1292 5015 tiones
1310 4952 1454 5012 adductae.
1470 4955 1564 5011 Potest
1577 4962 1670 5013 autem
1680 4971 1740 5013 esse
1751 4964 2004 5032 quarta'compara-

371 5059 430 5101 rem
444 5043 504 5099 eius
518 5041 665 5099 limitatum
679 5057 750 5100 esse.
766 5044 844 5102 ltatio
855 5051 948 5104 nutem
960 5052 1003 5103 est
1013 5087 1021 5117 ,
1033 5047 1098 5119 quia
1109 5061 1170 5104 sen·
1206 5047 1260 5119 tie,
1277 5046 1300 5102 si
1321 5045 1397 5116 prius
1417 5043 1589 5117 privilegium
1608 5043 1734 5118 generale
1753 5050 1805 5120 sit,
1821 5055 1850 5106 et
1870 5049 2003 5120 posterius

370 5133 454 5190 tentia
466 5131 687 5189 condemnatoris
702 5134 832 5206 supponit
845 5133 984 5193 delectum
998 5136 1024 5192 in
1037 5143 1114 5208 actu,
1127 5135 1169 5194 rel
1206 5135 1336 5211 speciale.
1354 5135 1383 5192 ln
1404 5149 1459 5208 qua
1477 5141 1522 5192 est
1540 5136 1626 5192 maior
1646 5134 1806 5195 difficultas.
1824 5140 2005 5196 Namexuna
2110 5129 2111 5162 ³

372 5223 398 5279 ln
418 5221 478 5278 iure
490 5263 498 5293 ‚
512 5220 545 5278 de
565 5237 623 5295 quo
644 5227 798 5296 tractatur,
816 5240 882 5299 ergo
896 5225 918 5282 si
935 5224 986 5285 tale
999 5226 1061 5300 ius,
1078 5227 1119 5284 rel
1133 5228 1172 5285 la·
1206 5233 1284 5300 parte
1296 5226 1415 5296 ridetur,
1427 5223 1497 5282 idem
1508 5239 1569 5282 esse
1579 5225 1727 5288 dicendum
1737 5229 1764 5284 in
1774 5229 1823 5286 illo
1839 5245 1921 5301 casu,
1932 5225 2003 5302 quod
